  <div class='ocr_page' id='page_1' title='image "/cluster/home/n/w/nwhite01/storage/ocr_20150623/89/njp.32101064224908/901.png"; bbox 0 0 1982 3247; ppageno 0'>
   <div class='ocr_carea' id='block_1_1' title="bbox 251 193 316 226">
    <p class='ocr_par' dir='ltr' id='par_1_1' title="bbox 251 193 316 226">
     <span class='ocr_line' id='line_1_1' title="bbox 251 193 316 226; baseline 0.015 -1"><span class='ocrx_word' id='word_1_1' title='bbox 251 193 316 226; x_wconf 85' lang='lat' dir='ltr'><strong>l787</strong></span> 
     </span>
    </p>
   </div>
   <div class='ocr_carea' id='block_1_2' title="bbox 888 201 1256 233">
    <p class='ocr_par' dir='ltr' id='par_1_2' title="bbox 888 201 1256 233">
     <span class='ocr_line' id='line_1_2' title="bbox 888 201 1256 233; baseline 0.005 -2"><span class='ocrx_word' id='word_1_2' title='bbox 888 201 1049 233; x_wconf 81' lang='lat' dir='ltr'><strong>ANTIOCH</strong></span> <span class='ocrx_word' id='word_1_3' title='bbox 1055 203 1067 232; x_wconf 89' lang='lat' dir='ltr'><strong>l</strong></span> <span class='ocrx_word' id='word_1_4' title='bbox 1088 203 1256 233; x_wconf 66' lang='lat' dir='ltr'><strong>MONACUI</strong></span> 
     </span>
    </p>
   </div>
   <div class='ocr_carea' id='block_1_3' title="bbox 1830 206 1890 237">
    <p class='ocr_par' dir='ltr' id='par_1_3' title="bbox 1830 206 1890 237">
     <span class='ocr_line' id='line_1_3' title="bbox 1830 206 1890 237; baseline 0 0"><span class='ocrx_word' id='word_1_5' title='bbox 1830 206 1890 237; x_wconf 71' lang='lat'><strong>788</strong></span> 
     </span>
    </p>
   </div>
   <div class='ocr_carea' id='block_1_4' title="bbox 248 251 1030 295">
    <p class='ocr_par' dir='ltr' id='par_1_4' title="bbox 248 251 1030 292">
     <span class='ocr_line' id='line_1_4' title="bbox 248 251 1030 292; baseline 0.009 -15"><span class='ocrx_word' id='word_1_6' title='bbox 248 258 310 284; x_wconf 75' lang='lat' dir='ltr'><strong>qua:</strong></span> <span class='ocrx_word' id='word_1_7' title='bbox 328 251 398 278; x_wconf 87' lang='lat' dir='ltr'><strong>nihil</strong></span> <span class='ocrx_word' id='word_1_8' title='bbox 416 251 492 279; x_wconf 83' lang='lat' dir='ltr'><strong>aliud</strong></span> <span class='ocrx_word' id='word_1_9' title='bbox 510 261 591 287; x_wconf 87' lang='lat' dir='ltr'><strong>qttam</strong></span> <span class='ocrx_word' id='word_1_10' title='bbox 610 260 710 288; x_wconf 90' lang='lat' dir='ltr'><strong>repunt</strong></span> <span class='ocrx_word' id='word_1_11' title='bbox 726 255 813 288; x_wconf 89' lang='lat' dir='ltr'><strong>hunti,</strong></span> <span class='ocrx_word' id='word_1_12' title='bbox 837 256 905 283; x_wconf 81' lang='lat' dir='ltr'><strong>viles</strong></span> <span class='ocrx_word' id='word_1_13' title='bbox 917 261 946 284; x_wconf 88' lang='lat' dir='ltr'><strong>et</strong></span> <span class='ocrx_word' id='word_1_14' title='bbox 959 257 1030 292; x_wconf 83' lang='lat' dir='ltr'><strong>abjc-</strong></span> 
     </span>
    </p>
   </div>
   <div class='ocr_carea' id='block_1_5' title="bbox 1083 251 1888 295">
    <p class='ocr_par' dir='ltr' id='par_1_5' title="bbox 1087 257 1888 295">
     <span class='ocr_line' id='line_1_5' title="bbox 1087 257 1888 295; baseline 0.001 -13"><span class='ocrx_word' id='word_1_15' title='bbox 1087 257 1153 291; x_wconf 72' lang='grc' dir='ltr'>πρὸς</span> <span class='ocrx_word' id='word_1_16' title='bbox 1169 258 1213 283; x_wconf 66' lang='grc' dir='ltr'><strong>τὸν</strong></span> <span class='ocrx_word' id='word_1_17' title='bbox 1229 257 1320 290; x_wconf 73' lang='grc' dir='ltr'>ῳόΰον.</span> <span class='ocrx_word' id='word_1_18' title='bbox 1336 257 1491 292; x_wconf 76' lang='grc' dir='ltr'>Γέγραπταί</span> <span class='ocrx_word' id='word_1_19' title='bbox 1504 257 1533 284; x_wconf 74' lang='grc' dir='ltr'><strong>δὲ</strong></span> <span class='ocrx_word' id='word_1_20' title='bbox 1549 258 1595 284; x_wconf 79' lang='grc' dir='ltr'><strong>καὶ</strong></span> <span class='ocrx_word' id='word_1_21' title='bbox 1609 259 1637 284; x_wconf 82' lang='grc' dir='ltr'>ὲν</span> <span class='ocrx_word' id='word_1_22' title='bbox 1652 260 1682 294; x_wconf 76' lang='grc' dir='ltr'>τῇ</span> <span class='ocrx_word' id='word_1_23' title='bbox 1697 259 1799 295; x_wconf 69' lang='grc' dir='ltr'>Σοφίᾳ,</span> <span class='ocrx_word' id='word_1_24' title='bbox 1817 272 1827 286; x_wconf 77' lang='grc' dir='ltr'><strong>ι</strong></span> <span class='ocrx_word' id='word_1_25' title='bbox 1865 268 1888 285; x_wconf 80' lang='grc' dir='ltr'>ι-ι</span> 
     </span>
    </p>
   </div>
   <div class='ocr_carea' id='block_1_6' title="bbox 249 297 1034 333">
    <p class='ocr_par' dir='ltr' id='par_1_6' title="bbox 249 297 1034 333">
     <span class='ocr_line' id='line_1_6' title="bbox 249 297 1034 333; baseline 0.009 -11"><span class='ocrx_word' id='word_1_26' title='bbox 249 301 299 323; x_wconf 77' lang='lat' dir='ltr'><strong>ene</strong></span> <span class='ocrx_word' id='word_1_27' title='bbox 322 305 328 323; x_wconf 88' lang='lat'><strong>:</strong></span> <span class='ocrx_word' id='word_1_28' title='bbox 350 297 510 324; x_wconf 86' lang='lat' dir='ltr'><strong>mandatum</strong></span> <span class='ocrx_word' id='word_1_29' title='bbox 536 298 647 333; x_wconf 81' lang='lat' dir='ltr'><strong>quoque</strong></span> <span class='ocrx_word' id='word_1_30' title='bbox 673 300 824 328; x_wconf 84' lang='lat' dir='ltr'><strong>Salvatoris</strong></span> <span class='ocrx_word' id='word_1_31' title='bbox 850 302 937 328; x_wconf 92' lang='lat' dir='ltr'><strong>nostri</strong></span> <span class='ocrx_word' id='word_1_32' title='bbox 965 302 1034 330; x_wconf 87' lang='lat' dir='ltr'><strong>illud</strong></span> 
     </span>
    </p>
   </div>
   <div class='ocr_carea' id='block_1_7' title="bbox 251 340 1036 380">
    <p class='ocr_par' dir='ltr' id='par_1_7' title="bbox 251 340 1036 380">
     <span class='ocr_line' id='line_1_7' title="bbox 251 340 1036 380; baseline 0.008 -13"><span class='ocrx_word' id='word_1_33' title='bbox 251 340 391 367; x_wconf 87' lang='lat' dir='ltr'><strong>:dtivolum</strong></span> <span class='ocrx_word' id='word_1_34' title='bbox 412 341 525 376; x_wconf 83' lang='lat' dir='ltr'><strong>(quippe</strong></span> <span class='ocrx_word' id='word_1_35' title='bbox 539 343 613 376; x_wconf 86' lang='lat' dir='ltr'><strong>quod</strong></span> <span class='ocrx_word' id='word_1_36' title='bbox 636 343 666 370; x_wconf 84' lang='lat' dir='ltr'><strong>in</strong></span> <span class='ocrx_word' id='word_1_37' title='bbox 684 352 832 378; x_wconf 79' lang='lat' dir='ltr'><strong>supernam</strong></span> <span class='ocrx_word' id='word_1_38' title='bbox 849 354 935 380; x_wconf 86' lang='lat' dir='ltr'><strong>usque</strong></span> <span class='ocrx_word' id='word_1_39' title='bbox 955 346 1036 373; x_wconf 88' lang='lat' dir='ltr'><strong>Jeru-</strong></span> 
     </span>
    </p>
   </div>
   <div class='ocr_carea' id='block_1_8' title="bbox 249 386 1034 423">
    <p class='ocr_par' dir='ltr' id='par_1_8' title="bbox 249 386 1034 423">
     <span class='ocr_line' id='line_1_8' title="bbox 249 386 1034 423; baseline 0.01 -11"><span class='ocrx_word' id='word_1_40' title='bbox 249 386 333 412; x_wconf 81' lang='lat' dir='ltr'><strong>salem</strong></span> <span class='ocrx_word' id='word_1_41' title='bbox 350 394 401 414; x_wconf 88' lang='lat' dir='ltr'><strong>nos</strong></span> <span class='ocrx_word' id='word_1_42' title='bbox 418 393 492 414; x_wconf 89' lang='lat' dir='ltr'><strong>recta</strong></span> <span class='ocrx_word' id='word_1_43' title='bbox 507 388 658 423; x_wconf 92' lang='lat' dir='ltr'><strong>provehit),</strong></span> <span class='ocrx_word' id='word_1_44' title='bbox 674 390 865 418; x_wconf 76' lang='lat' dir='ltr'><strong>observemus.</strong></span> <span class='ocrx_word' id='word_1_45' title='bbox 887 392 959 419; x_wconf 82' lang='lat' dir='ltr'><strong>Dicit</strong></span> <span class='ocrx_word' id='word_1_46' title='bbox 979 393 1034 420; x_wconf 82' lang='lat' dir='ltr'><strong>Do-</strong></span> 
     </span>
    </p>
   </div>
   <div class='ocr_carea' id='block_1_9' title="bbox 251 429 1035 470">
    <p class='ocr_par' dir='ltr' id='par_1_9' title="bbox 251 429 1035 470">
     <span class='ocr_line' id='line_1_9' title="bbox 251 429 1035 470; baseline 0.013 -15"><span class='ocrx_word' id='word_1_47' title='bbox 251 429 362 457; x_wconf 85' lang='lat' dir='ltr'><strong>minus:</strong></span> <span class='ocrx_word' id='word_1_48' title='bbox 381 440 390 456; x_wconf 83' lang='lat'><strong>(</strong></span> <span class='ocrx_word' id='word_1_49' title='bbox 408 431 459 464; x_wconf 88' lang='lat' dir='ltr'><strong>Qui</strong></span> <span class='ocrx_word' id='word_1_50' title='bbox 476 433 554 460; x_wconf 84' lang='lat' dir='ltr'><strong>audit</strong></span> <span class='ocrx_word' id='word_1_51' title='bbox 572 442 631 465; x_wconf 89' lang='lat' dir='ltr'><strong>vos,</strong></span> <span class='ocrx_word' id='word_1_52' title='bbox 648 442 691 462; x_wconf 92' lang='lat' dir='ltr'><strong>me</strong></span> <span class='ocrx_word' id='word_1_53' title='bbox 708 435 797 467; x_wconf 87' lang='lat' dir='ltr'><strong>audit,</strong></span> <span class='ocrx_word' id='word_1_54' title='bbox 816 436 864 470; x_wconf 89' lang='lat' dir='ltr'><strong>qui</strong></span> <span class='ocrx_word' id='word_1_55' title='bbox 882 441 974 464; x_wconf 89' lang='lat' dir='ltr'><strong>autem</strong></span> <span class='ocrx_word' id='word_1_56' title='bbox 991 446 1035 465; x_wconf 86' lang='lat' dir='ltr'><strong>me</strong></span> 
     </span>
    </p>
   </div>
   <div class='ocr_carea' id='block_1_10' title="bbox 250 474 1035 518">
    <p class='ocr_par' dir='ltr' id='par_1_10' title="bbox 250 474 1035 518">
     <span class='ocr_line' id='line_1_10' title="bbox 250 474 1035 518; baseline 0.013 -18"><span class='ocrx_word' id='word_1_57' title='bbox 250 474 336 506; x_wconf 87' lang='lat' dir='ltr'><strong>audit,</strong></span> <span class='ocrx_word' id='word_1_58' title='bbox 355 475 432 502; x_wconf 90' lang='lat' dir='ltr'><strong>audit</strong></span> <span class='ocrx_word' id='word_1_59' title='bbox 444 485 507 504; x_wconf 88' lang='lat' dir='ltr'><strong>cum</strong></span> <span class='ocrx_word' id='word_1_60' title='bbox 521 478 568 512; x_wconf 87' lang='lat' dir='ltr'><strong>qui</strong></span> <span class='ocrx_word' id='word_1_61' title='bbox 582 486 624 505; x_wconf 83' lang='lat' dir='ltr'><strong>me</strong></span> <span class='ocrx_word' id='word_1_62' title='bbox 639 480 714 507; x_wconf 85' lang='lat' dir='ltr'><strong>misit</strong></span> <span class='ocrx_word' id='word_1_63' title='bbox 729 481 762 507; x_wconf 85' lang='lat'><strong>&quot;.</strong></span> <span class='ocrx_word' id='word_1_64' title='bbox 777 490 786 505; x_wconf 79' lang='grc' dir='ltr'><strong>ι</strong></span> <span class='ocrx_word' id='word_1_65' title='bbox 803 481 920 509; x_wconf 82' lang='lat' dir='ltr'><strong>Necesse</strong></span> <span class='ocrx_word' id='word_1_66' title='bbox 941 483 1035 518; x_wconf 89' lang='lat' dir='ltr'><strong>itaque</strong></span> 
     </span>
    </p>
   </div>
   <div class='ocr_carea' id='block_1_11' title="bbox 250 517 1035 562">
    <p class='ocr_par' dir='ltr' id='par_1_11' title="bbox 250 517 1035 562">
     <span class='ocr_line' id='line_1_11' title="bbox 250 517 1035 562; baseline 0.014 -18"><span class='ocrx_word' id='word_1_67' title='bbox 250 517 287 544; x_wconf 87' lang='lat' dir='ltr'><strong>sit</strong></span> <span class='ocrx_word' id='word_1_68' title='bbox 296 526 345 546; x_wconf 86' lang='lat' dir='ltr'><strong>eos</strong></span> <span class='ocrx_word' id='word_1_69' title='bbox 353 520 401 554; x_wconf 86' lang='lat' dir='ltr'><strong>qui</strong></span> <span class='ocrx_word' id='word_1_70' title='bbox 411 529 440 548; x_wconf 90' lang='lat' dir='ltr'><strong>se</strong></span> <span class='ocrx_word' id='word_1_71' title='bbox 451 521 604 557; x_wconf 76' lang='lat' dir='ltr'><strong>disciplina:</strong></span> <span class='ocrx_word' id='word_1_72' title='bbox 613 522 835 559; x_wconf 68' lang='lat' dir='ltr'><strong>substraverun&#39;t,</strong></span> <span class='ocrx_word' id='word_1_73' title='bbox 845 531 975 561; x_wconf 88' lang='lat' dir='ltr'><strong>tanquam</strong></span> <span class='ocrx_word' id='word_1_74' title='bbox 988 536 1035 562; x_wconf 90' lang='lat' dir='ltr'><strong>pa-</strong></span> 
     </span>
    </p>
   </div>
   <div class='ocr_carea' id='block_1_12' title="bbox 251 565 1034 603">
    <p class='ocr_par' dir='ltr' id='par_1_12' title="bbox 251 565 1034 603">
     <span class='ocr_line' id='line_1_12' title="bbox 251 565 1034 603; baseline 0.011 -15"><span class='ocrx_word' id='word_1_75' title='bbox 251 567 308 590; x_wconf 81' lang='lat' dir='ltr'><strong>tres</strong></span> <span class='ocrx_word' id='word_1_76' title='bbox 326 569 356 591; x_wconf 88' lang='lat' dir='ltr'><strong>ut</strong></span> <span class='ocrx_word' id='word_1_77' title='bbox 370 565 498 593; x_wconf 84' lang='lat' dir='ltr'><strong>deament</strong></span> <span class='ocrx_word' id='word_1_78' title='bbox 510 575 586 599; x_wconf 80' lang='lat' dir='ltr'><strong>suos.</strong></span> <span class='ocrx_word' id='word_1_79' title='bbox 601 568 623 595; x_wconf 90' lang='lat' dir='ltr'><strong>si</strong></span> <span class='ocrx_word' id='word_1_80' title='bbox 635 569 718 596; x_wconf 86' lang='lat' dir='ltr'><strong>modo</strong></span> <span class='ocrx_word' id='word_1_81' title='bbox 733 570 791 597; x_wconf 88' lang='lat' dir='ltr'><strong>veri</strong></span> <span class='ocrx_word' id='word_1_82' title='bbox 805 575 880 602; x_wconf 88' lang='lat' dir='ltr'><strong>sunt,</strong></span> <span class='ocrx_word' id='word_1_83' title='bbox 895 570 1034 603; x_wconf 85' lang='lat' dir='ltr'><strong>doctores,</strong></span> 
     </span>
    </p>
   </div>
   <div class='ocr_carea' id='block_1_13' title="bbox 250 610 1036 646">
    <p class='ocr_par' dir='ltr' id='par_1_13' title="bbox 250 610 1036 646">
     <span class='ocr_line' id='line_1_13' title="bbox 250 610 1036 646; baseline 0.013 -12"><span class='ocrx_word' id='word_1_84' title='bbox 250 613 277 635; x_wconf 87' lang='lat' dir='ltr'><strong>et</strong></span> <span class='ocrx_word' id='word_1_85' title='bbox 294 610 370 643; x_wconf 88' lang='lat' dir='ltr'><strong>quasi</strong></span> <span class='ocrx_word' id='word_1_86' title='bbox 395 612 546 646; x_wconf 79' lang='lat' dir='ltr'><strong>principes,</strong></span> <span class='ocrx_word' id='word_1_87' title='bbox 573 613 664 640; x_wconf 82' lang='lat' dir='ltr'><strong>timori</strong></span> <span class='ocrx_word' id='word_1_88' title='bbox 682 615 794 642; x_wconf 84' lang='lat' dir='ltr'><strong>eosdem</strong></span> <span class='ocrx_word' id='word_1_89' title='bbox 812 621 842 642; x_wconf 92' lang='lat' dir='ltr'><strong>ut</strong></span> <span class='ocrx_word' id='word_1_90' title='bbox 866 616 986 643; x_wconf 79' lang='lat' dir='ltr'><strong>habeant</strong></span> <span class='ocrx_word' id='word_1_91' title='bbox 1003 624 1036 644; x_wconf 91' lang='lat' dir='ltr'><strong>ac</strong></span> 
     </span>
    </p>
   </div>
   <div class='ocr_carea' id='block_1_14' title="bbox 252 658 1037 692">
    <p class='ocr_par' dir='ltr' id='par_1_14' title="bbox 252 658 1037 692">
     <span class='ocr_line' id='line_1_14' title="bbox 252 658 1037 692; baseline 0.011 -13"><span class='ocrx_word' id='word_1_92' title='bbox 252 659 420 682; x_wconf 77' lang='lat' dir='ltr'><strong>vereantur:</strong></span> <span class='ocrx_word' id='word_1_93' title='bbox 436 664 490 683; x_wconf 85' lang='lat' dir='ltr'><strong>non</strong></span> <span class='ocrx_word' id='word_1_94' title='bbox 512 658 595 685; x_wconf 83' lang='lat' dir='ltr'><strong>etiam</strong></span> <span class='ocrx_word' id='word_1_95' title='bbox 610 662 659 692; x_wconf 81' lang='lat' dir='ltr'><strong>per</strong></span> <span class='ocrx_word' id='word_1_96' title='bbox 674 660 777 686; x_wconf 87' lang='lat' dir='ltr'><strong>amoris</strong></span> <span class='ocrx_word' id='word_1_97' title='bbox 794 660 881 687; x_wconf 87' lang='lat' dir='ltr'><strong>mutui</strong></span> <span class='ocrx_word' id='word_1_98' title='bbox 893 660 1037 688; x_wconf 83' lang='lat' dir='ltr'><strong>familiari—</strong></span> 
     </span>
    </p>
   </div>
   <div class='ocr_carea' id='block_1_15' title="bbox 252 700 1036 741">
    <p class='ocr_par' dir='ltr' id='par_1_15' title="bbox 252 700 1036 741">
     <span class='ocr_line' id='line_1_15' title="bbox 252 700 1036 741; baseline 0.011 -17"><span class='ocrx_word' id='word_1_99' title='bbox 252 702 334 726; x_wconf 78' lang='lat' dir='ltr'><strong>tatem</strong></span> <span class='ocrx_word' id='word_1_100' title='bbox 352 700 412 728; x_wconf 89' lang='lat' dir='ltr'><strong>illos</strong></span> <span class='ocrx_word' id='word_1_101' title='bbox 428 708 622 735; x_wconf 81' lang='lat' dir='ltr'><strong>aspernentur,</strong></span> <span class='ocrx_word' id='word_1_102' title='bbox 635 709 682 730; x_wconf 84' lang='lat' dir='ltr'><strong>aut</strong></span> <span class='ocrx_word' id='word_1_103' title='bbox 700 709 775 731; x_wconf 90' lang='lat' dir='ltr'><strong>certe</strong></span> <span class='ocrx_word' id='word_1_104' title='bbox 789 714 803 732; x_wconf 89' lang='lat' dir='ltr'><strong>a</strong></span> <span class='ocrx_word' id='word_1_105' title='bbox 820 706 909 740; x_wconf 77' lang='lat' dir='ltr'><strong>rigore</strong></span> <span class='ocrx_word' id='word_1_106' title='bbox 925 710 1036 741; x_wconf 86' lang='lat' dir='ltr'><strong>arrepto</strong></span> 
     </span>
    </p>
   </div>
   <div class='ocr_carea' id='block_1_16' title="bbox 251 743 1037 783">
    <p class='ocr_par' dir='ltr' id='par_1_16' title="bbox 251 743 1037 783">
     <span class='ocr_line' id='line_1_16' title="bbox 251 743 1037 783; baseline 0.011 -14"><span class='ocrx_word' id='word_1_107' title='bbox 251 743 344 770; x_wconf 82' lang='lat' dir='ltr'><strong>sinant</strong></span> <span class='ocrx_word' id='word_1_108' title='bbox 359 752 388 771; x_wconf 85' lang='lat' dir='ltr'><strong>se</strong></span> <span class='ocrx_word' id='word_1_109' title='bbox 414 746 514 772; x_wconf 77' lang='lat' dir='ltr'><strong>resolvi</strong></span> <span class='ocrx_word' id='word_1_110' title='bbox 532 751 559 773; x_wconf 90' lang='lat' dir='ltr'><strong>ct</strong></span> <span class='ocrx_word' id='word_1_111' title='bbox 581 748 717 780; x_wconf 86' lang='lat' dir='ltr'><strong>emolliri;</strong></span> <span class='ocrx_word' id='word_1_112' title='bbox 744 749 878 783; x_wconf 88' lang='lat' dir='ltr'><strong>seriptmn</strong></span> <span class='ocrx_word' id='word_1_113' title='bbox 903 750 976 777; x_wconf 90' lang='lat' dir='ltr'><strong>enim</strong></span> <span class='ocrx_word' id='word_1_114' title='bbox 995 755 1037 778; x_wconf 89' lang='lat' dir='ltr'><strong>est</strong></span> 
     </span>
    </p>
   </div>
   <div class='ocr_carea' id='block_1_17' title="bbox 253 788 1036 829">
    <p class='ocr_par' dir='ltr' id='par_1_17' title="bbox 253 788 1036 829">
     <span class='ocr_line' id='line_1_17' title="bbox 253 788 1036 829; baseline 0.011 -15"><span class='ocrx_word' id='word_1_115' title='bbox 253 788 280 814; x_wconf 92' lang='lat' dir='ltr'><strong>in</strong></span> <span class='ocrx_word' id='word_1_116' title='bbox 303 789 462 823; x_wconf 81' lang='lat' dir='ltr'><strong>Sapientia-</strong></span> <span class='ocrx_word' id='word_1_117' title='bbox 483 800 491 815; x_wconf 80' lang='grc' dir='ltr'><strong>ι</strong></span> <span class='ocrx_word' id='word_1_118' title='bbox 510 791 561 824; x_wconf 89' lang='lat' dir='ltr'><strong>Qui</strong></span> <span class='ocrx_word' id='word_1_119' title='bbox 580 792 698 820; x_wconf 86' lang='lat' dir='ltr'><strong>honorat</strong></span> <span class='ocrx_word' id='word_1_120' title='bbox 713 799 828 828; x_wconf 85' lang='lat' dir='ltr'><strong>patrem,</strong></span> <span class='ocrx_word' id='word_1_121' title='bbox 846 796 967 829; x_wconf 79' lang='lat' dir='ltr'><strong>peccatis</strong></span> <span class='ocrx_word' id='word_1_122' title='bbox 984 795 1036 822; x_wconf 85' lang='lat' dir='ltr'><strong>int-</strong></span> 
     </span>
    </p>
   </div>
   <div class='ocr_carea' id='block_1_18' title="bbox 251 835 1034 872">
    <p class='ocr_par' dir='ltr' id='par_1_18' title="bbox 251 835 1034 872">
     <span class='ocr_line' id='line_1_18' title="bbox 251 835 1034 872; baseline 0.01 -13"><span class='ocrx_word' id='word_1_123' title='bbox 251 838 341 867; x_wconf 85' lang='lat' dir='ltr'><strong>petrat</strong></span> <span class='ocrx_word' id='word_1_124' title='bbox 365 835 473 862; x_wconf 89' lang='lat' dir='ltr'><strong>veniam</strong></span> <span class='ocrx_word' id='word_1_125' title='bbox 495 836 527 863; x_wconf 84' lang='lat'><strong>&quot;.</strong></span> <span class='ocrx_word' id='word_1_126' title='bbox 555 846 564 862; x_wconf 73' lang='grc' dir='ltr'><strong>ι</strong></span> <span class='ocrx_word' id='word_1_127' title='bbox 584 837 642 864; x_wconf 87' lang='lat' dir='ltr'><strong>Et:</strong></span> <span class='ocrx_word' id='word_1_128' title='bbox 666 848 674 863; x_wconf 74' lang='grc' dir='ltr'><strong>ι</strong></span> <span class='ocrx_word' id='word_1_129' title='bbox 694 838 746 871; x_wconf 82' lang='lat' dir='ltr'><strong>Qui</strong></span> <span class='ocrx_word' id='word_1_130' title='bbox 772 839 851 866; x_wconf 87' lang='lat' dir='ltr'><strong>timet</strong></span> <span class='ocrx_word' id='word_1_131' title='bbox 878 840 1034 872; x_wconf 78' lang='lat' dir='ltr'><strong>Dominum,</strong></span> 
     </span>
    </p>
   </div>
   <div class='ocr_carea' id='block_1_19' title="bbox 251 878 1037 918">
    <p class='ocr_par' dir='ltr' id='par_1_19' title="bbox 251 878 1037 918">
     <span class='ocr_line' id='line_1_19' title="bbox 251 878 1037 918; baseline 0.011 -14"><span class='ocrx_word' id='word_1_132' title='bbox 251 878 398 906; x_wconf 86' lang='lat' dir='ltr'><strong>honorabit</strong></span> <span class='ocrx_word' id='word_1_133' title='bbox 418 885 522 914; x_wconf 88' lang='lat' dir='ltr'><strong>patrem</strong></span> <span class='ocrx_word' id='word_1_134' title='bbox 540 890 636 914; x_wconf 86' lang='lat' dir='ltr'><strong>suum,</strong></span> <span class='ocrx_word' id='word_1_135' title='bbox 655 888 682 910; x_wconf 91' lang='lat' dir='ltr'><strong>et</strong></span> <span class='ocrx_word' id='word_1_136' title='bbox 699 884 777 918; x_wconf 85' lang='lat' dir='ltr'><strong>quasi</strong></span> <span class='ocrx_word' id='word_1_137' title='bbox 803 885 920 912; x_wconf 90' lang='lat' dir='ltr'><strong>Domino</strong></span> <span class='ocrx_word' id='word_1_138' title='bbox 934 887 1037 914; x_wconf 88' lang='lat' dir='ltr'><strong>serviet</strong></span> 
     </span>
    </p>
   </div>
   <div class='ocr_carea' id='block_1_20' title="bbox 1086 303 1888 338">
    <p class='ocr_par' dir='ltr' id='par_1_20' title="bbox 1086 303 1888 338">
     <span class='ocr_line' id='line_1_20' title="bbox 1086 303 1888 338; baseline 0.006 -9"><span class='ocrx_word' id='word_1_139' title='bbox 1086 303 1172 337; x_wconf 81' lang='grc' dir='ltr'><strong>τιμῶν</strong></span> <span class='ocrx_word' id='word_1_140' title='bbox 1194 304 1298 338; x_wconf 78' lang='grc' dir='ltr'>πατέρα</span> <span class='ocrx_word' id='word_1_141' title='bbox 1320 303 1503 335; x_wconf 74' lang='grc' dir='ltr'>ἑξιλὰσκεται,</span> <span class='ocrx_word' id='word_1_142' title='bbox 1523 304 1672 338; x_wconf 80' lang='grc' dir='ltr'>ἁμαρτίας.</span> <span class='ocrx_word' id='word_1_143' title='bbox 1690 314 1699 330; x_wconf 85' lang='grc' dir='ltr'><strong>ι</strong></span> <span class='ocrx_word' id='word_1_144' title='bbox 1725 306 1792 333; x_wconf 74' lang='grc' dir='ltr'>Καὶ.</span> <span class='ocrx_word' id='word_1_145' title='bbox 1821 317 1830 332; x_wconf 77' lang='grc' dir='ltr'><strong>ι</strong></span> <span class='ocrx_word' id='word_1_146' title='bbox 1856 307 1888 334; x_wconf 88' lang='grc' dir='ltr'><strong>ὐ</strong></span> 
     </span>
    </p>
   </div>
   <div class='ocr_carea' id='block_1_21' title="bbox 1086 348 1889 384">
    <p class='ocr_par' dir='ltr' id='par_1_21' title="bbox 1086 348 1889 384">
     <span class='ocr_line' id='line_1_21' title="bbox 1086 348 1889 384; baseline 0.005 -10"><span class='ocrx_word' id='word_1_147' title='bbox 1086 348 1253 383; x_wconf 72' lang='grc' dir='ltr'>φοϐούμενος</span> <span class='ocrx_word' id='word_1_148' title='bbox 1267 348 1380 383; x_wconf 79' lang='grc' dir='ltr'>Κύριον,</span> <span class='ocrx_word' id='word_1_149' title='bbox 1396 349 1508 383; x_wconf 76' lang='grc' dir='ltr'>τιμήσει</span> <span class='ocrx_word' id='word_1_150' title='bbox 1530 348 1574 374; x_wconf 60' lang='grc' dir='ltr'><strong>τον</strong></span> <span class='ocrx_word' id='word_1_151' title='bbox 1590 349 1698 384; x_wconf 84' lang='grc' dir='ltr'><strong>πατέρα</strong></span> <span class='ocrx_word' id='word_1_152' title='bbox 1714 350 1813 381; x_wconf 65' lang='grc' dir='ltr'>αὑτοῦ,</span> <span class='ocrx_word' id='word_1_153' title='bbox 1836 354 1889 378; x_wconf 74' lang='grc' dir='ltr'>καὶ</span> 
     </span>
    </p>
   </div>
   <div class='ocr_carea' id='block_1_22' title="bbox 1085 391 1888 429">
    <p class='ocr_par' dir='ltr' id='par_1_22' title="bbox 1085 391 1888 429">
     <span class='ocr_line' id='line_1_22' title="bbox 1085 391 1888 429; baseline 0.004 -11"><span class='ocrx_word' id='word_1_154' title='bbox 1085 392 1122 423; x_wconf 87' lang='grc' dir='ltr'>ὼς</span> <span class='ocrx_word' id='word_1_155' title='bbox 1138 391 1255 427; x_wconf 80' lang='grc' dir='ltr'><strong>δεσπότῃ</strong></span> <span class='ocrx_word' id='word_1_156' title='bbox 1276 391 1412 429; x_wconf 72' lang='grc' dir='ltr'>δουλεύσει</span> <span class='ocrx_word' id='word_1_157' title='bbox 1440 392 1526 426; x_wconf 75' lang='grc' dir='ltr'>αὐτῷ.</span> <span class='ocrx_word' id='word_1_158' title='bbox 1548 401 1556 417; x_wconf 80' lang='grc' dir='ltr'><strong>ι</strong></span> <span class='ocrx_word' id='word_1_159' title='bbox 1577 393 1631 418; x_wconf 79' lang='grc' dir='ltr'><strong>Καὶ</strong></span> <span class='ocrx_word' id='word_1_160' title='bbox 1651 393 1754 420; x_wconf 61' lang='grc' dir='ltr'>πάλιν</span> <span class='ocrx_word' id='word_1_161' title='bbox 1773 404 1782 419; x_wconf 78' lang='grc' dir='ltr'><strong>ι</strong></span> <span class='ocrx_word' id='word_1_162' title='bbox 1803 396 1888 429; x_wconf 51' lang='grc' dir='ltr'>Τξςμα</span> 
     </span>
    </p>
   </div>
   <div class='ocr_carea' id='block_1_23' title="bbox 1085 427 1882 474">
    <p class='ocr_par' dir='ltr' id='par_1_23' title="bbox 1085 436 1882 474">
     <span class='ocr_line' id='line_1_23' title="bbox 1085 436 1882 474; baseline 0.005 -12"><span class='ocrx_word' id='word_1_163' title='bbox 1085 436 1130 463; x_wconf 80' lang='grc' dir='ltr'><strong>τὸν</strong></span> <span class='ocrx_word' id='word_1_164' title='bbox 1146 437 1253 471; x_wconf 78' lang='grc' dir='ltr'>πατέρα</span> <span class='ocrx_word' id='word_1_165' title='bbox 1270 437 1380 468; x_wconf 86' lang='grc' dir='ltr'>σου,ῖνα</span> <span class='ocrx_word' id='word_1_166' title='bbox 1394 437 1494 471; x_wconf 75' lang='grc' dir='ltr'>ἐπέλθῃ</span> <span class='ocrx_word' id='word_1_167' title='bbox 1510 446 1552 463; x_wconf 87' lang='grc' dir='ltr'><strong>σοι</strong></span> <span class='ocrx_word' id='word_1_168' title='bbox 1563 437 1675 471; x_wconf 82' lang='grc' dir='ltr'>εύλογία</span> <span class='ocrx_word' id='word_1_169' title='bbox 1685 440 1863 474; x_wconf 75' lang='grc' dir='ltr'>παράὐτοῦ.</span> <span class='ocrx_word' id='word_1_170' title='bbox 1873 452 1882 466; x_wconf 82' lang='grc' dir='ltr'><strong>ι</strong></span> 
     </span>
    </p>
   </div>
   <div class='ocr_carea' id='block_1_24' title="bbox 1086 482 1886 520">
    <p class='ocr_par' dir='ltr' id='par_1_24' title="bbox 1086 482 1886 520">
     <span class='ocr_line' id='line_1_24' title="bbox 1086 482 1886 520; baseline 0.004 -12"><span class='ocrx_word' id='word_1_171' title='bbox 1086 482 1140 508; x_wconf 71' lang='grc' dir='ltr'><strong>Καὶ</strong></span> <span class='ocrx_word' id='word_1_172' title='bbox 1152 482 1242 512; x_wconf 72' lang='grc' dir='ltr'>πάλιν,</span> <span class='ocrx_word' id='word_1_173' title='bbox 1257 492 1266 507; x_wconf 74' lang='grc' dir='ltr'><strong>ι</strong></span> <span class='ocrx_word' id='word_1_174' title='bbox 1293 482 1336 508; x_wconf 86' lang='grc' dir='ltr'>Ἐν</span> <span class='ocrx_word' id='word_1_175' title='bbox 1351 482 1398 517; x_wconf 79' lang='grc' dir='ltr'><strong>ὅλῃ</strong></span> <span class='ocrx_word' id='word_1_176' title='bbox 1413 483 1512 518; x_wconf 64' lang='grc' dir='ltr'>καρδία</span> <span class='ocrx_word' id='word_1_177' title='bbox 1528 492 1575 509; x_wconf 86' lang='grc' dir='ltr'><strong>σου</strong></span> <span class='ocrx_word' id='word_1_178' title='bbox 1583 483 1693 515; x_wconf 81' lang='grc' dir='ltr'>δόξασον</span> <span class='ocrx_word' id='word_1_179' title='bbox 1703 485 1749 511; x_wconf 70' lang='grc' dir='ltr'><strong>τὸν</strong></span> <span class='ocrx_word' id='word_1_180' title='bbox 1768 486 1886 520; x_wconf 63' lang='grc' dir='ltr'>πατέρα</span> 
     </span>
    </p>
   </div>
   <div class='ocr_carea' id='block_1_25' title="bbox 1086 527 1887 565">
    <p class='ocr_par' dir='ltr' id='par_1_25' title="bbox 1086 527 1887 565">
     <span class='ocr_line' id='line_1_25' title="bbox 1086 527 1887 565; baseline 0.004 -12"><span class='ocrx_word' id='word_1_181' title='bbox 1086 535 1142 554; x_wconf 85' lang='grc' dir='ltr'>σου.</span> <span class='ocrx_word' id='word_1_182' title='bbox 1163 537 1173 552; x_wconf 74' lang='grc' dir='ltr'><strong>ι</strong></span> <span class='ocrx_word' id='word_1_183' title='bbox 1189 527 1265 561; x_wconf 67' lang='grc' dir='ltr'><strong>Καὶὸ</strong></span> <span class='ocrx_word' id='word_1_184' title='bbox 1281 527 1405 559; x_wconf 80' lang='grc' dir='ltr'>ῐῐαῦλος,</span> <span class='ocrx_word' id='word_1_185' title='bbox 1426 537 1434 553; x_wconf 83' lang='grc' dir='ltr'><strong>ι</strong></span> <span class='ocrx_word' id='word_1_186' title='bbox 1456 528 1597 560; x_wconf 73' lang='grc' dir='ltr'><strong>Πείθεσθε,</strong></span> <span class='ocrx_word' id='word_1_187' title='bbox 1608 529 1705 563; x_wconf 76' lang='grc' dir='ltr'>λέγων,</span> <span class='ocrx_word' id='word_1_188' title='bbox 1721 531 1778 562; x_wconf 80' lang='grc' dir='ltr'>τοῖς</span> <span class='ocrx_word' id='word_1_189' title='bbox 1794 532 1887 565; x_wconf 71' lang='grc' dir='ltr'>ἡγου-</span> 
     </span>
    </p>
   </div>
   <div class='ocr_carea' id='block_1_26' title="bbox 1088 573 1885 611">
    <p class='ocr_par' dir='ltr' id='par_1_26' title="bbox 1088 573 1885 611">
     <span class='ocr_line' id='line_1_26' title="bbox 1088 573 1885 611; baseline 0.006 -13"><span class='ocrx_word' id='word_1_190' title='bbox 1088 573 1179 607; x_wconf 76' lang='grc' dir='ltr'>μένοις</span> <span class='ocrx_word' id='word_1_191' title='bbox 1196 573 1283 607; x_wconf 74' lang='grc' dir='ltr'>ὑμῶν,</span> <span class='ocrx_word' id='word_1_192' title='bbox 1304 574 1351 600; x_wconf 71' lang='grc' dir='ltr'>καὶ</span> <span class='ocrx_word' id='word_1_193' title='bbox 1364 573 1501 600; x_wconf 79' lang='grc' dir='ltr'><strong>ὑπείκετε.</strong></span> <span class='ocrx_word' id='word_1_194' title='bbox 1521 574 1604 600; x_wconf 72' lang='grc' dir='ltr'>Αὐτοὶ</span> <span class='ocrx_word' id='word_1_195' title='bbox 1620 576 1675 610; x_wconf 82' lang='grc' dir='ltr'>γὰρ</span> <span class='ocrx_word' id='word_1_196' title='bbox 1688 577 1885 611; x_wconf 73' lang='grc' dir='ltr'>ἀγρυπνοῦσιν</span> 
     </span>
    </p>
   </div>
   <div class='ocr_carea' id='block_1_27' title="bbox 1087 613 1885 652">
    <p class='ocr_par' dir='ltr' id='par_1_27' title="bbox 1087 613 1885 652">
     <span class='ocr_line' id='line_1_27' title="bbox 1087 613 1885 652; baseline 0.006 -10"><span class='ocrx_word' id='word_1_197' title='bbox 1087 617 1156 651; x_wconf 81' lang='grc' dir='ltr'>ὑπὲρ</span> <span class='ocrx_word' id='word_1_198' title='bbox 1175 617 1228 643; x_wconf 84' lang='grc' dir='ltr'>τῶν</span> <span class='ocrx_word' id='word_1_199' title='bbox 1243 617 1337 652; x_wconf 76' lang='grc' dir='ltr'>ψυχῶν</span> <span class='ocrx_word' id='word_1_200' title='bbox 1353 613 1441 652; x_wconf 77' lang='grc' dir='ltr'>ἡμῶν,</span> <span class='ocrx_word' id='word_1_201' title='bbox 1459 618 1497 649; x_wconf 88' lang='grc' dir='ltr'>ὠς</span> <span class='ocrx_word' id='word_1_202' title='bbox 1518 619 1596 652; x_wconf 78' lang='grc' dir='ltr'>λόγον</span> <span class='ocrx_word' id='word_1_203' title='bbox 1613 618 1814 652; x_wconf 75' lang='grc' dir='ltr'><strong>ἀποδώσοντες,</strong></span> <span class='ocrx_word' id='word_1_204' title='bbox 1837 622 1885 647; x_wconf 74' lang='grc' dir='ltr'>ἵνα</span> 
     </span>
    </p>
   </div>
   <div class='ocr_carea' id='block_1_28' title="bbox 1087 663 1886 698">
    <p class='ocr_par' dir='ltr' id='par_1_28' title="bbox 1087 663 1886 698">
     <span class='ocr_line' id='line_1_28' title="bbox 1087 663 1886 698; baseline 0.005 -10"><span class='ocrx_word' id='word_1_205' title='bbox 1087 664 1155 697; x_wconf 78' lang='grc' dir='ltr'>μετά</span> <span class='ocrx_word' id='word_1_206' title='bbox 1167 663 1252 698; x_wconf 70' lang='grc' dir='ltr'>χαρᾶς</span> <span class='ocrx_word' id='word_1_207' title='bbox 1265 663 1344 689; x_wconf 76' lang='grc' dir='ltr'>τοῦτο</span> <span class='ocrx_word' id='word_1_208' title='bbox 1358 663 1468 694; x_wconf 82' lang='grc' dir='ltr'>ποιῶσι,</span> <span class='ocrx_word' id='word_1_209' title='bbox 1483 664 1528 690; x_wconf 81' lang='grc' dir='ltr'>καὶ</span> <span class='ocrx_word' id='word_1_210' title='bbox 1547 666 1584 698; x_wconf 84' lang='grc' dir='ltr'><strong>μὴ</strong></span> <span class='ocrx_word' id='word_1_211' title='bbox 1603 666 1788 697; x_wconf 74' lang='grc' dir='ltr'>στενάζοντες.</span> <span class='ocrx_word' id='word_1_212' title='bbox 1799 667 1886 693; x_wconf 81' lang='grc' dir='ltr'>Ἀλυ-</span> 
     </span>
    </p>
   </div>
   <div class='ocr_carea' id='block_1_29' title="bbox 1087 708 1885 749">
    <p class='ocr_par' dir='ltr' id='par_1_29' title="bbox 1087 708 1885 749">
     <span class='ocr_line' id='line_1_29' title="bbox 1087 708 1885 749; baseline 0.006 -15"><span class='ocrx_word' id='word_1_213' title='bbox 1087 710 1189 739; x_wconf 82' lang='grc' dir='ltr'>σιτελὲς</span> <span class='ocrx_word' id='word_1_214' title='bbox 1203 709 1256 744; x_wconf 66' lang='grc' dir='ltr'>γὰρ</span> <span class='ocrx_word' id='word_1_215' title='bbox 1269 710 1333 744; x_wconf 80' lang='grc' dir='ltr'>ὑμῖν</span> <span class='ocrx_word' id='word_1_216' title='bbox 1346 709 1434 736; x_wconf 80' lang='grc' dir='ltr'>τοῦτο.</span> <span class='ocrx_word' id='word_1_217' title='bbox 1457 720 1466 735; x_wconf 80' lang='grc' dir='ltr'><strong>ι</strong></span> <span class='ocrx_word' id='word_1_218' title='bbox 1486 711 1539 736; x_wconf 79' lang='grc' dir='ltr'><strong>Καὶ</strong></span> <span class='ocrx_word' id='word_1_219' title='bbox 1555 708 1644 742; x_wconf 82' lang='grc' dir='ltr'>αὖθις,</span> <span class='ocrx_word' id='word_1_220' title='bbox 1669 721 1678 736; x_wconf 85' lang='grc'><strong><em>‹</em></strong></span> <span class='ocrx_word' id='word_1_221' title='bbox 1699 712 1781 738; x_wconf 75' lang='grc' dir='ltr'>Πᾶσα</span> <span class='ocrx_word' id='word_1_222' title='bbox 1802 712 1885 749; x_wconf 62' lang='grc' dir='ltr'>ψυχὴ</span> 
     </span>
    </p>
   </div>
   <div class='ocr_carea' id='block_1_30' title="bbox 1084 754 1884 792">
    <p class='ocr_par' dir='ltr' id='par_1_30' title="bbox 1084 754 1884 792">
     <span class='ocr_line' id='line_1_30' title="bbox 1084 754 1884 792; baseline 0.006 -13"><span class='ocrx_word' id='word_1_223' title='bbox 1084 754 1220 786; x_wconf 73' lang='grc' dir='ltr'><strong>ἐξουσίαις</strong></span> <span class='ocrx_word' id='word_1_224' title='bbox 1235 755 1433 789; x_wconf 72' lang='grc' dir='ltr'><strong>ὑπερεχούσαις</strong></span> <span class='ocrx_word' id='word_1_225' title='bbox 1449 755 1655 783; x_wconf 82' lang='grc' dir='ltr'>ὑποτασσέσθω.</span> <span class='ocrx_word' id='word_1_226' title='bbox 1673 757 1711 782; x_wconf 64' lang='lat' dir='ltr'><strong>Ob</strong></span> <span class='ocrx_word' id='word_1_227' title='bbox 1730 757 1785 792; x_wconf 77' lang='grc' dir='ltr'><strong>γὰρ</strong></span> <span class='ocrx_word' id='word_1_228' title='bbox 1800 758 1884 784; x_wconf 78' lang='grc' dir='ltr'>ἔστιν</span> 
     </span>
    </p>
   </div>
   <div class='ocr_carea' id='block_1_31' title="bbox 1086 799 1905 842">
    <p class='ocr_par' dir='ltr' id='par_1_31' title="bbox 1086 799 1905 842">
     <span class='ocr_line' id='line_1_31' title="bbox 1086 799 1905 842; baseline 0.006 -17"><span class='ocrx_word' id='word_1_229' title='bbox 1086 799 1205 831; x_wconf 72' lang='grc' dir='ltr'>ἐξουσία,</span> <span class='ocrx_word' id='word_1_230' title='bbox 1221 800 1245 826; x_wconf 80' lang='grc' dir='ltr'><strong>εί</strong></span> <span class='ocrx_word' id='word_1_231' title='bbox 1276 800 1313 834; x_wconf 82' lang='grc' dir='ltr'>μὴ</span> <span class='ocrx_word' id='word_1_232' title='bbox 1331 800 1385 826; x_wconf 71' lang='grc' dir='ltr'><strong>ἀπὸ</strong></span> <span class='ocrx_word' id='word_1_233' title='bbox 1398 800 1476 827; x_wconf 76' lang='grc' dir='ltr'>Θεοῦ.</span> <span class='ocrx_word' id='word_1_234' title='bbox 1490 802 1522 828; x_wconf 70' lang='grc' dir='ltr'><strong>,ιε</strong></span> <span class='ocrx_word' id='word_1_235' title='bbox 1538 801 1566 827; x_wconf 79' lang='grc' dir='ltr'><strong>δὲ</strong></span> <span class='ocrx_word' id='word_1_236' title='bbox 1577 799 1656 828; x_wconf 79' lang='grc' dir='ltr'>οὖσαι</span> <span class='ocrx_word' id='word_1_237' title='bbox 1671 801 1806 834; x_wconf 70' lang='grc' dir='ltr'>ἐξουσίαι.</span> <span class='ocrx_word' id='word_1_238' title='bbox 1825 804 1885 830; x_wconf 76' lang='grc' dir='ltr'>ἀπό</span> <span class='ocrx_word' id='word_1_239' title='bbox 1898 799 1905 842; x_wconf 71' lang='grc' dir='ltr'>ξ</span> 
     </span>
    </p>
   </div>
   <div class='ocr_carea' id='block_1_32' title="bbox 1086 844 1885 882">
    <p class='ocr_par' dir='ltr' id='par_1_32' title="bbox 1086 844 1885 882">
     <span class='ocr_line' id='line_1_32' title="bbox 1086 844 1885 882; baseline 0.005 -12"><span class='ocrx_word' id='word_1_240' title='bbox 1086 844 1131 870; x_wconf 77' lang='grc' dir='ltr'>τοῦ</span> <span class='ocrx_word' id='word_1_241' title='bbox 1145 844 1212 870; x_wconf 78' lang='grc' dir='ltr'>Θεοῦ</span> <span class='ocrx_word' id='word_1_242' title='bbox 1236 845 1402 879; x_wconf 74' lang='grc' dir='ltr'>τεταγμέναι</span> <span class='ocrx_word' id='word_1_243' title='bbox 1417 846 1494 872; x_wconf 79' lang='grc' dir='ltr'>εἰσίν.</span> <span class='ocrx_word' id='word_1_244' title='bbox 1514 846 1596 872; x_wconf 77' lang='grc' dir='ltr'>Ὥστε</span> <span class='ocrx_word' id='word_1_245' title='bbox 1609 848 1623 873; x_wconf 84' lang='grc' dir='ltr'><strong><em>ὸ</em></strong></span> <span class='ocrx_word' id='word_1_246' title='bbox 1642 848 1885 882; x_wconf 70' lang='grc' dir='ltr'>ἀντιτασσόμενος</span> 
     </span>
    </p>
   </div>
   <div class='ocr_carea' id='block_1_33' title="bbox 1088 888 1883 926">
    <p class='ocr_par' dir='ltr' id='par_1_33' title="bbox 1088 888 1883 926">
     <span class='ocr_line' id='line_1_33' title="bbox 1088 888 1883 926; baseline 0.006 -13"><span class='ocrx_word' id='word_1_247' title='bbox 1088 889 1121 922; x_wconf 83' lang='grc' dir='ltr'>τῇ</span> <span class='ocrx_word' id='word_1_248' title='bbox 1135 888 1253 923; x_wconf 69' lang='grc' dir='ltr'>ἐξουσίᾳ,</span> <span class='ocrx_word' id='word_1_249' title='bbox 1269 890 1302 923; x_wconf 82' lang='grc' dir='ltr'>τῇ</span> <span class='ocrx_word' id='word_1_250' title='bbox 1318 888 1364 914; x_wconf 79' lang='grc' dir='ltr'>τοῦ</span> <span class='ocrx_word' id='word_1_251' title='bbox 1384 888 1451 914; x_wconf 80' lang='grc' dir='ltr'>Θεοῦ</span> <span class='ocrx_word' id='word_1_252' title='bbox 1475 889 1590 926; x_wconf 76' lang='grc' dir='ltr'>διαταγῇ</span> <span class='ocrx_word' id='word_1_253' title='bbox 1609 890 1787 925; x_wconf 72' lang='grc' dir='ltr'><strong>ἀνθέστηκεν.</strong></span> <span class='ocrx_word' id='word_1_254' title='bbox 1801 892 1838 918; x_wconf 74' lang='grc' dir='ltr'><strong>Οἱ</strong></span> <span class='ocrx_word' id='word_1_255' title='bbox 1852 893 1883 919; x_wconf 78' lang='grc' dir='ltr'><strong>δὲ</strong></span> 
     </span>
    </p>
   </div>
   <div class='ocr_carea' id='block_1_34' title="bbox 249 925 1030 970">
    <p class='ocr_par' dir='ltr' id='par_1_34' title="bbox 249 925 1030 964">
     <span class='ocr_line' id='line_1_34' title="bbox 249 925 1030 964; baseline 0.013 -14"><span class='ocrx_word' id='word_1_256' title='bbox 249 925 275 951; x_wconf 90' lang='lat' dir='ltr'><strong>ci</strong></span> <span class='ocrx_word' id='word_1_257' title='bbox 290 925 321 951; x_wconf 88' lang='lat'><strong>&quot;.</strong></span> <span class='ocrx_word' id='word_1_258' title='bbox 342 935 350 950; x_wconf 76' lang='grc' dir='ltr'><strong>ι</strong></span> <span class='ocrx_word' id='word_1_259' title='bbox 370 926 471 953; x_wconf 84' lang='lat' dir='ltr'><strong>lterum</strong></span> <span class='ocrx_word' id='word_1_260' title='bbox 489 937 495 954; x_wconf 89' lang='lat'><strong><em>:</em></strong></span> <span class='ocrx_word' id='word_1_261' title='bbox 514 938 523 953; x_wconf 87' lang='grc'><strong><em>‹</em></strong></span> <span class='ocrx_word' id='word_1_262' title='bbox 543 928 654 956; x_wconf 80' lang='lat' dir='ltr'><strong>Honora</strong></span> <span class='ocrx_word' id='word_1_263' title='bbox 669 936 775 964; x_wconf 80' lang='lat' dir='ltr'><strong>patrem</strong></span> <span class='ocrx_word' id='word_1_264' title='bbox 793 935 880 963; x_wconf 79' lang='lat' dir='ltr'><strong>tuum,</strong></span> <span class='ocrx_word' id='word_1_265' title='bbox 895 936 924 959; x_wconf 89' lang='lat' dir='ltr'><strong>ut</strong></span> <span class='ocrx_word' id='word_1_266' title='bbox 942 932 1030 960; x_wconf 81' lang='lat' dir='ltr'><strong>veniat</strong></span> 
     </span>
    </p>
   </div>
   <div class='ocr_carea' id='block_1_35' title="bbox 1083 925 1879 970">
    <p class='ocr_par' dir='ltr' id='par_1_35' title="bbox 1085 933 1879 970">
     <span class='ocr_line' id='line_1_35' title="bbox 1085 933 1879 970; baseline 0.005 -11"><span class='ocrx_word' id='word_1_267' title='bbox 1085 933 1290 968; x_wconf 65' lang='grc' dir='ltr'>ἁνθεοτηκὸτες,</span> <span class='ocrx_word' id='word_1_268' title='bbox 1308 934 1414 964; x_wconf 78' lang='grc' dir='ltr'>ἑαυτοῖς</span> <span class='ocrx_word' id='word_1_269' title='bbox 1428 935 1662 970; x_wconf 76' lang='grc' dir='ltr'>κρίμαλήψονται.</span> <span class='ocrx_word' id='word_1_270' title='bbox 1681 945 1689 961; x_wconf 77' lang='grc' dir='ltr'><strong>ι</strong></span> <span class='ocrx_word' id='word_1_271' title='bbox 1708 937 1763 963; x_wconf 64' lang='grc' dir='ltr'><strong>Καὶ</strong></span> <span class='ocrx_word' id='word_1_272' title='bbox 1782 935 1879 968; x_wconf 66' lang='grc' dir='ltr'>αὖθις,</span> 
     </span>
    </p>
   </div>
   <div class='ocr_carea' id='block_1_36' title="bbox 249 971 1033 1005">
    <p class='ocr_par' dir='ltr' id='par_1_36' title="bbox 249 971 1033 1005">
     <span class='ocr_line' id='line_1_36' title="bbox 249 971 1033 1005; baseline 0.013 -10"><span class='ocrx_word' id='word_1_273' title='bbox 249 976 333 1004; x_wconf 88' lang='lat' dir='ltr'><strong>super</strong></span> <span class='ocrx_word' id='word_1_274' title='bbox 351 975 377 997; x_wconf 83' lang='lat' dir='ltr'><strong>te</strong></span> <span class='ocrx_word' id='word_1_275' title='bbox 392 971 550 1000; x_wconf 76' lang='lat' dir='ltr'><strong>benedictio</strong></span> <span class='ocrx_word' id='word_1_276' title='bbox 564 974 599 1000; x_wconf 90' lang='lat' dir='ltr'><strong>ab</strong></span> <span class='ocrx_word' id='word_1_277' title='bbox 615 974 662 1001; x_wconf 91' lang='lat' dir='ltr'><strong>illo</strong></span> <span class='ocrx_word' id='word_1_278' title='bbox 675 976 706 1002; x_wconf 90' lang='lat'><strong>&quot;.</strong></span> <span class='ocrx_word' id='word_1_279' title='bbox 725 984 734 1000; x_wconf 82' lang='grc' dir='ltr'><strong>ι</strong></span> <span class='ocrx_word' id='word_1_280' title='bbox 756 976 862 1003; x_wconf 83' lang='lat' dir='ltr'><strong>Rursus</strong></span> <span class='ocrx_word' id='word_1_281' title='bbox 876 985 882 1003; x_wconf 91' lang='lat'><strong>:</strong></span> <span class='ocrx_word' id='word_1_282' title='bbox 903 986 912 1002; x_wconf 88' lang='grc'><em>‹</em></span> <span class='ocrx_word' id='word_1_283' title='bbox 931 977 959 1005; x_wconf 86' lang='grc' dir='ltr'><strong>1η</strong></span> <span class='ocrx_word' id='word_1_284' title='bbox 974 982 1033 1005; x_wconf 89' lang='lat' dir='ltr'><strong>toto</strong></span> 
     </span>
    </p>
   </div>
   <div class='ocr_carea' id='block_1_37' title="bbox 248 1015 1030 1054">
    <p class='ocr_par' dir='ltr' id='par_1_37' title="bbox 248 1015 1030 1054">
     <span class='ocr_line' id='line_1_37' title="bbox 248 1015 1030 1054; baseline 0.013 -14"><span class='ocrx_word' id='word_1_285' title='bbox 248 1015 332 1042; x_wconf 88' lang='lat' dir='ltr'><strong>corde</strong></span> <span class='ocrx_word' id='word_1_286' title='bbox 355 1021 402 1043; x_wconf 85' lang='lat' dir='ltr'><strong>tuo</strong></span> <span class='ocrx_word' id='word_1_287' title='bbox 429 1017 552 1052; x_wconf 76' lang='lat' dir='ltr'><strong>gloriﬁca</strong></span> <span class='ocrx_word' id='word_1_288' title='bbox 576 1025 680 1054; x_wconf 86' lang='lat' dir='ltr'><strong>patrem</strong></span> <span class='ocrx_word' id='word_1_289' title='bbox 708 1025 785 1047; x_wconf 91' lang='lat' dir='ltr'><strong>tuum</strong></span> <span class='ocrx_word' id='word_1_290' title='bbox 809 1021 842 1048; x_wconf 78' lang='grc'><strong>⁸⁸.</strong></span> <span class='ocrx_word' id='word_1_291' title='bbox 871 1031 880 1047; x_wconf 75' lang='grc' dir='ltr'><strong>ι</strong></span> <span class='ocrx_word' id='word_1_292' title='bbox 909 1023 1030 1051; x_wconf 82' lang='lat' dir='ltr'><strong>Paulus:</strong></span> 
     </span>
    </p>
   </div>
   <div class='ocr_carea' id='block_1_38' title="bbox 251 1059 1031 1102">
    <p class='ocr_par' dir='ltr' id='par_1_38' title="bbox 251 1059 1031 1102">
     <span class='ocr_line' id='line_1_38' title="bbox 251 1059 1031 1102; baseline 0.013 -17"><span class='ocrx_word' id='word_1_293' title='bbox 251 1068 260 1084; x_wconf 77' lang='grc' dir='ltr'><strong>ε</strong></span> <span class='ocrx_word' id='word_1_294' title='bbox 288 1059 403 1088; x_wconf 85' lang='lat' dir='ltr'><strong>Obedite</strong></span> <span class='ocrx_word' id='word_1_295' title='bbox 431 1063 587 1097; x_wconf 68' lang='lat' dir='ltr'><strong>pratpositis</strong></span> <span class='ocrx_word' id='word_1_296' title='bbox 612 1065 713 1092; x_wconf 77' lang='lat' dir='ltr'><strong>vestris</strong></span> <span class='ocrx_word' id='word_1_297' title='bbox 743 1070 770 1092; x_wconf 90' lang='lat' dir='ltr'><strong>et</strong></span> <span class='ocrx_word' id='word_1_298' title='bbox 796 1067 936 1101; x_wconf 81' lang='lat' dir='ltr'><strong>subjacetc</strong></span> <span class='ocrx_word' id='word_1_299' title='bbox 953 1075 960 1094; x_wconf 90' lang='lat'><strong>:</strong></span> <span class='ocrx_word' id='word_1_300' title='bbox 979 1068 1031 1102; x_wconf 85' lang='lat' dir='ltr'><strong>ipsi</strong></span> 
     </span>
    </p>
   </div>
   <div class='ocr_carea' id='block_1_39' title="bbox 248 1104 1032 1146">
    <p class='ocr_par' dir='ltr' id='par_1_39' title="bbox 248 1104 1032 1146">
     <span class='ocr_line' id='line_1_39' title="bbox 248 1104 1032 1146; baseline 0.013 -17"><span class='ocrx_word' id='word_1_301' title='bbox 248 1104 321 1130; x_wconf 82' lang='lat' dir='ltr'><strong>enim</strong></span> <span class='ocrx_word' id='word_1_302' title='bbox 339 1105 455 1140; x_wconf 73' lang='lat' dir='ltr'><strong>vigilant</strong></span> <span class='ocrx_word' id='word_1_303' title='bbox 475 1115 524 1141; x_wconf 90' lang='lat' dir='ltr'><strong>pro</strong></span> <span class='ocrx_word' id='word_1_304' title='bbox 546 1109 692 1136; x_wconf 78' lang='lat' dir='ltr'><strong>animabus</strong></span> <span class='ocrx_word' id='word_1_305' title='bbox 706 1111 816 1142; x_wconf 85' lang='lat' dir='ltr'><strong>vestris,</strong></span> <span class='ocrx_word' id='word_1_306' title='bbox 834 1115 964 1146; x_wconf 83' lang='lat' dir='ltr'><strong>tanquam</strong></span> <span class='ocrx_word' id='word_1_307' title='bbox 987 1119 1032 1138; x_wconf 91' lang='lat' dir='ltr'><strong>ra-</strong></span> 
     </span>
    </p>
   </div>
   <div class='ocr_carea' id='block_1_40' title="bbox 249 1149 1032 1190">
    <p class='ocr_par' dir='ltr' id='par_1_40' title="bbox 249 1149 1032 1190">
     <span class='ocr_line' id='line_1_40' title="bbox 249 1149 1032 1190; baseline 0.011 -15"><span class='ocrx_word' id='word_1_308' title='bbox 249 1149 350 1176; x_wconf 88' lang='lat' dir='ltr'><strong>tionem</strong></span> <span class='ocrx_word' id='word_1_309' title='bbox 368 1151 503 1179; x_wconf 84' lang='lat' dir='ltr'><strong>reddituri</strong></span> <span class='ocrx_word' id='word_1_310' title='bbox 518 1162 526 1182; x_wconf 82' lang='lat'><strong>;</strong></span> <span class='ocrx_word' id='word_1_311' title='bbox 545 1158 575 1180; x_wconf 91' lang='lat' dir='ltr'><strong>ut</strong></span> <span class='ocrx_word' id='word_1_312' title='bbox 591 1162 653 1181; x_wconf 87' lang='lat' dir='ltr'><strong>cum</strong></span> <span class='ocrx_word' id='word_1_313' title='bbox 678 1156 779 1190; x_wconf 77' lang='lat' dir='ltr'><strong>gaudio</strong></span> <span class='ocrx_word' id='word_1_314' title='bbox 802 1156 853 1183; x_wconf 81' lang='lat' dir='ltr'><strong>hoc</strong></span> <span class='ocrx_word' id='word_1_315' title='bbox 875 1157 987 1190; x_wconf 80' lang='lat' dir='ltr'><strong>faciant,</strong></span> <span class='ocrx_word' id='word_1_316' title='bbox 1004 1161 1032 1184; x_wconf 90' lang='lat' dir='ltr'><strong>et</strong></span> 
     </span>
    </p>
   </div>
   <div class='ocr_carea' id='block_1_41' title="bbox 248 1199 1028 1236">
    <p class='ocr_par' dir='ltr' id='par_1_41' title="bbox 248 1199 1028 1236">
     <span class='ocr_line' id='line_1_41' title="bbox 248 1199 1028 1236; baseline 0.01 -15"><span class='ocrx_word' id='word_1_317' title='bbox 248 1203 303 1222; x_wconf 92' lang='lat' dir='ltr'><strong>non</strong></span> <span class='ocrx_word' id='word_1_318' title='bbox 319 1201 460 1230; x_wconf 80' lang='lat' dir='ltr'><strong>gementes</strong></span> <span class='ocrx_word' id='word_1_319' title='bbox 476 1206 483 1224; x_wconf 87' lang='lat'><strong><em>:</em></strong></span> <span class='ocrx_word' id='word_1_320' title='bbox 501 1199 554 1226; x_wconf 92' lang='lat' dir='ltr'><strong>hoc</strong></span> <span class='ocrx_word' id='word_1_321' title='bbox 572 1200 645 1226; x_wconf 84' lang='lat' dir='ltr'><strong>enim</strong></span> <span class='ocrx_word' id='word_1_322' title='bbox 667 1208 723 1227; x_wconf 91' lang='lat' dir='ltr'><strong>non</strong></span> <span class='ocrx_word' id='word_1_323' title='bbox 740 1201 853 1236; x_wconf 79' lang='lat' dir='ltr'><strong>expedit</strong></span> <span class='ocrx_word' id='word_1_324' title='bbox 872 1201 952 1229; x_wconf 80' lang='lat' dir='ltr'><strong>vobis</strong></span> <span class='ocrx_word' id='word_1_325' title='bbox 966 1202 998 1229; x_wconf 85' lang='lat'><strong>&quot;.</strong></span> <span class='ocrx_word' id='word_1_326' title='bbox 1019 1212 1028 1228; x_wconf 77' lang='grc' dir='ltr'><strong>ι</strong></span> 
     </span>
    </p>
   </div>
   <div class='ocr_carea' id='block_1_42' title="bbox 248 1241 1031 1280">
    <p class='ocr_par' dir='ltr' id='par_1_42' title="bbox 248 1241 1031 1280">
     <span class='ocr_line' id='line_1_42' title="bbox 248 1241 1031 1280; baseline 0.009 -13"><span class='ocrx_word' id='word_1_327' title='bbox 248 1241 349 1268; x_wconf 85' lang='lat' dir='ltr'><strong>lterum</strong></span> <span class='ocrx_word' id='word_1_328' title='bbox 365 1250 372 1270; x_wconf 84' lang='lat'><strong>:</strong></span> <span class='ocrx_word' id='word_1_329' title='bbox 393 1252 402 1267; x_wconf 73' lang='grc' dir='ltr'><strong>ι</strong></span> <span class='ocrx_word' id='word_1_330' title='bbox 416 1242 511 1271; x_wconf 92' lang='lat' dir='ltr'><strong>Omnis</strong></span> <span class='ocrx_word' id='word_1_331' title='bbox 526 1245 616 1272; x_wconf 86' lang='lat' dir='ltr'><strong>anima</strong></span> <span class='ocrx_word' id='word_1_332' title='bbox 628 1244 811 1280; x_wconf 80' lang='lat' dir='ltr'><strong>potestatibus</strong></span> <span class='ocrx_word' id='word_1_333' title='bbox 823 1247 1031 1275; x_wconf 86' lang='lat' dir='ltr'><strong>sublimioribus</strong></span> 
     </span>
    </p>
   </div>
   <div class='ocr_carea' id='block_1_43' title="bbox 247 1284 1029 1324">
    <p class='ocr_par' dir='ltr' id='par_1_43' title="bbox 247 1284 1029 1324">
     <span class='ocr_line' id='line_1_43' title="bbox 247 1284 1029 1324; baseline 0.01 -14"><span class='ocrx_word' id='word_1_334' title='bbox 247 1284 356 1312; x_wconf 87' lang='lat' dir='ltr'><strong>subdita</strong></span> <span class='ocrx_word' id='word_1_335' title='bbox 372 1286 427 1314; x_wconf 91' lang='lat' dir='ltr'><strong>sit:</strong></span> <span class='ocrx_word' id='word_1_336' title='bbox 443 1295 496 1315; x_wconf 87' lang='lat' dir='ltr'><strong>non</strong></span> <span class='ocrx_word' id='word_1_337' title='bbox 512 1293 554 1316; x_wconf 84' lang='lat' dir='ltr'><strong>est</strong></span> <span class='ocrx_word' id='word_1_338' title='bbox 567 1290 641 1316; x_wconf 88' lang='lat' dir='ltr'><strong>enim</strong></span> <span class='ocrx_word' id='word_1_339' title='bbox 659 1294 781 1324; x_wconf 80' lang='lat' dir='ltr'><strong>potestas</strong></span> <span class='ocrx_word' id='word_1_340' title='bbox 796 1291 847 1317; x_wconf 86' lang='lat' dir='ltr'><strong>nisi</strong></span> <span class='ocrx_word' id='word_1_341' title='bbox 864 1298 879 1317; x_wconf 92' lang='lat' dir='ltr'><strong>a</strong></span> <span class='ocrx_word' id='word_1_342' title='bbox 894 1291 961 1323; x_wconf 88' lang='lat' dir='ltr'><strong>Deo,</strong></span> <span class='ocrx_word' id='word_1_343' title='bbox 975 1297 1029 1318; x_wconf 89' lang='lat' dir='ltr'><strong>etc.</strong></span> 
     </span>
    </p>
   </div>
   <div class='ocr_carea' id='block_1_44' title="bbox 247 1329 1030 1369">
    <p class='ocr_par' dir='ltr' id='par_1_44' title="bbox 247 1329 1030 1369">
     <span class='ocr_line' id='line_1_44' title="bbox 247 1329 1030 1369; baseline 0.01 -13"><span class='ocrx_word' id='word_1_344' title='bbox 247 1329 340 1365; x_wconf 82' lang='lat' dir='ltr'><strong>Itaque</strong></span> <span class='ocrx_word' id='word_1_345' title='bbox 365 1333 412 1366; x_wconf 90' lang='lat' dir='ltr'><strong>qui</strong></span> <span class='ocrx_word' id='word_1_346' title='bbox 435 1334 540 1361; x_wconf 86' lang='lat' dir='ltr'><strong>resistit</strong></span> <span class='ocrx_word' id='word_1_347' title='bbox 557 1335 705 1369; x_wconf 82' lang='lat' dir='ltr'><strong>potestati.</strong></span> <span class='ocrx_word' id='word_1_348' title='bbox 727 1336 776 1363; x_wconf 87' lang='lat' dir='ltr'><strong>Dei</strong></span> <span class='ocrx_word' id='word_1_349' title='bbox 796 1336 964 1364; x_wconf 89' lang='lat' dir='ltr'><strong>ordinatioui</strong></span> <span class='ocrx_word' id='word_1_350' title='bbox 984 1345 1030 1364; x_wconf 89' lang='lat' dir='ltr'><strong>re-</strong></span> 
     </span>
    </p>
   </div>
   <div class='ocr_carea' id='block_1_45' title="bbox 247 1375 1030 1415">
    <p class='ocr_par' dir='ltr' id='par_1_45' title="bbox 247 1375 1030 1415">
     <span class='ocr_line' id='line_1_45' title="bbox 247 1375 1030 1415; baseline 0.011 -14"><span class='ocrx_word' id='word_1_351' title='bbox 247 1375 341 1402; x_wconf 82' lang='lat' dir='ltr'><strong>sistit:</strong></span> <span class='ocrx_word' id='word_1_352' title='bbox 360 1377 406 1411; x_wconf 89' lang='lat' dir='ltr'><strong>qui</strong></span> <span class='ocrx_word' id='word_1_353' title='bbox 424 1383 516 1405; x_wconf 86' lang='lat' dir='ltr'><strong>autem</strong></span> <span class='ocrx_word' id='word_1_354' title='bbox 533 1379 680 1412; x_wconf 88' lang='lat' dir='ltr'><strong>resistunt,</strong></span> <span class='ocrx_word' id='word_1_355' title='bbox 696 1380 747 1415; x_wconf 89' lang='lat' dir='ltr'><strong>ipsi</strong></span> <span class='ocrx_word' id='word_1_356' title='bbox 761 1381 812 1408; x_wconf 86' lang='lat' dir='ltr'><strong>sibi</strong></span> <span class='ocrx_word' id='word_1_357' title='bbox 826 1382 1030 1410; x_wconf 88' lang='lat' dir='ltr'><strong>damnationem</strong></span> 
     </span>
    </p>
   </div>
   <div class='ocr_carea' id='block_1_46' title="bbox 246 1421 1029 1456">
    <p class='ocr_par' dir='ltr' id='par_1_46' title="bbox 246 1421 1029 1456">
     <span class='ocr_line' id='line_1_46' title="bbox 246 1421 1029 1456; baseline 0.013 -10"><span class='ocrx_word' id='word_1_358' title='bbox 246 1421 430 1454; x_wconf 84' lang='lat' dir='ltr'><strong>acquirunt&quot;.</strong></span> <span class='ocrx_word' id='word_1_359' title='bbox 445 1433 453 1449; x_wconf 85' lang='lat' dir='ltr'><strong>I</strong></span> <span class='ocrx_word' id='word_1_360' title='bbox 471 1424 578 1452; x_wconf 84' lang='lat' dir='ltr'><strong>Rursus</strong></span> <span class='ocrx_word' id='word_1_361' title='bbox 591 1433 598 1452; x_wconf 91' lang='lat'><strong>:</strong></span> <span class='ocrx_word' id='word_1_362' title='bbox 618 1435 627 1451; x_wconf 72' lang='grc' dir='ltr'><strong>ι</strong></span> <span class='ocrx_word' id='word_1_363' title='bbox 642 1426 676 1454; x_wconf 88' lang='lat' dir='ltr'><strong>Ut</strong></span> <span class='ocrx_word' id='word_1_364' title='bbox 690 1427 762 1454; x_wconf 80' lang='lat' dir='ltr'><strong>servi</strong></span> <span class='ocrx_word' id='word_1_365' title='bbox 777 1427 880 1455; x_wconf 88' lang='lat' dir='ltr'><strong>Christi</strong></span> <span class='ocrx_word' id='word_1_366' title='bbox 895 1429 1029 1456; x_wconf 76' lang='lat' dir='ltr'><strong>facientes</strong></span> 
     </span>
    </p>
   </div>
   <div class='ocr_carea' id='block_1_47' title="bbox 247 1465 1029 1504">
    <p class='ocr_par' dir='ltr' id='par_1_47' title="bbox 247 1465 1029 1504">
     <span class='ocr_line' id='line_1_47' title="bbox 247 1465 1029 1504; baseline 0.014 -13"><span class='ocrx_word' id='word_1_367' title='bbox 247 1465 414 1494; x_wconf 87' lang='lat' dir='ltr'><strong>voluntatem</strong></span> <span class='ocrx_word' id='word_1_368' title='bbox 442 1468 489 1495; x_wconf 87' lang='lat' dir='ltr'><strong>Dei</strong></span> <span class='ocrx_word' id='word_1_369' title='bbox 520 1477 553 1497; x_wconf 78' lang='lat' dir='ltr'><strong>ex</strong></span> <span class='ocrx_word' id='word_1_370' title='bbox 578 1471 681 1504; x_wconf 90' lang='lat' dir='ltr'><strong>animo,</strong></span> <span class='ocrx_word' id='word_1_371' title='bbox 703 1479 766 1500; x_wconf 87' lang='lat' dir='ltr'><strong>cum</strong></span> <span class='ocrx_word' id='word_1_372' title='bbox 791 1473 863 1501; x_wconf 88' lang='lat' dir='ltr'><strong>bona</strong></span> <span class='ocrx_word' id='word_1_373' title='bbox 887 1474 1029 1502; x_wconf 86' lang='lat' dir='ltr'><strong>voluntate</strong></span> 
     </span>
    </p>
   </div>
   <div class='ocr_carea' id='block_1_48' title="bbox 246 1512 1030 1551">
    <p class='ocr_par' dir='ltr' id='par_1_48' title="bbox 246 1512 1030 1551">
     <span class='ocr_line' id='line_1_48' title="bbox 246 1512 1030 1551; baseline 0.014 -14"><span class='ocrx_word' id='word_1_374' title='bbox 246 1512 408 1544; x_wconf 79' lang='lat' dir='ltr'><strong>servientes.</strong></span> <span class='ocrx_word' id='word_1_375' title='bbox 420 1515 490 1542; x_wconf 88' lang='lat' dir='ltr'><strong>sicut</strong></span> <span class='ocrx_word' id='word_1_376' title='bbox 504 1516 630 1549; x_wconf 89' lang='lat' dir='ltr'><strong>Domino,</strong></span> <span class='ocrx_word' id='word_1_377' title='bbox 645 1522 671 1545; x_wconf 90' lang='lat' dir='ltr'><strong>et</strong></span> <span class='ocrx_word' id='word_1_378' title='bbox 688 1526 743 1545; x_wconf 92' lang='lat' dir='ltr'><strong>non</strong></span> <span class='ocrx_word' id='word_1_379' title='bbox 760 1519 929 1551; x_wconf 89' lang='lat' dir='ltr'><strong>hominibus,</strong></span> <span class='ocrx_word' id='word_1_380' title='bbox 941 1521 1030 1548; x_wconf 89' lang='lat' dir='ltr'><strong>scien-</strong></span> 
     </span>
    </p>
   </div>
   <div class='ocr_carea' id='block_1_49' title="bbox 1087 978 1881 1015">
    <p class='ocr_par' dir='ltr' id='par_1_49' title="bbox 1087 978 1881 1015">
     <span class='ocr_line' id='line_1_49' title="bbox 1087 978 1881 1015; baseline 0.006 -12"><span class='ocrx_word' id='word_1_381' title='bbox 1087 987 1096 1003; x_wconf 79' lang='grc'><strong>(</strong></span> <span class='ocrx_word' id='word_1_382' title='bbox 1119 978 1163 1009; x_wconf 88' lang='grc' dir='ltr'>Ὠς</span> <span class='ocrx_word' id='word_1_383' title='bbox 1179 978 1266 1004; x_wconf 77' lang='grc' dir='ltr'>δοῦλοι</span> <span class='ocrx_word' id='word_1_384' title='bbox 1283 979 1401 1013; x_wconf 76' lang='grc' dir='ltr'>Χριστοῦ</span> <span class='ocrx_word' id='word_1_385' title='bbox 1417 979 1557 1011; x_wconf 80' lang='grc' dir='ltr'>ποιοῦντες</span> <span class='ocrx_word' id='word_1_386' title='bbox 1570 981 1601 1006; x_wconf 70' lang='grc' dir='ltr'>τὸ</span> <span class='ocrx_word' id='word_1_387' title='bbox 1612 979 1718 1015; x_wconf 78' lang='grc' dir='ltr'>θέλημα</span> <span class='ocrx_word' id='word_1_388' title='bbox 1734 981 1782 1007; x_wconf 75' lang='grc' dir='ltr'>τοῦ</span> <span class='ocrx_word' id='word_1_389' title='bbox 1801 981 1881 1008; x_wconf 82' lang='grc' dir='ltr'><strong>Θεοῦ</strong></span> 
     </span>
    </p>
   </div>
   <div class='ocr_carea' id='block_1_50' title="bbox 1083 1023 1881 1062">
    <p class='ocr_par' dir='ltr' id='par_1_50' title="bbox 1083 1023 1881 1062">
     <span class='ocr_line' id='line_1_50' title="bbox 1083 1023 1881 1062; baseline 0.006 -13"><span class='ocrx_word' id='word_1_390' title='bbox 1083 1025 1115 1049; x_wconf 87' lang='grc' dir='ltr'>ὲκ</span> <span class='ocrx_word' id='word_1_391' title='bbox 1137 1023 1238 1058; x_wconf 72' lang='grc' dir='ltr'>ψυχῆς,</span> <span class='ocrx_word' id='word_1_392' title='bbox 1262 1024 1321 1058; x_wconf 78' lang='grc' dir='ltr'>μετ’</span> <span class='ocrx_word' id='word_1_393' title='bbox 1338 1024 1445 1056; x_wconf 82' lang='grc' dir='ltr'>εὐνοίας</span> <span class='ocrx_word' id='word_1_394' title='bbox 1468 1024 1641 1057; x_wconf 78' lang='grc' dir='ltr'>δουλεύοντες</span> <span class='ocrx_word' id='word_1_395' title='bbox 1659 1026 1696 1057; x_wconf 76' lang='grc' dir='ltr'>ὡς</span> <span class='ocrx_word' id='word_1_396' title='bbox 1709 1027 1748 1061; x_wconf 84' lang='grc' dir='ltr'>τῷ</span> <span class='ocrx_word' id='word_1_397' title='bbox 1767 1027 1881 1062; x_wconf 75' lang='grc' dir='ltr'>Κυρίῳ,</span> 
     </span>
    </p>
   </div>
   <div class='ocr_carea' id='block_1_51' title="bbox 1083 1070 1881 1107">
    <p class='ocr_par' dir='ltr' id='par_1_51' title="bbox 1083 1070 1881 1107">
     <span class='ocr_line' id='line_1_51' title="bbox 1083 1070 1881 1107; baseline 0.005 -11"><span class='ocrx_word' id='word_1_398' title='bbox 1083 1071 1130 1096; x_wconf 69' lang='grc' dir='ltr'>καὶ</span> <span class='ocrx_word' id='word_1_399' title='bbox 1145 1071 1195 1096; x_wconf 70' lang='grc' dir='ltr'>οὐκ</span> <span class='ocrx_word' id='word_1_400' title='bbox 1209 1070 1374 1105; x_wconf 81' lang='grc' dir='ltr'>ἀνθρώποις,</span> <span class='ocrx_word' id='word_1_401' title='bbox 1389 1071 1490 1102; x_wconf 80' lang='grc' dir='ltr'>εἰδότες</span> <span class='ocrx_word' id='word_1_402' title='bbox 1507 1071 1548 1103; x_wconf 69' lang='grc' dir='ltr'><strong>ὁτι</strong></span> <span class='ocrx_word' id='word_1_403' title='bbox 1562 1071 1615 1098; x_wconf 67' lang='grc' dir='ltr'><strong>ἀπὸ</strong></span> <span class='ocrx_word' id='word_1_404' title='bbox 1631 1073 1736 1107; x_wconf 80' lang='grc' dir='ltr'>Κυρίου</span> <span class='ocrx_word' id='word_1_405' title='bbox 1752 1072 1881 1106; x_wconf 66' lang='grc' dir='ltr'>λήψεσθε</span> 
     </span>
    </p>
   </div>
   <div class='ocr_carea' id='block_1_52' title="bbox 1082 1115 1882 1153">
    <p class='ocr_par' dir='ltr' id='par_1_52' title="bbox 1082 1115 1882 1153">
     <span class='ocr_line' id='line_1_52' title="bbox 1082 1115 1882 1153; baseline 0.005 -12"><span class='ocrx_word' id='word_1_406' title='bbox 1082 1115 1130 1151; x_wconf 75' lang='grc' dir='ltr'>τὴν</span> <span class='ocrx_word' id='word_1_407' title='bbox 1143 1115 1318 1142; x_wconf 72' lang='grc' dir='ltr'>ἀνταπόδοσιν</span> <span class='ocrx_word' id='word_1_408' title='bbox 1334 1116 1421 1150; x_wconf 83' lang='grc' dir='ltr'>ὑμῶν.</span> <span class='ocrx_word' id='word_1_409' title='bbox 1438 1126 1447 1142; x_wconf 77' lang='grc' dir='ltr'><strong>ι</strong></span> <span class='ocrx_word' id='word_1_410' title='bbox 1467 1117 1521 1143; x_wconf 72' lang='grc' dir='ltr'><strong>Καὶ</strong></span> <span class='ocrx_word' id='word_1_411' title='bbox 1536 1117 1605 1152; x_wconf 58' lang='grc' dir='ltr'>πρὸς</span> <span class='ocrx_word' id='word_1_412' title='bbox 1620 1117 1714 1149; x_wconf 81' lang='grc' dir='ltr'>Τῖτον,</span> <span class='ocrx_word' id='word_1_413' title='bbox 1734 1127 1744 1144; x_wconf 79' lang='grc' dir='ltr'><strong>ι</strong></span> <span class='ocrx_word' id='word_1_414' title='bbox 1758 1118 1882 1153; x_wconf 76' lang='grc' dir='ltr'>Ὑπομί-</span> 
     </span>
    </p>
   </div>
   <div class='ocr_carea' id='block_1_53' title="bbox 1084 1161 1879 1196">
    <p class='ocr_par' dir='ltr' id='par_1_53' title="bbox 1084 1161 1879 1196">
     <span class='ocr_line' id='line_1_53' title="bbox 1084 1161 1879 1196; baseline 0.004 -9"><span class='ocrx_word' id='word_1_415' title='bbox 1084 1169 1187 1196; x_wconf 80' lang='grc' dir='ltr'>μνησκε</span> <span class='ocrx_word' id='word_1_416' title='bbox 1208 1161 1306 1192; x_wconf 80' lang='grc' dir='ltr'>αὐτοὺς</span> <span class='ocrx_word' id='word_1_417' title='bbox 1330 1162 1427 1196; x_wconf 74' lang='grc' dir='ltr'>ἀρχαῖς</span> <span class='ocrx_word' id='word_1_418' title='bbox 1440 1162 1487 1188; x_wconf 72' lang='grc' dir='ltr'>καὶ</span> <span class='ocrx_word' id='word_1_419' title='bbox 1506 1161 1641 1194; x_wconf 77' lang='grc' dir='ltr'>ἐξουσίαις</span> <span class='ocrx_word' id='word_1_420' title='bbox 1655 1163 1879 1196; x_wconf 70' lang='grc' dir='ltr'>ὑποτάσσεσθαι,</span> 
     </span>
    </p>
   </div>
   <div class='ocr_carea' id='block_1_54' title="bbox 1082 1206 1878 1249">
    <p class='ocr_par' dir='ltr' id='par_1_54' title="bbox 1082 1206 1878 1249">
     <span class='ocr_line' id='line_1_54' title="bbox 1082 1206 1878 1249; baseline 0.004 -17"><span class='ocrx_word' id='word_1_421' title='bbox 1082 1206 1241 1241; x_wconf 80' lang='grc' dir='ltr'>πειθαρχεῖν</span> <span class='ocrx_word' id='word_1_422' title='bbox 1263 1207 1306 1237; x_wconf 63' lang='grc' dir='ltr'><strong>ἐίς</strong></span> <span class='ocrx_word' id='word_1_423' title='bbox 1326 1207 1380 1233; x_wconf 75' lang='grc' dir='ltr'><strong>πᾶν</strong></span> <span class='ocrx_word' id='word_1_424' title='bbox 1395 1207 1475 1240; x_wconf 80' lang='grc' dir='ltr'>ἔργον</span> <span class='ocrx_word' id='word_1_425' title='bbox 1496 1207 1615 1240; x_wconf 70' lang='grc' dir='ltr'>ἀγαθὸν,</span> <span class='ocrx_word' id='word_1_426' title='bbox 1634 1209 1762 1242; x_wconf 73' lang='grc' dir='ltr'>ἑτοῖμους</span> <span class='ocrx_word' id='word_1_427' title='bbox 1789 1207 1878 1249; x_wconf 69' lang='grc' dir='ltr'>εἰναι,</span> 
     </span>
    </p>
   </div>
   <div class='ocr_carea' id='block_1_55' title="bbox 1081 1251 1880 1289">
    <p class='ocr_par' dir='ltr' id='par_1_55' title="bbox 1081 1251 1880 1289">
     <span class='ocr_line' id='line_1_55' title="bbox 1081 1251 1880 1289; baseline 0.004 -12"><span class='ocrx_word' id='word_1_428' title='bbox 1081 1251 1128 1278; x_wconf 72' lang='grc' dir='ltr'>καὶ</span> <span class='ocrx_word' id='word_1_429' title='bbox 1145 1252 1183 1286; x_wconf 81' lang='grc' dir='ltr'><strong>μὴ</strong></span> <span class='ocrx_word' id='word_1_430' title='bbox 1197 1251 1397 1285; x_wconf 81' lang='grc' dir='ltr'>ἀντιλέγοντας.</span> <span class='ocrx_word' id='word_1_431' title='bbox 1421 1263 1430 1278; x_wconf 80' lang='grc' dir='ltr'><strong>ι</strong></span> <span class='ocrx_word' id='word_1_432' title='bbox 1447 1253 1501 1279; x_wconf 66' lang='grc' dir='ltr'><strong>Καὶ</strong></span> <span class='ocrx_word' id='word_1_433' title='bbox 1515 1253 1529 1279; x_wconf 81' lang='grc'>6</span> <span class='ocrx_word' id='word_1_434' title='bbox 1553 1253 1666 1288; x_wconf 78' lang='grc' dir='ltr'>Πέτρος,</span> <span class='ocrx_word' id='word_1_435' title='bbox 1685 1263 1694 1279; x_wconf 77' lang='grc' dir='ltr'><strong>ι</strong></span> <span class='ocrx_word' id='word_1_436' title='bbox 1716 1254 1880 1289; x_wconf 73' lang='grc' dir='ltr'>Ὑποτάγη-</span> 
     </span>
    </p>
   </div>
   <div class='ocr_carea' id='block_1_56' title="bbox 1080 1297 1879 1335">
    <p class='ocr_par' dir='ltr' id='par_1_56' title="bbox 1080 1297 1879 1335">
     <span class='ocr_line' id='line_1_56' title="bbox 1080 1297 1879 1335; baseline 0.005 -13"><span class='ocrx_word' id='word_1_437' title='bbox 1080 1305 1110 1322; x_wconf 87' lang='grc' dir='ltr'><strong>τε</strong></span> <span class='ocrx_word' id='word_1_438' title='bbox 1128 1297 1201 1331; x_wconf 77' lang='grc' dir='ltr'>πάσῃ</span> <span class='ocrx_word' id='word_1_439' title='bbox 1214 1297 1374 1334; x_wconf 74' lang='grc' dir='ltr'><strong>ἀνθρωπίνῃ</strong></span> <span class='ocrx_word' id='word_1_440' title='bbox 1387 1298 1476 1324; x_wconf 84' lang='grc' dir='ltr'>κτίσει</span> <span class='ocrx_word' id='word_1_441' title='bbox 1490 1298 1534 1325; x_wconf 83' lang='grc' dir='ltr'>διὰ</span> <span class='ocrx_word' id='word_1_442' title='bbox 1547 1299 1593 1324; x_wconf 81' lang='grc' dir='ltr'><strong>τὸν</strong></span> <span class='ocrx_word' id='word_1_443' title='bbox 1607 1298 1720 1333; x_wconf 79' lang='grc' dir='ltr'>Κύριον,</span> <span class='ocrx_word' id='word_1_444' title='bbox 1732 1300 1774 1326; x_wconf 81' lang='grc' dir='ltr'>ὅτι</span> <span class='ocrx_word' id='word_1_445' title='bbox 1786 1300 1879 1335; x_wconf 76' lang='grc' dir='ltr'>οὕτως</span> 
     </span>
    </p>
   </div>
   <div class='ocr_carea' id='block_1_57' title="bbox 1081 1342 1878 1380">
    <p class='ocr_par' dir='ltr' id='par_1_57' title="bbox 1081 1342 1878 1380">
     <span class='ocr_line' id='line_1_57' title="bbox 1081 1342 1878 1380; baseline 0.004 -13"><span class='ocrx_word' id='word_1_446' title='bbox 1081 1342 1138 1368; x_wconf 79' lang='grc' dir='ltr'>ἐστὶ</span> <span class='ocrx_word' id='word_1_447' title='bbox 1147 1342 1177 1368; x_wconf 80' lang='grc' dir='ltr'>τὸ</span> <span class='ocrx_word' id='word_1_448' title='bbox 1185 1342 1288 1376; x_wconf 80' lang='grc' dir='ltr'>θέλημα</span> <span class='ocrx_word' id='word_1_449' title='bbox 1297 1342 1342 1368; x_wconf 84' lang='grc' dir='ltr'>τοῦ</span> <span class='ocrx_word' id='word_1_450' title='bbox 1352 1343 1430 1374; x_wconf 80' lang='grc' dir='ltr'>Θεοῦ,</span> <span class='ocrx_word' id='word_1_451' title='bbox 1440 1343 1674 1377; x_wconf 81' lang='grc' dir='ltr'>ἀγαθοποιοῦντας</span> <span class='ocrx_word' id='word_1_452' title='bbox 1687 1344 1790 1378; x_wconf 79' lang='grc' dir='ltr'>φιμοῦν</span> <span class='ocrx_word' id='word_1_453' title='bbox 1800 1344 1878 1380; x_wconf 76' lang='grc' dir='ltr'>[τὴν]</span> 
     </span>
    </p>
   </div>
   <div class='ocr_carea' id='block_1_58' title="bbox 1080 1386 1877 1424">
    <p class='ocr_par' dir='ltr' id='par_1_58' title="bbox 1080 1386 1877 1424">
     <span class='ocr_line' id='line_1_58' title="bbox 1080 1386 1877 1424; baseline 0.003 -12"><span class='ocrx_word' id='word_1_454' title='bbox 1080 1386 1134 1412; x_wconf 75' lang='grc' dir='ltr'>τῶν</span> <span class='ocrx_word' id='word_1_455' title='bbox 1150 1387 1276 1422; x_wconf 77' lang='grc' dir='ltr'>ἀφρόνων</span> <span class='ocrx_word' id='word_1_456' title='bbox 1290 1387 1442 1423; x_wconf 82' lang='grc' dir='ltr'>ἀνθρώπων</span> <span class='ocrx_word' id='word_1_457' title='bbox 1456 1388 1604 1422; x_wconf 81' lang='grc' dir='ltr'>ἀγνωσίαν.</span> <span class='ocrx_word' id='word_1_458' title='bbox 1627 1398 1636 1414; x_wconf 78' lang='grc' dir='ltr'><strong>ι</strong></span> <span class='ocrx_word' id='word_1_459' title='bbox 1659 1389 1691 1415; x_wconf 81' lang='lat'><strong>&#39;0</strong></span> <span class='ocrx_word' id='word_1_460' title='bbox 1703 1389 1732 1415; x_wconf 81' lang='grc' dir='ltr'><strong>δὲ</strong></span> <span class='ocrx_word' id='word_1_461' title='bbox 1749 1390 1877 1424; x_wconf 73' lang='grc' dir='ltr'>Κύριος,</span> 
     </span>
    </p>
   </div>
   <div class='ocr_carea' id='block_1_59' title="bbox 1083 1431 1878 1469">
    <p class='ocr_par' dir='ltr' id='par_1_59' title="bbox 1083 1431 1878 1469">
     <span class='ocr_line' id='line_1_59' title="bbox 1083 1431 1878 1469; baseline 0.005 -13"><span class='ocrx_word' id='word_1_462' title='bbox 1083 1440 1092 1456; x_wconf 79' lang='grc' dir='ltr'><strong>ι</strong></span> <span class='ocrx_word' id='word_1_463' title='bbox 1107 1431 1291 1466; x_wconf 73' lang='grc' dir='ltr'>Καταῦἑῦηκα</span> <span class='ocrx_word' id='word_1_464' title='bbox 1302 1433 1334 1458; x_wconf 79' lang='grc' dir='ltr'>ἐκ</span> <span class='ocrx_word' id='word_1_465' title='bbox 1344 1431 1390 1458; x_wconf 80' lang='grc' dir='ltr'>τοῦ</span> <span class='ocrx_word' id='word_1_466' title='bbox 1404 1433 1585 1468; x_wconf 72' lang='grc' dir='ltr'>ούρανοῦ,ούχ</span> <span class='ocrx_word' id='word_1_467' title='bbox 1596 1433 1639 1460; x_wconf 82' lang='grc' dir='ltr'>ἵνα</span> <span class='ocrx_word' id='word_1_468' title='bbox 1646 1433 1715 1460; x_wconf 80' lang='grc' dir='ltr'>ποιῶ</span> <span class='ocrx_word' id='word_1_469' title='bbox 1723 1434 1755 1459; x_wconf 72' lang='grc' dir='ltr'>τὸ</span> <span class='ocrx_word' id='word_1_470' title='bbox 1765 1434 1878 1469; x_wconf 74' lang='grc' dir='ltr'>θέλημα</span> 
     </span>
    </p>
   </div>
   <div class='ocr_carea' id='block_1_60' title="bbox 1079 1475 1876 1514">
    <p class='ocr_par' dir='ltr' id='par_1_60' title="bbox 1079 1475 1876 1514">
     <span class='ocr_line' id='line_1_60' title="bbox 1079 1475 1876 1514; baseline 0.004 -12"><span class='ocrx_word' id='word_1_471' title='bbox 1079 1475 1110 1502; x_wconf 76' lang='grc' dir='ltr'>τὸ</span> <span class='ocrx_word' id='word_1_472' title='bbox 1125 1477 1202 1511; x_wconf 70' lang='grc' dir='ltr'>ἐμὸν,</span> <span class='ocrx_word' id='word_1_473' title='bbox 1214 1477 1280 1503; x_wconf 81' lang='grc' dir='ltr'>ἀλλὰ</span> <span class='ocrx_word' id='word_1_474' title='bbox 1292 1477 1322 1504; x_wconf 67' lang='grc' dir='ltr'>τδ</span> <span class='ocrx_word' id='word_1_475' title='bbox 1335 1478 1440 1512; x_wconf 85' lang='grc' dir='ltr'>θέλημα</span> <span class='ocrx_word' id='word_1_476' title='bbox 1455 1478 1502 1504; x_wconf 70' lang='grc' dir='ltr'><strong>τοῦ</strong></span> <span class='ocrx_word' id='word_1_477' title='bbox 1518 1478 1676 1513; x_wconf 61' lang='grc' dir='ltr'>πέμψαντος</span> <span class='ocrx_word' id='word_1_478' title='bbox 1686 1487 1720 1513; x_wconf 87' lang='grc' dir='ltr'>με</span> <span class='ocrx_word' id='word_1_479' title='bbox 1734 1480 1856 1514; x_wconf 41' lang='lat' dir='ltr'><strong>Harp/4;</strong></span> <span class='ocrx_word' id='word_1_480' title='bbox 1866 1490 1876 1505; x_wconf 84' lang='grc'>›</span> 
     </span>
    </p>
   </div>
   <div class='ocr_carea' id='block_1_61' title="bbox 1079 1522 1656 1559">
    <p class='ocr_par' dir='ltr' id='par_1_61' title="bbox 1079 1522 1656 1559">
     <span class='ocr_line' id='line_1_61' title="bbox 1079 1522 1656 1559; baseline 0.009 -12"><span class='ocrx_word' id='word_1_481' title='bbox 1079 1522 1159 1557; x_wconf 80' lang='grc' dir='ltr'><strong>Αύτῴ</strong></span> <span class='ocrx_word' id='word_1_482' title='bbox 1173 1523 1190 1557; x_wconf 80' lang='grc' dir='ltr'><strong>ἡ</strong></span> <span class='ocrx_word' id='word_1_483' title='bbox 1204 1523 1266 1554; x_wconf 73' lang='grc' dir='ltr'><strong>δόξα</strong></span> <span class='ocrx_word' id='word_1_484' title='bbox 1284 1524 1323 1555; x_wconf 79' lang='grc' dir='ltr'>εἰς</span> <span class='ocrx_word' id='word_1_485' title='bbox 1341 1524 1403 1555; x_wconf 74' lang='grc' dir='ltr'>τοὺς</span> <span class='ocrx_word' id='word_1_486' title='bbox 1427 1525 1537 1556; x_wconf 84' lang='grc' dir='ltr'>αἰῶνας.</span> <span class='ocrx_word' id='word_1_487' title='bbox 1560 1524 1656 1559; x_wconf 67' lang='grc' dir='ltr'><strong>Ἀμήν.</strong></span> 
     </span>
    </p>
   </div>
   <div class='ocr_carea' id='block_1_62' title="bbox 247 1560 1881 1605">
    <p class='ocr_par' dir='ltr' id='par_1_62' title="bbox 247 1560 1881 1605">
     <span class='ocr_line' id='line_1_62' title="bbox 247 1560 1881 1605; baseline 0.007 -19"><span class='ocrx_word' id='word_1_488' title='bbox 247 1562 288 1586; x_wconf 59' lang='lat' dir='ltr'><strong>trs</strong></span> <span class='ocrx_word' id='word_1_489' title='bbox 298 1560 362 1594; x_wconf 84' lang='lat' dir='ltr'><strong>quia</strong></span> <span class='ocrx_word' id='word_1_490' title='bbox 378 1562 586 1591; x_wconf 87' lang='lat' dir='ltr'><strong>retributionem</strong></span> <span class='ocrx_word' id='word_1_491' title='bbox 603 1573 618 1591; x_wconf 84' lang='lat' dir='ltr'><strong>a</strong></span> <span class='ocrx_word' id='word_1_492' title='bbox 635 1565 752 1593; x_wconf 89' lang='lat' dir='ltr'><strong>Domino</strong></span> <span class='ocrx_word' id='word_1_493' title='bbox 767 1567 910 1601; x_wconf 81' lang='lat' dir='ltr'><strong>accipietis</strong></span> <span class='ocrx_word' id='word_1_494' title='bbox 921 1568 953 1594; x_wconf 85' lang='lat'><strong>&quot;.</strong></span> <span class='ocrx_word' id='word_1_495' title='bbox 968 1577 977 1593; x_wconf 75' lang='grc' dir='ltr'><strong>ι</strong></span> <span class='ocrx_word' id='word_1_496' title='bbox 1007 1568 1048 1595; x_wconf 83' lang='lat' dir='ltr'><strong>Ad</strong></span> <span class='ocrx_word' id='word_1_497' title='bbox 1068 1569 1159 1596; x_wconf 86' lang='lat' dir='ltr'><strong>Titqu</strong></span> <span class='ocrx_word' id='word_1_498' title='bbox 1176 1578 1182 1596; x_wconf 89' lang='lat'>:</span> <span class='ocrx_word' id='word_1_499' title='bbox 1203 1580 1212 1595; x_wconf 77' lang='grc' dir='ltr'><strong>ι</strong></span> <span class='ocrx_word' id='word_1_500' title='bbox 1231 1570 1354 1598; x_wconf 81' lang='lat' dir='ltr'><strong>Admone</strong></span> <span class='ocrx_word' id='word_1_501' title='bbox 1374 1571 1437 1598; x_wconf 81' lang='lat' dir='ltr'><strong>illos</strong></span> <span class='ocrx_word' id='word_1_502' title='bbox 1450 1571 1622 1605; x_wconf 82' lang='lat' dir='ltr'><strong>principibus</strong></span> <span class='ocrx_word' id='word_1_503' title='bbox 1647 1575 1674 1598; x_wconf 90' lang='lat' dir='ltr'><strong>et</strong></span> <span class='ocrx_word' id='word_1_504' title='bbox 1687 1571 1881 1605; x_wconf 80' lang='lat' dir='ltr'><strong>potestatibus</strong></span> 
     </span>
    </p>
   </div>
   <div class='ocr_carea' id='block_1_63' title="bbox 245 1605 1881 1650">
    <p class='ocr_par' dir='ltr' id='par_1_63' title="bbox 245 1605 1881 1650">
     <span class='ocr_line' id='line_1_63' title="bbox 245 1605 1881 1650; baseline 0.008 -19"><span class='ocrx_word' id='word_1_505' title='bbox 245 1605 371 1632; x_wconf 79' lang='lat' dir='ltr'><strong>subditos</strong></span> <span class='ocrx_word' id='word_1_506' title='bbox 385 1615 456 1639; x_wconf 78' lang='lat' dir='ltr'><strong>esse,</strong></span> <span class='ocrx_word' id='word_1_507' title='bbox 470 1613 498 1636; x_wconf 90' lang='lat' dir='ltr'><strong>et</strong></span> <span class='ocrx_word' id='word_1_508' title='bbox 516 1609 591 1637; x_wconf 88' lang='lat' dir='ltr'><strong>dicto</strong></span> <span class='ocrx_word' id='word_1_509' title='bbox 623 1611 748 1644; x_wconf 82' lang='lat' dir='ltr'><strong>obedire,</strong></span> <span class='ocrx_word' id='word_1_510' title='bbox 780 1611 814 1639; x_wconf 87' lang='lat' dir='ltr'><strong>ad</strong></span> <span class='ocrx_word' id='word_1_511' title='bbox 835 1620 916 1640; x_wconf 83' lang='lat' dir='ltr'><strong>omne</strong></span> <span class='ocrx_word' id='word_1_512' title='bbox 930 1621 1000 1648; x_wconf 91' lang='lat' dir='ltr'><strong>opus</strong></span> <span class='ocrx_word' id='word_1_513' title='bbox 1032 1614 1135 1641; x_wconf 91' lang='lat' dir='ltr'><strong>bonum</strong></span> <span class='ocrx_word' id='word_1_514' title='bbox 1153 1620 1263 1649; x_wconf 85' lang='lat' dir='ltr'><strong>paratos</strong></span> <span class='ocrx_word' id='word_1_515' title='bbox 1288 1623 1360 1648; x_wconf 87' lang='lat' dir='ltr'><strong>esse,</strong></span> <span class='ocrx_word' id='word_1_516' title='bbox 1395 1621 1422 1643; x_wconf 90' lang='lat' dir='ltr'><strong>et</strong></span> <span class='ocrx_word' id='word_1_517' title='bbox 1446 1624 1501 1643; x_wconf 87' lang='lat' dir='ltr'><strong>non</strong></span> <span class='ocrx_word' id='word_1_518' title='bbox 1525 1616 1718 1643; x_wconf 82' lang='lat' dir='ltr'><strong>contradicere</strong></span> <span class='ocrx_word' id='word_1_519' title='bbox 1738 1617 1774 1643; x_wconf 71' lang='grc' dir='ltr'>ε’.</span> <span class='ocrx_word' id='word_1_520' title='bbox 1798 1626 1814 1650; x_wconf 75' lang='grc' dir='ltr'><strong>ι,</strong></span> <span class='ocrx_word' id='word_1_521' title='bbox 1828 1617 1881 1644; x_wconf 85' lang='lat' dir='ltr'><strong>Pe-</strong></span> 
     </span>
    </p>
   </div>
   <div class='ocr_carea' id='block_1_64' title="bbox 247 1651 1880 1696">
    <p class='ocr_par' dir='ltr' id='par_1_64' title="bbox 247 1651 1880 1696">
     <span class='ocr_line' id='line_1_64' title="bbox 247 1651 1880 1696; baseline 0.009 -21"><span class='ocrx_word' id='word_1_522' title='bbox 247 1653 306 1676; x_wconf 88' lang='lat' dir='ltr'><strong>trus</strong></span> <span class='ocrx_word' id='word_1_523' title='bbox 326 1660 332 1677; x_wconf 92' lang='lat'><strong>:</strong></span> <span class='ocrx_word' id='word_1_524' title='bbox 352 1661 360 1676; x_wconf 77' lang='grc' dir='ltr'><strong>ι</strong></span> <span class='ocrx_word' id='word_1_525' title='bbox 380 1651 500 1688; x_wconf 87' lang='lat' dir='ltr'><strong>Subjecti</strong></span> <span class='ocrx_word' id='word_1_526' title='bbox 523 1659 611 1682; x_wconf 85' lang='lat' dir='ltr'><strong>estote</strong></span> <span class='ocrx_word' id='word_1_527' title='bbox 634 1656 708 1683; x_wconf 90' lang='lat' dir='ltr'><strong>omni</strong></span> <span class='ocrx_word' id='word_1_528' title='bbox 726 1657 853 1684; x_wconf 84' lang='lat' dir='ltr'><strong>humame</strong></span> <span class='ocrx_word' id='word_1_529' title='bbox 867 1662 1000 1686; x_wconf 64' lang='lat' dir='ltr'><strong>creatura:</strong></span> <span class='ocrx_word' id='word_1_530' title='bbox 1019 1663 1132 1694; x_wconf 86' lang='lat' dir='ltr'><strong>propter</strong></span> <span class='ocrx_word' id='word_1_531' title='bbox 1150 1661 1308 1692; x_wconf 88' lang='lat' dir='ltr'><strong>Dominum,</strong></span> <span class='ocrx_word' id='word_1_532' title='bbox 1323 1661 1387 1696; x_wconf 88' lang='lat' dir='ltr'><strong>quia</strong></span> <span class='ocrx_word' id='word_1_533' title='bbox 1402 1661 1443 1688; x_wconf 90' lang='lat' dir='ltr'><strong>sic</strong></span> <span class='ocrx_word' id='word_1_534' title='bbox 1457 1665 1501 1688; x_wconf 85' lang='lat' dir='ltr'><strong>est</strong></span> <span class='ocrx_word' id='word_1_535' title='bbox 1513 1661 1639 1688; x_wconf 83' lang='lat' dir='ltr'><strong>voluntas</strong></span> <span class='ocrx_word' id='word_1_536' title='bbox 1658 1661 1706 1688; x_wconf 87' lang='lat' dir='ltr'><strong>Dei</strong></span> <span class='ocrx_word' id='word_1_537' title='bbox 1731 1665 1764 1688; x_wconf 90' lang='lat' dir='ltr'><strong>ut</strong></span> <span class='ocrx_word' id='word_1_538' title='bbox 1789 1662 1880 1688; x_wconf 51' lang='lat' dir='ltr'><strong>bene-</strong></span> 
     </span>
    </p>
   </div>
   <div class='ocr_carea' id='block_1_65' title="bbox 246 1695 1881 1740">
    <p class='ocr_par' dir='ltr' id='par_1_65' title="bbox 246 1695 1881 1740">
     <span class='ocr_line' id='line_1_65' title="bbox 246 1695 1881 1740; baseline 0.008 -19"><span class='ocrx_word' id='word_1_539' title='bbox 246 1695 378 1723; x_wconf 80' lang='lat' dir='ltr'><strong>facientes</strong></span> <span class='ocrx_word' id='word_1_540' title='bbox 391 1698 581 1727; x_wconf 84' lang='lat' dir='ltr'><strong>obmutescere</strong></span> <span class='ocrx_word' id='word_1_541' title='bbox 595 1701 701 1729; x_wconf 75' lang='lat' dir='ltr'><strong>faciatis</strong></span> <span class='ocrx_word' id='word_1_542' title='bbox 721 1702 936 1737; x_wconf 85' lang='lat' dir='ltr'><strong>imprudentium</strong></span> <span class='ocrx_word' id='word_1_543' title='bbox 952 1704 1095 1732; x_wconf 86' lang='lat' dir='ltr'><strong>hominum</strong></span> <span class='ocrx_word' id='word_1_544' title='bbox 1112 1706 1296 1740; x_wconf 81' lang='lat' dir='ltr'><strong>ignorantiam</strong></span> <span class='ocrx_word' id='word_1_545' title='bbox 1309 1707 1341 1734; x_wconf 87' lang='grc'><strong>⁶¹.</strong></span> <span class='ocrx_word' id='word_1_546' title='bbox 1358 1716 1368 1732; x_wconf 76' lang='grc' dir='ltr'><strong>ι</strong></span> <span class='ocrx_word' id='word_1_547' title='bbox 1387 1707 1520 1734; x_wconf 83' lang='lat' dir='ltr'><strong>Dominus</strong></span> <span class='ocrx_word' id='word_1_548' title='bbox 1535 1711 1626 1734; x_wconf 81' lang='lat' dir='ltr'><strong>autem</strong></span> <span class='ocrx_word' id='word_1_549' title='bbox 1639 1714 1647 1732; x_wconf 90' lang='lat'>:</span> <span class='ocrx_word' id='word_1_550' title='bbox 1662 1715 1671 1731; x_wconf 78' lang='grc' dir='ltr'><strong>ι</strong></span> <span class='ocrx_word' id='word_1_551' title='bbox 1686 1707 1830 1734; x_wconf 82' lang='lat' dir='ltr'><strong>Descendi</strong></span> <span class='ocrx_word' id='word_1_552' title='bbox 1845 1707 1881 1734; x_wconf 83' lang='lat' dir='ltr'><strong>de</strong></span> 
     </span>
    </p>
   </div>
   <div class='ocr_carea' id='block_1_66' title="bbox 246 1740 1879 1786">
    <p class='ocr_par' dir='ltr' id='par_1_66' title="bbox 246 1740 1879 1786">
     <span class='ocr_line' id='line_1_66' title="bbox 246 1740 1879 1786; baseline 0.009 -20"><span class='ocrx_word' id='word_1_553' title='bbox 246 1740 325 1771; x_wconf 77' lang='lat' dir='ltr'><strong>ct&#39;elo,</strong></span> <span class='ocrx_word' id='word_1_554' title='bbox 335 1749 389 1768; x_wconf 88' lang='lat' dir='ltr'><strong>non</strong></span> <span class='ocrx_word' id='word_1_555' title='bbox 403 1747 432 1769; x_wconf 91' lang='lat' dir='ltr'><strong>ut</strong></span> <span class='ocrx_word' id='word_1_556' title='bbox 451 1743 548 1771; x_wconf 78' lang='lat' dir='ltr'><strong>faciant</strong></span> <span class='ocrx_word' id='word_1_557' title='bbox 562 1746 731 1774; x_wconf 89' lang='lat' dir='ltr'><strong>voluntatem</strong></span> <span class='ocrx_word' id='word_1_558' title='bbox 744 1755 844 1781; x_wconf 85' lang='lat' dir='ltr'><strong>meam,</strong></span> <span class='ocrx_word' id='word_1_559' title='bbox 861 1748 908 1776; x_wconf 86' lang='lat' dir='ltr'><strong>sed</strong></span> <span class='ocrx_word' id='word_1_560' title='bbox 921 1749 1088 1777; x_wconf 87' lang='lat' dir='ltr'><strong>voluntatem</strong></span> <span class='ocrx_word' id='word_1_561' title='bbox 1103 1751 1163 1785; x_wconf 87' lang='lat' dir='ltr'><strong>ejus</strong></span> <span class='ocrx_word' id='word_1_562' title='bbox 1182 1750 1228 1785; x_wconf 92' lang='lat' dir='ltr'><strong>qui</strong></span> <span class='ocrx_word' id='word_1_563' title='bbox 1240 1751 1315 1778; x_wconf 88' lang='lat' dir='ltr'><strong>misit</strong></span> <span class='ocrx_word' id='word_1_564' title='bbox 1326 1759 1368 1778; x_wconf 91' lang='lat' dir='ltr'><strong>me</strong></span> <span class='ocrx_word' id='word_1_565' title='bbox 1382 1751 1471 1779; x_wconf 84' lang='lat' dir='ltr'><strong>Patris</strong></span> <span class='ocrx_word' id='word_1_566' title='bbox 1478 1753 1511 1777; x_wconf 83' lang='grc'><strong>“¹.</strong></span> <span class='ocrx_word' id='word_1_567' title='bbox 1528 1761 1538 1777; x_wconf 77' lang='grc' dir='ltr'><strong>ι</strong></span> <span class='ocrx_word' id='word_1_568' title='bbox 1556 1751 1608 1786; x_wconf 88' lang='lat' dir='ltr'><strong>Ipsi</strong></span> <span class='ocrx_word' id='word_1_569' title='bbox 1620 1751 1708 1786; x_wconf 78' lang='lat' dir='ltr'><strong>gloria</strong></span> <span class='ocrx_word' id='word_1_570' title='bbox 1720 1751 1747 1778; x_wconf 90' lang='lat' dir='ltr'><strong>in</strong></span> <span class='ocrx_word' id='word_1_571' title='bbox 1761 1753 1879 1780; x_wconf 66' lang='lat' dir='ltr'><strong>sarcula.</strong></span> 
     </span>
    </p>
   </div>
   <div class='ocr_carea' id='block_1_67' title="bbox 245 1785 341 1813">
    <p class='ocr_par' dir='ltr' id='par_1_67' title="bbox 245 1785 341 1813">
     <span class='ocr_line' id='line_1_67' title="bbox 245 1785 341 1813; baseline 0 -1"><span class='ocrx_word' id='word_1_572' title='bbox 245 1785 341 1813; x_wconf 76' lang='lat' dir='ltr'><strong>Amen.</strong></span> 
     </span>
    </p>
   </div>
   <div class='ocr_carea' id='block_1_68' title="bbox 444 1841 1064 1890">
    <p class='ocr_par' dir='ltr' id='par_1_68' title="bbox 444 1841 1064 1890">
     <span class='ocr_line' id='line_1_68' title="bbox 444 1841 1064 1890; baseline -0.006 -16"><span class='ocrx_word' id='word_1_573' title='bbox 444 1845 551 1890; x_wconf 61' lang='grc' dir='ltr'><strong>ιβιῆ.</strong></span> <span class='ocrx_word' id='word_1_574' title='bbox 576 1845 719 1873; x_wconf 82' lang='lat' dir='ltr'><strong>HOMILIA</strong></span> <span class='ocrx_word' id='word_1_575' title='bbox 740 1847 833 1874; x_wconf 76' lang='lat' dir='ltr'><strong>CXIV.</strong></span> <span class='ocrx_word' id='word_1_576' title='bbox 1023 1849 1029 1855; x_wconf 90' lang='lat'>&#39;</span> <span class='ocrx_word' id='word_1_577' title='bbox 1043 1841 1064 1870; x_wconf 84' lang='lat' dir='ltr'><strong><em>C</em></strong></span> 
     </span>
    </p>
   </div>
   <div class='ocr_carea' id='block_1_69' title="bbox 450 1901 828 1932">
    <p class='ocr_par' dir='ltr' id='par_1_69' title="bbox 450 1901 828 1932">
     <span class='ocr_line' id='line_1_69' title="bbox 450 1901 828 1932; baseline 0.011 -4"><span class='ocrx_word' id='word_1_578' title='bbox 450 1901 489 1928; x_wconf 80' lang='lat' dir='ltr'><strong>De</strong></span> <span class='ocrx_word' id='word_1_579' title='bbox 503 1903 683 1930; x_wconf 70' lang='lat' dir='ltr'><strong>observatione</strong></span> <span class='ocrx_word' id='word_1_580' title='bbox 698 1904 828 1932; x_wconf 75' lang='lat' dir='ltr'><strong>mandati.</strong></span> 
     </span>
    </p>
   </div>
   <div class='ocr_carea' id='block_1_70' title="bbox 282 1956 1044 1994">
    <p class='ocr_par' dir='ltr' id='par_1_70' title="bbox 282 1956 1044 1994">
     <span class='ocr_line' id='line_1_70' title="bbox 282 1956 1044 1994; baseline 0.004 -10"><span class='ocrx_word' id='word_1_581' title='bbox 282 1956 400 1984; x_wconf 82' lang='lat' dir='ltr'><strong>Mandati</strong></span> <span class='ocrx_word' id='word_1_582' title='bbox 419 1957 579 1985; x_wconf 73' lang='lat' dir='ltr'><strong>observatio</strong></span> <span class='ocrx_word' id='word_1_583' title='bbox 600 1957 741 1985; x_wconf 90' lang='lat' dir='ltr'><strong>hominem</strong></span> <span class='ocrx_word' id='word_1_584' title='bbox 765 1963 840 1986; x_wconf 86' lang='lat' dir='ltr'><strong>recta</strong></span> <span class='ocrx_word' id='word_1_585' title='bbox 858 1959 986 1994; x_wconf 85' lang='lat' dir='ltr'><strong>provehit</strong></span> <span class='ocrx_word' id='word_1_586' title='bbox 999 1960 1044 1987; x_wconf 27' lang='lat' dir='ltr'><strong>int</strong></span> 
     </span>
    </p>
   </div>
   <div class='ocr_carea' id='block_1_71' title="bbox 247 2002 1027 2040">
    <p class='ocr_par' dir='ltr' id='par_1_71' title="bbox 247 2002 1027 2040">
     <span class='ocr_line' id='line_1_71' title="bbox 247 2002 1027 2040; baseline 0.004 -11"><span class='ocrx_word' id='word_1_587' title='bbox 247 2002 320 2030; x_wconf 86' lang='lat' dir='ltr'><strong>illam</strong></span> <span class='ocrx_word' id='word_1_588' title='bbox 337 2003 503 2031; x_wconf 64' lang='lat' dir='ltr'><strong>felicissimae</strong></span> <span class='ocrx_word' id='word_1_589' title='bbox 517 2003 581 2030; x_wconf 75' lang='lat' dir='ltr'><strong>vita:</strong></span> <span class='ocrx_word' id='word_1_590' title='bbox 597 2003 737 2038; x_wconf 76' lang='lat' dir='ltr'><strong>regionem</strong></span> <span class='ocrx_word' id='word_1_591' title='bbox 754 2013 760 2030; x_wconf 86' lang='lat'><strong>:</strong></span> <span class='ocrx_word' id='word_1_592' title='bbox 779 2010 886 2037; x_wconf 84' lang='lat' dir='ltr'><strong>contra,</strong></span> <span class='ocrx_word' id='word_1_593' title='bbox 903 2005 1027 2040; x_wconf 84' lang='lat' dir='ltr'><strong>ejusdem</strong></span> 
     </span>
    </p>
   </div>
   <div class='ocr_carea' id='block_1_72' title="bbox 246 2048 1028 2086">
    <p class='ocr_par' dir='ltr' id='par_1_72' title="bbox 246 2048 1028 2086">
     <span class='ocr_line' id='line_1_72' title="bbox 246 2048 1028 2086; baseline 0.005 -11"><span class='ocrx_word' id='word_1_594' title='bbox 246 2048 434 2082; x_wconf 79' lang='lat' dir='ltr'><strong>pra-varicatio</strong></span> <span class='ocrx_word' id='word_1_595' title='bbox 478 2049 560 2076; x_wconf 88' lang='lat' dir='ltr'><strong>letale</strong></span> <span class='ocrx_word' id='word_1_596' title='bbox 578 2049 679 2076; x_wconf 84' lang='lat' dir='ltr'><strong>vulnus</strong></span> <span class='ocrx_word' id='word_1_597' title='bbox 701 2049 785 2085; x_wconf 72' lang='lat' dir='ltr'><strong>attigit</strong></span> <span class='ocrx_word' id='word_1_598' title='bbox 806 2051 905 2078; x_wconf 65' lang='lat' dir='ltr'><strong>anima:</strong></span> <span class='ocrx_word' id='word_1_599' title='bbox 922 2060 929 2078; x_wconf 90' lang='lat'><strong>:</strong></span> <span class='ocrx_word' id='word_1_600' title='bbox 945 2051 1028 2086; x_wconf 86' lang='lat' dir='ltr'><strong>idque</strong></span> 
     </span>
    </p>
   </div>
   <div class='ocr_carea' id='block_1_73' title="bbox 245 2093 1028 2127">
    <p class='ocr_par' dir='ltr' id='par_1_73' title="bbox 245 2093 1028 2127">
     <span class='ocr_line' id='line_1_73' title="bbox 245 2093 1028 2127; baseline 0.005 -7"><span class='ocrx_word' id='word_1_601' title='bbox 245 2093 338 2121; x_wconf 84' lang='lat' dir='ltr'><strong>dicere</strong></span> <span class='ocrx_word' id='word_1_602' title='bbox 355 2094 435 2121; x_wconf 85' lang='lat' dir='ltr'><strong>liccat</strong></span> <span class='ocrx_word' id='word_1_603' title='bbox 457 2095 591 2127; x_wconf 77' lang='lat' dir='ltr'><strong>exactius,</strong></span> <span class='ocrx_word' id='word_1_604' title='bbox 607 2094 700 2122; x_wconf 89' lang='lat' dir='ltr'><strong>divina</strong></span> <span class='ocrx_word' id='word_1_605' title='bbox 722 2103 774 2122; x_wconf 88' lang='lat' dir='ltr'><strong>nos</strong></span> <span class='ocrx_word' id='word_1_606' title='bbox 794 2096 940 2124; x_wconf 87' lang='lat' dir='ltr'><strong>erudiente</strong></span> <span class='ocrx_word' id='word_1_607' title='bbox 952 2096 1028 2124; x_wconf 86' lang='lat' dir='ltr'><strong>Scri-</strong></span> 
     </span>
    </p>
   </div>
   <div class='ocr_carea' id='block_1_74' title="bbox 245 2139 1027 2175">
    <p class='ocr_par' dir='ltr' id='par_1_74' title="bbox 245 2139 1027 2175">
     <span class='ocr_line' id='line_1_74' title="bbox 245 2139 1027 2175; baseline 0.005 -10"><span class='ocrx_word' id='word_1_608' title='bbox 245 2144 335 2173; x_wconf 83' lang='lat' dir='ltr'><strong>ptura.</strong></span> <span class='ocrx_word' id='word_1_609' title='bbox 353 2139 409 2166; x_wconf 85' lang='lat' dir='ltr'><strong>Nisi</strong></span> <span class='ocrx_word' id='word_1_610' title='bbox 428 2139 501 2166; x_wconf 87' lang='lat' dir='ltr'><strong>enim</strong></span> <span class='ocrx_word' id='word_1_611' title='bbox 515 2140 597 2167; x_wconf 89' lang='lat' dir='ltr'><strong>initio</strong></span> <span class='ocrx_word' id='word_1_612' title='bbox 612 2141 702 2167; x_wconf 86' lang='lat' dir='ltr'><strong>statim</strong></span> <span class='ocrx_word' id='word_1_613' title='bbox 723 2141 892 2169; x_wconf 91' lang='lat' dir='ltr'><strong>conditionis</strong></span> <span class='ocrx_word' id='word_1_614' title='bbox 915 2147 1027 2175; x_wconf 57' lang='lat' dir='ltr'><strong>nostra,</strong></span> 
     </span>
    </p>
   </div>
   <div class='ocr_carea' id='block_1_75' title="bbox 245 2184 1027 2222">
    <p class='ocr_par' dir='ltr' id='par_1_75' title="bbox 245 2184 1027 2222">
     <span class='ocr_line' id='line_1_75' title="bbox 245 2184 1027 2222; baseline 0.004 -11"><span class='ocrx_word' id='word_1_615' title='bbox 245 2184 271 2211; x_wconf 95' lang='lat' dir='ltr'><strong>in</strong></span> <span class='ocrx_word' id='word_1_616' title='bbox 287 2185 413 2219; x_wconf 80' lang='lat' dir='ltr'><strong>paradiso</strong></span> <span class='ocrx_word' id='word_1_617' title='bbox 426 2185 584 2212; x_wconf 86' lang='lat' dir='ltr'><strong>mandatum</strong></span> <span class='ocrx_word' id='word_1_618' title='bbox 600 2185 748 2213; x_wconf 82' lang='lat' dir='ltr'><strong>fuissemus</strong></span> <span class='ocrx_word' id='word_1_619' title='bbox 761 2187 1027 2222; x_wconf 80' lang='lat' dir='ltr'><strong>transgressi,haud-</strong></span> 
     </span>
    </p>
   </div>
   <div class='ocr_carea' id='block_1_76' title="bbox 244 2232 1027 2266">
    <p class='ocr_par' dir='ltr' id='par_1_76' title="bbox 244 2232 1027 2266">
     <span class='ocr_line' id='line_1_76' title="bbox 244 2232 1027 2266; baseline 0.005 -9"><span class='ocrx_word' id='word_1_620' title='bbox 244 2239 381 2265; x_wconf 77' lang='lat' dir='ltr'><strong>quaquam</strong></span> <span class='ocrx_word' id='word_1_621' title='bbox 399 2232 560 2266; x_wconf 75' lang='lat' dir='ltr'><strong>contigisset</strong></span> <span class='ocrx_word' id='word_1_622' title='bbox 580 2232 677 2259; x_wconf 87' lang='lat' dir='ltr'><strong>audire</strong></span> <span class='ocrx_word' id='word_1_623' title='bbox 699 2240 749 2260; x_wconf 84' lang='lat' dir='ltr'><strong>nos</strong></span> <span class='ocrx_word' id='word_1_624' title='bbox 767 2232 844 2264; x_wconf 78' lang='lat' dir='ltr'><strong>illud,</strong></span> <span class='ocrx_word' id='word_1_625' title='bbox 863 2242 872 2258; x_wconf 74' lang='grc' dir='ltr'><strong>ι</strong></span> <span class='ocrx_word' id='word_1_626' title='bbox 894 2233 979 2261; x_wconf 88' lang='lat' dir='ltr'><strong>Terra</strong></span> <span class='ocrx_word' id='word_1_627' title='bbox 997 2241 1027 2261; x_wconf 90' lang='lat' dir='ltr'><strong>es</strong></span> 
     </span>
    </p>
   </div>
   <div class='ocr_carea' id='block_1_77' title="bbox 243 2277 1024 2313">
    <p class='ocr_par' dir='ltr' id='par_1_77' title="bbox 243 2277 1024 2313">
     <span class='ocr_line' id='line_1_77' title="bbox 243 2277 1024 2313; baseline 0.004 -10"><span class='ocrx_word' id='word_1_628' title='bbox 243 2281 271 2303; x_wconf 89' lang='lat' dir='ltr'><strong>et</strong></span> <span class='ocrx_word' id='word_1_629' title='bbox 286 2277 311 2304; x_wconf 91' lang='lat' dir='ltr'><strong>in</strong></span> <span class='ocrx_word' id='word_1_630' title='bbox 326 2282 427 2304; x_wconf 81' lang='lat' dir='ltr'><strong>terram</strong></span> <span class='ocrx_word' id='word_1_631' title='bbox 449 2278 537 2305; x_wconf 88' lang='lat' dir='ltr'><strong>abibis</strong></span> <span class='ocrx_word' id='word_1_632' title='bbox 550 2278 591 2304; x_wconf 82' lang='lat'><strong>&quot;:</strong></span> <span class='ocrx_word' id='word_1_633' title='bbox 606 2288 615 2304; x_wconf 75' lang='grc' dir='ltr'><strong>ι</strong></span> <span class='ocrx_word' id='word_1_634' title='bbox 630 2279 790 2313; x_wconf 85' lang='lat' dir='ltr'><strong>neutiquam</strong></span> <span class='ocrx_word' id='word_1_635' title='bbox 803 2279 936 2306; x_wconf 90' lang='lat' dir='ltr'><strong>mundqu</strong></span> <span class='ocrx_word' id='word_1_636' title='bbox 951 2279 1024 2307; x_wconf 91' lang='lat' dir='ltr'><strong>hunc</strong></span> 
     </span>
    </p>
   </div>
   <div class='ocr_carea' id='block_1_78' title="bbox 243 2323 1028 2360">
    <p class='ocr_par' dir='ltr' id='par_1_78' title="bbox 243 2323 1028 2360">
     <span class='ocr_line' id='line_1_78' title="bbox 243 2323 1028 2360; baseline 0.004 -11"><span class='ocrx_word' id='word_1_637' title='bbox 243 2328 338 2350; x_wconf 87' lang='lat' dir='ltr'><strong>noster</strong></span> <span class='ocrx_word' id='word_1_638' title='bbox 352 2323 397 2350; x_wconf 88' lang='lat' dir='ltr'><strong>ille</strong></span> <span class='ocrx_word' id='word_1_639' title='bbox 410 2324 585 2351; x_wconf 84' lang='lat' dir='ltr'><strong>adversarius</strong></span> <span class='ocrx_word' id='word_1_640' title='bbox 602 2329 642 2351; x_wconf 87' lang='lat' dir='ltr'><strong>tot</strong></span> <span class='ocrx_word' id='word_1_641' title='bbox 658 2329 733 2351; x_wconf 85' lang='lat' dir='ltr'><strong>retro</strong></span> <span class='ocrx_word' id='word_1_642' title='bbox 752 2324 832 2351; x_wconf 90' lang='lat' dir='ltr'><strong>annis</strong></span> <span class='ocrx_word' id='word_1_643' title='bbox 848 2332 918 2352; x_wconf 72' lang='lat' dir='ltr'><strong>szeva</strong></span> <span class='ocrx_word' id='word_1_644' title='bbox 935 2329 1028 2360; x_wconf 75' lang='lat' dir='ltr'><strong>tyran-</strong></span> 
     </span>
    </p>
   </div>
   <div class='ocr_carea' id='block_1_79' title="bbox 243 2368 1026 2404">
    <p class='ocr_par' dir='ltr' id='par_1_79' title="bbox 243 2368 1026 2404">
     <span class='ocr_line' id='line_1_79' title="bbox 243 2368 1026 2404; baseline 0.004 -10"><span class='ocrx_word' id='word_1_645' title='bbox 243 2368 306 2402; x_wconf 78' lang='lat' dir='ltr'><strong>uide</strong></span> <span class='ocrx_word' id='word_1_646' title='bbox 335 2369 543 2402; x_wconf 74' lang='lat' dir='ltr'><strong>grassabllndus</strong></span> <span class='ocrx_word' id='word_1_647' title='bbox 571 2369 764 2404; x_wconf 84' lang='lat' dir='ltr'><strong>oppressisset.</strong></span> <span class='ocrx_word' id='word_1_648' title='bbox 791 2368 877 2396; x_wconf 78' lang='lat' dir='ltr'><strong>Nemo</strong></span> <span class='ocrx_word' id='word_1_649' title='bbox 905 2370 953 2404; x_wconf 83' lang='lat' dir='ltr'><strong>qui</strong></span> <span class='ocrx_word' id='word_1_650' title='bbox 979 2370 1026 2397; x_wconf 80' lang='lat' dir='ltr'><strong>Dei</strong></span> 
     </span>
    </p>
   </div>
   <div class='ocr_carea' id='block_1_80' title="bbox 243 2413 1026 2448">
    <p class='ocr_par' dir='ltr' id='par_1_80' title="bbox 243 2413 1026 2448">
     <span class='ocr_line' id='line_1_80' title="bbox 243 2413 1026 2448; baseline 0.004 -10"><span class='ocrx_word' id='word_1_651' title='bbox 243 2413 403 2439; x_wconf 80' lang='lat' dir='ltr'><strong>mandatum</strong></span> <span class='ocrx_word' id='word_1_652' title='bbox 417 2414 626 2448; x_wconf 84' lang='lat' dir='ltr'><strong>contempserit,</strong></span> <span class='ocrx_word' id='word_1_653' title='bbox 648 2415 674 2440; x_wconf 91' lang='lat' dir='ltr'><strong>in</strong></span> <span class='ocrx_word' id='word_1_654' title='bbox 694 2414 861 2441; x_wconf 85' lang='lat' dir='ltr'><strong>rectitudine</strong></span> <span class='ocrx_word' id='word_1_655' title='bbox 877 2415 962 2441; x_wconf 84' lang='lat' dir='ltr'><strong>vitam</strong></span> <span class='ocrx_word' id='word_1_656' title='bbox 981 2415 1026 2442; x_wconf 91' lang='lat' dir='ltr'><strong>in-</strong></span> 
     </span>
    </p>
   </div>
   <div class='ocr_carea' id='block_1_81' title="bbox 241 2459 1025 2495">
    <p class='ocr_par' dir='ltr' id='par_1_81' title="bbox 241 2459 1025 2495">
     <span class='ocr_line' id='line_1_81' title="bbox 241 2459 1025 2495; baseline 0.004 -11"><span class='ocrx_word' id='word_1_657' title='bbox 241 2459 332 2485; x_wconf 82' lang='lat' dir='ltr'><strong>stituit</strong></span> <span class='ocrx_word' id='word_1_658' title='bbox 354 2467 442 2485; x_wconf 83' lang='lat' dir='ltr'><strong>suam.</strong></span> <span class='ocrx_word' id='word_1_659' title='bbox 460 2459 523 2486; x_wconf 78' lang='lat' dir='ltr'><strong>Saul</strong></span> <span class='ocrx_word' id='word_1_660' title='bbox 538 2460 585 2486; x_wconf 88' lang='lat' dir='ltr'><strong>Dei</strong></span> <span class='ocrx_word' id='word_1_661' title='bbox 608 2460 738 2486; x_wconf 88' lang='lat' dir='ltr'><strong>mandato</strong></span> <span class='ocrx_word' id='word_1_662' title='bbox 760 2460 830 2486; x_wconf 91' lang='lat' dir='ltr'><strong>male</strong></span> <span class='ocrx_word' id='word_1_663' title='bbox 849 2460 981 2495; x_wconf 75' lang='lat' dir='ltr'><strong>moriger,</strong></span> <span class='ocrx_word' id='word_1_664' title='bbox 997 2461 1025 2488; x_wconf 93' lang='lat' dir='ltr'><strong>in</strong></span> 
     </span>
    </p>
   </div>
   <div class='ocr_carea' id='block_1_82' title="bbox 1364 1851 1577 1878">
    <p class='ocr_par' dir='ltr' id='par_1_82' title="bbox 1364 1851 1577 1878">
     <span class='ocr_line' id='line_1_82' title="bbox 1364 1851 1577 1878; baseline 0.005 -1"><span class='ocrx_word' id='word_1_665' title='bbox 1364 1851 1474 1877; x_wconf 86' lang='grc' dir='ltr'><strong>ΛΟΓΟΣ</strong></span> <span class='ocrx_word' id='word_1_666' title='bbox 1505 1851 1577 1878; x_wconf 80' lang='lat' dir='ltr'><strong>PlA&#39;.</strong></span> 
     </span>
    </p>
   </div>
   <div class='ocr_carea' id='block_1_83' title="bbox 1219 1906 1727 1942">
    <p class='ocr_par' dir='ltr' id='par_1_83' title="bbox 1219 1906 1727 1942">
     <span class='ocr_line' id='line_1_83' title="bbox 1219 1906 1727 1942; baseline 0 -9"><span class='ocrx_word' id='word_1_667' title='bbox 1219 1906 1288 1941; x_wconf 75' lang='grc' dir='ltr'>Περὶ</span> <span class='ocrx_word' id='word_1_668' title='bbox 1315 1907 1368 1934; x_wconf 80' lang='grc' dir='ltr'>τοῦ</span> <span class='ocrx_word' id='word_1_669' title='bbox 1386 1906 1561 1942; x_wconf 63' lang='grc' dir='ltr'>φυλάσσειν</span> <span class='ocrx_word' id='word_1_670' title='bbox 1585 1907 1727 1939; x_wconf 67' lang='grc' dir='ltr'>ἐντολάς.</span> 
     </span>
    </p>
   </div>
   <div class='ocr_carea' id='block_1_84' title="bbox 1114 1961 1878 2001">
    <p class='ocr_par' dir='ltr' id='par_1_84' title="bbox 1114 1961 1878 2001">
     <span class='ocr_line' id='line_1_84' title="bbox 1114 1961 1878 2001; baseline 0.003 -13"><span class='ocrx_word' id='word_1_671' title='bbox 1114 1961 1307 1996; x_wconf 78' lang='grc' dir='ltr'>Τδφυλάσσειν</span> <span class='ocrx_word' id='word_1_672' title='bbox 1318 1961 1439 2001; x_wconf 68' lang='grc' dir='ltr'>ἐντολὴν,</span> <span class='ocrx_word' id='word_1_673' title='bbox 1452 1963 1491 1993; x_wconf 80' lang='grc' dir='ltr'>εἰς</span> <span class='ocrx_word' id='word_1_674' title='bbox 1509 1961 1582 1996; x_wconf 78' lang='grc' dir='ltr'>ζωῆς</span> <span class='ocrx_word' id='word_1_675' title='bbox 1597 1962 1687 1997; x_wconf 81' lang='grc' dir='ltr'>χῶρον</span> <span class='ocrx_word' id='word_1_676' title='bbox 1703 1963 1816 1997; x_wconf 74' lang='grc' dir='ltr'>εἰσάγει</span> <span class='ocrx_word' id='word_1_677' title='bbox 1831 1965 1878 1990; x_wconf 69' lang='grc' dir='ltr'>τὸν</span> 
     </span>
    </p>
   </div>
   <div class='ocr_carea' id='block_1_85' title="bbox 1079 2004 1875 2041">
    <p class='ocr_par' dir='ltr' id='par_1_85' title="bbox 1079 2004 1875 2041">
     <span class='ocr_line' id='line_1_85' title="bbox 1079 2004 1875 2041; baseline 0.005 -11"><span class='ocrx_word' id='word_1_678' title='bbox 1079 2004 1242 2040; x_wconf 82' lang='grc' dir='ltr'>ἄνθρωπον·</span> <span class='ocrx_word' id='word_1_679' title='bbox 1257 2004 1288 2031; x_wconf 80' lang='grc' dir='ltr'>τδ</span> <span class='ocrx_word' id='word_1_680' title='bbox 1318 2005 1346 2031; x_wconf 78' lang='grc' dir='ltr'><strong>δὲ</strong></span> <span class='ocrx_word' id='word_1_681' title='bbox 1380 2005 1571 2040; x_wconf 72' lang='grc' dir='ltr'>παραϐαίνειν,</span> <span class='ocrx_word' id='word_1_682' title='bbox 1593 2005 1795 2041; x_wconf 67' lang='grc' dir='ltr'>θανατηφόρον.</span> <span class='ocrx_word' id='word_1_683' title='bbox 1819 2009 1875 2034; x_wconf 71' lang='grc' dir='ltr'><strong>Καὶ</strong></span> 
     </span>
    </p>
   </div>
   <div class='ocr_carea' id='block_1_86' title="bbox 1078 2050 1874 2087">
    <p class='ocr_par' dir='ltr' id='par_1_86' title="bbox 1078 2050 1874 2087">
     <span class='ocr_line' id='line_1_86' title="bbox 1078 2050 1874 2087; baseline 0.005 -11"><span class='ocrx_word' id='word_1_684' title='bbox 1078 2051 1157 2077; x_wconf 82' lang='grc' dir='ltr'>τοῦτο</span> <span class='ocrx_word' id='word_1_685' title='bbox 1170 2050 1291 2085; x_wconf 76' lang='grc' dir='ltr'>ἀκριϐῶς</span> <span class='ocrx_word' id='word_1_686' title='bbox 1305 2051 1379 2085; x_wconf 81' lang='grc' dir='ltr'>παρὰ</span> <span class='ocrx_word' id='word_1_687' title='bbox 1394 2052 1444 2087; x_wconf 82' lang='grc' dir='ltr'><strong>τῆς</strong></span> <span class='ocrx_word' id='word_1_688' title='bbox 1461 2051 1535 2082; x_wconf 81' lang='grc' dir='ltr'>θείας</span> <span class='ocrx_word' id='word_1_689' title='bbox 1551 2051 1662 2086; x_wconf 72' lang='grc' dir='ltr'>Γραφῆς</span> <span class='ocrx_word' id='word_1_690' title='bbox 1680 2053 1874 2087; x_wconf 72' lang='grc' dir='ltr'>μανθάνομεν.</span> 
     </span>
    </p>
   </div>
   <div class='ocr_carea' id='block_1_87' title="bbox 1079 2095 1879 2132">
    <p class='ocr_par' dir='ltr' id='par_1_87' title="bbox 1079 2095 1879 2132">
     <span class='ocr_line' id='line_1_87' title="bbox 1079 2095 1879 2132; baseline 0.004 -10"><span class='ocrx_word' id='word_1_691' title='bbox 1079 2096 1110 2122; x_wconf 87' lang='grc' dir='ltr'><strong>Εί</strong></span> <span class='ocrx_word' id='word_1_692' title='bbox 1122 2096 1175 2130; x_wconf 76' lang='grc' dir='ltr'><strong>γὰρ</strong></span> <span class='ocrx_word' id='word_1_693' title='bbox 1189 2095 1226 2130; x_wconf 83' lang='grc' dir='ltr'><strong>μὴ</strong></span> <span class='ocrx_word' id='word_1_694' title='bbox 1238 2095 1268 2128; x_wconf 77' lang='grc' dir='ltr'>ἐξ</span> <span class='ocrx_word' id='word_1_695' title='bbox 1282 2096 1370 2130; x_wconf 86' lang='grc' dir='ltr'>ἀρχῆς</span> <span class='ocrx_word' id='word_1_696' title='bbox 1385 2096 1550 2132; x_wconf 75' lang='grc' dir='ltr'>παρέὁημεν</span> <span class='ocrx_word' id='word_1_697' title='bbox 1568 2097 1618 2131; x_wconf 74' lang='grc' dir='ltr'>τὴν</span> <span class='ocrx_word' id='word_1_698' title='bbox 1633 2098 1661 2122; x_wconf 82' lang='grc' dir='ltr'>ὲν</span> <span class='ocrx_word' id='word_1_699' title='bbox 1683 2097 1722 2132; x_wconf 80' lang='grc' dir='ltr'>τῷ</span> <span class='ocrx_word' id='word_1_700' title='bbox 1738 2099 1879 2132; x_wconf 73' lang='grc' dir='ltr'>παραδεξ-</span> 
     </span>
    </p>
   </div>
   <div class='ocr_carea' id='block_1_88' title="bbox 1079 2141 1879 2177">
    <p class='ocr_par' dir='ltr' id='par_1_88' title="bbox 1079 2141 1879 2177">
     <span class='ocr_line' id='line_1_88' title="bbox 1079 2141 1879 2177; baseline 0.005 -10"><span class='ocrx_word' id='word_1_701' title='bbox 1079 2149 1118 2175; x_wconf 81' lang='grc' dir='ltr'>σῳ</span> <span class='ocrx_word' id='word_1_702' title='bbox 1132 2141 1253 2176; x_wconf 74' lang='grc' dir='ltr'>ἐντολὴν,</span> <span class='ocrx_word' id='word_1_703' title='bbox 1267 2142 1317 2168; x_wconf 77' lang='grc' dir='ltr'>οὐκ</span> <span class='ocrx_word' id='word_1_704' title='bbox 1329 2142 1360 2168; x_wconf 65' lang='grc' dir='ltr'>ἂν</span> <span class='ocrx_word' id='word_1_705' title='bbox 1375 2142 1544 2176; x_wconf 75' lang='grc' dir='ltr'>ἠκούσαμεν,</span> <span class='ocrx_word' id='word_1_706' title='bbox 1560 2143 1602 2168; x_wconf 83' lang='grc' dir='ltr'><strong>ὄτι</strong></span> <span class='ocrx_word' id='word_1_707' title='bbox 1624 2154 1633 2168; x_wconf 86' lang='grc'><em>‹</em></span> <span class='ocrx_word' id='word_1_708' title='bbox 1661 2143 1699 2177; x_wconf 84' lang='grc' dir='ltr'>Γῆ</span> <span class='ocrx_word' id='word_1_709' title='bbox 1715 2141 1751 2174; x_wconf 86' lang='grc' dir='ltr'>εἷ,</span> <span class='ocrx_word' id='word_1_710' title='bbox 1767 2146 1818 2170; x_wconf 78' lang='grc' dir='ltr'>καὶ</span> <span class='ocrx_word' id='word_1_711' title='bbox 1835 2145 1879 2177; x_wconf 78' lang='grc' dir='ltr'><strong>εἰς</strong></span> 
     </span>
    </p>
   </div>
   <div class='ocr_carea' id='block_1_89' title="bbox 1078 2186 1879 2225">
    <p class='ocr_par' dir='ltr' id='par_1_89' title="bbox 1078 2186 1879 2225">
     <span class='ocr_line' id='line_1_89' title="bbox 1078 2186 1879 2225; baseline 0.005 -13"><span class='ocrx_word' id='word_1_712' title='bbox 1078 2187 1128 2220; x_wconf 81' lang='grc' dir='ltr'>γῆν</span> <span class='ocrx_word' id='word_1_713' title='bbox 1144 2186 1281 2222; x_wconf 78' lang='grc' dir='ltr'>ἀπελεύσῃ</span> <span class='ocrx_word' id='word_1_714' title='bbox 1301 2195 1308 2203; x_wconf 90' lang='grc'>·</span> <span class='ocrx_word' id='word_1_715' title='bbox 1332 2197 1339 2212; x_wconf 85' lang='grc' dir='ltr'><strong>ι</strong></span> <span class='ocrx_word' id='word_1_716' title='bbox 1358 2187 1408 2214; x_wconf 76' lang='grc' dir='ltr'><strong>οὐκ</strong></span> <span class='ocrx_word' id='word_1_717' title='bbox 1425 2188 1458 2214; x_wconf 74' lang='grc' dir='ltr'><strong>ἃν</strong></span> <span class='ocrx_word' id='word_1_718' title='bbox 1475 2188 1617 2222; x_wconf 35' lang='grc' dir='ltr'>’τοσούτοις</span> <span class='ocrx_word' id='word_1_719' title='bbox 1635 2188 1727 2215; x_wconf 75' lang='grc' dir='ltr'>ἔτεσιν</span> <span class='ocrx_word' id='word_1_720' title='bbox 1740 2190 1754 2215; x_wconf 79' lang='grc' dir='ltr'><strong>ὀ</strong></span> <span class='ocrx_word' id='word_1_721' title='bbox 1767 2190 1879 2225; x_wconf 68' lang='grc' dir='ltr'>κόσμος</span> 
     </span>
    </p>
   </div>
   <div class='ocr_carea' id='block_1_90' title="bbox 1078 2231 1879 2269">
    <p class='ocr_par' dir='ltr' id='par_1_90' title="bbox 1078 2231 1879 2269">
     <span class='ocr_line' id='line_1_90' title="bbox 1078 2231 1879 2269; baseline 0.006 -12"><span class='ocrx_word' id='word_1_722' title='bbox 1078 2231 1131 2258; x_wconf 76' lang='grc' dir='ltr'>ὑπὸ</span> <span class='ocrx_word' id='word_1_723' title='bbox 1141 2232 1187 2258; x_wconf 77' lang='grc' dir='ltr'>τοῦ</span> <span class='ocrx_word' id='word_1_724' title='bbox 1193 2232 1325 2268; x_wconf 73' lang='grc' dir='ltr'>τυράννου</span> <span class='ocrx_word' id='word_1_725' title='bbox 1334 2233 1486 2268; x_wconf 75' lang='grc' dir='ltr'>ὲκρατεὲτο.</span> <span class='ocrx_word' id='word_1_726' title='bbox 1497 2233 1591 2265; x_wconf 78' lang='grc' dir='ltr'>οὐδεὶς</span> <span class='ocrx_word' id='word_1_727' title='bbox 1601 2235 1818 2269; x_wconf 68' lang='grc' dir='ltr'>καταφρονήσας</span> <span class='ocrx_word' id='word_1_728' title='bbox 1832 2237 1879 2262; x_wconf 76' lang='grc' dir='ltr'><strong>ὲν-</strong></span> 
     </span>
    </p>
   </div>
   <div class='ocr_carea' id='block_1_91' title="bbox 1077 2277 1878 2315">
    <p class='ocr_par' dir='ltr' id='par_1_91' title="bbox 1077 2277 1878 2315">
     <span class='ocr_line' id='line_1_91' title="bbox 1077 2277 1878 2315; baseline 0.005 -13"><span class='ocrx_word' id='word_1_729' title='bbox 1077 2277 1156 2311; x_wconf 87' lang='grc' dir='ltr'>τολῆς</span> <span class='ocrx_word' id='word_1_730' title='bbox 1172 2277 1250 2309; x_wconf 75' lang='grc' dir='ltr'>Θεοῦ,</span> <span class='ocrx_word' id='word_1_731' title='bbox 1265 2277 1353 2312; x_wconf 79' lang='grc' dir='ltr'>ὀρθῶς</span> <span class='ocrx_word' id='word_1_732' title='bbox 1365 2278 1488 2305; x_wconf 73' lang='grc' dir='ltr'>ἐϐίωσεν.</span> <span class='ocrx_word' id='word_1_733' title='bbox 1507 2279 1594 2305; x_wconf 75' lang='grc' dir='ltr'>Σαοὺλ</span> <span class='ocrx_word' id='word_1_734' title='bbox 1612 2280 1794 2313; x_wconf 80' lang='grc' dir='ltr'>παρακούσας</span> <span class='ocrx_word' id='word_1_735' title='bbox 1823 2281 1878 2315; x_wconf 79' lang='grc' dir='ltr'>τῆς</span> 
     </span>
    </p>
   </div>
   <div class='ocr_carea' id='block_1_92' title="bbox 1078 2322 1878 2360">
    <p class='ocr_par' dir='ltr' id='par_1_92' title="bbox 1078 2322 1878 2360">
     <span class='ocr_line' id='line_1_92' title="bbox 1078 2322 1878 2360; baseline 0.006 -11"><span class='ocrx_word' id='word_1_736' title='bbox 1078 2322 1124 2349; x_wconf 81' lang='grc' dir='ltr'>τοῦ</span> <span class='ocrx_word' id='word_1_737' title='bbox 1137 2323 1204 2349; x_wconf 81' lang='grc' dir='ltr'>Θεοῦ</span> <span class='ocrx_word' id='word_1_738' title='bbox 1218 2323 1337 2359; x_wconf 77' lang='grc' dir='ltr'>ἐντολῆς,</span> <span class='ocrx_word' id='word_1_739' title='bbox 1349 2325 1396 2351; x_wconf 70' lang='grc' dir='ltr'>καὶ</span> <span class='ocrx_word' id='word_1_740' title='bbox 1410 2326 1438 2351; x_wconf 77' lang='grc' dir='ltr'>ἐν</span> <span class='ocrx_word' id='word_1_741' title='bbox 1447 2324 1547 2356; x_wconf 73' lang='grc' dir='ltr'>λύπαις</span> <span class='ocrx_word' id='word_1_742' title='bbox 1560 2325 1702 2360; x_wconf 75' lang='grc' dir='ltr'>βιοτεύσας</span> <span class='ocrx_word' id='word_1_743' title='bbox 1711 2327 1756 2351; x_wconf 73' lang='grc' dir='ltr'><strong>τὸν</strong></span> <span class='ocrx_word' id='word_1_744' title='bbox 1771 2327 1878 2354; x_wconf 76' lang='grc' dir='ltr'>ἑαυτοῦ</span> 
     </span>
    </p>
   </div>
   <div class='ocr_carea' id='block_1_93' title="bbox 1078 2367 1878 2404">
    <p class='ocr_par' dir='ltr' id='par_1_93' title="bbox 1078 2367 1878 2404">
     <span class='ocr_line' id='line_1_93' title="bbox 1078 2367 1878 2404; baseline 0.006 -11"><span class='ocrx_word' id='word_1_745' title='bbox 1078 2367 1183 2402; x_wconf 82' lang='grc' dir='ltr'>χρόνον,</span> <span class='ocrx_word' id='word_1_746' title='bbox 1200 2368 1275 2400; x_wconf 69' lang='grc' dir='ltr'>τέλος</span> <span class='ocrx_word' id='word_1_747' title='bbox 1295 2370 1342 2395; x_wconf 68' lang='grc' dir='ltr'>καὶ</span> <span class='ocrx_word' id='word_1_748' title='bbox 1365 2370 1415 2404; x_wconf 86' lang='grc' dir='ltr'>τῆς</span> <span class='ocrx_word' id='word_1_749' title='bbox 1440 2369 1578 2404; x_wconf 54' lang='lat' dir='ltr'><strong>pasam;</strong></span> <span class='ocrx_word' id='word_1_750' title='bbox 1600 2370 1741 2402; x_wconf 76' lang='grc' dir='ltr'>ἐξέπεσεν.</span> <span class='ocrx_word' id='word_1_751' title='bbox 1759 2370 1794 2398; x_wconf 86' lang='grc' dir='ltr'><strong>οι</strong></span> <span class='ocrx_word' id='word_1_752' title='bbox 1818 2373 1878 2398; x_wconf 69' lang='grc' dir='ltr'>υἱοὶ</span> 
     </span>
    </p>
   </div>
   <div class='ocr_carea' id='block_1_94' title="bbox 1083 2413 1879 2452">
    <p class='ocr_par' dir='ltr' id='par_1_94' title="bbox 1083 2413 1879 2452">
     <span class='ocr_line' id='line_1_94' title="bbox 1083 2413 1879 2452; baseline 0.005 -14"><span class='ocrx_word' id='word_1_753' title='bbox 1083 2413 1151 2445; x_wconf 74' lang='grc' dir='ltr'>Ἠλὶ,</span> <span class='ocrx_word' id='word_1_754' title='bbox 1173 2414 1249 2446; x_wconf 75' lang='grc' dir='ltr'><strong>Ὀφνὶ</strong></span> <span class='ocrx_word' id='word_1_755' title='bbox 1262 2416 1308 2440; x_wconf 74' lang='grc' dir='ltr'>καὶ</span> <span class='ocrx_word' id='word_1_756' title='bbox 1320 2414 1423 2446; x_wconf 77' lang='grc' dir='ltr'>Φινεὲς,</span> <span class='ocrx_word' id='word_1_757' title='bbox 1440 2415 1477 2450; x_wconf 83' lang='grc' dir='ltr'><strong>μὴ</strong></span> <span class='ocrx_word' id='word_1_758' title='bbox 1502 2415 1685 2447; x_wconf 78' lang='grc' dir='ltr'>ὑπακούοντες</span> <span class='ocrx_word' id='word_1_759' title='bbox 1702 2417 1754 2450; x_wconf 81' lang='grc' dir='ltr'>τῆς</span> <span class='ocrx_word' id='word_1_760' title='bbox 1776 2417 1879 2452; x_wconf 70' lang='grc' dir='ltr'>φωνῆς</span> 
     </span>
    </p>
   </div>
   <div class='ocr_carea' id='block_1_95' title="bbox 1076 2458 1876 2496">
    <p class='ocr_par' dir='ltr' id='par_1_95' title="bbox 1076 2458 1876 2496">
     <span class='ocr_line' id='line_1_95' title="bbox 1076 2458 1876 2496; baseline 0.006 -12"><span class='ocrx_word' id='word_1_761' title='bbox 1076 2458 1123 2484; x_wconf 83' lang='grc' dir='ltr'>τοῦ</span> <span class='ocrx_word' id='word_1_762' title='bbox 1145 2459 1246 2494; x_wconf 77' lang='grc' dir='ltr'>πατρὸς</span> <span class='ocrx_word' id='word_1_763' title='bbox 1271 2460 1371 2490; x_wconf 80' lang='grc' dir='ltr'>αὐτῶν,</span> <span class='ocrx_word' id='word_1_764' title='bbox 1392 2460 1441 2495; x_wconf 70' lang='grc' dir='ltr'>τὴν</span> <span class='ocrx_word' id='word_1_765' title='bbox 1464 2461 1513 2495; x_wconf 82' lang='grc' dir='ltr'>μὲν</span> <span class='ocrx_word' id='word_1_766' title='bbox 1529 2460 1646 2487; x_wconf 72' lang='grc' dir='ltr'>κιϐωτδν</span> <span class='ocrx_word' id='word_1_767' title='bbox 1670 2461 1718 2487; x_wconf 87' lang='grc' dir='ltr'>τοῦ</span> <span class='ocrx_word' id='word_1_768' title='bbox 1737 2462 1809 2488; x_wconf 79' lang='grc' dir='ltr'>Θεοῦ</span> <span class='ocrx_word' id='word_1_769' title='bbox 1834 2465 1876 2496; x_wconf 84' lang='grc' dir='ltr'><strong>εἰς</strong></span> 
     </span>
    </p>
   </div>
   <div class='ocr_carea' id='block_1_96' title="bbox 242 2504 1030 2541">
    <p class='ocr_par' dir='ltr' id='par_1_96' title="bbox 242 2505 1028 2541">
     <span class='ocr_line' id='line_1_96' title="bbox 242 2505 1028 2541; baseline 0.004 -11"><span class='ocrx_word' id='word_1_770' title='bbox 242 2511 361 2531; x_wconf 69' lang='lat' dir='ltr'><strong>maerore</strong></span> <span class='ocrx_word' id='word_1_771' title='bbox 383 2505 466 2531; x_wconf 88' lang='lat' dir='ltr'><strong>vitam</strong></span> <span class='ocrx_word' id='word_1_772' title='bbox 495 2513 556 2532; x_wconf 91' lang='lat' dir='ltr'><strong>cum</strong></span> <span class='ocrx_word' id='word_1_773' title='bbox 583 2506 703 2540; x_wconf 80' lang='lat' dir='ltr'><strong>egisset,</strong></span> <span class='ocrx_word' id='word_1_774' title='bbox 734 2509 856 2540; x_wconf 86' lang='lat' dir='ltr'><strong>tempore</strong></span> <span class='ocrx_word' id='word_1_775' title='bbox 883 2506 935 2540; x_wconf 91' lang='lat' dir='ltr'><strong>ipsi</strong></span> <span class='ocrx_word' id='word_1_776' title='bbox 960 2515 1028 2541; x_wconf 70' lang='lat' dir='ltr'><strong>pne-</strong></span> 
     </span>
    </p>
   </div>
   <div class='ocr_carea' id='block_1_97' title="bbox 1083 2504 1878 2541">
    <p class='ocr_par' dir='ltr' id='par_1_97' title="bbox 1083 2504 1878 2540">
     <span class='ocr_line' id='line_1_97' title="bbox 1083 2504 1878 2540; baseline 0.006 -11"><span class='ocrx_word' id='word_1_777' title='bbox 1083 2506 1170 2538; x_wconf 71' lang='grc' dir='ltr'>ίείρας</span> <span class='ocrx_word' id='word_1_778' title='bbox 1188 2504 1344 2539; x_wconf 72' lang='grc' dir='ltr'>ἀλλοφύλων</span> <span class='ocrx_word' id='word_1_779' title='bbox 1369 2505 1530 2540; x_wconf 71' lang='grc' dir='ltr'>παρέδωκαν</span> <span class='ocrx_word' id='word_1_780' title='bbox 1543 2514 1549 2521; x_wconf 88' lang='grc'>·</span> <span class='ocrx_word' id='word_1_781' title='bbox 1578 2506 1655 2532; x_wconf 69' lang='grc' dir='ltr'>αὐτοὶ</span> <span class='ocrx_word' id='word_1_782' title='bbox 1673 2506 1701 2532; x_wconf 73' lang='grc' dir='ltr'><strong>δὲ</strong></span> <span class='ocrx_word' id='word_1_783' title='bbox 1729 2507 1878 2534; x_wconf 73' lang='grc' dir='ltr'>οἴκτιστον</span> 
     </span>
    </p>
   </div>
   <div class='ocr_carea' id='block_1_98' title="bbox 241 2549 1025 2586">
    <p class='ocr_par' dir='ltr' id='par_1_98' title="bbox 241 2549 1025 2586">
     <span class='ocr_line' id='line_1_98' title="bbox 241 2549 1025 2586; baseline 0.006 -11"><span class='ocrx_word' id='word_1_784' title='bbox 241 2549 346 2583; x_wconf 87' lang='lat' dir='ltr'><strong>scripto</strong></span> <span class='ocrx_word' id='word_1_785' title='bbox 371 2549 482 2577; x_wconf 90' lang='lat' dir='ltr'><strong>demum</strong></span> <span class='ocrx_word' id='word_1_786' title='bbox 519 2559 603 2586; x_wconf 80' lang='lat' dir='ltr'><strong>regno</strong></span> <span class='ocrx_word' id='word_1_787' title='bbox 627 2559 738 2586; x_wconf 85' lang='lat' dir='ltr'><strong>quoque</strong></span> <span class='ocrx_word' id='word_1_788' title='bbox 769 2551 872 2578; x_wconf 82' lang='lat' dir='ltr'><strong>excidit</strong></span> <span class='ocrx_word' id='word_1_789' title='bbox 897 2552 930 2579; x_wconf 80' lang='lat'><strong>&quot;.</strong></span> <span class='ocrx_word' id='word_1_790' title='bbox 963 2553 1025 2580; x_wconf 84' lang='lat' dir='ltr'><strong>Filii</strong></span> 
     </span>
    </p>
   </div>
   <div class='ocr_carea' id='block_1_99' title="bbox 241 2594 1025 2633">
    <p class='ocr_par' dir='ltr' id='par_1_99' title="bbox 241 2594 1025 2633">
     <span class='ocr_line' id='line_1_99' title="bbox 241 2594 1025 2633; baseline 0.006 -13"><span class='ocrx_word' id='word_1_791' title='bbox 241 2594 312 2626; x_wconf 72' lang='lat' dir='ltr'><strong>lleli,</strong></span> <span class='ocrx_word' id='word_1_792' title='bbox 328 2595 416 2629; x_wconf 89' lang='lat' dir='ltr'><strong>Ophni</strong></span> <span class='ocrx_word' id='word_1_793' title='bbox 443 2596 600 2624; x_wconf 83' lang='lat' dir='ltr'><strong>ctPhinees</strong></span> <span class='ocrx_word' id='word_1_794' title='bbox 616 2597 650 2628; x_wconf 81' lang='lat'><strong>&quot;,</strong></span> <span class='ocrx_word' id='word_1_795' title='bbox 671 2604 733 2624; x_wconf 91' lang='lat' dir='ltr'><strong>cum</strong></span> <span class='ocrx_word' id='word_1_796' title='bbox 759 2596 814 2624; x_wconf 89' lang='lat' dir='ltr'><strong>illis</strong></span> <span class='ocrx_word' id='word_1_797' title='bbox 844 2597 1025 2633; x_wconf 69' lang='lat' dir='ltr'><strong>immorigeru‘.</strong></span> 
     </span>
    </p>
   </div>
   <div class='ocr_carea' id='block_1_100' title="bbox 241 2640 1023 2677">
    <p class='ocr_par' dir='ltr' id='par_1_100' title="bbox 241 2640 1023 2677">
     <span class='ocr_line' id='line_1_100' title="bbox 241 2640 1023 2677; baseline 0.005 -11"><span class='ocrx_word' id='word_1_798' title='bbox 241 2648 323 2667; x_wconf 73' lang='lat' dir='ltr'><strong>aures</strong></span> <span class='ocrx_word' id='word_1_799' title='bbox 337 2641 530 2669; x_wconf 82' lang='lat' dir='ltr'><strong>occalluissent</strong></span> <span class='ocrx_word' id='word_1_800' title='bbox 546 2642 579 2669; x_wconf 88' lang='lat' dir='ltr'><strong>ad</strong></span> <span class='ocrx_word' id='word_1_801' title='bbox 595 2640 690 2670; x_wconf 82' lang='lat' dir='ltr'><strong>vocem</strong></span> <span class='ocrx_word' id='word_1_802' title='bbox 712 2648 834 2677; x_wconf 74' lang='lat' dir='ltr'><strong>paterna:</strong></span> <span class='ocrx_word' id='word_1_803' title='bbox 851 2643 1023 2674; x_wconf 82' lang='lat' dir='ltr'><strong>monitionis.</strong></span> 
     </span>
    </p>
   </div>
   <div class='ocr_carea' id='block_1_101' title="bbox 241 2687 1025 2723">
    <p class='ocr_par' dir='ltr' id='par_1_101' title="bbox 241 2687 1025 2723">
     <span class='ocr_line' id='line_1_101' title="bbox 241 2687 1025 2723; baseline 0.005 -11"><span class='ocrx_word' id='word_1_804' title='bbox 241 2693 292 2712; x_wconf 76' lang='lat' dir='ltr'><strong>nec</strong></span> <span class='ocrx_word' id='word_1_805' title='bbox 303 2687 456 2721; x_wconf 85' lang='lat' dir='ltr'><strong>patuissent</strong></span> <span class='ocrx_word' id='word_1_806' title='bbox 473 2687 558 2720; x_wconf 84' lang='lat' dir='ltr'><strong>dicto,</strong></span> <span class='ocrx_word' id='word_1_807' title='bbox 574 2696 665 2715; x_wconf 87' lang='lat' dir='ltr'><strong>arcam</strong></span> <span class='ocrx_word' id='word_1_808' title='bbox 679 2689 791 2723; x_wconf 88' lang='lat' dir='ltr'><strong>quidem</strong></span> <span class='ocrx_word' id='word_1_809' title='bbox 807 2689 866 2719; x_wconf 85' lang='lat' dir='ltr'><strong>Dei.</strong></span> <span class='ocrx_word' id='word_1_810' title='bbox 880 2689 910 2716; x_wconf 89' lang='lat' dir='ltr'><strong>in</strong></span> <span class='ocrx_word' id='word_1_811' title='bbox 926 2697 1025 2716; x_wconf 83' lang='lat' dir='ltr'><strong>manus</strong></span> 
     </span>
    </p>
   </div>
   <div class='ocr_carea' id='block_1_102' title="bbox 240 2729 1023 2767">
    <p class='ocr_par' dir='ltr' id='par_1_102' title="bbox 240 2729 1023 2767">
     <span class='ocr_line' id='line_1_102' title="bbox 240 2729 1023 2767; baseline 0.006 -11"><span class='ocrx_word' id='word_1_812' title='bbox 240 2729 458 2766; x_wconf 81' lang='lat' dir='ltr'><strong>alienigenarum</strong></span> <span class='ocrx_word' id='word_1_813' title='bbox 481 2732 666 2765; x_wconf 73' lang='lat' dir='ltr'><strong>tradiderunt,</strong></span> <span class='ocrx_word' id='word_1_814' title='bbox 695 2733 745 2767; x_wconf 88' lang='lat' dir='ltr'><strong>ipsi</strong></span> <span class='ocrx_word' id='word_1_815' title='bbox 772 2738 864 2760; x_wconf 83' lang='lat' dir='ltr'><strong>autent</strong></span> <span class='ocrx_word' id='word_1_816' title='bbox 884 2741 937 2760; x_wconf 80' lang='lat' dir='ltr'><strong>una</strong></span> <span class='ocrx_word' id='word_1_817' title='bbox 961 2742 1023 2761; x_wconf 90' lang='lat' dir='ltr'><strong>cum</strong></span> 
     </span>
    </p>
   </div>
   <div class='ocr_carea' id='block_1_103' title="bbox 276 2814 486 2846">
    <p class='ocr_par' dir='ltr' id='par_1_103' title="bbox 276 2814 486 2846">
     <span class='ocr_line' id='line_1_103' title="bbox 276 2814 486 2846; baseline 0.01 -6"><span class='ocrx_word' id='word_1_818' title='bbox 276 2815 299 2831; x_wconf 86' lang='lat'><strong>&quot;</strong></span> <span class='ocrx_word' id='word_1_819' title='bbox 320 2814 386 2842; x_wconf 83' lang='lat' dir='ltr'><strong>Luc.</strong></span> <span class='ocrx_word' id='word_1_820' title='bbox 400 2823 427 2846; x_wconf 67' lang='grc' dir='ltr'>ς,</span> <span class='ocrx_word' id='word_1_821' title='bbox 446 2815 486 2842; x_wconf 63' lang='grc' dir='ltr'>ιϐ.</span> 
     </span>
    </p>
   </div>
   <div class='ocr_carea' id='block_1_104' title="bbox 241 2848 525 2882">
    <p class='ocr_par' dir='ltr' id='par_1_104' title="bbox 241 2848 525 2882">
     <span class='ocr_line' id='line_1_104' title="bbox 241 2848 525 2882; baseline 0.007 -7"><span class='ocrx_word' id='word_1_822' title='bbox 241 2848 265 2866; x_wconf 79' lang='grc'><strong>⁸⁸</strong></span> <span class='ocrx_word' id='word_1_823' title='bbox 286 2850 363 2877; x_wconf 80' lang='lat' dir='ltr'><strong>lloiu.</strong></span> <span class='ocrx_word' id='word_1_824' title='bbox 385 2859 440 2882; x_wconf 75' lang='lat' dir='ltr'><strong>xm,</strong></span> <span class='ocrx_word' id='word_1_825' title='bbox 460 2851 483 2881; x_wconf 83' lang='lat' dir='ltr'><strong>l,</strong></span> <span class='ocrx_word' id='word_1_826' title='bbox 498 2851 525 2877; x_wconf 68' lang='grc' dir='ltr'><strong>ἓ.</strong></span> 
     </span>
    </p>
   </div>
   <div class='ocr_carea' id='block_1_105' title="bbox 245 2885 501 2918">
    <p class='ocr_par' dir='ltr' id='par_1_105' title="bbox 245 2885 501 2918">
     <span class='ocr_line' id='line_1_105' title="bbox 245 2885 501 2918; baseline 0.004 -7"><span class='ocrx_word' id='word_1_827' title='bbox 245 2885 267 2900; x_wconf 63' lang='grc'><strong>⁸⁵³</strong></span> <span class='ocrx_word' id='word_1_828' title='bbox 282 2885 289 2911; x_wconf 96' lang='grc' dir='ltr'><strong>Ι</strong></span> <span class='ocrx_word' id='word_1_829' title='bbox 306 2885 392 2912; x_wconf 72' lang='lat' dir='ltr'><strong>l‘aral.</strong></span> <span class='ocrx_word' id='word_1_830' title='bbox 412 2894 436 2918; x_wconf 72' lang='grc' dir='ltr'><strong>ιι,</strong></span> <span class='ocrx_word' id='word_1_831' title='bbox 462 2885 501 2912; x_wconf 83' lang='grc'><strong>15.</strong></span> 
     </span>
    </p>
   </div>
   <div class='ocr_carea' id='block_1_106' title="bbox 536 2814 1048 2849">
    <p class='ocr_par' dir='ltr' id='par_1_106' title="bbox 536 2814 1048 2849">
     <span class='ocr_line' id='line_1_106' title="bbox 536 2814 1048 2849; baseline -0.002 -7"><span class='ocrx_word' id='word_1_832' title='bbox 536 2816 558 2832; x_wconf 83' lang='grc'><strong>⁸³</strong></span> <span class='ocrx_word' id='word_1_833' title='bbox 578 2815 660 2842; x_wconf 79' lang='lat' dir='ltr'><strong>Eccli.</strong></span> <span class='ocrx_word' id='word_1_834' title='bbox 684 2824 724 2846; x_wconf 81' lang='grc' dir='ltr'>ιιι,</span> <span class='ocrx_word' id='word_1_835' title='bbox 749 2815 774 2842; x_wconf 79' lang='lat'><strong>6.</strong></span> <span class='ocrx_word' id='word_1_836' title='bbox 826 2815 848 2830; x_wconf 82' lang='lat'><strong>&quot;</strong></span> <span class='ocrx_word' id='word_1_837' title='bbox 869 2814 935 2842; x_wconf 72' lang='lat' dir='ltr'><strong>ibi].</strong></span> <span class='ocrx_word' id='word_1_838' title='bbox 966 2824 1007 2849; x_wconf 86' lang='grc' dir='ltr'>ιιι,</span> <span class='ocrx_word' id='word_1_839' title='bbox 1023 2816 1048 2843; x_wconf 88' lang='grc'>8.</span> 
     </span>
    </p>
   </div>
   <div class='ocr_carea' id='block_1_107' title="bbox 540 2885 867 2918">
    <p class='ocr_par' dir='ltr' id='par_1_107' title="bbox 540 2885 867 2918">
     <span class='ocr_line' id='line_1_107' title="bbox 540 2885 867 2918; baseline -0.003 -6"><span class='ocrx_word' id='word_1_840' title='bbox 540 2887 562 2901; x_wconf 63' lang='grc' dir='ltr'>θ’</span> <span class='ocrx_word' id='word_1_841' title='bbox 586 2886 593 2912; x_wconf 95' lang='lat' dir='ltr'><strong>l</strong></span> <span class='ocrx_word' id='word_1_842' title='bbox 618 2885 674 2918; x_wconf 71' lang='lat' dir='ltr'><strong>lleg</strong></span> <span class='ocrx_word' id='word_1_843' title='bbox 712 2893 746 2916; x_wconf 84' lang='lat' dir='ltr'><strong>iv,</strong></span> <span class='ocrx_word' id='word_1_844' title='bbox 768 2885 867 2918; x_wconf 80' lang='lat' dir='ltr'><strong>lseqq.</strong></span> 
     </span>
    </p>
   </div>
   <div class='ocr_carea' id='block_1_108' title="bbox 1079 2549 1879 2588">
    <p class='ocr_par' dir='ltr' id='par_1_108' title="bbox 1079 2549 1879 2588">
     <span class='ocr_line' id='line_1_108' title="bbox 1079 2549 1879 2588; baseline 0.005 -13"><span class='ocrx_word' id='word_1_845' title='bbox 1079 2549 1193 2576; x_wconf 80' lang='grc' dir='ltr'>θάνατον</span> <span class='ocrx_word' id='word_1_846' title='bbox 1201 2549 1391 2585; x_wconf 81' lang='grc' dir='ltr'>ἀπηνέγκαντο</span> <span class='ocrx_word' id='word_1_847' title='bbox 1406 2551 1454 2577; x_wconf 72' lang='grc' dir='ltr'>σὺν</span> <span class='ocrx_word' id='word_1_848' title='bbox 1469 2551 1507 2586; x_wconf 82' lang='grc' dir='ltr'>τῷ</span> <span class='ocrx_word' id='word_1_849' title='bbox 1518 2551 1584 2585; x_wconf 84' lang='grc' dir='ltr'>λαῷ.</span> <span class='ocrx_word' id='word_1_850' title='bbox 1603 2551 1653 2577; x_wconf 75' lang='grc' dir='ltr'><strong>Διὰ</strong></span> <span class='ocrx_word' id='word_1_851' title='bbox 1664 2551 1744 2577; x_wconf 77' lang='grc' dir='ltr'>τοῦτο</span> <span class='ocrx_word' id='word_1_852' title='bbox 1761 2552 1814 2588; x_wconf 80' lang='grc' dir='ltr'>βοᾷ</span> <span class='ocrx_word' id='word_1_853' title='bbox 1830 2553 1879 2581; x_wconf 76' lang='grc' dir='ltr'><strong>δίά</strong></span> 
     </span>
    </p>
   </div>
   <div class='ocr_carea' id='block_1_109' title="bbox 1078 2591 1878 2632">
    <p class='ocr_par' dir='ltr' id='par_1_109' title="bbox 1078 2591 1878 2632">
     <span class='ocr_line' id='line_1_109' title="bbox 1078 2591 1878 2632; baseline 0.005 -11"><span class='ocrx_word' id='word_1_854' title='bbox 1078 2591 1125 2622; x_wconf 67' lang='grc' dir='ltr'><strong>τού</strong></span> <span class='ocrx_word' id='word_1_855' title='bbox 1147 2595 1294 2632; x_wconf 66' lang='grc' dir='ltr'>Ἰεζεκιηλι</span> <span class='ocrx_word' id='word_1_856' title='bbox 1317 2607 1324 2622; x_wconf 80' lang='grc' dir='ltr'><strong>ι</strong></span> <span class='ocrx_word' id='word_1_857' title='bbox 1354 2597 1537 2632; x_wconf 58' lang='grc' dir='ltr'>Ἀπορῤίψατε</span> <span class='ocrx_word' id='word_1_858' title='bbox 1556 2597 1603 2632; x_wconf 62' lang='grc' dir='ltr'>ἀφ’</span> <span class='ocrx_word' id='word_1_859' title='bbox 1617 2598 1694 2632; x_wconf 79' lang='grc' dir='ltr'><strong>ὑμῶν</strong></span> <span class='ocrx_word' id='word_1_860' title='bbox 1711 2599 1806 2629; x_wconf 65' lang='lat' dir='ltr'><strong>mica;</strong></span> <span class='ocrx_word' id='word_1_861' title='bbox 1825 2601 1878 2631; x_wconf 74' lang='grc' dir='ltr'><strong>τὰς</strong></span> 
     </span>
    </p>
   </div>
   <div class='ocr_carea' id='block_1_110' title="bbox 1078 2641 1878 2678">
    <p class='ocr_par' dir='ltr' id='par_1_110' title="bbox 1078 2641 1878 2678">
     <span class='ocr_line' id='line_1_110' title="bbox 1078 2641 1878 2678; baseline 0.005 -10"><span class='ocrx_word' id='word_1_862' title='bbox 1078 2641 1205 2674; x_wconf 76' lang='grc' dir='ltr'>ἀσεὸείας</span> <span class='ocrx_word' id='word_1_863' title='bbox 1229 2642 1315 2677; x_wconf 83' lang='grc' dir='ltr'>ὑμῶν,</span> <span class='ocrx_word' id='word_1_864' title='bbox 1331 2643 1378 2669; x_wconf 70' lang='grc' dir='ltr'>καὶ</span> <span class='ocrx_word' id='word_1_865' title='bbox 1401 2644 1533 2678; x_wconf 83' lang='grc' dir='ltr'>ποιήσατε</span> <span class='ocrx_word' id='word_1_866' title='bbox 1553 2644 1663 2676; x_wconf 74' lang='grc' dir='ltr'>ἐντολάς</span> <span class='ocrx_word' id='word_1_867' title='bbox 1681 2653 1744 2678; x_wconf 77' lang='grc' dir='ltr'>μου,</span> <span class='ocrx_word' id='word_1_868' title='bbox 1762 2646 1815 2671; x_wconf 73' lang='grc' dir='ltr'>καὶ</span> <span class='ocrx_word' id='word_1_869' title='bbox 1831 2646 1878 2673; x_wconf 79' lang='grc' dir='ltr'>ἵνα</span> 
     </span>
    </p>
   </div>
   <div class='ocr_carea' id='block_1_111' title="bbox 1077 2687 1881 2725">
    <p class='ocr_par' dir='ltr' id='par_1_111' title="bbox 1077 2687 1881 2725">
     <span class='ocr_line' id='line_1_111' title="bbox 1077 2687 1881 2725; baseline 0.005 -11"><span class='ocrx_word' id='word_1_870' title='bbox 1077 2689 1104 2714; x_wconf 86' lang='grc' dir='ltr'><strong>τί</strong></span> <span class='ocrx_word' id='word_1_871' title='bbox 1118 2688 1315 2724; x_wconf 71' lang='grc' dir='ltr'>ἀποθνήσκετε,</span> <span class='ocrx_word' id='word_1_872' title='bbox 1330 2687 1403 2721; x_wconf 78' lang='grc' dir='ltr'>οἶκος</span> <span class='ocrx_word' id='word_1_873' title='bbox 1421 2690 1539 2725; x_wconf 83' lang='grc' dir='ltr'>Ἰσραὴλ,</span> <span class='ocrx_word' id='word_1_874' title='bbox 1557 2690 1630 2724; x_wconf 74' lang='grc' dir='ltr'>λέγει</span> <span class='ocrx_word' id='word_1_875' title='bbox 1647 2689 1766 2725; x_wconf 83' lang='grc' dir='ltr'>Κύριο;;</span> <span class='ocrx_word' id='word_1_876' title='bbox 1789 2692 1881 2718; x_wconf 70' lang='grc' dir='ltr'>Ἀπο-</span> 
     </span>
    </p>
   </div>
   <div class='ocr_carea' id='block_1_112' title="bbox 1077 2734 1879 2772">
    <p class='ocr_par' dir='ltr' id='par_1_112' title="bbox 1077 2734 1879 2772">
     <span class='ocr_line' id='line_1_112' title="bbox 1077 2734 1879 2772; baseline 0.002 -12"><span class='ocrx_word' id='word_1_877' title='bbox 1077 2734 1211 2769; x_wconf 57' lang='lat' dir='ltr'><strong>«ptem;</strong></span> <span class='ocrx_word' id='word_1_878' title='bbox 1234 2735 1288 2761; x_wconf 72' lang='grc' dir='ltr'>ἀπὸ</span> <span class='ocrx_word' id='word_1_879' title='bbox 1311 2735 1361 2770; x_wconf 73' lang='grc' dir='ltr'>τῆς</span> <span class='ocrx_word' id='word_1_880' title='bbox 1383 2735 1443 2762; x_wconf 78' lang='grc' dir='ltr'><strong>ὀδοῦ</strong></span> <span class='ocrx_word' id='word_1_881' title='bbox 1460 2736 1536 2772; x_wconf 80' lang='grc' dir='ltr'><strong>ὑμῶν</strong></span> <span class='ocrx_word' id='word_1_882' title='bbox 1549 2736 1599 2770; x_wconf 78' lang='grc' dir='ltr'>τῆς</span> <span class='ocrx_word' id='word_1_883' title='bbox 1614 2737 1737 2770; x_wconf 76' lang='grc' dir='ltr'>πονηρᾶς</span> <span class='ocrx_word' id='word_1_884' title='bbox 1754 2745 1760 2750; x_wconf 77' lang='grc'><strong>-</strong></span> <span class='ocrx_word' id='word_1_885' title='bbox 1782 2746 1792 2762; x_wconf 82' lang='grc' dir='ltr'><strong>ι</strong></span> <span class='ocrx_word' id='word_1_886' title='bbox 1813 2736 1879 2772; x_wconf 69' lang='grc' dir='ltr'>[καὶ</span> 
     </span>
    </p>
   </div>
   <div class='ocr_carea' id='block_1_113' title="bbox 1094 2815 1877 2848">
    <p class='ocr_par' dir='ltr' id='par_1_113' title="bbox 1094 2815 1877 2848">
     <span class='ocr_line' id='line_1_113' title="bbox 1094 2815 1877 2848; baseline 0.005 -6"><span class='ocrx_word' id='word_1_887' title='bbox 1094 2817 1116 2831; x_wconf 80' lang='grc'><strong>⁸⁵</strong></span> <span class='ocrx_word' id='word_1_888' title='bbox 1137 2816 1204 2842; x_wconf 89' lang='lat' dir='ltr'><strong>ibid.</strong></span> <span class='ocrx_word' id='word_1_889' title='bbox 1229 2816 1255 2846; x_wconf 82' lang='lat'><strong>9.</strong></span> <span class='ocrx_word' id='word_1_890' title='bbox 1287 2815 1327 2842; x_wconf 86' lang='lat' dir='ltr'><strong>I0.</strong></span> <span class='ocrx_word' id='word_1_891' title='bbox 1366 2816 1390 2832; x_wconf 87' lang='lat'>&quot;</span> <span class='ocrx_word' id='word_1_892' title='bbox 1409 2815 1477 2843; x_wconf 88' lang='lat' dir='ltr'><strong>ibid.</strong></span> <span class='ocrx_word' id='word_1_893' title='bbox 1496 2816 1538 2844; x_wconf 80' lang='lat' dir='ltr'><strong>l5.</strong></span> <span class='ocrx_word' id='word_1_894' title='bbox 1591 2816 1614 2832; x_wconf 86' lang='lat'><strong>&quot;</strong></span> <span class='ocrx_word' id='word_1_895' title='bbox 1634 2816 1719 2844; x_wconf 86' lang='lat' dir='ltr'><strong>Hebr.</strong></span> <span class='ocrx_word' id='word_1_896' title='bbox 1737 2824 1801 2848; x_wconf 81' lang='lat' dir='ltr'><strong>xut.</strong></span> <span class='ocrx_word' id='word_1_897' title='bbox 1831 2819 1877 2846; x_wconf 83' lang='lat' dir='ltr'><strong>l7.</strong></span> 
     </span>
    </p>
   </div>
   <div class='ocr_carea' id='block_1_114' title="bbox 563 2849 1030 2886">
    <p class='ocr_par' dir='ltr' id='par_1_114' title="bbox 563 2849 1023 2886">
     <span class='ocr_line' id='line_1_114' title="bbox 563 2849 1023 2886; baseline -0.002 -9"><span class='ocrx_word' id='word_1_898' title='bbox 563 2852 584 2867; x_wconf 84' lang='lat'>&quot;</span> <span class='ocrx_word' id='word_1_899' title='bbox 606 2851 705 2886; x_wconf 67' lang='lat' dir='ltr'><strong>Ephes.</strong></span> <span class='ocrx_word' id='word_1_900' title='bbox 722 2849 834 2886; x_wconf 25' lang='lat'><strong>“.76-3.</strong></span> <span class='ocrx_word' id='word_1_901' title='bbox 874 2850 896 2866; x_wconf 77' lang='lat'><strong><em>°°</em></strong></span> <span class='ocrx_word' id='word_1_902' title='bbox 916 2850 969 2877; x_wconf 87' lang='lat' dir='ltr'><strong>Tit.</strong></span> <span class='ocrx_word' id='word_1_903' title='bbox 986 2859 1023 2883; x_wconf 84' lang='lat' dir='ltr'><strong>ut,</strong></span> 
     </span>
    </p>
   </div>
   <div class='ocr_carea' id='block_1_115' title="bbox 1083 2849 1879 2886">
    <p class='ocr_par' dir='ltr' id='par_1_115' title="bbox 1085 2851 1879 2886">
     <span class='ocr_line' id='line_1_115' title="bbox 1085 2851 1879 2886; baseline 0.006 -9"><span class='ocrx_word' id='word_1_904' title='bbox 1085 2851 1105 2867; x_wconf 84' lang='lat'><strong>&quot;</strong></span> <span class='ocrx_word' id='word_1_905' title='bbox 1128 2851 1223 2878; x_wconf 68' lang='lat' dir='ltr'><strong>ll‘etr.</strong></span> <span class='ocrx_word' id='word_1_906' title='bbox 1239 2859 1268 2884; x_wconf 88' lang='grc' dir='ltr'><strong>ιι,</strong></span> <span class='ocrx_word' id='word_1_907' title='bbox 1287 2851 1326 2881; x_wconf 79' lang='grc'><strong>15,</strong></span> <span class='ocrx_word' id='word_1_908' title='bbox 1346 2851 1387 2878; x_wconf 70' lang='grc' dir='ltr'>ί5ι</span> <span class='ocrx_word' id='word_1_909' title='bbox 1409 2852 1431 2867; x_wconf 83' lang='lat'>&quot;</span> <span class='ocrx_word' id='word_1_910' title='bbox 1441 2851 1520 2879; x_wconf 82' lang='lat' dir='ltr'><strong>Joan.</strong></span> <span class='ocrx_word' id='word_1_911' title='bbox 1536 2859 1572 2883; x_wconf 72' lang='lat' dir='ltr'><strong>vr,</strong></span> <span class='ocrx_word' id='word_1_912' title='bbox 1589 2851 1634 2879; x_wconf 78' lang='grc'><strong>38.</strong></span> <span class='ocrx_word' id='word_1_913' title='bbox 1652 2852 1674 2868; x_wconf 83' lang='grc'><strong>³³</strong></span> <span class='ocrx_word' id='word_1_914' title='bbox 1686 2851 1810 2886; x_wconf 67' lang='lat' dir='ltr'><strong>CCXLI&quot;,</strong></span> <span class='ocrx_word' id='word_1_915' title='bbox 1830 2854 1879 2882; x_wconf 79' lang='lat' dir='ltr'><strong>l9.</strong></span> 
     </span>
    </p>
   </div>
  </div>
