1982 3243
86 209 153 242 1317

84 267 168 301 Φηαὶν
183 266 210 292 δὲ
224 265 269 291 καὶ
283 266 296 292 ὁ
310 264 427 300 Πέτρος·

87 320 162 346 μνιον
190 311 235 337 τοῦ
261 310 346 342 Θεοῦ,
364 311 587 344 ὲπιτκοποῦντες,
617 311 655 347 μὴ
680 312 875 345 ἀναγκαστῶς,

86 357 142 385 ἀλλ’
158 357 289 388 ἑκουσίως
309 357 379 383 κατὰ
397 357 473 388 Θεὸν,
491 358 558 392 μηδὲ
581 357 794 394 αἰσχροκερδῶς,
809 358 878 384 ἀλλὰ

88 404 235 440 προθύμως
249 412 255 418 ·
275 404 341 438 μηδὲ
360 403 398 434 ὡς
425 403 669 438 κατακυριεύοντες
695 394 742 429 τὸν
765 403 874 438 κλῆρον,

87 450 154 477 ἀλλὰ
171 450 250 476 τύποι
262 450 403 484 γενόμενοι
419 448 466 475 τοῦ
485 449 621 483 ποιμνίου,
639 449 686 474 καὶ
703 449 876 484 φανερωθέν-

87 504 129 526 τος
153 496 199 522 τοῦ
223 495 438 530 ἀρχιποίμενος,
457 494 597 528 κομιεῖσθε
623 494 669 520 τὸν
692 494 876 529 ἀμαράντινον

87 541 133 576 τῆς
147 541 226 575 δόξης
239 541 381 574 στέφανον.
400 550 410 565 ι
421 534 456 566 "0
473 540 502 566 δὲ
515 540 616 574 Κύριος
631 540 713 574 φησίν
726 549 731 555 ·
749 550 757 565 ι
772 540 799 566 Ὀ
816 549 877 566 ποι-

88 586 166 620 μὴνό
193 586 274 617 καλὸς
298 585 346 620 τὴν
379 585 468 620 ψυχὴν
504 584 586 611 αὑτοῦ
612 585 720 620 τίθησιν
736 585 806 620 ὑπὲρ
821 585 875 611 τῶν

86 631 240 666 προϐάτων·
253 633 267 658 ὁ
283 631 311 658 δὲ
325 630 469 666 μισθωτὸς.
484 631 530 657 καὶ
543 631 592 657 οὐκ
605 630 643 657 ὣν
653 631 765 665 ποιμὴν,
778 631 876 666 θεωρεῖ

86 677 130 704 τὸν
145 677 227 704 λύκον
253 677 411 712 ἐρχόμενον,
430 677 477 703 καὶ
495 676 608 711 ἀφίησιν
621 676 656 702 τὰ
678 676 811 711 πρόϐατα,
829 677 876 702 καὶ

87 721 193 756 φεύγει,
214 723 260 749 καὶ
274 724 287 748 ὁ
304 722 384 753 λύκος
410 721 527 756 ἁρπάζει
550 721 628 753 αὐτὰ,
642 720 689 747 καὶ
710 720 850 756 σκορπίζει
867 727 873 734 ι

86 769 126 795 ὅτι
159 769 296 803 μισθωτός
323 770 406 800 ἐστιν,
424 768 469 794 καὶ
497 768 527 794 οὺ
555 768 630 802 μέλει
650 767 724 801 αὐτῷ
743 767 806 802 περὶ
821 766 875 792 τῶν

86 813 240 847 προϐάτων,
261 823 271 839 ›
284 814 338 840 Καὶ
354 814 469 846 ἐπάγει·
489 822 498 838 ι
519 813 570 839 Διὰ
589 812 669 839 τοῦτό
684 821 716 847 με
740 813 754 838 ὁ
781 811 874 846 Πατὴρ

86 859 191 893 ἀγαπᾷ,
206 860 246 886 ὅτι
282 858 337 893 ἐγὼ
368 858 464 893 τίθημι
485 858 534 893 τὴν
559 857 648 893 ψυχήν
669 866 719 892 μου
736 857 806 892 ὑπὲρ
820 857 874 883 τῶν

465 212 626 243 IIOMILIA
647 213 829 244 CXXIII.-
848 215 896 244 DE
915 214 1178 246 ORDINATIONE
1199 217 1361 248 CLERlCI.

450 275 458 291 ι
474 266 628 300 Ποιμὰνατε
641 267 670 292 τὺ
685 267 714 292 ὲν
735 267 798 301 ὑμῖν
814 267 874 293 ποί-

930 267 1098 295 caaremoniis
1122 273 1170 295 aut
1190 276 1268 297 sacre
1289 269 1416 302 initiatis,
1437 269 1588 304 quidquam
1605 272 1719 298 omnino

1649 216 1719 250 1818

927 313 1036 340 eﬁicere
1060 319 1159 348 praeter
1181 316 1310 350 proprias
1327 321 1356 342 et
1372 323 1418 342 eas
1432 323 1523 343 sacras
1539 316 1718 344 constitutio-

927 366 986 386 nes.
1000 357 1093 393 Iiaque
1106 360 1290 387 hierarchiam
1303 362 1349 396 qui
1362 361 1440 393 dicit,
1453 369 1558 388 sacram
1570 362 1717 396 quamdam

928 403 954 430 in
970 411 1070 438 genere
1087 405 1218 439 exprimit
1235 406 1460 438 distinctionem,
1485 406 1631 441 imaginem
1648 407 1719 434 divi-

927 455 969 474 nae
985 448 1058 475 illius
1074 449 1306 483 pulchritudinis,
1324 459 1386 485 quae
1402 452 1526 478 nativum
1541 451 1716 486 splendorem

927 494 1056 528 explicat.
1085 502 1170 529 seque
1186 497 1293 523 exserit
1319 497 1347 523 in
1369 498 1513 524 ordinibus
1527 505 1560 524 ac
1573 498 1717 532 multijuga

927 540 1085 574 cognitione
1111 540 1356 574 hierarchiarum,
1390 542 1456 568 dum
1486 547 1580 570 sancte
1609 542 1718 577 perﬁcit

926 579 1046 620 propriae
1057 585 1269 614 illuminationis
1280 595 1379 614 arcana
1389 588 1604 622 mysteria,dum
1613 588 1646 614 ad
1655 595 1718 622 pro-

926 631 1015 665 priam
1029 630 1175 666 originem,
1190 636 1329 666 quatenus
1341 633 1392 665 fas,
1408 633 1529 660 reducit.
1544 634 1580 660 Ea
1591 634 1664 661 enim
1675 637 1718 660 est

927 675 1092 703 hierarchize
1107 677 1258 710 perfectio,
1286 682 1317 704 ut
1339 679 1490 706 secundum
1508 679 1718 714 proportionem

927 721 1028 756 cuique
1040 723 1183 756 propriam
1201 723 1341 751 hominem
1356 730 1520 758 promoveat
1535 725 1569 752 ad
1583 724 1716 753 imitatio-

926 774 989 793 nem
1015 767 1118 794 divina:
1144 767 1293 801 bonitatis,
1312 777 1344 796 ac
1362 770 1420 797 Deo
1434 776 1613 805 cooperetur,
1632 777 1718 804 reque

927 812 985 846 ipsa
1004 812 1126 839 declaret
1144 813 1244 841 divina:
1257 815 1369 842 virtutis
1383 815 1532 843 eﬂicaciam
1544 835 1551 848 ,
1578 820 1717 850 quatenus

927 862 969 885 est
993 858 1180 893 attingibilis,
1206 859 1234 886 in
1257 861 1349 894 seipso
1373 861 1554 894 relucentem,
1571 862 1637 888 dum
1653 861 1718 887 illu-

86 903 240 938 προϐάτων.
263 913 272 930 ι
290 903 368 938 Αὐτῷ
385 905 401 938 ἡ
417 903 479 936 δόξα
493 903 532 934 είς
556 904 619 934 τοὺς
640 903 752 933 αἰῶνας.
775 901 870 936 Ἀμήν.

930 902 1048 928 minatur
1063 902 1091 930 in
1103 902 1202 937 primis
1213 911 1245 930 ac
1257 904 1372 938 proinde
1386 909 1500 932 ceteros
1518 904 1720 932 eireumtundit

86 951 208 983 lumine,
237 951 301 978 dum
322 954 457 985 purgatur
473 954 502 977 et
517 953 634 984 purgat,
651 949 678 976 in
711 948 814 975 divinis
848 947 913 975 dum
932 948 1076 983 perﬁcitur
1092 953 1120 976 et
1136 949 1261 983 perﬁcit;
1291 950 1360 977 adeo
1384 955 1415 978 ut
1436 951 1564 985 quisquis
1584 958 1634 977 vos
1650 958 1718 977 con-

86 1001 191 1028 tuetur,
207 997 287 1024 facile
302 997 439 1031 intelligat
451 1004 547 1023 semen
561 1003 610 1023 vos
622 1003 683 1023 esse
696 994 876 1022 benedictum
895 1002 910 1021 a
925 995 1042 1022 Domino
1062 1003 1069 1021 :
1087 1002 1154 1022 vere
1172 1003 1266 1022 semen
1299 996 1367 1023 estis
1398 996 1577 1028 honorabile,
1599 1006 1608 1022 ι
1626 997 1717 1031 regale

85 1042 289 1074 sacerdotium,
313 1050 381 1077 gens
403 1046 511 1074 sancta,
536 1042 656 1076 populus
689 1041 716 1068 in
747 1040 959 1075 acquisitionem
973 1041 1022 1068 Dei
1046 1041 1081 1072 ’⁵,
1103 1050 1112 1067 ι
1149 1041 1273 1068 hteredes
1296 1041 1491 1068 immortalium
1513 1046 1541 1069 et
1556 1042 1716 1070 immarces-

85 1088 211 1116 cibilium
236 1088 468 1123 promissionum,
500 1097 508 1114 I
527 1095 596 1122 quas
613 1095 667 1115 non
683 1087 754 1113 vidit
767 1087 875 1117 oculus.
896 1095 950 1114 non
965 1087 1038 1114 auris
1070 1086 1187 1120 audivit,
1201 1095 1252 1114 nec
1266 1087 1299 1124 in,
1323 1095 1371 1114 cor
1383 1087 1505 1115 hominis
1519 1087 1715 1120 ascenderunt,

85 1143 154 1171 quas
178 1135 342 1170 prteparavit
361 1135 434 1162 Deus
460 1135 640 1170 diligentibus
673 1135 742 1168 se",
762 1144 771 1160 ι
788 1141 816 1162 et
840 1135 1056 1163 observantibus
1080 1136 1208 1162 mandata
1242 1143 1301 1163 sua.
1331 1136 1376 1162 Ait
1398 1140 1489 1163 autem
1528 1141 1557 1162 et
1595 1135 1714 1162 Petrus:

88 1190 98 1206 c
115 1180 221 1207 Pascite
237 1179 284 1214 qui
300 1179 328 1206 in
341 1179 420 1206 vobis
431 1184 473 1207 est
489 1187 600 1215 gregem
616 1179 676 1210 Dei.
692 1180 872 1214 providentes
890 1187 945 1207 non
961 1185 1055 1207 coacte
1066 1200 1073 1213 ,
1093 1181 1141 1208 scd
1176 1186 1327 1216 spontanee
1361 1182 1513 1208 secundum
1528 1182 1614 1208 Deum
1634 1189 1641 1208 :
1660 1187 1715 1208 non

86 1227 175 1261 turpis
195 1226 264 1254 lucri
290 1226 394 1261 gratia,
420 1226 468 1254 sed
482 1227 656 1259 voluntarie;
675 1235 764 1262 neque
779 1232 810 1254 ut
843 1227 1019 1255 dominantes
1035 1229 1062 1256 in
1092 1229 1185 1262 cleris,
1200 1229 1248 1256 sed
1263 1229 1351 1256 forma
1366 1228 1429 1256 facti
1462 1230 1552 1264 gregis
1567 1238 1573 1255 :
1588 1233 1630 1261 ut,
1652 1236 1714 1255 cum

84 1273 245 1307 apparuerit
261 1273 389 1308 princeps
421 1277 581 1308 pastorum,
618 1273 778 1308 percipiatis
812 1274 1072 1303 immarcescibilem
1096 1276 1192 1311 gloria:
1212 1276 1384 1303 coronam".
1409 1285 1418 1301 ι
1451 1276 1558 1310 1230
1581 1275 1716 1302 Dominus

85 1322 151 1353 item
163 1326 169 1344 :
182 1327 190 1343 ι
202 1318 396 1346 Pastorbonus
406 1319 610 1346 animamsuam
618 1319 874 1354 ponitproovibus:
897 1321 1087 1348 mercenarius
1099 1327 1203 1354 autem,
1217 1325 1245 1348 et
1257 1322 1305 1356 qui
1337 1328 1392 1348 non
1412 1324 1454 1348 est
1475 1320 1663 1355 pastor‘,videt
1675 1319 1718 1347 lu-

84 1371 150 1398 pum
162 1364 332 1397 venientem,
349 1369 377 1392 et
390 1365 505 1393 dimittit
519 1373 584 1393 oves
615 1373 646 1394 ac
676 1365 764 1401 fugit;
784 1370 812 1393 et
826 1366 909 1401 lupus
929 1367 1002 1402 rapit
1026 1375 1090 1395 oves
1115 1372 1143 1395 et
1161 1368 1311 1403 dispergit,
1334 1368 1399 1402 quia
1417 1366 1604 1394 mercenarius
1617 1371 1670 1399 est,
1688 1369 1718 1394 et

85 1417 141 1436 non
156 1410 276 1444 pertinet
290 1410 323 1437 ad
337 1419 401 1438 eum
415 1411 449 1438 de
460 1412 615 1439 ovibus".r
634 1411 742 1439 Indueit
756 1421 762 1439 :
778 1422 787 1438 ι
800 1413 918 1448 Propter
942 1413 995 1441 hoc
1012 1421 1055 1441 me
1088 1414 1167 1442 Pater
1200 1414 1305 1449 diligit,
1332 1413 1396 1448 quia
1430 1422 1481 1449 ego
1495 1421 1567 1449 pono
1597 1413 1718 1442 animam

85 1463 175 1483 meam
190 1464 241 1491 pro
255 1457 409 1485 ovibus’m
429 1457 483 1493 Ipsi
499 1458 588 1493 gloria
602 1459 631 1486 in
643 1459 754 1486 smeula.
773 1459 873 1488 Amen.
888 1492 890 1494 _

368 1513 477 1540 ΛΟΓΟΣ
509 1514 596 1541 Ριςιιι.

276 1568 347 1603 Περὶ
374 1568 518 1604 ὃιαταγῆς
556 1570 681 1604 κλήρου.

128 1625 277 1660 Ἐπόμενόν
292 1626 366 1652 ἐστιν
380 1627 443 1658 τοὺς
454 1627 535 1661 ἱερεῖς
552 1627 673 1662 μιμητὰς
687 1626 814 1660 γενέσθαι
829 1626 874 1652 τοῦ

84 1671 236 1705 ἀρχιερέως
264 1670 364 1702 αὐτῶν,
380 1671 417 1701 ὡς
430 1672 556 1702 κάκεῖνος
571 1671 616 1697 τοῦ
640 1671 790 1707 ἀρχιερέως
810 1672 877 1706 Χρι-

86 1715 159 1746 στοῦ,
176 1715 215 1745 εὶς
240 1715 391 1746 xciv-4,51;
417 1715 447 1741 τὸ
469 1715 580 1748 ἀγαθον,
594 1716 624 1742 τὸ
649 1715 826 1751 εὕσπλαχνον,
848 1718 877 1744 τὸ

85 1760 246 1796 ὁμόφρονον,
261 1760 291 1786 τὸ
310 1760 444 1792 ἐπιεικὲς,
458 1760 488 1786 τὸ
502 1760 693 1796 ταπεινόφρον,
711 1761 740 1788 τὸ
754 1761 878 1796 φιλάδελ-

87 1815 146 1840 φον,
163 1805 194 1832 τὸ
211 1797 397 1840 ἶριλόπτωχον,
413 1806 444 1832 τὸ
463 1805 610 1840 φιλόξενον,
626 1805 656 1832 τὸ
671 1805 878 1841 συμπαθητικὸν

86 1853 126 1882 εἰς
144 1852 259 1883 πάντας,
277 1852 307 1878 τὸ
321 1851 470 1887 ἐλεήμονας
487 1849 557 1878 εἶναι
568 1872 575 1884 ,
592 1852 640 1878 καὶ
666 1853 878 1888 ἐπιστρέφοντας

88 1896 122 1925 τὰ
139 1897 346 1931 πεπλανημένα,
363 1893 615 1932 ἐπισκεπτομένους
629 1899 718 1924 πάντα
743 1898 777 1924 τὰ
797 1898 877 1924 ἀειθε-

86 1944 130 1977 νῆ,
145 1943 181 1977 μὴ
201 1942 368 1977 ἀμελοῦντας
383 1942 475 1977 χηρῶν
507 1943 554 1968 καὶ
571 1943 695 1977 ὀρφανῶν
711 1943 727 1978 ἢ
744 1943 877 1978 πενήτων,

86 1987 158 2014 καλά
172 1987 355 2021 προνοοῦντας
369 1987 421 2019 ἀεὶ,
436 1986 552 2013 ἐνώπιον
564 1987 610 2013 τοῦ
625 1987 693 2014 Θεοῦ
714 1988 761 2014 καὶ
775 1988 878 2022 ἀνθρώ-

86 2042 155 2065 πων,
174 2032 360 2067 ἀπεχομένους
389 2033 480 2067 πᾶσης
510 2033 597 2068 ὀργῆς
627 2034 677 2060 καὶ
702 2033 879 2069 προσωπολη-

86 2080 161 2114 ψίαςι,
179 2080 298 2115 κρίσεως
315 2079 420 2112 ἀδίκου,
438 2081 620 2116 φιλαργυρίας
631 2088 637 2096 α
653 2080 690 2116 μὴ
712 2080 815 2115 ταχέως
830 2081 879 2114 ἐμ-

87 2124 259 2155 πιστεύοντες
274 2124 345 2151 κατά
360 2133 444 2157 τινος,
460 2125 498 2161 μὴ
516 2125 649 2160 ἀπότομον.
665 2126 695 2151 ὲν
712 2125 802 2160 κρίσει
817 2147 824 2158 ,
842 2126 880 2151 εἰ-

86 2169 161 2201 δότες
180 2170 222 2196 ὅτι
235 2169 371 2204 ὀφειλέται
387 2171 470 2205 ἐσμὲν
484 2171 636 2205 ἁμαρτιῶν.
650 2171 680 2197 Et
704 2168 750 2197 οὖν
764 2170 880 2205 δεόμεθα

86 2215 134 2241 τοῦ
170 2215 289 2251 Χριστοῦ
317 2215 360 2242 ἵνα
375 2215 443 2251 ἀφίῃ
467 2217 544 2251 ἡμῖν,
576 2215 722 2250 ὀφείλομεν
737 2216 784 2242 καὶ
799 2217 880 2250 ἡμεῖς

87 2261 206 2295 ἀφιέναι.
227 2261 371 2287 ’Δπέναντι
397 2261 451 2294 γὰρ
476 2261 530 2288 τῶν
545 2261 591 2287 τοῦ
612 2261 715 2295 Κυρίου
728 2261 812 2296 ἐσμὲν
832 2261 881 2296 ὀφ-

1185 1516 1327 1544 IIOMILIA
1343 1516 1460 1544 CXXIII.

1152 1570 1188 1597 De
1206 1570 1374 1597 ordinatione
1393 1569 1494 1595 clerici.

965 1626 1076 1654 ﬂationi
1099 1633 1215 1660 prorsus
1241 1629 1476 1656 consentaneum,
1510 1630 1588 1650 suum
1618 1625 1647 1648 ut
1672 1630 1716 1648 sa-

928 1672 1054 1700 cerdotes
1075 1672 1218 1699 imitentur
1231 1679 1279 1706 per
1292 1670 1383 1698 omnia
1400 1669 1568 1705 pontiﬁcem,
1586 1668 1719 1702 quemad-

930 1719 1041 1746 modum
1057 1717 1161 1745 Clnisti
1173 1717 1296 1744 imitator
1313 1716 1435 1751 pontifex
1450 1719 1501 1743 est.
1518 1715 1610 1742 Bonus
1627 1718 1656 1740 ut
1669 1714 1715 1744 sit,

930 1764 974 1798 pia
1000 1764 1112 1798 gestitet
1136 1763 1253 1794 viscera,
1280 1763 1335 1789 alat
1360 1761 1548 1792 concordiam,
1572 1759 1640 1786 nihil
1664 1767 1719 1785 non

929 1817 962 1837 ex
979 1816 1058 1844 mque
1085 1812 1113 1835 et
1138 1809 1211 1836 bono
1236 1809 1317 1835 faciat.
1346 1815 1377 1834 ac
1403 1807 1616 1840 interpretetur,
1644 1806 1676 1832 de
1692 1811 1720 1831 se

930 1863 1011 1890 quam
1037 1854 1240 1882 modestissime
1265 1854 1386 1885 sentiat,
1414 1853 1542 1879 fraterna:
1566 1852 1720 1878 dilectionis

930 1901 1090 1930 observans,
1107 1900 1142 1926 sit
1155 1899 1312 1931 hospitalis,
1327 1897 1449 1924 on'inium
1473 1896 1552 1923 malis
1568 1897 1719 1923 imlolescat

929 1947 958 1969 et
983 1941 1184 1976 compatiatur,
1211 1941 1247 1968 sit
1271 1940 1440 1967 misericors.
1458 1940 1635 1971 Sacerdotes,
1651 1947 1721 1974 quos

930 1987 1094 2022 agnoverint
1112 1995 1126 2013 a
1142 1986 1309 2014 rectitudine
1324 1986 1471 2013 deﬂexisse
1484 2006 1490 2017 ,
1509 1988 1673 2012 convertant
1689 1992 1721 2011 ac

930 2035 1063 2060 revocent
1080 2032 1107 2059 in
1123 2032 1207 2058 viam.
1234 2031 1346 2058 Nullum
1368 2038 1424 2057 non
1440 2030 1555 2057 \"isitent
1568 2029 1720 2056 inﬁrmum.

930 2077 1077 2105 Providam
1109 2083 1192 2112 agant
1223 2084 1318 2103 curam
1347 2076 1515 2108 viduarum,
1550 2075 1722 2110 pupillorum

929 2127 958 2150 et
974 2130 1138 2158 pauperum.
1159 2122 1327 2150 Provideant
1342 2121 1415 2148 bona
1429 2129 1539 2155 semper
1557 2128 1650 2148 ceram
1667 2121 1723 2147 Deo

930 2173 958 2195 et
983 2168 1153 2195 hominibus.
1180 2168 1296 2194 Omnem
1323 2175 1336 2194 a
1356 2175 1384 2194 se
1401 2167 1546 2194 eliminent
1563 2167 1642 2196 iram,
1662 2174 1724 2200 pcr-

931 2221 1062 2240 sonarum
1077 2212 1279 2247 acceptionem,
1294 2212 1431 2246 judicium
1447 2212 1592 2247 injustum,
1607 2211 1725 2238 avidita—

932 2263 986 2286 tem
999 2259 1134 2293 pecunize.
1152 2258 1210 2285 Non
1225 2257 1304 2284 facile
1320 2258 1497 2285 commodent
1511 2257 1593 2284 ﬁdem
1608 2257 1724 2284 delatio-

88 2305 209 2340 θαλμιῖιν.
232 2304 370 2337 Ὡσαύτως
396 2305 443 2332 καὶ
459 2306 483 2332 οἱ
503 2306 622 2333 διάκονοι
638 2305 792 2340 ὀφείλουσιν
811 2304 877 2333 εἶναι

933 2305 1025 2332 nibus.
1051 2304 1081 2331 In
1099 2303 1307 2338 pronuntiando
1321 2303 1440 2338 judicio.
1457 2302 1594 2338 prtefracti
1611 2310 1644 2330 ne
1658 2303 1724 2333 sint,

89 2351 238 2386 ἄμεμπτοι,
256 2350 425 2378 κατενώπιον
452 2351 501 2386 τῆς
532 2350 707 2386 δικαιοσύνης
731 2351 825 2384 αὐτοῦ,
843 2351 880 2384 ὼς

88 2396 156 2422 Θεοῦ
171 2397 218 2423 καὶ
231 2397 349 2432 Χριστοῦ
364 2397 494 2428 διάκονοι,
512 2398 558 2424 καὶ
573 2397 623 2424 οὐκ,
634 2397 786 2433 ἀνθρώπων
798 2406 805 2414 ·
822 2399 882 2425 ὲπι-

91 2442 179 2477 μελῶς
204 2443 430 2474 διακονείτωσαν,
446 2443 490 2470 ἵνα
510 2444 635 2478 φύγωσιν
663 2444 713 2480 τὴν
737 2445 806 2480 ἀρὰν
833 2444 880 2471 τοῦ

91 2488 231 2522 προφήτου
243 2496 250 2503 ⁸
265 2489 302 2523 μὴ
312 2489 356 2515 διὰ
369 2489 420 2524 τῆς
432 2489 562 2524 ἀμελείας
576 2490 723 2516 ὑπεύθυνοι
736 2491 879 2524 γένωνται·

93 2533 159 2568 μηδὲ
176 2534 381 2568 προπετεύεοθε
400 2535 428 2561 ἐν
443 2544 496 2562 τινι
513 2536 549 2566 ὡς
561 2535 640 2570 δῆθεν
658 2535 813 2567 θεοσεϐείας
830 2535 878 2571 χὰ-

93 2586 146 2613 ριν,
163 2578 232 2605 ἀλλὰ
246 2579 336 2606 πάντα
353 2580 532 2615 εὑοχημόνως
557 2581 603 2607 καὶ
629 2581 700 2607 κατὰ
714 2581 790 2613 τάξιν
807 2581 880 2615 γινὲ-

94 2623 158 2654 σοω,
177 2623 247 2650 κατὰ
260 2624 306 2650 τὴν
323 2625 497 2652 ’Ᾱπὸστολον.
520 2626 597 2652 Ἐπεὶ
612 2627 638 2651 τί
655 2626 754 2652 ἄτοπον
767 2627 854 2653 ἐποίει
869 2627 883 2653 ὀ

99 2668 191 2701 Ὀζίας
203 2670 306 2705 θυμιῶν
316 2670 355 2706 τῷ
371 2671 430 2706 Θεῷ
443 2680 451 2705 ;
466 2672 492 2697 τί
506 2671 534 2698 δὲ
545 2672 559 2697 ὁ
576 2671 661 2698 Σαοὺλ
671 2671 741 2697 θύων
752 2679 759 2703 ;
772 2672 798 2697 τί
811 2671 839 2697 δὲ
853 2672 879 2697 οἱ

93 2716 219 2752 τύραννοι
247 2716 295 2743 καὶ
326 2717 452 2751 δαίμονες
479 2716 670 2749 θεολογοῦντες
696 2716 805 2750 ἀληθῶς
838 2717 884 2743 τὸν

96 2761 196 2797 Κύριον
210 2770 216 2794 ;
239 2762 307 2788 Ἀλλ’
325 2763 495 2797 ὲκκήρυκτος
511 2762 598 2788 αὐτῶν
614 2763 630 2797 ἡ
647 2762 781 2795 θεολογία.
797 2761 884 2787 ’Ἐκα-

96 2815 158 2839 στος
178 2808 206 2834 δὲ
235 2809 263 2834 ἐν
278 2810 311 2844 τῇ
337 2809 413 2842 τάξει
433 2799 514 2835 αὐτοῦ
532 2807 603 2834 ἔστω
628 2802 678 2843 τῆς
698 2807 880 2843 λειτουργίας.

130 2877 152 2895 ’⁵
170 2878 179 2904 I
196 2879 268 2906 Petr.
289 2887 317 2912 ιι,
336 2879 362 2905 9.

102 2878 152 2940 ‘7"
170 2878 179 2904 I
196 2879 268 2906 Petr.
289 2887 317 2912 II,
336 2879 362 2905 9.
419 2879 440 2895 "
458 2879 508 2907 Isa.
524 2886 594 2911 LXIV,
611 2878 645 2912 ὃ)
667 2878 753 2906 lGor.
778 2886 805 2911 ll,
825 2878 852 2906 9.

910 2879 932 2894 "
952 2877 961 2907 l
985 2877 1057 2906 I‘etr.
1080 2883 1112 2907 v,
1137 2874 1197 2900 ~24.

933 2355 981 2378 aut
1002 2357 1082 2385 atquo
1104 2349 1276 2380 severiores,
1300 2353 1330 2375 ut
1346 2349 1394 2384 qui
1410 2349 1499 2376 sciant
1513 2349 1651 2376 neminem
1670 2357 1725 2376 non

933 2404 993 2424 esse
1018 2395 1174 2423 debitorem
1197 2400 1386 2429 peccatorum.
1415 2395 1470 2422 Nos
1492 2395 1586 2430 igitur,
1606 2395 1651 2430 qui
1671 2395 1726 2422 Do-

933 2441 1039 2468 minum
1053 2440 1243 2472 obsecramus,
1259 2440 1352 2467 debita
1363 2445 1458 2468 nostra
1473 2445 1504 2468 ut
1515 2441 1726 2472 dimittat,nihil

933 2488 1066 2523 gravatim
1081 2487 1216 2515 debemus
1228 2491 1256 2514 et
1269 2495 1322 2514 nos
1335 2487 1492 2520 dimittere;
1511 2488 1538 2514 in
1553 2487 1641 2514 oculis
1651 2487 1728 2514 enim

935 2540 1077 2559 versantur
1095 2524 1205 2559 Domini
1222 2539 1255 2559 ac
1270 2532 1329 2560 Dei.
1350 2532 1408 2560 lIoc
1422 2537 1520 2559 tenore
1534 2533 1598 2558 viue
1616 2530 1728 2558 diaconi

936 2578 1089 2604 etiamnum
1103 2583 1314 2606 conversentur.
1336 2578 1366 2605 In
1382 2583 1532 2612 conspectu
1547 2577 1662 2612 iustitia:
1676 2577 1729 2604 Do—

931 2622 998 2648 mini
1028 2621 1220 2656 ingrediantur
1256 2621 1317 2647 sine
1345 2620 1475 2655 querela,
1509 2624 1640 2656 tanquam
1671 2621 1726 2649 Deo

931 2673 957 2695 et
972 2667 1084 2694 Christo
1102 2667 1303 2696 ministrantes.
1320 2673 1375 2693 non
1399 2666 1463 2693 item
1488 2665 1657 2694 hominibus.
1676 2667 1726 2692 Se-

932 2712 996 2739 dulo
1019 2715 1046 2739 et
1062 2716 1190 2738 accurate
1206 2710 1412 2744 administrent,
1435 2711 1508 2738 illam
1531 2716 1559 2737 ut
1582 2711 1725 2744 defugiant

933 2757 1122 2792 propheticam
1149 2757 1385 2791 imprecationem,
1406 2765 1438 2784 ne
1462 2756 1500 2783 illi
1529 2749 1724 2789 per'oscitan-

933 2804 998 2830 tiam
1025 2811 1054 2830 sc
1075 2803 1191 2830 reddant
1214 2803 1358 2834 obnoxios,
1383 2810 1450 2829 neve
1478 2802 1585 2836 priores
1611 2802 1744 2829 honoris'

1256 2873 1276 2887 "
1294 2873 1374 2904 Joan.
1399 2883 1427 2906 κ,
1452 2874 1490 2902 Il.
1521 2874 1560 2899 l2.
1619 2874 1639 2887 "
1658 2873 1723 2898 ίῐιῑςι.
