4102 6434
182 331 258 396 13
1134 340 1407 397 ΝΟΤΙΤΙΑ
1447 341 1786 401 lllSTORlC/

1893 342 1920 397 ἵ
1957 341 2261 400 SERGIUM
2302 345 2552 402 PAPAM.
3412 356 3474 405 Η

183 454 473 523 confusus,
509 453 692 508 volens
730 453 942 518 nolens,
975 438 1128 508 suum
1175 453 1446 508 dominum
1477 463 1532 508 et
1555 455 1782 510 electum
1811 457 1858 512 A
1890 457 1904 486 ¹
1929 458 2068 526 quod
2101 457 2168 512 ab
2191 458 2378 514 eodem
2403 458 2647 514 Paschali
2698 459 3060 530 suprascripto
3085 462 3316 517 exarcho
3345 479 3471 533 pro-

186 548 475 614 ingressus
520 546 801 599 salutaret.
855 544 956 610 Qui
1003 547 1163 600 etiam
1212 545 1483 599 Paschalis
1543 547 1785 602 clanculo

183 651 296 690 non
320 635 559 690 cessavit
582 634 909 690 Ravennam
930 649 1059 690 suos
1085 637 1296 689 mittere
1321 635 1533 702 missos,
1563 639 1787 705 promis-

178 739 354 796 Saque
387 727 615 795 pecunia
633 727 716 780 vel
748 727 867 780 aliis
885 725 1110 780 diversis
1137 724 1313 792 donis,
1335 725 1597 782 Joannem
1622 727 1786 798 patri-

180 817 352 882 cium,
385 821 446 872 et
496 817 817 881 exarclmm,
868 827 1222 887 cognomento
1255 817 1464 890 Platyn,
1507 835 1626 874 cum
1677 821 1786 875 suis

178 909 484 975 judicibus,
518 908 735 962 nemine
758 909 961 962 sciente
984 906 1208 962 Romam
1240 909 1423 963 venire
1439 909 1783 978 persuadere.

179 1000 287 1068 Qui
319 1002 403 1056 sic
436 1000 621 1055 abdite
652 1001 819 1065 venit,
854 1009 914 1052 ut
959 1013 1058 1054 nec
1106 999 1278 1067 signa,
1307 1016 1406 1056 nec
1450 1001 1619 1055 banda
1666 1016 1787 1055 cum

181 1091 380 1146 militia
411 1091 648 1145 Romani
694 1092 965 1145 exercitus
995 1091 1357 1146 occurrissent
1389 1091 1437 1147 ei
1461 1092 1618 1160 juxta
1660 1107 1790 1146 con-

179 1183 533 1238 suetudinem
581 1183 638 1237 in
684 1184 1013 1252 competenti
1065 1183 1204 1248 loco,
1263 1183 1366 1238 nisi
1409 1200 1436 1238 a
1487 1185 1788 1254 propinquo

181 1274 452 1328 Romamn
499 1273 765 1328 civitatis.
807 1272 908 1340 Qui
947 1273 1073 1327 dum
1125 1273 1378 1339 venisset,
1408 1285 1462 1328 et
1511 1289 1699 1330 omnes
1733 1276 1786 1329 in

181 1380 481 1432 personam
515 1365 689 1435 Scrgii
737 1365 1064 1419 sanctissimi
1097 1365 1385 1420 invenisset
1429 1367 1784 1432 consensisse,

179 1457 253 1514 illi
302 1458 525 1528 quidem
580 1457 864 1528 suffragari
909 1473 1013 1512 non
1069 1457 1254 1512 valuit.
1315 1457 1568 1513 Ecclesiae
1611 1471 1787 1514 tamen

184 1549 335 1604 beati
363 1549 511 1605 Petri
557 1548 785 1618 apostoli
827 1547 966 1603 idem
990 1549 1257 1602 exarchus
1288 1561 1382 1617 per
1421 1547 1657 1617 ejusdem
1681 1549 1789 1604 Pa-

1891 548 2108 601 missum
2140 549 2331 612 fuerat,
2365 547 2414 602 id
2448 559 2549 616 est,
2582 560 2796 606 centum
2823 553 2938 606 auri
2983 552 3236 608 librarum
3263 570 3290 608 a
3324 566 3472 624 parte

1892 638 2142 695 Ecclesiae
2190 649 2488 709 expetente,
2523 643 2711 712 Sergio
2751 644 3090 700 sanctissimo
3130 649 3305 703 electo
3354 665 3476 717 pro-

1891 732 2173 798 clamante,
2207 732 2344 800 quod
2380 747 2550 800 neque
2571 732 2905 802 promisisset
2952 733 3099 804 dare,
3130 754 3304 809 neque
3353 757 3474 808 pos-

1892 821 2119 876 sibilitas
2155 823 2316 876 dandi
2368 817 2634 892 suppetat,
2684 831 2736 879 et
2785 835 2840 878 ut
2890 824 2956 880 ad
3006 831 3472 898 compunctionem

1893 911 2100 968 animos
2131 914 2422 968 videntium
2474 925 2859 985 commoveret,
2892 919 3194 985 cantharos,
3227 931 3279 974 et
3316 935 3474 976 coro-

1893 1019 2011 1070 nas,
2036 1019 2156 1073 qua:
2197 1014 2322 1058 ante
2358 1019 2570 1058 sacrum
2603 1006 2771 1061 altare
2809 1017 2864 1062 et
2899 1010 3291 1065 confessionem
3336 1013 3470 1066 beati

1897 1093 2038 1148 Petri
2065 1095 2291 1162 apostoli
2313 1109 2376 1148 ex
2402 1095 2622 1164 antiquo
2650 1096 2968 1164 pendebant,
2993 1098 3188 1168 deponi
3209 1100 3353 1166 fecit,
3373 1109 3428 1156 et
3448 1109 3475 1138 ει

1893 1184 2100 1254 pignori
2127 1184 2284 1239 tradi.
2311 1184 2416 1240 Sed
2447 1200 2546 1240 nec
2577 1186 2628 1239 in
2659 1186 2760 1241 hoc
2780 1187 2915 1241 fiexa
2940 1197 3020 1242 est
3044 1189 3283 1257 ejusdem
3311 1206 3469 1246 exar-

1894 1275 1981 1329 chi
2011 1275 2226 1338 duritia,
2261 1277 2430 1330 donec
2457 1285 2694 1341 centum,
2723 1290 2778 1332 ut
2807 1278 3007 1333 dictum
3033 1289 3136 1343 est,
3167 1290 3186 1319 ³
3217 1281 3468 1336 librarum

1896 1361 2014 1415 auri
2055 1362 2285 1430 accepit.
2334 1361 2400 1415 Et
2449 1361 2596 1429 licet,
2623 1373 2681 1416 ut
2707 1362 2728 1394 ³
2755 1365 3036 1433 praefatum
3084 1375 3185 1430 83!,
3219 1367 3470 1421 Ecclesiae

1895 1455 2113 1522 Christi,
2141 1455 2162 1486 ⁸
2191 1457 2311 1511 ideo
2356 1457 2688 1513 miserrimus
2717 1457 2990 1512 Paschalis
3041 1457 3380 1527 dispendium
3411 1469 3468 1514 et

1897 1545 2150 1600 damnum
2182 1547 2202 1578 ⁵
2247 1545 2441 1613 inﬁxit,
2497 1555 2675 1602 tamen
2727 1547 2941 1602 Christo
2987 1547 3196 1603 favente
3249 1548 3468 1616 Sergius

177 1639 388 1695 schalis
465 1638 741 1695 miseriam
790 1638 1110 1708 Stipendium
1170 1647 1224 1693 et
1293 1638 1544 1694 damnum
1588 1639 1786 1709 intulit,
1824 1633 1867 1695 Β
1897 1638 2176 1708 presbyter
2197 1645 2252 1692 et
2273 1637 2474 1691 electus
2496 1639 2546 1690 in
2571 1638 2697 1692 sede
2720 1638 2860 1694 beati
2880 1638 3020 1694 Petri
3041 1637 3305 1708 apostoli”
3329 1637 3468 1693 Pon-

1449 1748 1842 1806 VARIANTES
1884 1746 2176 1805 LECTION
2186 1745 2288 1801 ES.

258 1855 276 1886 ι
315 1845 454 1900 Cod.
480 1844 634 1908 Luc.,
669 1858 726 1896 eo
752 1843 910 1912 quod.

254 1919 278 1950 ²
314 1917 427 1982 AL,
458 1917 640 1968 libras.

255 1987 277 2018 ³
310 1987 395 2039 Al.
408 2026 423 2050 ,
457 1983 783 2054 prtcdictum.

1967 1839 1990 1869 ‘
2017 1838 2127 1900 AL,
2157 1837 2313 1889 idem.

1969 1910 1990 1939 ⁵
2016 1905 2124 1975 Ᾱ1.,
2153 1906 2400 1976 inﬁxerit.

1563 2065 1914 2131 VARIORUM
1954 2068 2178 2128 NOTrE.

183 2200 398 2247 avariter
420 2189 487 2243 ub
515 2188 656 2241 omni
691 2181 1037 2241 Romanorum
1065 2195 1244 2240 senatu
1271 2186 1481 2256 pedibus
1516 2189 1779 2252 osculatis,

185 2275 294 2318 etc.
330 2261 508 2314 Etiam
533 2257 828 2314 cardinales
850 2257 902 2310 in
931 2256 1263 2310 ordinatione
1294 2257 1556 2325 pontificis
1585 2258 1780 2310 demit-

187 2342 307 2395 tnnt
331 2345 394 2384 se
417 2329 483 2382 ad
515 2328 756 2384 osculum
787 2327 1000 2395 pedum.
1033 2325 1310 2391 Radevic.,
1341 2327 1409 2382 de
1431 2335 1566 2394 gest.
1595 2326 1782 2381 Fride-

187 2393 312 2462 ric.,
345 2399 442 2454 lib.
476 2415 538 2465 tt,
573 2393 815 2465 cap.66_:
847 2396 1043 2450 Deinde
1087 2396 1217 2449 sicut
1271 2412 1381 2449 mos
1436 2393 1527 2462 est,
1575 2397 1782 2451 Domini

188 2471 485 2525 cardinales
510 2479 556 2522 et
582 2469 747 2520 clerus
774 2467 1055 2528 Romanus,
1081 2474 1213 2520 totus
1234 2467 1318 2535 qui
1341 2481 1561 2535 prtesens
1581 2478 1709 2532 erat,
1735 2477 1780 2520 et

186 2542 276 2612 qui
289 2551 467 2613 postea
496 2540 836 2613 conﬂuxerat,
865 2537 1135 2613 populique
1159 2535 1513 2613 Romanipars
1534 2539 1774 2613 maxima,

187 2605 346 2678 pedes
375 2612 494 2680 ejus
525 2605 738 2680 osculari
765 2617 900 2680 sunt.
927 2605 990 2659 Et
1021 2605 1210 2660 Petrus
1243 2607 1780 2680 Damiani,_cardiua-

190 2675 255 2738 iis
303 2693 360 2738 et
397 2675 712 2734 'flostiensis
759 2679 1065 2745 episcopus,
1096 2676 1372 2731 consultus
1409 2679 1476 2729 de
1509 2675 1782 2731 Cadalono

187 2754 468 2820 antipapa,
501 2759 556 2803 et
602 2747 998 2820 Alexandro",
1022 2746 1607 2820 uter_verus_po_ntifex
1638 2747 1784 2820 judi-

186 2815 400 2876 αεὶηᾶυέ
427 2827 598 2885 esset,
624 2819 718 2872 lib.
745 2831 822 2882 Ill,
841 2817 1001 2884 epist.
1019 2818 1080 2869 4:
1111 2815 1298 2868 Manus
1322 2817 1410 2882 do,
1429 2815 1615 2886 inquit,
1637 2815 1783 2883 plan-

184 2908 267 2946 ωε
296 2892 520 2957 osculor,
553 2899 598 2942 et
621 2903 723 2940 non
747 2886 901 2940 modo
934 2887 1478 2957 ipsumiapostolicum,
1513 2887 1601 2941 sed
1628 2889 1782 2940 etiam

184 2955 513 3032 apostolum,
541 2960 584 3012 si
607 2957 821 3032 jubetis,
844 2955 1078 3032 appello;
1100 2956 1274 3010 Etiam
1303 2957 1405 3032 ipsi
1432 2957 1782 3032 imperatores

1959 2187 1988 2226 δ
2016 2185 2260 2255 Pontifex
2304 2187 2570 2241 ordinatus
2607 2194 2700 2242 est.
2746 2187 3048 2256 Paschalis,
3082 2185 3333 2244 Ecclesize
3365 2189 3471 2246 Ro-

1891 2272 2062 2312 mana:
2097 2257 2384 2317 diaconus.
2441 2273 2547 2326 quo
2578 2258 2783 2312 facilius
2815 2269 2934 2326 post
2960 2260 3196 2314 Cononis
3244 2271 3468 2315 mortem

1890 2328 2251 2396 pontificatum
2263 2326 2668 2394 adipisceretur,
2685 2328 2887 2382 litteras
2911 2328 2976 2384 ad
2991 2329 3246 2384 Joannem
3278 2345 3470 2384 novum

1887 2395 2176 2452 exarchum
2240 2395 2700 2468 Ravennatensem
2747 2396 2921 2461 misit,
2971 2400 3127 2468 eique
3187 2414 3304 2452 eam
3359 2402 3472 2452 auri

1887 2467 2259 2536 quantitatem,
2283 2480 2440 2534 quam
2462 2467 2777 2521 Benedictus
2806 2482 2939 2534 papa
2959 2467 3267 2535 reliquerat,
3287 2483 3474 2536 quam-

1888 2553 1991 2606 que
2019 2547 2128 2591 tum
2158 2538 2324 2608 clero.
2355 2545 2464 2589 tum
2511 2539 2847 2592 monasteriis
2876 2539 3059 2593 Conon
3091 2538 3334 2593 distribui
3358 2540 3474 2608 jus-

1889 2617 2051 2671 serat,
2083 2607 2293 2671 obtulit,
2324 2608 2368 2660 si
2397 2608 2514 2678 ejus
2557 2621 2723 2678 opera
2753 2607 2820 2678 ad
2853 2609 3216 2678 pontificatum
3252 2607 3476 2678 eligere-

1891 2687 1994 2731 tur.
2047 2679 2172 2732 Post
2209 2685 2414 2743 septem
2455 2675 2644 2732 diosa
2695 2675 2948 2732 defuncto
2996 2677 3167 2732 beata:
3198 2675 3474 2732 memoria:

1889 2748 2125 2811 Conone,
2172 2757 2228 2801 ut
2278 2746 2392 2800 fieri
2434 2762 2548 2800 mos
2578 2757 2721 2812 erat,
2753 2750 2819 2803 de
2840 2749 3166 2802 successoris
3211 2748 3473 2803 electione

1889 2820 1971 2887 agi
1995 2828 2251 2887 emptum.
2284 2817 2635 2884 Populoduas
2659 2816 2712 2871 in
2738 2818 2994 2872 factiones
3015 2818 3209 2882 diviso,
3241 2819 3473 2872 schisma

1891 2889 2085 2942 factum
2117 2898 2219 2943 est.
2251 2889 2382 2942 Pars
2406 2901 2515 2959 una
2540 2888 2825 2959 Theodoro
2850 2889 3340 2959 archipresbytero,
3374 2890 3474 2942 Pa-

1889 2959 2056 3028 schali
2086 2959 2464 3013 archidiacono
2495 2957 2712 3012 favebat
2735 2962 2922 3013 altera.
2973 2959 3084 3013 Una
3115 2957 3275 3028 elegit
3301 2961 3474 3013 'l‘heo-

188 3017 506 3089 osculantur
533 3017 697 3097 pedes
720 3017 1008 3096 pontificis.
1038 3017 1373 3097 Constantini
1401 3017 1666 3095 poniificis
1691 3043 1780 3095 pe-
1809 3017 1856 3079 C
1889 3027 2103 3092 dorum,
2127 3029 2292 3082 altera
2315 3027 2651 3082 Paschalem.
2680 3028 2991 3083 Theodorus
3018 3043 3139 3082 cum
3165 3017 3363 3097 populo
3388 3031 3477 3096 qui

187 3107 282 3158 des
304 3095 588 3156 osculatus
617 3106 699 3151 est
727 3097 1059 3151 Justinianus
1100 3095 1163 3158 ll,
1195 3095 1266 3150 de
1294 3112 1398 3164 quo
1447 3100 1697 3151 Anastas.
1731 3099 1784 3151 in

184 3171 549 3229 Constantino
578 3183 594 3222 :
623 3165 688 3220 In
715 3167 800 3220 die
837 3176 1007 3220 autem
1048 3182 1147 3232 qua
1185 3181 1238 3217 se
1277 3167 1487 3218 invicem
1525 3167 1781 3231 viderunt,

188 3249 458 3314 Augustus
479 3238 948 3314 Christianissimus
969 3252 1088 3314 cum
1107 3251 1264 3314 regno
1283 3237 1334 3314 in
1352 3236 1516 3314 capite
1535 3251 1642 3314 sese
1661 3252 1785 3304 pro-

185 3305 388 3377 stravit,
420 3311 573 3379 pedes
621 3307 860 3379 osculum
907 3305 1182 3379 pontificis.
1210 3305 1500 3379 Siginolfus
1539 3305 1786 3379 princeps

187 3375 702 3440 Beneventanorum
731 3392 761 3430 a
785 3376 974 3446 Sergio
1004 3377 1046 3429 ll
1072 3375 1495 3430 benedictionem
1518 3377 1784 3446 suscepit,

189 3463 338 3522 prius
361 3451 640 3522 osculatus
655 3449 821 3516 pedes
846 3445 1134 3522 pontificis.
1150 3446 1422 3522 _Anastas.,
1437 3447 1489 3498 in
1509 3445 1695 3522 Sergio
1714 3447 1783 3499 ll:

187 3515 350 3590 Quem
381 3519 578 3593 prtesul
604 3515 726 3593 cum
735 3517 1058 3593 suscepisset,
1081 3515 1191 3569 solo
1217 3526 1521 3593 prostratus,
1546 3518 1788 3593 pretiosos

181 3585 350 3663 ipsius
379 3585 539 3661 pedes
561 3589 824 3663 humiliter
869 3587 1129 3639 osculatus
1154 3597 1248 3652 est,
1298 3593 1344 3638 et
1371 3585 1433 3639 ab
1463 3601 1523 3638 eo
1552 3586 1788 3663 genedic-

186 3654 327 3719 tione
355 3654 618 3731 suscepta,
647 3658 709 3711 ab
740 3659 852 3728 ejus
877 3667 1147 3731 conspectu
1169 3671 1401 3731 egressus
1428 3665 1522 3731 est.
1552 3654 1788 3731 Denique

188 3737 243 3790 in
275 3725 556 3790 electione
586 3729 741 3782 Rom.
762 3725 1042 3796 pontificis
1071 3739 1190 3796 mos
1218 3726 1466 3791 antiquus
1490 3725 1597 3796 fuit
1623 3739 1786 3779 Oscu-

185 3806 333 3860 landi
375 3801 557 3872 pedes
605 3795 789 3872 electi.
815 3798 957 3851 idem
1003 3797 1056 3850 in
1107 3795 1390 3872 Leone‘lY
1422 3813 1436 3848 :
1473 3795 1573 3860 Qui
1601 3811 1790 3872 morem

183 3865 556 3930 conseruantes
609 3870 896 3938 antiquum,
926 3881 1128 3938 _omnes
1166 3865 1382 3938 osculati
1435 3875 1552 3938 sunt
1615 3867 1783 3938 pedes.

185 3948 333 4001 Idem
364 3947 421 4000 in
457 3935 748 3995 Benedicto
771 3938 878 3990 Ill:
912 3935 977 3987 Et
1007 3936 1333 4004 procedentes
1369 3937 1579 4005 vestigia
1626 3937 1790 4004 ipsius

184 4015 419 4071 csculari
451 4019 727 4081 ruperunt.
754 4009 1089 4081 ᾼ-ινιςΑει-ῑιιμ.

252 4088 283 4124 ἀ
317 4075 548 4154 Pignori
577 4079 734 4134 tradi.
766 4077 1013 4154 Episeppi
1045 4079 1097 4154 in_
1142 4075 1378 4154 publicis
1403 4075 1658 4131 Ecclesia:
1684 4090 1792 4154 _ne-

185 4144 542 4212 cessitaiibus
565 4164 716 4204 sacra
739 4144 865 4201 vasa
895 4144 1100 4214 pignori
1123 4146 1340 4209 dabant,
1365 4147 1612 4214 ipsasque
1629 4145 1789 4199 etiam

187 4238 457 4295 personas
487 4235 620 4295 qua;
655 4217 1159 4295 serviti0_l_§cc‘lesia:
1208 4216 1435 4295 addicta;
1477 4225 1660 4295 erant._
1692 4215 1792 4295 Sic

185 4285 401 4357 Conon.
437 4285 565 4347 cum
589 4291 622 4343 ii
651 4290 744 4358 qui
788 4291 842 4342 in
871 4288 1049 4343 Sicilia
1079 4286 1154 4358 ad
1171 4287 1464 4358 curandum
1494 4287 1664 4358 sancti
1688 4285 1791 4340 Pe-

1887 3101 1933 3152 ei
1987 3098 2202 3153 favebat
2250 3100 2561 3151 interiorem
2596 3107 2797 3165 partem
2829 3101 3132 3166 patriarchii
3162 3102 3349 3164 tenuit,
3381 3099 3479 3151 Pa-

1888 3169 2082 3223 schalis
2105 3169 2424 3221 exteriorem
2474 3176 2675 3233 partem
2706 3170 2773 3220 ab
2801 3169 3039 3220 oratorio
3085 3168 3254 3220 sancti
3301 3170 3476 3222 Silve-

1887 3238 1982 3292 srri
2011 3248 2065 3292 et
2080 3237 2302 3292 basilica
2327 3237 2518 3305 domus
2546 3235 2721 3297 .lulize,
2753 3251 2872 3304 quae
2920 3250 3082 3305 super
3111 3251 3356 3304 campum
3392 3254 3478 3290 re-

1888 3309 2066 3375 spicit,
2099 3304 2672 3375 occupavit.Cumque
2710 3321 2849 3360 unus
2888 3304 3040 3360 alteri
3073 3305 3246 3360 locum
3287 3307 3479 3362 cedere

1889 3374 2076 3443 nollet,
2107 3374 2363 3447 primates
2401 3374 2640 3444 judicum
2673 3384 2730 3430 et
2757 3379 3024 3431 exercitus
3058 3377 3312 3430 Romana:
3342 3379 3480 3431 mili-

1890 3450 1998 3511 tite,
2029 3457 2084 3502 et
2109 3448 2239 3502 cleri
2272 3447 2501 3515 plurima
2533 3461 2654 3514 pars
2682 3455 2735 3500 et
2780 3449 3076 3516 prmset'tim
3108 3449 3479 3510 sacerdotum,

1891 3519 1954 3572 ad
1978 3533 2189 3572 sacrum
2215 3518 2466 3585 palatium
2493 3530 2806 3586 perrexere,
2839 3526 2892 3572 et
2929 3517 3019 3572 diu
3059 3519 3187 3586 quid
3217 3519 3478 3586 agendum

1890 3598 2032 3643 esset
2062 3596 2447 3656 pertractantes
2469 3629 2483 3653 ,
2519 3585 2627 3639 Deo
2657 3597 2943 3651 annuente,
2977 3585 3188 3642 summo
3211 3585 3474 3644 consensu

1893 3661 2108 3712 tertium
2138 3660 2434 3728 elegerunt.
2465 3656 2714 3726 Sergium
2743 3658 2947 3728 scilicet
2975 3659 3029 3712 S.
3062 3658 3127 3712 R.
3171 3659 3233 3712 E.
3258 3659 3479 3728 presby-

1893 3737 2088 3794 terum,
2135 3729 2349 3781 natione
2391 3727 2605 3798 Syrum,
2639 3727 2808 3796 patria
2837 3728 3252 3792 Antiochenum,
3283 3727 3486 3783 Tiberii

1893 3797 2079 3862 filium,
2111 3799 2361 3851 Panormi
2394 3797 2446 3850 in
2463 3797 2641 3851 Sicilia
2665 3798 2974 3865 educatum,
2995 3814 3150 3865 quem
3175 3799 3483 3852 Adeodatus

1893 3870 2130 3936 pomifex
2162 3869 2213 3921 in
2251 3867 2550 3920 Romanum
2584 3869 2783 3921 clerum
2812 3868 3185 3936 adoptaverat,
3211 3877 3268 3923 et
3293 3870 3402 3922 Leo
3435 3868 3478 3921 ll

1893 3940 2266 4008 presbyterum
2297 3937 2587 3990 ordinarat.
2625 3939 2756 3991 Eum
2792 3938 2970 4008 itaque
2999 3939 3066 3993 de
3095 3939 3272 4008 medio
3305 3939 3486 4007 p0puli

1894 4007 2143 4062 tollentes
2169 4010 2219 4080 i_n
2264 4008 2537 4080 oraculum
2580 4007 2906 4080 BaCazsarii
2949 4007 3196 4080 martyris
3241 4007 3480 4080 Christi,

1893 4081 2031 4146 quod
2062 4086 2146 4132 est
2181 4077 2320 4131 intra
2352 4079 2626 4146 palatium,
2661 4077 3103 4142 introduxerunt,
3122 4087 3175 4132 et
3204 4077 3395 4130 exinde
3426 4079 3479 4130 in

1893 4147 2253 4202 Lateranense
2299 4148 2626 4214 episc0pium
2667 4163 2789 4200 cum
2838 4147 3481 4200 laudum'acclamatione

1893 4218 2249 4272 deduxerunt.
2276 4217 2487 4286 Sergio
2528 4216 2765 4285 legitimo
2809 4217 3044 4284 pontifici
3087 4226 3278 4286 sponte
3321 4217 3486 4271 cessit

1897 4287 2242 4352 Theodorus;
2268 4285 2558 4352 Paschalis,
2584 4289 2636 4339 in
2660 4285 2946 4341 schismate
2975 4285 3248 4356 pertinax,
3269 4296 3485 4341 coactus

187 4368 253 4422 Iri
303 4356 700 4438 patrimonium
751 4358 1098 4438 morabantur
1143 4356 1550 4438 locohpigporis
1580 4365 1791 4438 .essent
1822 4377 1875 4438 D
1900 4359 2071 4428 ipsum
2103 4357 2495 4438 salutavit,.sed
2531 4372 2640 4438 suae
2672 4357 2917 4410 factionis
2945 4357 3249 4411 hominibus
3283 4359 3488 4438 Raven-

186 4425 328 4505 apud
357 4434 638 4505 militiam,
689 4429 953 4505 redimere
982 4441 1077 4505 eos
1105 4425 1330 4505 curavit.
1386 4425 1536 4505 Unde
1580 4427 1632 4480 in
1671 4428 1793 4505 ejus

191 4497 306 4562 Vita
339 4502 700 4561 Anastasius:
734 4501 906 4552 Aliam
923 4499 1208 4569 jussionem
1239 4497 1534 4569 direxit,_ut
1554 4498 1794 4569 restitue-

187 4590 329 4632 retur
372 4574 583 4643 familia
631 4566 968 4643 suprascrip'ti
988 4567 1324 4643 patrimpnii,
1353 4576 1399 4619 et
1431 4566 1648 4643 Siciliae,
1680 4583 1796 4637 qua:

187 4651 241 4701 in
272 4636 497 4719 pignore
525 4661 557 4696 a
586 4642 770 4719 militia
809 4640 1144 4719 detinebatur.
1185 4636 1388 4719 Pariter
1429 4652 1549 4690 cum
1580 4636 1799 4719 Agapef

189 4707 283 4772 tns'
307 4707 576 4786 pontifex,
601 4713 667 4786 a_d
697 4712 802 4764 iter
823 4710 1014 4786 Cplim.
1056 4723 1152 4776 pro
1185 4707 1434 4760 Ecclesia:
1469 4708 1798 4786 necessitati-

192 4792 292 4842 hus
308 4779 742 4854 'suscipiendum
753 4825 766 4848 ,
810 4781 1146 4854 pignorasset
1159 4791 1324 4854 sacra
1339 4792 1478 4854 _va_sa
1520 4779 1628 4854 regi
1639 4779 1681 4830 is
1697 4791 1796 4854 ‘ar-

190 4861 376 4919 cariis,
430 4848 746 4922 re'cognita,
777 4848 994 4905 senator
1038 4849 1198 4922 jussit
1226 4848 1455 4922 restitui,
1493 4857 1584 4922 _ut_
1609 4849 1799 4922 legitur

190 4929 333 4997 apud
353 4918 765 4985 Cassiodorum,
795 4923 886 4997 lib.
916 4933 1010 4982 xu,
1042 4919 1199 4986 epist.
1226 4918 1314 4997 9.0,
1335 4933 1454 4987 pag.
1484 4918 1584 4997 1ῼ7
1611 4935 1624 4997 ς
1657 4919 1800 4997 Qua-

191 4989 406 5067 propter
439 5004 620 5049 nostra
649 4992 985 5062 prwceptione
1012 4989 1332 5067 commoniti,
1361 4999 1406 5041 et
1435 4989 1573 5067 regia
1593 4989 1796 5067 jussio-I

193 5058 258 5120 ne
286 5058 478 5130 securi,
501 5058 798 5118 sanctorum
830 5077 951 5114 vasa
977 5059 1429 5130 curnrobligatione
1458 5058 1799 5130 Chirograp/ti

192 5127 474 5192 actoribus.
502 5136 671 5189 sancti
730 5131 872 5186 Petri
914 5129 1136 5200 apostoli
1174 5131 1292 5200 isine
1334 5127 1507 5195 aliqua
1554 5129 1797 5200 dilatione

194 5211 460 5278 "fundite
479 5252 494 5274 ,
511 5217 567 5258 ut
594 5206 796 5258 lucrose
819 5198 1019 5254 reddita
1033 5199 1259 5278 celeriter
1287 5201 1561 5278 impetrata
1584 5198 1798 5278 pidean-

196 5269 300 5341 tu};
332 5269 514 5350 optata
552 5316 567 5339 ,
599 5279 887 5350 referantur
933 5269 1477 5350 manibus-[eriterunt
1524 5269 1806 5350 ministeria

198 5339 302 5402 toto
327 5339 456 5402 orbe
475 5339 774 5407 narranda;
812 5342 1030 5394 donetur
1057 5341 1192 5408 quod
1211 5340 1487 5408 praprium
1516 5339 1636 5408 fuit,
1664 5355 1798 5401 quo-

198 5424 340 5474 niam
361 5423 508 5490 just:
536 5432 626 5487 per
651 5415 941 5490 largitatem
961 5413 1167 5490 recepit.
1193 5408 1430 5490 Pignora_
1445 5424 1796 5490 personarum

198 5477 415 5544 sustulit
435 5477 671 5542 Jacbbus
700 5477 764 5548 il',
795 5500 886 5537 rex
911 5477 1216 5550 Aragoniar,
1254 5477 1380 5533 ann.
1412 5477 1583 5534 l‘269:
1622 5477 1796 5532 Nolu-

200 5577 314 5613 mus
341 5563 483 5629 quod
518 5571 746 5629 persona
769 5554 992 5620 alicujus
1021 5554 1338 5629 pignoretur,
1371 5550 1800 5629 vel_ra_tione__ali-

198 5619 365 5700 cujus
376 5619 613 5700 pignoris
629 5626 887 5694 capiatur,
901 5619 999 5700 aut
1025 5619 1310 5700 detineatur
1322 5637 1413 5691 pro
1435 5619 1600 5700 debin
1617 5622 1797 5700 _alien_o

199 5691 424 5753 in'terra
436 5691 648 5751 'nostra.
767 5696 1010 5764 quoniam
1045 5709 1160 5746 cum
1189 5693 1380 5745 vicinus
1411 5706 1503 5760 pro
1522 5691 1694 5764 uicina
1721 5691 1798 5758 pi-

200 5781 479 5839 gnoratur,
516 5769 709 5839 sufﬁcit
747 5761 882 5835 quod
911 5781 986 5818 res
1011 5773 1058 5816 et
1092 5779 1190 5818 non
1219 5778 1434 5832 persona
1480 5761 1798 5830 pignoretur.

204 5843 489 5896 iteremus.

1901 4425 2022 4482 nam
2075 4430 2285 4488 missis.
2335 4427 2534 4480 dictum
2573 4425 2836 4498 Joannem
2887 4439 3242 4498 cognomento
3288 4427 3485 4498 Platyn

1899 4500 2188 4553 exarchum
2247 4499 2470 4552 Romam
2521 4497 2819 4560 advocavit,
2866 4497 2955 4565 qui
3007 4498 3105 4564 ipsi
3153 4497 3486 4564 pontificium

1901 4585 2096 4623 nomen
2122 4585 2184 4622 ac
2206 4566 2512 4637 dignitatem
2544 4577 2848 4622 assereret:
2881 4567 3173 4630 exarcltus,
3205 4580 3326 4618 cum
3357 4567 3484 4637 Ser-

1899 4641 2040 4708 gium
2076 4636 2326 4709 legitimis
2348 4638 2612 4709 suffragiis
2634 4654 2697 4691 ex
2719 4639 2989 4691 communi
3015 4652 3282 4709 consensu
3312 4636 3491 4709 vidis-

1901 4707 1981 4763 set
2010 4710 2060 4762 in
2092 4707 2222 4763 sede
2245 4708 2410 4762 sancti
2443 4709 2586 4762 Petri
2630 4710 2971 4772 collocatum,
3005 4708 3246 4762 Paschali
3293 4707 3492 4760 sufi'ra-

1902 4783 2014 4849 gari
2046 4795 2152 4834 non
2183 4779 2362 4842 valuit,
2410 4781 2501 4832 sed
2533 4793 2563 4830 a
2594 4778 2780 4848 Sergio
2808 4781 2986 4848 exegit
3012 4789 3225 4834 centum
3273 4779 3390 4831 altri
3425 4777 3492 4831 li-

1906 4855 2046 4915 bras,
2074 4865 2205 4919 quas
2239 4850 2338 4917 ipsi
2383 4851 2699 4916 promiserat
2753 4849 3042 4904 Paschalis.
3073 4852 3218 4916 Quas
3265 4862 3385 4902 cum
3435 4861 3494 4899 se

1905 4937 2002 4975 nec
2025 4919 2330 4989 promisisse
2357 4928 2744 4974 contestaretur
2761 4920 3001 4989 Sergius,
3029 4935 3124 4973 nec
3156 4920 3263 4974 illis
3283 4919 3496 4989 solven-

1904 4994 1986 5045 dis
2017 4987 2308 5045 Ecclesiam
2339 4991 2466 5044 satis
2490 5005 2632 5055 esse,
2657 4999 2712 5044 et
2737 4990 2804 5043 ad
2850 4987 3167 5044 flectendum
3195 4987 3489 5040 exarchum

1903 5063 2186 5115 cantharus
2234 5071 2287 5115 et
2328 5075 2576 5124 coronas,
2619 5075 2740 5130 quae
2785 5073 2912 5115 ante
2962 5074 3170 5114 sacrum
3201 5059 3493 5130 altare,_et

1903 5134 2293 5186 confessionem
2334 5131 2474 5185 beati
2516 5127 2654 5185 l‘etri
2682 5145 2744 5183 ex
2778 5133 2994 5200 antiquo
3034 5129 3357 5200 pendebant,
3394 5127 3490 5180 de-

1905 5204 2028 5272 poni
2053 5204 2321 5270 jussissel,
2353 5211 2408 5255 et
2450 5203 2503 5255 in
2546 5203 2735 5270 pignus
2765 5198 2924 5266 tradi,
2961 5198 3126 5272 nihilg
3150 5198 3318 5272 magis
3343 5211 3493 5251 com-

1904 5266 2082 5328 motus
2109 5285 2192 5327 est
2223 5266 2382 5324 homo
2412 5266 2649 5340 pecuniae
2690 5273 2898 5336 avidus,
2947 5284 3044 5322 nec
3089 5266 3344 5322 Ecclesia:
3375 5282 3492 5321 mo-

1904 5347 2074 5398 festus
2099 5357 2220 5398 esse
2249 5339 2430 5407 desiit,
2462 5346 2634 5397 donec
2662 5352 2875 5397 centum
2908 5341 3019 5392 auri
3067 5339 3229 5392 libras
3249 5341 3490 5404 accepis-

1902 5425 2004 5468 set.
2064 5413 2178 5468 Non
2222 5414 2389 5466 multo
2443 5423 2561 5482 post
2613 5415 2800 5482 magia:
2850 5411 3121 5465 convictus
3154 5408 3442 5482 Paschalis
3471 5449 3489 5472 ,

1904 5486 2171 5552 pontificis
2200 5479 2466 5538 sententia
2493 5487 2560 5538 ab
2598 5479 3061 5536 arcliidiaconatus
3107 5479 3288 5534 officio
3340 5479 3491 5548 deje-

1901 5566 2019 5610 Ctus
2045 5567 2147 5620 est,
2179 5565 2234 5608 et
2263 5554 2315 5606 in
2365 5554 2744 5610 monasterium
2774 5553 3046 5614 detrusus,
3079 5552 3166 5604 ubi
3200 5559 3319 5619 post
3339 5554 3494 5617 uniu-

1903 5627 2192 5693 quennium
2225 5628 2563 5692 impaenitens
2607 5623 2756 5678 obiit.
2794 5622 2919 5678 Hazc
2958 5631 3207 5678 constant
3237 5634 3300 5674 ex
3346 5623 3494 5672 Aua-

1911 5699 2098 5751 stasio.
2134 5696 2343 5752 Pacius.
