4102 6494
653 517 722 571 19
2020 520 2308 577 SERGIUS
2348 520 2546 575 PAPA.
3843 525 3912 582 90

653 637 676 664 ι
709 628 839 693 Qua:
884 636 937 680 et
981 626 1126 696 quasi
1156 623 1492 697 synodatiter
1518 626 1758 695 deﬁnita,
1788 637 1843 683 et
1868 629 1921 683 in
1951 643 2046 684 sex
2068 631 2231 686 tomis
2259 635 2310 695 Α
2334 631 2524 686 urbem
2553 629 2618 684 ad
2648 630 3094 699 conﬁrmandum,
3123 632 3204 687 vel
3239 632 3290 686 in
3337 629 3600 700 superiori
3645 631 3763 688 loco
3787 635 3911 691 sub-

648 716 916 784 descripta
944 718 1173 772 attribus
1213 718 1549 787 patriarchis,
1581 718 1634 773 id
1668 729 1809 787 esti,
1844 719 2225 787 Alexandrino,

651 804 1274 876 Constantinopolitano,
1319 816 1376 863 et
1421 807 1786 875 Antiocheno,
1842 811 1926 865 vel
1971 811 2183 866 cmteris
2209 812 2229 842 ²

648 896 979 964 consulibus,
1004 897 1094 968 qui
1117 897 1139 929 ⁸
1166 899 1219 953 in
1250 906 1493 967 tempore
1532 898 1644 954 illic
1670 908 2052 966 convenerant,
2093 900 2233 954 sub-

647 988 847 1056 scripta
877 998 1048 1055 erant,
1081 1004 1347 1059 manuque
1376 991 1637 1059 imperiali
1659 989 2035 1058 eonﬁrmata,b
2053 991 2232 1045 missis

650 1078 701 1130 in
724 1078 1170 1153 Lneellum,quod
1192 1080 1214 1113 ⁸
1237 1080 1485 1137 scabrum
1499 1082 1714 1136 carnale
1736 1081 1995 1136 vocitatur
2015 1081 2066 1133 in
2095 1081 2231 1134 hanc

2332 722 2674 778 scribendum
2719 723 2908 794 Sergio
2958 724 3219 795 pontiﬁci,
3265 732 3449 793 utpote
3472 724 3632 794 capiti
3674 726 3909 781 omnium

2333 813 2696 881 sacerdotum,
2750 813 2962 873 direxit.
3015 816 3114 883 Qui
3156 815 3497 870 beatissimus
3547 815 3807 886 pontifex,
3858 828 3916 873 ut

2333 903 2531 958 dictum
2563 913 2668 972 est,
2713 906 2923 975 penitus
2961 905 3135 961 eidem
3184 904 3486 961 Justiniano
3521 905 3762 975 Augusto
3807 921 3911 960 non

2334 993 2617 1062 acquievit,
2643 1008 2744 1051 nec
2772 995 2987 1052 eosdem
3012 1003 3186 1051 tomos
3212 997 3507 1065 suscipere,
3532 1006 3623 1050 aut
3644 996 3913 1051 “lectione

2335 1083 2572 1152 pandere
2605 1100 2789 1152 passus
2808 1095 2911 1141 est.
2947 1095 2974 1125 ο
2995 1086 3159 1141 Ροπο
3185 1098 3278 1142 eos
3307 1094 3364 1141 ut
3393 1084 3661 1140 invalidos
3686 1087 3912 1155 respuis,

1846 1192 2238 1250 VAlilANTES
2276 1191 2674 1253 LECTIONES.

724 1292 739 1323 ⁸
765 1292 874 1356 Al...
902 1287 1191 1352 Constant..
1223 1289 1476 1343 Alexand.

721 1362 741 1391 '
764 1359 897 1412 Cod.
940 1360 1068 1413 Luc.
1094 1369 1148 1414 et
1173 1359 1269 1425 al.,
1300 1358 1619 1425 prazsulibus.

722 1430 744 1463 ³
773 1427 903 1483 Cod.
938 1429 1092 1495 [λιιι-η
1122 1444 1181 1483 eo
1208 1437 1448 1499 tempore.

648 1655 1109 1720 metropolitanus,
1152 1668 1271 1708 eam
1312 1653 1630 1722 legationem
1664 1659 1787 1706 tunc
1831 1651 1982 1722 solus
2011 1652 2217 1716 obibat,

646 1727 790 1780 unde
830 1727 885 1781 in
910 1724 1056 1779 calce
1096 1721 1575 1793 canonum’synodi
1613 1735 1672 1776 se
1702 1721 1947 1793 inscribit
1989 1722 2218 1793 legatum

651 1795 814 1849 totius
829 1793 1019 1866 synodi
1042 1793 1294 1866 Ecclesiae
1318 1790 1595 1866 Romanae,
1614 1790 1860 1866 exemplo
1882 1790 2220 1866 triumlega-

649 1875 822 1917 torum
853 1858 1145 1929 Agathonis
1174 1871 1230 1917 et
1255 1862 1445 1933 synodi
1466 1860 1846 1926 Occidentalis,
1869 1858 1960 1928 qui
1989 1858 2043 1913 in
2072 1867 2220 1912 sexta

647 1934 856 2007 synodo
878 1933 979 1987 hoc
1005 1947 1199 2007 nomen
1227 1939 1648 2007 assumpserant.

721 2004 946 2058 Centum
975 2011 1030 2057 et
1055 2003 1158 2061 duo
1179 1998 1419 2057 canones
1438 2001 1493 2054 in
1533 2001 1633 2054 hac
1673 1998 1878 2070 synodo
1906 1998 2033 2054 editi
2052 2006 2218 2070 sunt,

655 2085 712 2130 ut
744 2082 1009 2129 testantur
1051 2081 1268 2127 sanctus
1315 2071 1593 2139 Tarasius,
1626 2069 1854 2135 septima
1895 2069 2223 2140 synodusin

679 2145 971 2200 el‘utatione
1006 2150 1303 2197 conventus
1344 2138 1729 2203 iconoclastici,
1765 2138 1986 2193 Photins
2035 2140 2088 2192 in
2118 2138 2222 2193 No-

648 2228 969 2276 rnocanone,
993 2223 1048 2269 et
1084 2221 1271 2267 auctor
1297 2212 1462 2266 libelli
1505 2209 1770 2276 synodici.
1804 2208 1883 2262 Ex
1915 2209 2015 2263 illis
2044 2209 2224 2277 plures

648 2283 1004 2353 snnt~optimi,
1032 2291 1088 2337 et
1113 2283 1202 2350 qui
1229 2283 1500 2353 antiquam
1532 2279 1788 2353 Ecclesiae
1809 2277 2145 2353 disciplinam
2169 2285 2226 2353 ut

648 2348 936 2415 plurimum
977 2348 1245 2408 redolent.
1290 2352 1441 2408 Unde
1488 2364 1608 2405 cum
1635 2349 1846 2418 plurimi
1877 2351 1983 2401 sint
2027 2348 2222 2402 laudati

649 2424 875 2494 iureque
901 2421 1178 2494 laudandi,
1217 2435 1323 2475 non
1363 2429 1488 2474 sunt
1514 2433 1703 2494 omnes
1748 2419 1815 2473 ab
1846 2418 2082 2472 Ecclesia
2120 2420 2227 2494 lto-

653 2486 810 2547 inana
837 2491 1046 2562 rejecti,
1086 2489 1184 2562 sed
1229 2500 1433 2544 tantum
1459 2491 1715 2562 quinque,
1747 2503 1938 2555 nempe
1967 2502 2137 2541 canon
2167 2486 2223 2553 2,

654 2578 762 2632 quo
789 2561 1057 2631 octoginta
1099 2561 1333 2631 quinque
1360 2561 1723 2632 apostolorum
1755 2567 2066 2632 canoneset
2097 2572 2229 2611 con-

654 2627 961 2687 stitutiones
1011 2627 1371 2686 decernuntur
1398 2627 1763 2684 admittenda:
1788 2670 1803 2696 ,
1843 2627 1999 2682 sicuti
2040 2637 2094 2682 et
2134 2642 2227 2682 ca-

656 2718 760 2755 non
795 2701 882 2766 i3,
910 2716 1019 2770 quo
1044 2702 1127 2756 lex
1155 2699 1505 2755 ecclesiastici
1527 2699 1802 2754 caelibatus
1825 2697 2146 2770 cmicutitur,
2176 2707 2230 2770 et

655 2767 952 2827 castissima
1009 2772 1265 2826 Romanae
1314 2770 1570 2825 Ecclesiae
1621 2767 2032 2838 reprehenditur
2072 2767 2232 2821 disci-

653 2843 821 2908 plina,
857 2857 957 2912 qua
999 2844 1169 2896 sacris
1214 2841 1472 2895 ministris
1520 2855 1646 2912 usus
1697 2839 1929 2912 conjugii
1961 2838 2232 2912 interdici-

653 2921 762 2968 tur.
795 2908 935 2980 Quin
964 2913 1123 2967 etiam
1161 2926 1255 2966 eos
1299 2912 1388 2979 qui
1432 2908 2075 2979 presbyteris,diaeonis,
2107 2908 2233 2980 sub-

653 2984 892 3037 diaconis
920 2983 1357 3051 eonjunctionem
1396 2990 1449 3035 et
1479 2980 1927 3051 consuetudinem
1955 2993 2074 3032 cum
2104 2979 2232 3048 legi-

656 3055 782 3107 tima
811 3066 981 3108 uxore
1008 3049 1380 3120 prohibuerint
1398 3051 1740 3105 anathemate
1765 3049 1887 3104 ferit
1915 3049 2016 3103 istc
2030 3062 2229 3120 canon.

657 3122 773 3176 Non
803 3131 887 3179 est
910 3118 1073 3177 etiam
1119 3122 1448 3191 approbatus
1490 3134 1661 3175 canon
1702 3121 1792 3191 55,
1819 3135 1956 3191 quo_
1968 3118 2231 3188 jejunium

650 3192 863 3249 Sabbati
887 3194 941 3247 in
973 3189 1209 3247 Ecclesia
1230 3192 1468 3249 Romana
1494 3190 1903 3245 celeberrimum
1926 3189 2228 3242 damnatur.

651 3263 762 3317 Nec
790 3264 951 3317 etiam
973 3277 1146 3316 canon
1178 3263 1270 3325 67,
1302 3262 1679 3315 abstinentiam
1706 3276 1735 3312 a
1759 3259 2014 3328 sanguine
2037 3266 2097 3313 et
2120 3258 2230 3313 sul-

654 3332 832 3386 focato
860 3330 1200 3396 clericis,sub
1221 3330 1570 3398 depositionis
1592 3344 1746 3398 poma
1769 3329 1921 3383 laicis
1946 3330 2045 3383 sub
2072 3342 2228 3397 poena

652 3400 1244 3465 excommunicationis,
1273 3400 1583 3467 prohibens,
1602 3414 1825 3468 eamque
1854 3400 2228 3453 abstinentiam

656 3473 802 3526 velut
837 3486 900 3526 ex
932 3471 1124 3525 divina:
1155 3471 1444 3539 Scriptum
1486 3471 1737 3523 mandato
1781 3471 2073 3524 etiamnum
2100 3470 2233 3524 obli-

653 3553 813 3611 gante
849 3542 1148 3610 imponens.
1194 3541 1300 3594 Nec
1336 3540 1480 3594 omni
1512 3548 1756 3611 exparte
1783 3542 2109 3611 approbatus
2149 3546 2231 3611 est

653 3609 822 3668 canon
868 3609 957 3678 82,
980 3627 1086 3679 quo
1135 3611 1444 3681 prohibetur
1473 3624 1540 3665 ne
1568 3610 1808 3665 Christus
1851 3609 2231 3681 Salvator‘deo

653 3682 909 3751 pingatur
937 3678 1246 3751 inimagine
1268 3681 1413 3749 agni,
1435 3681 1574 3751 sicut
1609 3690 1855 3734 ostensus
1881 3689 1963 3734 est
1992 3678 2230 3749 patribus

652 3750 707 3807 in
760 3758 920 3822 ﬁgura
950 3793 967 3819 ,
1026 3753 1119 3808 sed
1177 3752 1228 3805 in
1276 3752 1503 3819 imagine
1551 3750 1815 3818 hominis,
1862 3764 1965 3821 qua
2013 3751 2229 3804 demum

654 3838 840 3877 omnes
867 3832 991 3878 sunt
1016 3822 1320 3890 adimpleta:
1356 3823 1557 3890 ﬁgurae.

726 3894 829 3947 Alii
859 3907 1114 3959 canones,
1154 3907 1288 3961 quos
1318 3891 1445 3962 jure
1474 3891 1765 3946 laudandos
1790 3890 2042 3956 diximus,
2075 3900 2131 3945 ut
2160 3905 2225 3945 ex

655 3977 840 4019 eorum
872 3964 1103 4018 lectione
1123 3971 1179 4017 et
1196 3964 1447 4017 examine
1471 3964 1689 4018 cuilibet
1717 3963 1934 4032 patebit,
1963 3976 2069 4015 non
2102 3972 2230 4017 sunt

653 4035 723 4090 ab
754 4034 994 4089 Ecclesia
1034 4034 1272 4088 Romana
1315 4031 1522 4102 rejecti.
1557 4033 1623 4087 Ut
1653 4049 1794 4087 enim
1824 4033 1912 4086 hic
1955 4033 2023 4087 de
2054 4034 2228 4100 primo

655 4114 712 4158 et
737 4105 923 4158 ultimo
968 4112 1170 4159 tantum
1200 4103 1409 4171 loquar,
1444 4105 1647 4171 primus
1678 4104 1833 4158 tidem
1863 4118 1892 4155 a
1932 4116 2025 4158 sex
2051 4103 2230 4157 conci-

657 4174 740 4228 liis
768 4174 1117 4230 oceumenicis
1141 4174 1508 4228 conﬁrmatam
1537 4181 1593 4228 et
1631 4175 1699 4229 ab
1727 4173 2036 4243 apostolicis
2062 4173 2228 4226 tradi-

659 4255 770 4298 tam
815 4244 1193 4299 inviolabiliter
1241 4245 1559 4299 servandam
1611 4258 1736 4299 esse
1764 4242 1951 4298 docet.
2001 4242 2230 4298 Ultimus

658 4328 790 4369 vero
827 4314 1293 4382 praestantissimas
1324 4329 1417 4382 pro
1445 4315 1762 4384 excipienda
1787 4312 2125 4384 confessione
2150 4314 2228 4366 le-

657 4399 750 4454 ges
792 4393 847 4440 et
892 4394 1155 4453 praecepta
1186 4385 1444 4449 continet,
1473 4396 1528 4441 et
1566 4383 1725 4453 quam
1766 4383 2060 4454 prudenter
2102 4397 2228 4452 erga

659 4453 976 4527 poenitentes
1006 4457 1255 4512 sacerdos
1280 4472 1338 4511 se
1364 4470 1550 4526 gerere
1575 4454 1788 4527 debeat.
1826 4453 2003 4520 Ipsum
2033 4466 2228 4527 nempe

658 4523 1003 4581 considerare
1047 4527 1248 4583 debere
1297 4523 1498 4593 peccati
1536 4523 1873 4594 qualitatem,
1928 4525 2228 4589 peccatoris

660 4612 756 4665 pro
781 4597 1130 4652 conversione
1156 4607 1388 4651 testuans
1417 4593 1763 4665 desiderium,
1796 4599 1851 4646 et
1888 4593 2075 4648 morbo
2096 4606 2222 4665 eou-

659 4653 962 4721 nenientem
990 4669 1328 4723 medicinam.
1364 4665 1570 4720 Debere
1596 4653 1902 4717 examinare
1934 4676 2001 4715 an
2029 4663 2225 4717 malum
2256 4653 2311 4713 D
2334 4664 2598 4717 hominum
2623 4653 2711 4731 qni
2741 4674 2858 4717 sunt
2881 4664 2933 4716 in
2948 4653 3115 4716 'sac'ris

657 4739 862 4790 oriatur
882 4750 946 4792 ex
970 4737 1177 4805 habitu,
1205 4752 1273 4790 an
1307 4751 1372 4790 ex
1403 4734 1730 4805 inﬁrmitate,
1758 4746 1826 4785 an
1869 4748 1935 4805 ex
1965 4746 2124 4801 prava
2150 4734 2229 4786 af-

658 4805 904 4862 fectione.
938 4801 1175 4878 Denique
1197 4805 1479 4878 pastoralis
1518 4804 1683 4871 ipsius
1710 4816 1830 4857 eSse
1851 4801 2012 4878 ofﬁcii
2043 4817 2231 4878 erran-

661 4886 764 4931 tem
793 4893 945 4934 ovem
985 4874 1268 4940 reducere,
1299 4874 1526 4943 ideoque
1552 4888 1711 4942 neque
1737 4889 1826 4944 per
1866 4874 2231 4943 desperationis

658 4949 943 5018 praecipitia
987 4948 1216 5015 impellat
1248 4955 1604 5018 peccatorem,
1637 4959 1731 5018 nec
1754 4944 1823 4995 ad
1850 4945 1964 5018 vine
2003 4944 2231 5018 dissolu-

655 5013 842 5073 iionem
870 5029 914 5072 et
940 5013 1276 5085 contemptum
1301 5017 1445 5082 frena
1468 5016 1680 5067 relaxet.
1708 5015 1780 5068 De
1802 5013 2051 5068 omnibus
2073 5014 2230 5067 Trul-

652 5089 796 5142 lana:
822 5086 1013 5158 synodi
1043 5082 1475 5158 caunnibustani
1518 5084 2009 5158 approbatisquam
2043 5099 2231 5151 repro-

661 5159 797 5211 batis
830 5152 1085 5225 lcgendus
1107 5152 1308 5225 Lupus,
1341 5152 1393 5206 in
1421 5153 1562 5208 notis
1585 5164 1639 5207 et
1665 5154 1885 5210 scholiis
1906 5154 1975 5209 ad
1995 5168 2232 5209 canones

658 5226 870 5281 concilii
888 5223 1155 5277 "l‘rullani.
1189 5223 1397 5277 PAGIUS.

731 5306 758 5338 ι
787 5294 915 5358 Quae
932 5301 979 5346 et
1004 5293 1153 5364 quasi
1177 5293 1491 5364 synodaliter
1512 5293 1742 5361 definita.
1780 5295 1877 5349 llic
1905 5295 2052 5350 locus
2074 5296 2233 5349 etiam

660 5364 782 5418 addi
809 5371 984 5432 potest
1015 5363 1411 5434 probationibus
1440 5379 1573 5432 quas
1612 5364 2005 5420 eruditissimus
2048 5367 2239 5430 praesul

658 5431 971 5500 Ciatnpinus
1016 5431 1238 5489 adduxit
1284 5431 1409 5504 (In,
1436 5431 1686 5489 Examina
1727 5436 1846 5489 libri
1893 5435 2236 5504 Ponti/icalis,

659 5513 782 5558 sect.
812 5504 870 5573 6)
899 5514 955 5558 ut
980 5508 1275 5571 evinceret,
1298 5504 1636 5558 Anastasium
1660 5505 2121 5560 Bibliothecarirnn
2147 5523 2243 5559 au-

658 5586 858 5631 ctorem
888 5591 993 5629 non
1022 5590 1144 5630 esse
1167 5575 1403 5630 omnium
1439 5576 1671 5629 Vitarum
1703 5576 2009 5643 pontiﬁcum
2040 5591 2158 5643 que
2188 5577 2239 5629 in

657 5647 847 5700 eodem
864 5646 1152 5700 Pontilicali
1176 5656 1299 5700 sunt
1319 5644 1532 5714 scriptas
1559 5682 1575 5709 ,
1612 5662 1738 5714 qua:
1759 5648 1860 5699 sub
1885 5646 1997 5713 ejus
2029 5647 2242 5701 nomine

660 5717 799 5787 typis
827 5718 1050 5785 vulgatae
1076 5724 1219 5787 sunt.
1266 5720 1464 5771 Auctor
1489 5716 1630 5769 enim
1665 5715 1821 5785 hujus
1863 5716 1993 5769 Vitae
2022 5716 2191 5786 Sergii
2224 5720 2243 5771 ι

661 5786 845 5842 scribit
879 5788 932 5841 in
963 5787 1062 5841 hac
1087 5786 1324 5841 sectione
1354 5788 1638 5856 pugnantia
1662 5788 1884 5839 adversa
1917 5787 2090 5840 lroute
2119 5803 2241 5842 cum

659 5857 727 5913 iis
753 5872 875 5929 qua:
897 5856 1201 5929 Anastasius
1217 5854 1377 5911 refert
1395 5854 1447 5909 iri
1459 5854 1876 5929 prmiationibus
1896 5858 2242 5929 synodornm,

660 5926 787 5989 tum'
823 5929 1059 6009 septimae
1084 5927 1148 5981 ad
1174 5926 1430 5983 Joannem
1459 5926 1589 5997 Vlll,
1615 5935 1723 5980 tum
1749 5936 1945 5982 octavae
1968 5927 2032 5981 ad
2058 5929 2242 5983 Adria-

2256 3300 2303 3362 C

2410 1286 2431 1318 ’⁵
2457 1288 2591 1361 God.
2622 1289 2775 1354 Lttc.,
2801 1290 3028 1345 ehartale
3051 1307 3071 1357 ;
3104 1290 3251 1346 locus
3277 1301 3592 1361 corruptus;
3623 1292 3718 1358 aL,
3743 1295 3919 1349 scebra

2337 1359 2535 1411 carnali
2557 1362 2823 1413 vocitatur.

2408 1426 2431 1460 ⁸
2458 1428 2591 1484 Cod.
2615 1430 2768 1496 Luc.,
2798 1430 3016 1485 lectioni.

1962 1539 2317 1597 VAIHOBUM
2356 1538 2586 1597 NOTAE.

2330 1668 2455 1706 num
2486 1654 2545 1708 ll.
2575 1654 2752 1711 Satius
2776 1657 2879 1711 erit
2909 1656 3255 1713 Anastasiana
3285 1656 3445 1711 verba
3471 1657 3598 1711 huic
3633 1658 3750 1711 loco
3781 1656 3912 1711 sub-—

2323 1721 2510 1796 jicere,
2545 1734 2601 1779 ut
2644 1727 2868 1795 quisque
2899 1730 3055 1783 unico
3098 1726 3286 1781 obtutu
3334 1727 3701 1796 deprehendat
3734 1742 3800 1781 an
3842 1727 3915 1781 ab

2325 1793 2513 1865 eodem
2540 1793 2746 1848 calamo
2786 1793 3057 1864 potuerint
3107 1793 3532 1863 proﬁcisciftum
3577 1811 3637 1848 ea
3681 1812 3800 1865 qua:
3842 1797 3913 1853 de

2326 1861 2536 1936 duobus
2558 1876 2718 1932 supra
2746 1861 2958 1919 centum
2990 1861 3280 1936 canonibus
3319 1866 3508 1936 synodi
3535 1861 3780 1920 erratica:
3826 1866 3913 1920 hic

2253 1951 2301 2012 Β
2331 1928 2598 2012 leguntur,
2627 1928 2755 2012 'tn-m
2785 1949 2846 1989 ea
2875 1949 2993 2012 quae
3023 1937 3089 2012 de
3134 1928 3436 2012 eisdem’_in_
3470 1945 3693 2012 utraque
3723 1938 3913 2012 praefa-

2329 2000 2492 2074 t_ioneA
2515 2000 2970 2074 enuntianturfln
3001 2006 3171 2074 prima
3211 2005 3323 2058 hinc
3353 2004 3511 2074 habet
3558 2000 3867 2059 Aiiastasius
3900 2024 3912 2058 ;

2325 2068 2552 2143 Regulae
2575 2088 2703 2141 quas
2744 2072 2915 2127 Graeci
2957 2068 3069 2128 a'v1
3094 2074 3288 2143 synodo
3318 2073 3580 2142 perhibent
3622 2076 3815 2137 editas,
3844 2077 3917 2129 ita

2324 2139 2380 2192 in
2403 2140 2499 2214 hac
2528 2139 2725 2214 synido
2754 2145 3050 2214 principalis
3070 2139 3216 2197 sedes
3248 2139 3493 2208 admittit,
3533 2154 3591 2197 ut
3620 2144 3913 2198 nullatenus

2325 2225 2390 2283 ea:
2428 2210 2644 2283 hisillte
2691 2210 3024 2283 recipiantur,
3055 2228 3178 2282 qua:
3211 2214 3466 2280 prioribus
3513 2215 3791 2267 canonibus
3832 2218 3913 2268 vel

2326 2279 2540 2355 decretis
2590 2279 2886 2355 sanctorum
2931 2279 3089 2355 hujus
3135 2283 3271 2355 sedis
3315 2284 3634 2353 pontiﬁcum,
3668 2294 3754 2338 aut
3782 2297 3918 2338 certe

2326 2350 2470 2423 bonis
2519 2353 2779 2417 moribus,
2814 2350 3139 2408 inveniuntur
3177 2350 3420 2423 aduersis,
3461 2350 3701 2423 quamvis
3743 2370 3918 2409 omnes

2328 2418 2573 2494 hactenus
2606 2438 2668 2476 ea;
2687 2431 2790 2477 tota
2812 2432 3054 2494 maneant
3075 2423 3214 2491 apud
3242 2418 3450 2478 Latinos
3478 2418 3769 2494 incognitae,
3791 2427 3918 2484 quia

2330 2491 2807 2563 necinterpretatnz.
2836 2492 2942 2548 Sed
2973 2509 3065 2547 nec
3091 2495 3151 2547 in
3166 2502 3465 2548 cteterarum
3492 2491 3919 2563 patriarchalium

2329 2561 2548 2633 aedium,
2578 2561 2691 2615 licet
2714 2561 2897 2617 Greca
2923 2572 3130 2617 utantur
3160 2564 3356 2632 lingua,
3385 2561 3712 2633 reperiuntur
3744 2564 3919 2618 archi-

2328 2630 2422 2694 vis,
2474 2631 2716 2705 nimirum
2742 2635 2864 2702 quia
2911 2635 3051 2705 nulla
3078 2630 3287 2697 eorum,
3331 2630 3451 2705 cum
3486 2634 3777 2699 ederentur,
3826 2644 3921 2689 aut

2330 2703 2696 2770 promulgans,
2726 2709 2813 2755 aut
2858 2703 3193 2768 consentiens,
3232 2712 3320 2755 aut
3349 2704 3531 2756 saltem
3576 2719 3799 2771 praesens
3840 2705 3924 2758 in-

2331 2780 2479 2824 venta
2505 2782 2599 2826 est.
2634 2771 2939 2839 Quanquam
2967 2773 3173 2826 eosdem
3220 2773 3398 2826 Patres
3443 2772 3561 2825 illas
3597 2771 3766 2826 (ἵνωεί
3795 2790 3926 2840 pro-

2334 2844 2568 2912 mulgare
2592 2843 2909 2912 perhibeant,
2936 2842 3024 2908 qui
3064 2843 3116 2894 in
3145 2850 3287 2896 sexta
3323 2841 3520 2912 synodo
3547 2852 3667 2912 sunt
3707 2844 3926 2900 inventi.

2333 2908 2442 2964 Sed
2471 2912 2567 2964 hoc
2592 2908 2761 2965 nullis
2811 2914 3025 2978 probare
3066 2913 3213 2966 certis
3257 2908 3465 2978 possunt
3492 2910 3720 2965 indiciis.
3756 2913 3809 2964 In
3838 2917 3926 2965 al-

2334 2988 2446 3033 tera
2472 2995 2604 3051 vero
2633 2981 2941 3050 praefatione
2973 2998 2986 3034 :
3016 2980 3207 3051 artaci,
3234 2982 3427 3051 inquit,
3452 2988 3499 3033 et
3517 2980 3623 3034 alia
3647 2983 3931 3037 ostendunt

2333 3050 2629 3119 regularum
2659 3068 2930 3105 numerosa
2975 3059 3023 3106 et
3066 3050 3474 3120 prtesumptuosa
3512 3051 3638 3104 satis
3667 3051 3927 3121 capitula,

2333 3123 2515 3189 priscte
2541 3122 2807 3175 traditioni
2836 3138 2962 3187 pene
2989 3122 3163 3175 omnia
3181 3123 3328 3176 valde
3353 3122 3635 3183 contraria,
3668 3136 3781 3185 qua:
3809 3138 3841 3173 a
3868 3138 3919 3175 vr

2333 3191 2531 3259 synodo
2555 3193 2818 3261 perhibent
2852 3193 3199 3263 promulgata,
3227 3208 3346 3263 cum
3374 3207 3437 3263 _vr
3463 3191 3690 3263 synodus
3720 3191 3923 3244 nullam

2334 3263 2809 3331 pertulerit'prazter
2839 3262 2960 3331 ﬁdei
2990 3261 3242 3330 regulam.
3276 3261 3383 3316 Sed
3412 3277 3538 3330 quas
3578 3262 3690 3330 ejus
3716 3275 3920 3314 asseve-

2335 3340 2449 3382 rant
2474 3329 2701 3399 regulas,
2733 3329 2884 3401 longe
2903 3340 3014 3401 post
3039 3329 3091 3383 vt
3118 3332 3375 3401 synodum
3392 3329 3530 3398 apud
3558 3331 3697 3400 ipsos
3719 3341 3927 3384 constat.

2332 3415 2489 3470 penes
2513 3416 2566 3452 se
2590 3399 2926 3470 privatimque
2954 3399 3297 3470 depromptas.
3330 3399 3376 3452 Μ
3387 3414 3573 3453 usus.

2406 3468 2433 3506 δ
2464 3468 2654 3523 Missus
2682 3471 2737 3539 in
2761 3468 3025 3536 locellum,
3050 3470 3189 3539 quod
3216 3472 3451 3524 scabrum
3490 3471 3694 3524 carnale
3720 3471 3925 3524 vocita-

2335 3547 2438 3602 tur,
2464 3540 2519 3593 in
2547 3540 2681 3592 hanc
2710 3538 2998 3593 Romanam
3031 3538 3203 3593 urbem
3238 3540 3306 3592 ad
3335 3540 3760 3608 confirmandum.
3789 3541 3926 3597 Sce~

2334 3610 2486 3681 brum
2532 3610 2950 3681 estihorreum,
2995 3610 3123 3681 inde
3143 3610 3543 3681 _emendandus
3586 3611 3919 3681 lngnlphus,

2333 3679 2387 3751 in
2440 3678 2692 3735 Chronic.
2746 3679 3079 3751 Groyland.:
3127 3678 3324 3747 Carpit,
3368 3679 3618 3751 largiente
3652 3678 3926 3748 Domino,

2333 3749 2477 3803 bonis
2501 3752 2732 3803 omnibus
2756 3749 3035 3815 abundare,
3066 3757 3122 3802 ut
3156 3757 3260 3802 tam
3284 3752 3338 3804 in
3366 3749 3618 3803 thesauris
3654 3767 3715 3803 ac
3767 3767 3927 3805 scau-

2331 3820 2419 3885 ris,
2450 3836 2602 3889 quant
2626 3821 2680 3872 in
2720 3820 2866 3873 terris
2892 3835 2953 3871 ac
2986 3820 3300 3886 tenementis,
3325 3820 3372 3874 ei
3392 3836 3484 3889 pro
3515 3820 3693 3889 primis
3718 3822 3925 3876 amissis

2332 3890 2563 3957 duplicia
2615 3890 2936 3961 postmodum
2988 3891 3338 3944 redderentur.
3381 3890 3484 3946 Pro
3512 3892 3742 3958 scauris,
3798 3892 3925 3961 lego

2331 3961 2536 4024 scabris,
2572 3961 2655 4014 vel
2685 3959 2892 4015 securis.
2927 3964 3240 4015 Amasenus
3269 4000 3284 4015 .

2407 4042 2430 4070 ε
2462 4030 2631 4102 Porro
2681 4047 2765 4102 eos
2812 4042 2868 4085 ut
2915 4031 3167 4102 inualidos
3203 4031 3421 4102 respuit.
3461 4030 3618 4102 Quod
3644 4032 3922 4100 pratcipue

2333 4101 2499 4155 movit
2539 4100 2844 4170 pontiﬁcem
2877 4102 2942 4155 ad
2973 4101 3023 4155 id
3052 4100 3343 4156 concilium
3392 4101 3764 4170 rejiciendum.
3816 4102 3926 4158 fuit

2331 4172 2704 4242 episcoporum
2758 4172 2990 4227 Orientis
3034 4172 3329 4237 temeritas,
3354 4171 3442 4241 qui
3479 4172 3740 4227 adversus
3764 4173 3922 4227 caeli-

2333 4241 2526 4296 batum'
2545 4244 2981 4310 presbyterorum
3013 4250 3068 4310 et
3094 4242 3462 4305 diaconorum,
3491 4256 3614 4297 eum
3642 4244 3925 4297 evertendi

2332 4309 2639 4379 animo,’ita
2665 4312 2928 4366 deﬁniunt
2952 4328 2964 4363 :
2994 4309 3249 4376 Quoniam
3277 4311 3528 4365 Romanae
3566 4310 3807 4367 Ecclesia:
3827 4330 3928 4379 pro

2331 4397 2527 4437 canone
2586 4381 2832 4435 traditum
2878 4398 2988 4452 esse
3037 4382 3364 4451 cognovimus
3409 4392 3463 4435 ut
3495 4383 3823 4452 promovendi
3853 4386 3928 4438 ad

2332 4454 2678 4517 diaconatum,
2729 4453 2807 4506 vel
2856 4451 3292 4522 presbyteratum,
3343 4453 3683 4521 proﬁteantur
3733 4468 3788 4507 se
3818 4470 3929 4508 non

2331 4525 2556 4587 amplius
2595 4524 2704 4576 suis
2731 4524 2975 4576 uxoribus
3020 4523 3422 4592 conjungendos,
3482 4539 3596 4587 nos,
3653 4525 3930 4592 antiquum

2333 4609 2579 4646 canonein
2623 4593 2920 4662 apostolica:
2947 4592 3295 4664 perfectionis
3319 4593 3622 4664 ordinisqne-
3645 4604 3929 4660 servantes,
4000 4641 4006 4645 r

3154 4662 3382 4735 legitima
3405 4662 3648 4735 conjngia
3683 4665 3931 4733 deinccp's

2335 4750 2533 4803 quoque
2585 4734 2739 4802 firma
2782 4744 2828 4787 et
2872 4733 3077 4786 stabilia
3121 4733 3231 4786 esse
3286 4733 3577 4799 uolumus,’
3606 4750 3931 4803 nequaquam

2336 4820 2515 4858 eorum
2562 4820 2678 4857 cum
2710 4804 2954 4858 umoribus
2984 4803 3392 4874 conjunctionem
3439 4804 3794 4869 dissolventes,
3844 4808 3932 4859 rel

2334 4890 2418 4928 eos
2464 4885 2639 4927 mutua
2668 4883 2890 4944 tempore
2911 4873 3223 4928 convenienti
3245 4875 3612 4931 consuetudine
3639 4876 3924 4944 privantes.

2340 4945 2677 5013 Quamobrem
2707 4946 2751 4996 si
2774 4943 2915 5014 quis
2960 4945 3152 5014 dignus
3174 4943 3404 4997 iuventus
3433 4946 3607 5013 fuerit,
3633 4943 3722 5013 qui
3750 4945 3927 5013 hypo-

2335 5012 2603 5081 diaconus,
2648 5014 2723 5067 vel
2755 5012 3038 5079 diaconus,
3076 5012 3153 5068 vel
3186 5012 3443 5085 presbyter
3469 5012 3750 5085 ordinetur,
3774 5012 3827 5066 is
3848 5017 3924 5067 ad

2339 5088 2490 5140 talem
2520 5085 2740 5156 gradum
2767 5084 2958 5156 assumi
2986 5100 3306 5156 nequaquam
3340 5084 3667 5156 prohibeatur
3704 5084 3749 5156 si
3799 5100 3927 5139 cum

2341 5153 2567 5227 legitima
2597 5170 2757 5208 uxore
2802 5153 3073 5227 cohabitet.
3105 5154 3215 5227 Sed
3241 5169 3401 5218 neque
3425 5155 3761 5227 ordinationis
3792 5163 3928 5207 tem-

2340 5225 2463 5292 pore
2503 5225 2566 5278 ab
2615 5240 2675 5278 eo
2701 5226 2985 5291 postuletur
3005 5232 3059 5277 ut
3083 5225 3464 5294 prpﬁteaturgse
3492 5240 3523 5275 a
3552 5226 3777 5294 legitima
3803 5240 3929 5279 cum

2342 5312 2500 5350 uxore
2516 5295 2879 5348 consuetudine
2907 5292 3350 5366 abstenturum....
3383 5292 3445 5366 Si
3473 5293 3584 5360 quis
3611 5311 3743 5366 ergo
3764 5295 3928 5362 fuerit

2341 5383 2516 5434 ausus,
2561 5377 2743 5433 prteter
2785 5364 3092 5433 apostolicos
3120 5378 3338 5415 canones
3382 5363 3643 5429 incitatus,
3669 5363 3925 5434 aliquem

2341 5453 2519 5490 eorum
2546 5437 2632 5501 qui
2659 5445 2776 5489 sunt
2798 5439 2850 5488 in
2870 5437 3051 5496 sacris,
3077 5434 3487 5502 presbyterorum
3531 5434 3808 5500 inquimus,
3841 5440 3927 5488 vel

2342 5510 2694 5570 diamnorum,
2728 5506 2805 5559 vel
2857 5504 3343 5575 hypodiaconorunt,
3392 5505 3755 5570 conjunctione
3798 5520 3923 5575 cum

2344 5578 2568 5646 legitima
2595 5591 2752 5630 uxore
2775 5585 2820 5629 et
2854 5572 3219 5646 corssueIudine
3247 5572 3468 5646 privare,
3495 5575 3802 5642 deponatur.
3829 5574 3928 5630 Si-

2345 5643 2531 5700 militer
2553 5657 2600 5701 et
2626 5648 2671 5700 si
2695 5647 2808 5714 quis
2834 5644 3111 5713 presbyter,
3142 5643 3219 5695 vel
3240 5643 3671 5710 diecenus,suam
3703 5660 3921 5698 uxorem

2345 5718 2542 5787 pietatis
2564 5724 2809 5787 prtvlexlu
2826 5715 3066 5787 iejecerit,
3095 5722 3426 5784 segregctut';
3452 5724 3497 5768 et
3522 5715 3567 5769 si
3622 5725 3923 5780 perseveret,

2345 5785 2627 5855 deponatur
2644 5786 2791 5853 (linit.
2816 5785 2924 5851 15).

2418 5859 2681 5911 Praeterea
2728 5855 2829 5909 hoc
2875 5854 3172 5908 Concilium
3219 5868 3454 5909 canones
3509 5854 3739 5908 habehat
3784 5855 3927 5911 alios

2348 5929 2564 5984 minime
2590 5926 2946 5998 recipiendos,
2977 5935 3031 5980 ut
3056 5924 3145 5995 qui
3177 5924 3384 5984 admitti
3430 5925 3585 5996 jubet
3604 5923 3840 5996 quinque
3871 5936 3931 5983 et
