4102 6486
705 431 776 484 25
2076 419 2370 476 SERGIUS
2413 415 2611 474 PAPA.
3909 425 3978 482 24

706 538 1120 612 lacrymabiliter
1145 547 1206 593 ut
1247 537 1330 592 sui
1360 537 1594 608 pontifex
1625 536 1990 600 misereretur,
2021 549 2118 589 nec
2170 549 2294 603 per-
2324 535 2377 595 Α
2403 541 2510 587 tam
2559 531 2814 588 Ecclesia:
2845 531 2961 598 Dei,
3010 547 3275 604 quamque
3317 535 3641 594 sanctissimi
3692 538 3976 609 pontificis,

705 633 942 690 mitteret
971 643 1292 699 quemquam
1337 628 1456 699 ejus
1483 627 1676 684 animm
1706 625 1973 682 infestari.
2019 624 2298 679 Exercitus

703 733 880 780 autem
907 719 1238 777 Ravennatis
1269 719 1542 788 ingressus
1594 732 1688 786 per
1713 725 1924 788 portam
1973 715 2112 770 beati
2149 715 2290 770 Petri

701 813 955 886 apostoli,
981 827 1102 867 cum
1134 809 1299 865 armis
1325 818 1378 864 ct
1406 812 1423 842 ι
1453 808 1606 864 turba
1624 809 1676 862 in
1699 793 2056 862 Lateranense
2085 805 2293 874 episco-

701 907 846 976 pium
875 903 1046 972 venit,
1075 901 1383 972 pontiﬁccm
1413 899 1599 954 videre
1641 906 1897 961 testuans,
1927 910 2106 965 quem,
2153 893 2295 948 fama

699 997 970 1068 vulgante,
1016 1010 1113 1068 per
1163 1003 1372 1051 noctem
1422 992 1688 1052 sublatum
1715 990 1840 1046 etin
1869 989 2135 1060 navigium
2166 987 2294 1043 inis-

702 1101 821 1146 sum
867 1086 1032 1141 fuisse
1060 1086 1080 1115 ²
1121 1089 1507 1160 cognoverant.
1541 1081 1783 1152 Dumque
1813 1079 1955 1134 fores
1985 1077 2293 1146 patriarchii

701 1185 806 1232 tam
831 1173 1120 1230 inferiores
1147 1187 1308 1244 quam
1337 1169 1641 1240 superiores
1668 1175 1850 1223 essent
1877 1167 2093 1230 clausas,
2119 1165 2212 1222 bas
2239 1166 2292 1220 in

702 1273 921 1331 terram,
974 1263 1077 1319 nisi
1127 1261 1359 1319 velocius
1405 1260 1762 1334 aperirentur,
1794 1257 2007 1311 mittere
2053 1254 2074 1285 ³
2121 1255 2286 1316 mina-

699 1365 906 1422 rentur,
937 1371 1048 1427 pra:
1070 1356 1235 1416 nimia
1259 1355 1468 1414 timoris
1508 1352 1775 1424 angustia,
1803 1359 1857 1406 et
1878 1350 2000 1406 vita:
2044 1349 2293 1418 despera-

702 1447 848 1504 tione
869 1446 1161 1504 Zacharias
1191 1445 1456 1514 spatarius
1509 1445 1610 1499 sub
1631 1442 1654 1475 ὀ
1683 1443 1876 1498 lectum
1913 1440 2177 1510 pontificis
2207 1440 2290 1494 in-

698 1554 918 1610 gressus
967 1553 1088 1594 sese
1117 1535 1427 1601 abscondit,
1477 1535 1549 1588 ita
1591 1541 1650 1590 ut
1695 1540 1875 1587 mente
1914 1531 2207 1597 excideret,
2239 1537 2300 1604 et,

698 1633 946 1703 perderet
961 1646 1203 1689 sensum.
1226 1631 1397 1698 Quem
1421 1629 1762 1684 beatissimus
1792 1640 1924 1698 papa
1947 1624 2303 1696 confortavit,

698 1724 883 1779 dicens
932 1732 992 1779 ut
1041 1722 1190 1778 nullo
1219 1721 1379 1776 modo
1434 1720 1669 1774 timeret.
1698 1718 1959 1788 Egressus
1989 1731 2117 1773 vero
2147 1716 2288 1772 idem

697 1815 1042 1870 beatissimus
1085 1811 1328 1882 pontifex
1377 1811 1510 1866 foris
1551 1809 1825 1866 basilicam
1869 1807 2053 1864 domni
2108 1808 2287 1863 'l‘beo-

2397 625 2504 693 jam
2537 639 2566 679 a
2593 624 2902 694 patriarcbii
2930 627 3173 682 custodia
3227 635 3250 667 ³
3296 645 3401 684 non
3432 641 3790 704 recesserunt,
3843 649 3975 704 quo-

2400 729 2568 784 usque
2608 714 3008 772 denominatum
3065 719 3357 787 spatarium
3387 735 3508 776 cum
3535 722 3744 794 injuriis
3773 733 3826 780 et
3852 738 3978 779 con-

2399 805 2629 861 tumeliis
2680 821 2709 860 a
2763 808 2979 862 civitate
3028 807 3267 865 Romana
3335 811 3468 869 foris
3533 815 3554 846 τ
3628 815 3976 885 depellerent.

2398 903 2424 930 ⁸
2456 895 2585 950 Nam
2630 904 2685 951 et
2730 896 2776 952 is
2805 898 2895 968 qui
2947 898 3095 954 illum
3127 901 3347 960 miserat
3390 903 3506 974 ipso
3547 906 3706 960 etiam
3737 914 3976 977 tempore

2395 997 2496 1054 est,
2550 988 2776 1045 Domino
2831 991 3196 1062 retribuente,
3244 1009 3411 1064 regno
3473 998 3728 1066 privatus.
3785 999 3975 1071 Sicque

2395 1079 2631 1135 Ecclesia
2659 1080 2755 1138 Dei
2786 1081 3171 1152 imperturbata
3201 1100 3319 1142 cum
3351 1103 3450 1146 suo
3480 1089 3729 1159 praesule,
3761 1088 3973 1146 Christo

2395 1171 2624 1240 favente,
2660 1184 2868 1229 servata
2895 1183 2999 1230 est.

2466 1261 2563 1317 llic
2586 1263 2929 1321 beatissimus
2951 1265 3032 1320 vir
3055 1265 3107 1320 in
3138 1265 3377 1324 sacrario
3399 1264 3541 1324 beati
3570 1269 3710 1326 Petri
3746 1271 3972 1341 apostoli

2394 1368 2606 1424 capsam
2638 1365 2942 1426 argenteam
2973 1359 3026 1412 in
3055 1359 3247 1428 angulo
3270 1357 3651 1416 obscurissimo
3671 1362 3693 1394 ⁸
3711 1360 3973 1430 iacentem

2394 1454 2468 1514 et,
2492 1461 2556 1500 ex
2576 1447 2851 1516 nigredine
2873 1456 3154 1503 transactae
3175 1449 3508 1518 annositatis,
3537 1465 3636 1506 nec
3658 1452 3701 1506 si
3722 1461 3865 1508 esset
3887 1467 3978 1506 ar-

2393 1537 3080 1608 gentea'apparentem,Dco
3092 1537 3142 1592 ei
3161 1538 3450 1608 revelante,
3469 1538 3980 1609 reperit.b0ratione

2395 1631 2574 1698 itaque
2618 1627 2780 1697 facta,
2822 1628 3052 1700 sigillum
3102 1642 3412 1697 expressum
3444 1629 3687 1695 abstulit,
3727 1630 3976 1686 locellum

2392 1720 2621 1790 aperuit,
2676 1720 2727 1774 in
2760 1735 2868 1791 quo
2926 1719 3152 1775 interius
3191 1720 3527 1788 plumaceum
3557 1735 3625 1776 ex
3673 1721 3979 1776 boloserico

2394 1811 2808 1880 superpositum,
2839 1810 2979 1881 quod
3013 1810 3272 1865 stauracis
3314 1809 3530 1877 dicitur,
3561 1813 3582 1845 ’
3610 1811 3838 1867 invenit.
3867 1811 3977 1868 Eo-

699 1908 1009 1978 doripapae,
1039 1905 1283 1976 apertis“
1305 1904 1486 1975 januis
1516 1903 1571 1958 in
1601 1901 1784 1958 sedem
1824 1915 1946 1972 quae
1993 1901 2156 1972 vulgo
2195 1915 2289 1971 ap-
2323 1888 2370 1948 B
2395 1918 2500 1975 que
2537 1903 2734 1970 ablato,
2796 1903 3021 1959 inferius
3078 1918 3293 1958 crucem
3343 1903 3571 1959 diversis
3617 1920 3680 1960 ac
3725 1905 3980 1973 pretiosis

698 1997 930 2068 pellatur
979 1997 1071 2052 sub
1134 1996 1431 2068 Apostolis,
1489 1991 1894 2065 generalitatem
1962 1993 2170 2048 militias
2235 2001 2290 2049 et

699 2087 881 2157 populi
928 2087 1021 2158 qui
1068 2099 1167 2157 pro
1197 2100 1262 2140 eo
1307 2083 1662 2140 occurrebant
1690 2081 1986 2141 honoriﬁce
2022 2083 2286 2154 suscepit;

698 2175 930 2245 datoque
956 2181 1082 2244 apto
1099 2181 1154 2229 et
1191 2173 1341 2228 suavi
1364 2185 1648 2242 responso,
1669 2185 1858 2227 eorum
1890 2171 2053 2227 corda
2084 2171 2286 2241 finivit;

695 2280 996 2338 quanquam
1026 2264 1108 2324 illi
1157 2264 1278 2321 zelo
1333 2263 1479 2320 ducti
1527 2276 1625 2332 pro
1651 2274 1834 2316 amore
1879 2271 1934 2317 et
1979 2264 2285 2321 reverentia

2394 1993 2656 2064 lapidibus
2682 2002 3020 2064 perornatam
3051 1993 3302 2064 inspexit,
3336 2006 3356 2034 ε
3391 1995 3457 2050 de
3483 2009 3610 2064 qua,
3636 1992 3818 2049 tractis
3849 2010 3979 2064 qua-

2396 2097 2516 2141 tuor
2567 2084 2776 2155 petalis,
2821 2085 2874 2140 in
2925 2084 3116 2154 quibus
3160 2099 3385 2154 gemmae
3421 2086 3619 2144 clausa
3645 2093 3797 2141 erant
3827 2084 3979 2139 mira:

2395 2176 2802 2246 magnitudinis,
2833 2173 2860 2213 ἀ
2909 2184 2963 2230 et
3013 2173 3332 2230 ineffabilem
3375 2175 3678 2244 portionem
3725 2173 3978 2229 salutaris

2394 2267 2524 2338 ligni
2573 2266 2859 2322 dominicae
2887 2266 3061 2321 crucis
3089 2264 3312 2320 invenit.
3339 2269 3468 2332 Quae
3493 2265 3655 2321 etiam
3683 2279 3747 2321 ex
3769 2263 3859 2318 die
3887 2264 3978 2317 illo

1926 2372 2318 2434 VARIANTES
2361 2379 2765 2436 LECTIONES.

767 2473 784 2506 ί
818 2470 930 2537 AL,
961 2471 1117 2535 tuba;
1139 2469 1272 2524 Cod.
1305 2467 1456 2535 Luc.,
1483 2466 1632 2520 turba
1655 2483 1755 2520 non
1777 2465 1980 2519 modica

767 2544 787 2573 ³
811 2538 948 2598 Cod.
973 2540 1129 2608 Luc.,
1157 2539 1453 2592 audierant.

765 2612 787 2643 ³
816 2611 952 2666 Cod.
991 2609 1147 2676 Luc.,
1179 2608 1530 2663 minabantur.

764 2681 788 2713 ⁸
817 2680 949 2735 Cod.
983 2679 1140 2747 Luc.,
1163 2688 1218 2734 et
1245 2678 1342 2743 aL,
1385 2678 1535 2733 lecto.

766 2748 793 2826 ‘_
815 2748 946 2805 Cod.
972 2750 1126 2826 Luc.,
1157 2748 1337 2803 sedeas
1359 2749 1412 2802 in
1435 2749 1584 2812 sede;
1624 2750 1716 2812 aL,
1746 2753 1796 2804 in
1820 2754 1987 2805 sedem
2023 2757 2116 2810 sub
2153 2774 2277 2826 apo-

695 2823 825 2877 stato
854 2821 1255 2892 generalitatem.

2471 2474 2491 2503 ⁸
2510 2472 2640 2528 Cod.
2667 2472 2824 2539 Luc.,
2857 2472 3086 2526 custodia
3117 2472 3440 2537 recederent;
3495 2470 3664 2528 Labb.
3693 2480 3747 2531 et
3775 2473 3974 2541 Mans,

2399 2546 2632 2599 custodia
2671 2552 3003 2598 recesserunt.

2462 2615 2480 2644 ⁷
2507 2613 2638 2670 Cod.
2669 2613 2823 2678 Luc.,
2866 2614 3198 2678 expulissent.

2460 2686 2481 2716 ⁸
2509 2685 2620 2752 AL,
2650 2685 2899 2746 iacentem
2922 2684 3132 2736 invenit.

2459 2757 2479 2787 ’
2511 2756 2618 2820 AL,
2650 2755 2864 2808 interius
2890 2754 3164 2823 repositam
3199 2754 3407 2809 invenit.

2020 2915 2326 2973 VARlORU
2336 2914 2380 2972 Μ
2419 2909 2650 2974 NOTAE.

693 3009 844 3081 rlalis
898 3003 1324 3081 protospatarius
1375 3004 1641 3081 Sergium_
1675 3006 1980 3081 pontificem
2031 3023 2288 3081 compre-

697 3079 934 3135 hendere
987 3080 1343 3150 anniteretur,
1390 3087 1455 3150 ut
1481 3077 1770 3150 captivum
1801 3079 1868 3132 ad
1901 3077 2283 3150 imperatorem

695 3152 952 3212 mitteret,
978 3147 1128 3202 stetit
1156 3147 1224 3201 ad
1256 3146 1522 3216 pontiﬁcis
1549 3145 1921 3202 defensionem
1949 3145 2136 3206 militia
2181 3153 2284 3206 lta-

2397 3007 2560 3061 maria
2599 3012 2868 3058 exornata.
2904 3002 3029 3058 Inde
3069 3003 3329 3074 plumarii
3349 3012 3476 3058 sunt
3522 3004 3774 3072 artiﬁces,
3808 3009 3896 3074 qui
3923 3010 3976 3064 id

2393 3091 2561 3144 genus
2589 3073 2755 3130 vestis
2782 3082 3092 3145 contexunt,
3125 3073 3185 3126 L.
3213 3072 3268 3128 2.
3293 3073 3429 3145 Cod.
3463 3075 3526 3128 de
3546 3091 3720 3130 cacus.
3751 3072 3970 3145 arti/ia,

2391 3148 2481 3212 lib.
2514 3163 2571 3200 ι.
2621 3143 3260 3216 ,Ιιιιηῐίι-πιίοηΑΜειιιιθε.
3313 3143 3512 3216 ιῑμιωιι,
3559 3160 3680 3216 cap.
3712 3143 3976 3216 γ1οειίηὲ

693 3221 816 3300 lica,
869 3233 968 3300 nec
1017 3233 1045 3270 a
1093 3213 1282 3300 Sergio
1323 3216 1593 3300 discessit,
1609 3217 1722 3300 nisi
1755 3227 2035 3300 postquam
2068 3223 2280 3300 iniquus
2313 3235 2356 3297 (ς
2392 3223 2681 3300 εςοηᾳεναᾳι
2708 3214 2970 3300 plumarii.
2994 3213 3178 3300 Iidem,
3210 3214 3431 3300 capfrli’i
3462 3213 3640 3300 ejusd.
3669 3215 3787 3299 libri
3817 3236 3828 3270 :
3857 3217 3972 3300 ΕΞ-

698 3285 1305 3358 imperialiscxsecutor
1325 3285 1685 3358 abiissct._Ea
1714 3302 1842 3358 vero
1872 3285 1943 3358 in
1973 3290 2038 3343 iis
2067 3285 2280 3358 potissi-

695 3355 845 3414 mum
872 3357 1095 3411 urbibus
1117 3355 1342 3424 degebat
1369 3369 1489 3422 quae
1516 3355 1616 3408 sub
1645 3355 1882 3424 episcopi
1909 3355 2280 3415 Ravennaten-

697 3430 773 3484 sis
799 3425 1164 3497 dominatione
1193 3431 1379 3497 erant;
1427 3432 1478 3478 et
1506 3437 1638 3494 quas
1657 3436 1906 3497 recenset
1935 3429 2192 3497 Agnellus
2223 3429 2276 3484 in

697 3513 796 3556 suo
825 3495 1133 3568 pontiﬁcali,
1160 3505 1295 3568 part.
1330 3493 1385 3559 2,
1429 3495 1725 3568 praesertim
1759 3509 1881 3564 curn
1915 3493 2075 3568 vaiia:
2096 3501 2280 3555 subin-

697 3570 765 3624 de
793 3564 1221 3624 concertationes
1254 3564 1416 3640 inter
1444 3565 1723 3633 pontifices
1751 3574 1806 3619 et
1844 3567 2124 3640 episcopos
2168 3571 2278 3625 lla-

699 3640 1006 3695 vennatium
1032 3637 1350 3691 exarserint.
1384 3635 1668 3689 Beucmus.

771 3720 799 3748 ι
832 3709 972 3763 Nam
1001 3717 1048 3763 et
1073 3708 1116 3761 is
1145 3706 1233 3778 qui
1253 3706 1401 3778 illum
1429 3707 1656 3778 miserat,
1706 3714 1811 3778 et_c.
1859 3707 2112 3765 Leontius
2144 3726 2280 3776 prte-

701 3781 892 3844 fectus,
923 3774 1199 3844 accepto'a
1230 3775 1434 3832 Graecis
1477 3777 1701 3845 imperio
1748 3774 2100 3833 Iustinianum
2145 3774 2277 3836 naso

703 3847 1428 3919 truncatunt_Chersonesum
1460 3846 1520 3919 in
1568 3847 1812 3919 exsilium
1844 3851 2111 3919 relegavit
2137 3867 2277 3908 anno

697 3921 900 3991 Christi
922 3917 1049 3982 6‘34,
1077 3919 1185 3991 qui,
1207 3927 1321 3991 erat
1354 3916 1666 3991 {ijperii
1699 3916 2022 3991 _Justiniaifi.
2057 3921 2154 3976 Rei
2181 3937 2278 3991 ge-

700 4003 800 4048 sta:
819 3987 1250 4046 circumstantias
1277 3987 1900 4060 describuntgedrenus,
1923 3987 2278 4060 Theophanes

697 4073 751 4116 et
779 4062 1034 4124 Zonaras,
1077 4060 1233 4115 aliive
1285 4057 1555 4112 annalium
1603 4057 1911 4114 Graecorum
1962 4057 2274 4129 scriptores.

697 4133 849 4188 iusto
877 4131 969 4186 Dei
995 4129 1198 4200 judicio
1249 4132 1388 4184 hanc
1413 4143 1626 4199 poenam
1649 4130 1842 4200 merito
1887 4133 2138 4187 sustinuit
2173 4133 2277 4188 im-

700 4204 817 4272 pius
866 4198 1216 4266 Justi'nianus,
1251 4200 1362 4271 qui,
1413 4198 1533 4272 cum
1582 4213 1742 4254 suasu
1770 4198 2011 4257 Callinici
2053 4203 2279 4271 patriar-

699 4270 816 4328 chae
845 4288 1012 4328 novos
1053 4270 1290 4328 canones
1338 4270 1685 4336 sancivisset,
1735 4272 1906 4338 iisque
1959 4270 2276 4327 orientalem

701 4343 989 4398 Ecclesium
1039 4344 1249 4411 penitus
1291 4340 1669 4411 deformasset,
1699 4356 1909 4396 summo
1940 4343 2118 4396 studio
2163 4344 2278 4397 ela-

698 4415 908 4470 boravit
955 4422 1010 4466 ut
1042 4410 1128 4467 vel
1157 4412 1394 4468 Romana
1445 4410 1682 4464 Ecclesia
1729 4411 1915 4464 eadem
1951 4412 2279 4478 turpitudine

695 4485 1021 4550 afﬁceretur,
1057 4485 1138 4538 vel
1186 4484 1374 4536 saltem
1408 4483 1527 4550 ipse
1559 4495 1799 4533 summus
1831 4479 2087 4548 pontifex,
2119 4485 2162 4536 si
2194 4499 2278 4540 re.

695 4556 911 4610 sisteret
927 4549 1177 4608 mandato
1202 4549 1563 4620 imperatoris,
1591 4565 1686 4618 per
1703 4552 1808 4604 vim
1829 4549 1994 4606 lloma
2018 4551 2070 4605 in
2089 4554 2274 4610 urbem

696 4626 895 4674 regiam
919 4624 1292 4674 abduceretur.
1328 4621 1443 4674 Bm.
1476 4628 1522 4672 et
1554 4619 1716 4673 Lana.

793 4626 895 4674 iam
919 4626 1292 4674 abduceretur.
1328 4626 1443 4674 Bm.
1476 4628 1522 4672 et
1554 4626 1716 4673 Lana.

696 4626 895 4696 regiam
919 4624 1292 4677 abduceretur.
1328 4624 1443 4674 Bm.
1476 4628 1522 4672 et
1554 4624 1716 4673 Laus.

768 4701 793 4730 υ
822 4694 1066 4747 Oratione
1106 4692 1275 4760 itaque
1317 4694 1477 4761 facta,
1521 4690 1747 4761 sigillum
1777 4707 2071 4761 expressum
2111 4694 2276 4748 abstuo

695 4764 774 4827 lit,
797 4763 1035 4817 locellum
1061 4761 1284 4832 aperuit,
1309 4763 1363 4814 in
1386 4775 1487 4830 quo
1515 4761 1726 4813 interius
1757 4762 2064 4828 plumatium
2093 4779 2155 4817 ea:
2181 4767 2275 4819 Iro-

695 4835 906 4888 loserico
947 4834 1342 4902 superpositum,
1372 4832 1508 4902 quod
1553 4833 1809 4902 stauracis
1825 4832 2029 4896 dicitur,
2063 4834 2267 4889 invenit.

693 4904 861 4972 (lapsa
891 4901 1164 4973 argentea,
1198 4903 1250 4958 in
1300 4901 1403 4973 qua
1442 4910 1559 4973 erat
1597 4903 1770 4973 portio
1802 4901 1926 4969 ligni
1972 4905 2146 4957 crucis
2176 4905 2272 4959 do-

693 4971 929 5040 mihiea},
959 4972 1133 5043 sigillo
1181 4984 1296 5027 erat
1320 4971 1642 5043 'obsignata.
1679 4971 1872 5043 Theca:
1919 4973 2267 5043 reliquiarmn

693 5047 940 5100 solebant
970 5042 1145 5113 sigillo
1186 5043 1478 5113 obsignari.
1528 5042 1757 5113 [ἓξ-θεον.
1792 5042 2128 5108 Τιιτοηηάθ
2165 5046 2268 5099 Mi-

690 5133 799 5171 Nc.
856 5110 1101 5186 Martyr.,
1150 5113 1242 5168 lib.
1277 5110 1330 5186 ις
1355 5127 1476 5186 cap.
1528 5110 1632 5164 5'5:
1669 5111 1901 5186 Veniens
1931 5130 2043 5186 vero
2088 5115 2262 5182 abbas,

688 5187 857 5241 ablato
899 5187 962 5239 ab
996 5183 1228 5238 armario
1276 5183 1468 5252 sigillo,
1496 5198 1698 5251 capsum
1739 5185 1924 5252 reperit
1961 5183 2259 5242 obaeratam.

690 5258 857 5326 Ligno
887 5259 1062 5312 crucis
1094 5254 1490 5324 superpositum
1517 5265 1631 5326 erat
1663 5254 1984 5321 plumacium
2015 5270 2077 5326 ex
2113 5255 2263 5309 holo-

686 5324 883 5384 serico.
926 5327 1255 5382 Plumacium
1302 5335 1418 5379 erat
1465 5324 1640 5377 velum
1680 5340 1710 5378 ο
1755 5340 1928 5393 pmino
1969 5325 2164 5392 serico,
2211 5328 2259 5381 in

688 5398 906 5450 modum
933 5398 1238 5466 plumarum
1265 5395 1444 5449 avium
1479 5405 1752 5466 contexto.
1789 5396 2063 5460 Ambros,
2099 5396 2257 5464 epist.

687 5467 754 5518 27
782 5483 796 5519 :
827 5465 953 5520 Cum
982 5468 1044 5520 de
1067 5484 1126 5521 eo
1157 5465 1472 5519 convenirem
1493 5465 1696 5518 comites
1721 5466 1852 5531 ejus,
1885 5483 1946 5520 ne
1972 5468 2079 5519 sine
2108 5477 2257 5532 veste,

687 5537 798 5590 sine
833 5538 1081 5608 plumatio
1131 5548 1427 5606 paterentur
1475 5536 1675 5608 extrudi
1703 5553 1890 5589 senem.
1943 5537 2006 5608 Et
2048 5536 2148 5608 hoc
2179 5551 2260 5593 est

687 5607 840 5672 quod
860 5607 1124 5660 vocabant
1145 5623 1276 5674 opus
1306 5607 1621 5675 plumarium
1645 5621 1737 5660 seu
1772 5607 2067 5676 plumatile.
2097 5607 2254 5660 Plau-

688 5687 791 5739 tus,
827 5678 878 5730 iu
912 5677 1132 5744 Epidico
1157 5695 1167 5729 :
1194 5676 1442 5731 Cumatile
1461 5688 1550 5731 aut
1573 5677 1855 5745 plumatile.
1875 5706 1944 5718 ——
1961 5676 2257 5730 Plumatnm

687 5748 931 5818 Petram,
966 5747 1017 5801 itt
1048 5748 1273 5818 Satyric.
1305 5765 1316 5799 :
1346 5747 1585 5802 Plumato
1610 5749 1825 5801 amictus
1849 5763 2003 5818 aureo
2029 5745 2252 5816 Babylo-

687 5816 821 5888 nico.
848 5817 1004 5888 Greg.
1040 5816 1266 5882 Turon.,
1306 5819 1375 5873 de
1422 5820 1604 5874 Mirac.
1650 5819 1889 5888 lllartyr.,
1939 5816 2030 5869 lib.
2061 5831 2099 5880 ι,
2129 5832 2248 5886 cap.

685 5885 753 5943 97
788 5904 801 5946 :
831 5885 1012 5946 Exstat
1038 5905 1211 5947 mensa
1241 5891 1397 5945 niveis
1422 5893 1581 5944 celata
1612 5885 1923 5954 mantilibus,
1957 5903 2104 5956 opere
2132 5885 2246 5959 plu-

2388 3291 2524 3340 cient
2556 3287 2818 3348 linteones,
2857 3293 2943 3355 aut
2989 3284 3278 3355 tunicarum
3306 3293 3524 3338 textores
3561 3287 3863 3355 plumarios.
3900 3289 3972 3344 Et

2387 3357 2492 3410 hoc
2523 3368 2709 3425 genus;
2739 3353 2902 3425 vestis
2947 3351 3393 3425 pretiosissimum
3421 3355 3538 3408 fuit.
3562 3351 3571 3355 ⁷
3596 3355 3877 3425 Vopiscus,
3913 3360 3968 3414 in

2383 3421 2584 3498 garino
2624 3422 2812 3498 :__Quid
2857 3421 3021 3498 lineas
3061 3424 3245 3498 petitas
3286 3423 3531 3498 ΔΔί’ρςιρις)
3583 3421 3788 3492 loquar,
3843 3421 3974 3498 quid

2385 3495 2523 3569 Tyro
2547 3504 2593 3548 et
2616 3494 2813 3569 Sidone
2840 3494 3084 3569 tenuitate
3105 3494 3692 3569 perlucidas,;_mi'cantes
3715 3494 3971 3569 purpura,

2382 3563 2652 3636 plumandi
2694 3563 2999 3636 difﬁcultate
3047 3565 3352 3634 pernobiles.
3409 3565 3519 3619 Nec
3563 3563 3725 3622 modo
3764 3563 3971 3635 vestes,

2382 3634 2494 3692 imo
2522 3647 2576 3690 et
2605 3635 2785 3688 lorica:
2820 3634 3064 3688 solebant
3091 3636 3330 3689 contexti
3359 3637 3654 3700 squammis
3691 3651 3786 3692 seu
3812 3634 3974 3695 lamié

2382 3709 2463 3762 nis
2493 3705 2688 3760 ferreis
2715 3705 2766 3758 in
2792 3706 3012 3758 modum
3043 3705 3362 3773 plumarum.
3389 3704 3603 3776 Virgil.,
3639 3723 3692 3762 χι
3713 3707 3927 3765 ιΕηθίά,
3955 3730 3968 3764 :

2873 3793 3030 3851 Quem
3058 3792 3199 3854 pellis
3222 3794 3394 3843 ahenis

2537 3855 2590 3906 In
2615 3855 2824 3919 plumam
2844 3857 3126 3917 squammis,
3149 3867 3266 3903 auro
3291 3860 3512 3904 conserta
3538 3857 3757 3918 tegebat.

2381 3942 2445 3996 Et
2475 3941 2591 3996 vela
2621 3947 2749 3993 ante
2780 3938 2922 3993 fores
2953 3937 3148 3991 aedium
3177 3937 3442 4003 plumario
3473 3953 3636 4003 opere
3658 3947 3801 3994 texta
3835 3945 3970 4004 poni

2378 4012 2646 4066 solebant.
2680 4011 2955 4072 Anastas.,
2988 4008 3040 4060 in
3064 4007 3426 4076 GregoriolV,
3459 4008 3509 4061 in
3542 4009 3636 4063 ﬁn.
3664 4026 3676 4062 :
3706 4007 3772 4061 Et
3797 4011 3973 4065 velum

2379 4082 2704 4151 autejanuas
2735 4079 2946 4151 linteum
2993 4079 3501 4151 plumatumuunum.
3531 4079 3622 4132 Ait
3650 4095 3715 4132 ex
3747 4079 3972 4137 holose-

2381 4147 2665 4221 rico'quod
2711 4148 2972 4221 stauracis
3017 4147 3231 4202 dicitur.
3277 4147 3806 4221 vela‘dedstauracio
3837 4163 3974 4208 sunt

2381 4221 2498 4275 vela
2535 4217 2567 4275 ὀ
2618 4219 2791 4275 serico
2819 4218 2903 4289 vel
2954 4233 3184 4286 purpura
3216 4217 3378 4272 variis
3406 4217 3630 4272 ﬁoribus
3663 4221 3749 4274 vel
3780 4221 3973 4289 figuris

2381 4292 2606 4355 intexta,
2639 4305 2757 4358 quae
2794 4303 2827 4343 e
2862 4288 3006 4358 Tyro
3038 4288 3388 4360 petebantur;
3422 4289 3560 4360 unde
3586 4297 3640 4343 et
3667 4288 3838 4360 Tyria,
3874 4292 3971 4348 di-

2383 4369 2488 4416 cta.
2520 4357 2708 4427 Auas.,
2739 4360 2802 4412 de
2828 4357 3074 4413 stauracis
3103 4375 3191 4412 seu
3220 4357 3394 4426 Tyria.
3426 4357 3769 4415 Amasenus.

2457 4441 2479 4469 ο
2504 4430 2580 4484 De
2605 4447 2706 4500 qua
2745 4430 2919 4501 tractis
2948 4439 3181 4501 quatuor:
3212 4428 3419 4501 prtalis,
3445 4430 3500 4501 in
3528 4429 3710 4498 quibus
3747 4447 3974 4501 gemma:

2382 4502 2575 4556 clausae
2599 4497 2765 4554 erant.
2801 4497 3058 4564 Petalum,
3084 4515 3111 4551 a
3143 4497 3333 4552 Graeco
3359 4497 3599 4562 πέταλον,
3644 4512 3728 4554 est
3748 4497 3968 4558 'corona

2387 4587 2546 4625 aurea
2577 4585 2733 4640 quam
2775 4569 3055 4638 gestabant
3106 4570 3435 4640 sacerdotes,
3470 4570 3549 4624 vel
3581 4571 3684 4640 qui
3733 4583 3893 4625 erant
3938 4593 3972 4630 e

2311 4617 2360 4676 ι)
2386 4617 3082 4709 .3253};amasium}.
3103 4617 3684 4709 ᾗδὲὶιήὶέῗῲόὲίοιῦζ
3706 4617 3782 4696 εἷ’
3796 4617 3973 4698 ΕΞὲοῖ

2382 4708 2477 4783 bus
2505 4712 2671 4783 frater
2716 4710 2944 4783 Domini.
2989 4710 3062 4764 De
3091 4708 3295 4783 Jmnne
3336 4709 3556 4783 Euseb,
3602 4710 3695 4764 lib.
3728 4726 3806 4777 tu,
3832 4726 3966 4783 cap.

2377 4782 2594 4844 25:11;
2640 4782 2841 4856 ἐγενήθη
2889 4780 3070 4856 ἱερεὺς,
3121 4783 3177 4836 τὸ
3225 4780 3968 4856 πέτρονβεφορηζῲς.-Ειύη

2374 4862 2503 4904 esset
2531 4849 2789 4916 sacer'tlos,
2826 4849 3047 4915 peta'lum
3079 4850 3305 4919 gestavit.
3338 4850 3413 4904 De
3435 4849 3632 4904 Jacbb'o
3665 4851 3967 4919 Epiplian.,

2375 4923 2426 4974 itt
2452 4923 2666 4995 Patiar“
2693 4921 2886 4995 hirtos.
2918 4920 2988 4995 29
3013 4938 3028 4974 :
3051 4922 3194 4975 Ἀλλά
3223 4925 3306 4995 καὶ
3328 4923 3386 4976 τὸ
3416 4921 3629 4976 πέταλὸν
3663 4921 3771 4976 ἐστι
3804 4921 3966 4995 [Leg.

2371 4992 2628 5072 negligi);
2652 4993 2863 5072 κεῖαῇιῇς
2892 4994 3004 5056 ἐξῆν
3034 4995 3170 5072 αρτῷ
3201 4992 3379 5072 φέρεψ.
3462 5059 3473 5072 ο

2445 5015 2510 5068 ρι]
2538 5015 2628 5053 της·
2652 5015 2703 5046 κε
2743 5015 2863 5052 omn;
2892 5015 3004 5056 εςην
3034 5015 3170 5064 αυτῳ
3201 5015 3379 5064 φερειν.

2445 5064 2471 5099 ά
2506 5064 2571 5116 Et
2601 5015 2917 5130 irte/fabilem
2950 5065 3234 5132 portionem
3261 5059 3498 5114 salutaris
3530 5061 3656 5133 ligni
3684 5062 3971 5118 dominica’

2369 5135 2531 5186 crucis
2563 5134 2770 5197 invenit,
2812 5148 2926 5200 qua:
2969 5134 3122 5184 etiam
3157 5147 3221 5185 ex
3260 5133 3351 5184 illo
3385 5148 3473 5196 pro
3524 5134 3689 5186 salute
3733 5133 3963 5188 humani

2367 5205 2566 5271 generis
2587 5203 2648 5254 ab
2676 5202 2812 5255 omni
2837 5202 3026 5271 populo
3045 5203 3329 5255 Christiano
3354 5202 3435 5255 die
3460 5201 3806 5256 Exaltationis
3828 5220 3968 5257 san-

2366 5285 2459 5326 cta:
2483 5274 2647 5347 crucis
2677 5274 2730 5325 in
2774 5272 2986 5327 basilica
3023 5273 3328 5347 Saluatoris,
3357 5286 3470 5347 qua:
3501 5272 3793 5347 appellatur
3812 5273 3967 5347 {Jort-

2365 5344 2699 5409 stantiniana,
2729 5347 2987 5397 osculatur
3017 5361 3077 5395 ac
3099 5343 3364 5394 adoratur.
3406 5341 3460 5393 In
3484 5341 3570 5396 die
3596 5343 3966 5400 Exaltationis

2365 5416 2538 5468 ciucis
2568 5413 2850 5468 dominicae
2877 5413 3133 5468 solemnis
3155 5411 3394 5464 instituta
3427 5421 3509 5463 est
3552 5413 3794 5467 adoratio
3826 5431 3964 5468 cru-

2364 5486 2441 5538 cis
2467 5501 2558 5549 per
2580 5485 2817 5539 osculum
2850 5486 2900 5536 in
2925 5483 3138 5538 basilica
3168 5480 3530 5534 Lateranensi.
3555 5482 3753 5550 Pagani
3778 5487 3956 5539 etiam

2363 5555 2604 5610 solebant
2630 5554 2858 5609 osculari
2904 5555 3055 5622 signa
3088 5555 3346 5622 deorum;
3381 5551 3505 5622 inde
3534 5553 3682 5622 signa
3719 5553 3958 5609 deorum

2363 5625 2676 5681 videbantur
2707 5625 2826 5678 trita
2857 5621 3074 5678 osculis.
3104 5621 3338 5687 Lucret.,
3374 5621 3466 5675 lib.
3494 5639 3511 5677 ι
3541 5641 3556 5678 ;

2731 5702 2854 5752 Tum
2879 5705 3040 5762 portas
3062 5706 3260 5761 preptcr
3280 5700 3464 5750 alienas

2575 5767 2723 5824 Signa
2748 5777 2919 5812 manus
2943 5763 3142 5812 dextras
3160 5762 3421 5812 ostendunt
3444 5765 3684 5814 attenuari

2573 5828 2716 5888 Saepe
2739 5824 3028 5890 salutantum
3053 5832 3180 5876 tactu
3201 5831 3479 5888 praeterque
3504 5837 3767 5875 meantum.

3525 5890 3870 5949 ALTASERRA.
