4102 6422
352 375 433 429 23
1283 373 1557 429 NOTITIA
1604 371 1967 429 lllSTOItICA
2012 374 2074 428 ΙΝ
2114 373 2419 431 SERGIUM
2464 376 2713 430 PAPAM.
3570 382 3640 437 26

350 506 456 561 pro
477 488 652 544 salute
676 485 899 543 humani
924 484 1135 555 generis
1166 485 1231 539 ab
1254 485 1396 539 omni
1426 486 1619 554 populo
1640 484 1946 540 Christiano
1977 494 2025 552 Α
2052 486 2287 555 singulos
2335 487 2500 543 libras
2555 488 2786 557 triginta,
2841 491 2928 558 qui
2984 501 3109 546 sunt
3156 507 3318 563 super
3346 495 3526 551 trabes
3573 497 3641 550 ad

351 582 445 637 die
473 578 831 635 Esaltatiotiis
881 584 1079 632 sancta:
1105 576 1278 633 crucis
1312 576 1361 631 in
1393 575 1612 630 basilica
1642 575 1952 641 Salvatoris,

352 688 477 743 qua:
494 668 1273 741 appellaturConstantiniana,
1312 668 1581 723 osculatur
1596 680 1658 721 ac
1680 665 1952 721 adoratur.

355 763 456 817 llic
472 762 597 816 fecit
612 759 899 829 imaginem
913 758 1078 814 ‘beati
1095 758 1233 813 Petri
1253 758 1500 827 apostoli,
1516 772 1636 826 qua:
1651 766 1727 811 est
1742 756 1793 811 iu
1810 765 1958 825 parte

353 855 675 911 mulierum.
700 860 725 889 ⁸
755 851 851 913 llic
867 850 991 907 fecit
1011 849 1499 921 thymiamaterium
1529 863 1749 905 aureum
1780 848 1956 917 majus

358 963 487 1003 cum
523 945 817 1010 columnis,
853 954 909 999 et
956 943 1300 1014 cooperculo.
1331 941 1472 1009 quod
1514 940 1790 1011 suspendit
1832 947 1958 993 ante

358 1044 628 1113 imagines
681 1050 791 1097 tres
845 1054 1035 1096 aureas
1092 1038 1235 1094 beati
1291 1037 1434 1092 Petri
1464 1035 1719 1104 apostoli,
1768 1034 1821 1088 in
1852 1048 1957 1104 quo

360 1135 648 1189 incensum
675 1140 730 1187 et
760 1131 897 1186 odor
923 1127 1205 1185 suavitatis
1235 1127 1385 1183 festis
1408 1126 1595 1183 diebus
1621 1125 1745 1180 dum
1768 1122 1958 1178 missa-

361 1241 487 1281 rum
533 1223 795 1280 solemnia
855 1222 1195 1277 celebrantur
1259 1217 1615 1289 omnipotenti
1667 1217 1779 1271 Deo
1824 1229 1957 1283 opu—

361 1314 566 1369 lentius
624 1311 871 1366 mittitur.
928 1310 1021 1364 llic
1074 1308 1337 1377 disposuit
1383 1307 1437 1360 in
1488 1305 1673 1359 absida
1720 1303 1955 1359 basilica:

362 1402 759 1473 suprascripta:
806 1414 967 1469 super
999 1397 1181 1453 sedem
1214 1400 1234 1429 ¹
1263 1386 1585 1467 apallaream
1616 1401 1946 1475 argenteam,

362 1503 687 1563 pensantem
719 1492 916 1562 singul.
947 1491 1107 1545 libras
1136 1498 1350 1545 centum
1383 1488 1587 1557 viginti.
1633 1486 1729 1541 llic
1753 1484 1877 1539 fecit
1903 1484 1957 1537 in

361 1584 591 1640 basilica
620 1582 988 1653 suprascripta
1016 1580 1158 1634 farus
1191 1588 1473 1649 argenteos
1497 1593 1613 1642 sex,
1635 1578 1654 1607 ³
1678 1584 1960 1645 pensantes

2060 573 2363 642 ingressum
2393 575 2765 631 confessionis.

2133 664 2229 719 llic
2273 664 2401 720 fecit
2442 667 2493 720 in
2547 667 2771 722 circuitu
2821 672 3007 726 altaris
3059 675 3297 730 basilicae
3337 680 3641 747 suprascri-

2060 764 2164 823 ptre
2189 755 2209 786 ⁸⁵
2233 757 2472 812 tetravila
2503 768 2647 826 octo,
2683 770 2910 829 quatuor
2934 764 2952 793 ⁵
2976 780 3044 819 ex
3088 767 3244 832 albis,
3287 777 3341 823 et
3370 769 3392 802 ⁸
3414 778 3640 839 quatuor

2060 861 2128 900 ex
2163 848 2402 904 coccino.
2463 850 2579 915 llic,
2601 853 2622 883 ⁷
2647 860 2845 908 tectum
2891 864 2946 909 et
2989 858 3230 915 cubicula
3263 876 3387 929 qua:
3412 864 3641 917 circum-

2062 953 2273 1009 quaque
2302 941 2541 1009 ejusdem
2576 944 2807 1000 basilica:
2842 958 2989 1012 sunt,
3024 965 3143 1019 quae
3184 968 3277 1020 per
3307 953 3461 1025 longa
3495 964 3640 1010 tem-

2061 1042 2189 1096 pora
2220 1031 2509 1088 stillicidiis
2536 1042 2592 1090 et
2630 1036 2912 1093 ruderibus
2936 1038 3149 1095 fuerant
3172 1042 3193 1073 ⁸
3216 1043 3482 1112 disrupta,
3524 1055 3640 1099 stu-

2061 1118 2264 1174 diosius
2297 1121 2597 1191 innovavit,
2630 1140 2692 1181 ac
2732 1131 3020 1198 reparavit.
3050 1132 3146 1189 llic
3175 1133 3467 1199 musivum,
3499 1135 3641 1203 quod

2060 1223 2126 1264 ex
2159 1222 2309 1279 parte
2355 1213 2407 1268 in
2441 1216 2617 1272 fronte
2660 1218 2782 1273 atrii
2815 1220 3061 1289 ejusdem
3093 1224 3327 1279 basilica:
3357 1225 3531 1280 fuerat
3566 1226 3647 1281 di-

2061 1311 2260 1369 rutum,
2297 1308 2587 1365 innovavit.
2623 1308 2885 1367 Similiter
2934 1324 2986 1369 et
3018 1317 3234 1384 specula
3270 1316 3513 1385 ejusdem
3557 1332 3646 1373 ec-

2062 1394 2454 1473 c'esiaa,?qum
2503 1415 2668 1470 super
2714 1404 2900 1459 sedem
2949 1414 3095 1475 sunt,
3136 1409 3221 1462 vel
3271 1408 3448 1476 regios
3489 1423 3647 1463 arcus

2064 1484 2296 1553 majores
2326 1498 2474 1554 sunt,
2516 1496 2819 1549 renovavit.
2851 1495 2875 1533 ι)
2903 1494 3001 1550 llic
3050 1512 3243 1566 corpus
3280 1498 3421 1553 beati
3454 1498 3647 1552 Leonis

2067 1576 2430 1643 probatissimi
2470 1583 2663 1650 Patris,
2696 1599 2853 1657 atque
2901 1590 3186 1659 poutilieis,
3229 1592 3368 1661 quod
3400 1590 3453 1646 in
3484 1592 3526 1624 “‘
3554 1593 3649 1646 ab-

1615 1689 2011 1748 VAIKIANTES
2051 1692 2450 1754 LECTIONES.

444 1794 461 1826 ⁸
497 1793 603 1859 Al.,
631 1792 909 1862 imaginem
931 1807 1164 1845 auream.

444 1864 468 1895 ⁸
492 1864 621 1917 Cod.
657 1863 809 1926 Luc.,
842 1862 1201 1929 appellariam.

440 1935 462 1965 ³
492 1934 599 1996 AL,
625 1928 895 2003 pensantes
920 1932 1083 2003 tibras
1100 1928 1311 2003 CIXX.

440 2004 460 2034 ⁸
481 1999 796 2067 Cod.'Luc.,
828 2002 1031 2067 trabes;
1062 2002 1158 2068 al.,
1182 2010 1313 2054 tetra
1337 1999 1471 2054 vetas
1495 2010 1626 2066 octo,
1652 2009 1869 2067 quatuor
1895 2014 1956 2052 ex

367 2074 603 2129 coccino.

439 2146 462 2178 ⁸
482 2142 615 2216 Cod.
648 2142 804 2216 faue.”
829 2158 891 2195 ea:
917 2142 989 2196 eis
1014 2142 1175 2196 albos.

444 2216 466 2247 ⁸
488 2212 618 2269 Cod.
655 2210 809 2281 Ltté.,
829 2222 1047 2276 quatuor
1080 2210 1353 2265 coccineos.

2128 1790 2147 1819 ⁷
2171 1791 2255 1844 ΑΙ.
2270 1832 2283 1849 .
2316 1802 2540 1861 (agnum.

2129 1861 2147 1889 ⁸
2170 1861 2302 1915 Cod.
2332 1864 2480 1921 Luc...
2517 1864 2778 1932 dissipata.

2130 1933 2150 1963 ⁹
2172 1932 2283 1994 ΑΙ.,
2315 1942 2417 1985 tam
2441 1932 2691 2012 Ecclesia:
2717 1945 2817 1986 tam
2847 1950 2958 2001 qua?
2981 1952 3135 2012 super
3162 1939 3333 1991 sedem
3380 1939 3456 1995 vel
3483 1942 3645 2012 regias

2058 2013 2322 2070 argenteas
2344 2005 2566 2072 majores
2586 2012 2723 2067 sunt,
2757 2007 3033 2061 renovnrit.

2097 2143 2108 2153 ι
2133 2072 2334 2195 "fod.
2376 2075 2529 2139 Luc.,
2561 2072 2749 2126 abditis
2795 2076 3163 2144 inferioribus;
3187 2079 3283 2145 al.,
3311 2079 3487 2134 abdito
3516 2082 3646 2151 infe-

2097 2158 2183 2195 tort
2224 2160 2301 2195 us.

2062 2158 2301 2196 τιονιοιω.

1694 2305 2053 2362 νΑΗτοΒωι
2090 2301 2316 2359 NOTAE.

447 2399 766 2481 flficufecit
807 2397 1295 2481 tltymiamateriunt.
1347 2397 1513 2481 Usum
1564 2412 1725 2481 porro
1769 2416 1959 2481 eorum
1998 2405 2040 2463 Β
2068 2398 2355 2481 Callicana:
2402 2394 2505 2481 lib.
2532 2394 3644 2481 tt,ipagajildaduoKalendaria_:_Cor-

366 2472 459 2527 vel
499 2468 758 2527 similium
788 2483 1063 2527 vasorum.
1099 2468 1153 2521 in
1179 2469 1372 2534 quibus
1400 2468 1557 2522 thura
1587 2479 1643 2523 et
1672 2471 1804 2525 varii
1833 2472 1963 2525 odo-

369 2558 464 2597 res
503 2540 863 2597 incenduntur
895 2539 948 2593 in
974 2539 1205 2593 solemni
1235 2538 1526 2601 oblatione,
1573 2554 1637 2594 ex
1669 2542 1962 2607 apostolica

373 2612 671 2667 traditione
726 2618 781 2665 et
847 2608 1097 2664 Mosaica:
1159 2609 1289 2673 legis
1339 2610 1585 2676 exemplo
1646 2609 1967 2676 proﬂuxisse

367 2682 615 2737 ostendit
658 2680 949 2736 cardinalis
1002 2679 1171 2741 Bona,
1205 2680 1349 2750 ιὶῒμι
1381 2678 1506 2735 Rer.
1555 2680 1814 2750 liturgic..
1842 2696 1963 2750 cap.

367 2754 470 2818 9.5,
503 2766 652 2807 num.
676 2750 710 2806 9
736 2767 751 2816 ;
782 2750 1030 2805 solemne
1077 2748 1354 2821 enimifuit
1378 2750 1523 2821 omni
1567 2748 1769 2805 natidni
1799 2748 1967 2821 quan-

377 2823 577 2878 tumvis
607 2822 875 2886 barbarae,
903 2827 959 2875 et
1002 2835 1141 2874 vera:
1169 2820 1442 2889 religionis
1474 2821 1704 2890 experti,
1761 2820 1968 2877 utnul-

379 2892 495 2947 Ium
529 2891 857 2947 sacriﬁcium
912 2892 1017 2945 rite
1046 2890 1227 2959 peragi
1259 2904 1421 2958 posse
1470 2890 1801 2945 crediderint
1849 2893 1967 2947 sine

372 2963 619 3027 incenso,
680 2962 767 3015 vel
822 2961 1004 3029 aliquo
1052 2961 1245 3015 saltem
1301 2960 1577 3015 odorifero
1629 2962 1964 3017 suflimento.

376 3032 517 3101 Magi
543 3034 700 3087 thure
719 3031 992 3085 Christum
1015 3030 1180 3101 Deum
1206 3030 1446 3085 venerati
1476 3039 1529 3085 et
1557 3031 1786 3099 professi
1809 3042 1965 3098 sunt;

372 3100 542 3158 simili
575 3101 738 3157 modo
769 3112 941 3167 poetae
969 3116 997 3152 a
1038 3100 1336 3154 divinitatis
1379 3102 1766 3167 protestatione
1797 3103 1966 3158 thuris

375 3174 715 3237 oblationem
739 3170 1151 3237 inseparabilem
1177 3185 1299 3226 esse
1320 3171 1595 3238 putabant.
1616 3172 1834 3225 Ovidius
1857 3172 1928 3226 ait
1950 3191 1965 3227 :

500 3263 705 3328 Templa
731 3265 818 3314 tibi
842 3269 1080 3323 statuam,
1103 3263 1301 3314 reddam
1327 3264 1415 3313 tibi
1440 3264 1595 3312 thuris
1621 3264 1873 3313 honorem.

379 3354 769 3408 Constantinus
805 3353 1049 3421 Magnus.
1080 3350 1345 3405 referente
1376 3351 1565 3406 eodem
1598 3359 1815 3405 auctore
1847 3350 1965 3407 libri

378 3424 715 3487 Pontificalis
750 3422 802 3475 in
832 3422 1115 3492 Silvestro,
1150 3422 1339 3475 obtulit
1389 3421 1814 3492 thymiamateria
1862 3422 1969 3476 duo

380 3511 451 3549 ex
488 3509 619 3548 auro
641 3493 955 3562 purissimo.
985 3490 1156 3562 Usum
1186 3507 1312 3546 vero
1341 3490 1587 3547 adoiendi
1616 3493 1799 3546 altaria
1834 3493 1972 3546 intra

382 3560 657 3620 solemnia
704 3562 870 3617 divini
916 3560 1078 3615 otlicii
1128 3562 1548 3617 vetustissimum
1597 3577 1718 3617 esse
1775 3562 1973 3617 indicat

379 3635 731 3699 Ambrosius,
779 3635 844 3686 ad
890 3647 1010 3701 cap.
1044 3647 1059 3688 ι
1094 3631 1271 3697 Lucae,
1318 3630 1540 3687 dicens:
1572 3634 1731 3700 Atque
1780 3634 1974 3686 utinam

381 3705 537 3759 nobis
565 3720 766 3774 quoque
796 3702 1117 3774 adolentibus
1138 3702 1326 3774 altaria
1352 3703 1664 3774 sacriﬁcium
1698 3701 1972 3774 deferenti-

385 3777 483 3829 bus
512 3772 721 3829 assistat
744 3772 993 3840 angelus!
1033 3772 1189 3827 Plura
1221 3773 1318 3827 hac
1345 3772 1413 3826 de
1445 3788 1502 3827 re
1534 3774 1675 3826 Bona
1706 3772 1968 3827 laudatus.

387 3847 598 3911 Quibus
655 3843 987 3899 ornamentis
1042 3842 1293 3897 basilicas
1354 3852 1657 3897 sanctorum
1720 3843 1859 3898 Petri
1919 3853 1973 3899 et

393 3916 568 3979 Pauli,
602 3915 841 3982 aliasque
868 3913 1016 3969 urbis
1038 3913 1402 3979 exornaverit,
1426 3923 1606 3967 narrat
1635 3916 1971 3981 Anastasius,

393 3987 488 4055 qui
523 3997 574 4039 et
606 3984 793 4039 scribit
819 3984 1367 4055 ipsum_constituisse
1414 3992 1471 4055 ut
1503 3984 1701 4038 litanias
1729 4000 1758 4037 a
1787 3994 1975 4043 sancto

391 4052 637 4111 Adriano
666 4056 954 4122 quotannis
985 4052 1294 4108 dicerentur
1318 4053 1507 4109 diebus
1538 4055 1974 4109 Annuntiationis

389 4126 635 4190 Domini,
667 4125 975 4180 Nativitatis
1004 4131 1056 4178 et
1084 4123 1427 4191 Dormitionis
1465 4134 1662 4178 saneta:
1696 4124 1787 4177 Dei
1815 4122 1977 4178 Geni-

388 4197 569 4263 tricis,
610 4211 925 4264 semperque
954 4194 1175 4264 virginis
1207 4195 1407 4255 Marias,
1446 4210 1509 4248 ac
1555 4194 1725 4248 sancti
1768 4195 1979 4250 Simeo-

388 4268 502 4333 nis,
533 4281 693 4331 quam
720 4262 1084 4336 Hypapantem
1110 4262 1305 4336 Graeci.
1335 4264 1976 4336 Latinifurilicationem

385 4337 703 4406 appellant."
724 4334 875 4403 Quod
903 4335 1043 4406 idem
1074 4334 1237 4388 habet
1263 4335 1487 4406 Albinus
1514 4334 1754 4406 Flaccus,
1787 4335 1879 4389 lib.
1908 4337 1977 4390 de

385 4404 561 4463 divin.
612 4405 793 4468 0fﬁc.,
841 4404 1123 4460 dominicas
1171 4405 1345 4458 crucis
1391 4416 1596 4472 partem
1646 4404 1700 4456 in
1757 4408 1973 4472 capsula

384 4486 669 4548 argentea.
693 4474 1049 4548 reconditiori
1086 4474 1204 4548 loco
1245 4476 1637 4548 absconditam,
1673 4474 1972 4548 honestiori

386 4544 477 4603 ac'
506 4544 789 4602 celebriori
835 4548 953 4599 loco
982 4547 1244 4612 reposuit.
1277 4544 1549 4599 Ordinavit
1588 4560 1683 4614 per
1731 4545 1974 4601 diversas

391 4618 699 4687 provincias
722 4616 1004 4684 episcopos
1037 4616 1323 4684 nonaginta
1350 4626 1580 4682 septem.
1618 4615 1970 4687 Fecitautem

388 4685 760 4743 ordinationes
807 4687 936 4741 duas
975 4701 1067 4754 per
1094 4700 1331 4740 mensem
1369 4687 1653 4750 Martium,
1686 4685 1977 4741 ordinavit-

388 4774 500 4828 que
535 4760 883 4828 presbyteros,
903 4757 1090 4828 decem
1141 4764 1195 4809 et
1223 4763 1379 4828 octo,
1423 4755 1678 4817 diaconos
1725 4766 1972 4828 quatuor.

393 4825 473 4882 Ex
509 4829 591 4881 bis
622 4825 885 4883 Anastasii
936 4826 1119 4895 verbis,
1155 4826 1409 4880 refeilitur
1451 4841 1641 4881 eorum
1674 4825 1855 4895 opinio
1885 4829 1972 4893 qui

394 4908 651 4952 asserunt
680 4898 872 4951 fesmm
900 4894 1266 4960 Dormitionis,
1293 4910 1385 4950 seu
1409 4894 1824 4964 Assumptinnis,
1852 4897 1977 4951 bea-

395 4980 464 5021 ta:
501 4968 679 5023 Maria:
709 4967 931 5035 virginis
979 4967 1177 5021 smculo
1224 4976 1427 5019 tantum
1475 4975 1667 5024 octavo
1711 4968 1973 5021 celebrati

395 5036 661 5105 cwpisse;
698 5047 754 5091 ut
779 5038 920 5091 enim
940 5037 1188 5091 observat
1211 5035 1527 5090 Franciscus
1556 5038 1717 5096 Maria
1748 5036 1974 5091 Floren-

396 5109 581 5173 tinius,
618 5108 671 5166 in
713 5107 855 5161 notis
883 5108 947 5160 ad
990 5107 1442 5178 Martyrologium
1460 5108 1965 5178 illieropymianum,
2004 5117 2058 5176 υ

395 5180 465 5233 ad
496 5179 637 5232 diem
665 5178 732 5231 18
762 5178 962 5232 mensis
988 5178 1242 5239 Januarii,
1270 5186 1395 5232 ante
1425 5177 1976 5244 Mauriciiimpera'o-

396 5252 474 5304 ris
506 5257 768 5316 tempora,
816 5246 1042 5315 ideoque
1085 5259 1208 5301 ante
1245 5247 1382 5302 sexti
1430 5248 1610 5301 smculi
1672 5251 1829 5300 tinent
1874 5251 1977 5302 As-

398 5320 723 5387 sumptionis
759 5322 952 5372 testutu
1006 5318 1395 5382 celebrabatur,
1433 5328 1483 5371 et
1515 5318 1729 5387 quidem
1771 5320 1857 5371 die
1882 5320 1975 5373 de-

398 5392 538 5443 (:itna
572 5398 758 5447 octava
789 5388 1045 5443 Januarii.
1080 5387 1131 5441 ld
1164 5397 1343 5441 autem
1398 5388 1588 5454 probat
1633 5399 1742 5441 tum
1774 5404 1837 5441 ex
1887 5406 1980 5444 eoa

401 5460 531 5515 dein
561 5458 941 5528 Martyrologio
970 5466 1158 5512 sancto
1193 5458 1516 5527 Hieronymo
1545 5460 1825 5522 attributo,
1858 5467 1913 5512 et
1948 5476 1974 5512 τι

404 5546 465 5585 se
494 5529 661 5593 edito,
697 5541 807 5583 tum
838 5544 902 5582 ex
929 5528 1045 5582 aliis
1066 5544 1185 5595 quat
1214 5528 1410 5582 laudat.
1439 5529 1577 5582 Fuse
1607 5528 1747 5583 enim
1774 5530 1840 5583 de
1860 5529 1976 5598 ej.us

406 5600 528 5653 festi
563 5600 899 5655 institutione
928 5599 1159 5662 disserit,
1188 5606 1533 5667 aututnatque
1564 5599 1689 5653 illud
1714 5614 1743 5652 a
1776 5603 1976 5657 mensis

400 5669 641 5732 Januarii
686 5670 773 5725 die
803 5667 1012 5723 decimo
1057 5679 1266 5733 octavo,
1316 5668 1381 5722 ad
1420 5669 1687 5723 decimum
1730 5672 1970 5738 quintum

404 5740 608 5793 ineusis
638 5738 887 5809 Augusti,
935 5755 963 5792 a
1014 5740 1268 5793 Mauricio
1307 5741 1626 5803 imperatore
1657 5741 1968 5804 translatum

400 5814 589 5869 fuisse.
642 5808 741 5865 [iis
782 5810 922 5865 addit
956 5810 1189 5866 Joannes
1230 5808 1585 5877 Mabillonius,
1631 5811 1680 5863 itt
1726 5811 1970 5882 Litutgim

2069 2468 2290 2522 beiense
2321 2479 2535 2537 nempe,
2578 2466 2717 2531 qttod
2761 2465 2847 2537 vix
2872 2465 3123 2537 _amplius
3170 2484 3277 2521 uno
3309 2481 3426 2537 post
3456 2473 3648 2527 Mauri-

2065 2539 2206 2591 cium
2235 2536 2431 2589 saeculo
2472 2545 2749 2605 esttratum
2770 2534 2928 2605 dicit,
2967 2538 3018 2588 in
3045 2552 3150 2605 quo
3175 2539 3239 2591 ad
3280 2534 3344 2593 ἰν
3384 2540 3649 2599 Kalendas

2068 2604 2344 2681 Februarii
2377 2605 2570 2681 legitur
2594 2604 2860 2681 depositio
2890 2604 3087 2681 saneta:
3104 2607 3282 2663 Mariae
3307 2612 3559 2681 virginis;
3593 2628 3647 2671 et

2067 2694 2134 2733 ex
2169 2678 2276 2730 alio
2313 2675 2631 2748 perantiquo
2666 2674 3023 2748 Floriacensi,
3057 2679 3109 2730 in
3140 2693 3267 2748 quo,
3297 2674 3488 2736 eodem
3536 2674 3642 2748 die.

2068 2763 2130 2805 ea
2161 2745 2427 2816 depositio
2473 2753 2779 2816 annotatur.
2812 2744 3029 2801 Festum
3059 2744 3397 2805 autem'illud
3425 2767 3455 2806 a
3498 2744 3649 2809 Mau-

2069 2820 2203 2873 rieio
2237 2815 2590 2888 imperatore
2628 2816 2694 2888 ad
2724 2815 2882 2888 diem
2934 2832 3000 2888 sv
3059 2819 3281 2888 Augusti
3333 2823 3649 2879 translatum

2071 2903 2192 2943 esse
2220 2888 2406 2956 probat
2438 2886 2803 2957 Florentinius
2830 2885 3079 2957 laudatus
3108 2885 3172 2943 es
3202 2890 3484 2957 Nicephori
3519 2894 3646 2949 Cal-

2072 2958 2176 3031 listi
2208 2955 2298 3012 lib.
2325 2973 2456 3031 _xvu,
2497 2972 2618 3031 cap.
2650 2955 2741 3031 28,
2789 2956 2877 3010 ubi
2914 2957 3151 3031 scribit:
3182 2955 3343 3015 Idem-
3375 2964 3653 3031 imperator

2071 3030 2290 3097 (nempe
2319 3026 2672 3095 Justinianus)
2704 3036 2813 3080 tum
2845 3028 3067 3099 primum
3090 3030 3381 3086 Servatoris
3403 3026 3654 3099 eiceptio-

2072 3115 2184 3169 rtem
2215 3099 2288 3169 (id
2311 3108 2699 3169 est_occursuni
2732 3112 2827 3169 seu
2872 3098 3264 3169 liypapantem,
3289 3117 3447 3169 quam
3494 3098 3649 3157 Puri-

2072 3165 2373 3221 ficationem
2406 3165 2635 3234 Virginis
2663 3166 2930 3234 dicimusl
2953 3177 3053 3218 toto
3084 3170 3201 3221 orbe
3246 3165 3497 3224 terrarum
3522 3174 3650 3234 festo

2072 3238 2155 3290 die
2182 3239 2437 3289 honorare
2464 3233 2709 3298 instituit,
2738 3236 2868 3288 sicut
2897 3233 3133 3290 Justinus
3162 3238 3226 3291 de
3276 3251 3455 3295 sancta
3499 3233 3650 3297 Chri—

2071 3309 2136 3382 s_t_i
2173 3308 2451 3382 Nativitate
2478 3306 2618 3371 fecit.
2651 3305 2840 3382 Atque“
2856 3306 3074 3382 n_on_ita_
3097 3308 3253 3382 longo
3293 3320 3404 3382 post
3430 3322 3655 3382 tempore

2074 3378 2363 3432 Mauricius
2409 3387 2745 3430 sacrosanctae
2797 3373 2893 3428 Dei
2946 3373 3221 3433 Gettftricis
3279 3373 3669 3439 Dormitio'neuf

2072 3449 2394 3524 quindecimo
2444 3446 2896 3524 Augusti_rtterts_is
2953 3447 3040 3524 die
3086 3449 3355 3524 celebrari
3390 3456 3653 3524 prtecepit.

2074 3515 2276 3584 Quibus
2297 3533 2361 3571 ex
2408 3516 2775 3589 verbisrrefert
2808 3515 3188 3589 Florentinius,
3221 3522 3360 3589 quod
3390 3515 3526 3579 'cum
3559 3515 3655 3579 ’Νῖ-

2075 3590 2363 3655 cephorus,
2395 3590 2447 3641 in
2470 3587 2752 3659 Justiniani
2781 3596 2834 3659 et
2860 3585 3051 3659 Justini
3091 3585 3483 3659 sanctionibus,
3520 3597 3651 3652 nihil

2076 3660 2143 3712 de
2161 3660 2452 3712 constituto
2473 3658 2562 3711 die
2591 3657 2879 3719 addiderit,
2913 3657 2980 3711 de
3020 3658 3157 3713 festo
3200 3676 3330 3714 vero
3364 3657 3653 3721 Dormitio-

2003 3748 2047 3810 ρ
2082 3731 2165 3810 nis
2198 3731 2249 3783 in
2276 3728 2529 3810 blaurieii
2554 3726 2960 3810 Constitutione_
2987 3729 3130 3784 diem
3163 3731 3229 3810 i5
3254 3735 3478 3810 Augusti
3514 3752 3651 3804 pm-

2082 3802 2193 3869 cise
2245 3796 2559 3869 signaverit.
2601 3813 2722 3851 eum
2752 3812 2855 3852 non
2912 3800 3140 3856 obscure
3192 3796 3429 3859 indicare
3461 3796 3654 3862 festum

2027 3886 2033 3893 '
2081 3868 2185 3946 huc
2214 3875 2266 3924 in
2295 3868 2437 3923 illum
2481 3869 2620 3922 diem
2656 3869 2879 3946 Augusti
2913 3873 3449 3946 mensisAtranslatum
3481 3879 3655 3946 potius

2080 3938 2245 3994 fuisse
2276 3954 2432 4008 quam
2463 3947 2706 3993 recenter
2736 3938 3059 3993 institutnnt.
3110 3942 3215 3997 Sed
3248 3946 3290 3996 si
3320 3960 3441 3998 vera
3472 3938 3658 4002 scribit

2081 4010 2415 4077 Nicephorus
2441 4009 2507 4063 de
2545 4009 2819 4069 Mauricio,
2853 4010 2982 4064 mihi
3012 4021 3186 4065 tamen
3223 4015 3430 4067 videtur
3458 4017 3567 4072 falli
3602 4020 3655 4073 in

2079 4095 2147 4134 eo
2176 4080 2316 4147 quod
2350 4082 2442 4141 ait,
2484 4078 2752 4133 JuStinum
2796 4080 2923 4147 imp.
2972 4084 3318 4136 constituisse
3365 4093 3417 4135 ut
3466 4089 3655 4143 testutu

2078 4148 2281 4203 Natalis
2304 4148 2500 4204 Christi
2534 4163 2627 4215 per
2657 4158 2824 4201 totum
2854 4150 3035 4203 urbem
3071 4161 3332 4205 terrarum
3355 4155 3656 4214 celebrare-

2081 4229 2165 4295 tur
2194 4236 2209 4285 ;
2242 4221 2293 4273 in
2326 4219 2465 4295 Julio
2493 4218 2635 4295 enim
2667 4219 3181 4295 papanostendimus
3209 4224 3364 4295 longe
3396 4237 3521 4281 ante
3563 4229 3656 4284 Ju-

2078 4290 2275 4365 stinum
2304 4288 2520 4365 “festum
2570 4287 2771 4365 Natalis
2798 4287 3027 4365 Christi,
3091 4301 3198 4365 tum
3246 4287 3653 4365 itt'Orcidente,

2081 4369 2194 4413 tum
2221 4361 2271 4413 in
2296 4360 2536 4425 Oriente,
2569 4358 2652 4428 vel
2680 4358 2767 4411 die
2795 4357 2865 4410 2:;
2901 4359 3232 4428 Decembris,
3264 4367 3349 4419 vel
3381 4368 3471 4422 die
3497 4357 3647 4423 sexta

2079 4430 2315 4484 Januarii
2366 4430 2607 4500 solemne
2634 4427 2821 4491 fuisse,
2873 4438 2928 4487 et
2954 4427 3315 4486 Justinianum
3352 4452 3494 4491 anno
3523 4436 3651 4500 551.

2081 4517 2183 4553 non
2217 4501 2503 4566 Justinum,
2541 4499 2642 4552 lata
2676 4500 2794 4567 lege
2824 4500 3078 4554 statuisse
3116 4509 3173 4557 ιιι
3201 4502 3288 4555 die
3330 4506 3399 4560 25
3435 4499 3656 4561 Decem;

2080 4570 2190 4623 bris
2221 4572 2486 4625 coleretur
2507 4586 2547 4641 ;7
2576 4572 2712 4638 quod
2747 4570 2884 4641 idem
2930 4581 3087 4641 antea
3120 4586 3446 4641 prmccperat
3476 4576 3542 4630 de
3572 4576 3649 4629 fe-

2079 4651 2162 4694 sto
2190 4640 2603 4703 l’uriticationis,
2646 4641 2786 4705 quod
2836 4640 2942 4694 diei
2986 4642 3235 4696 secundm
3269 4640 3544 4700 Februarii
3574 4649 3651 4700 af-

2082 4712 2214 4776 lixit,
2249 4724 2298 4763 ut
2335 4720 2545 4763 constat
2574 4726 2634 4762 ex
2671 4710 3142 4777 ltis‘fheopbanis,
3166 4714 3257 4767 lib.
3285 4732 3371 4769 xvt
3414 4718 3571 4778 Iltst.,
3596 4728 3654 4771 et

2082 4780 2379 4848 Landulplti
2412 4779 2649 4848 Sagacis,
2678 4779 2727 4832 itt
2764 4780 2882 4834 Vita
2911 4780 3224 4849 Justiuiani,
3248 4788 3425 4842 verbis
3462 4804 3476 4839 :
3509 4784 3654 4839 Arma

2079 4853 2258 4921 quinto
2286 4852 2481 4926 decimo
2510 4851 2708 4926 imperii
2732 4851 3031 4926 ustiniani,
3073 4870 3239 4907 mense
3272 4857 3494 4917 0.!obri,
3520 4858 3656 4926 facta

2080 4920 2151 4976 est
2196 4922 2478 4997 mortalitas
2525 4920 2801 4997 Byzantii,
2833 4931 2878 4975 et
2933 4924 3111 4975 eodeni
3156 4942 3292 4997 anno
3342 4920 3660 4997 Hypapante

2081 4992 2297 5064 sumpsit
2326 4993 2549 5064 initium,
2578 5001 2635 5064 ut
2682 4994 3018 5064 celebraretur
3063 4996 3199 5062 apud
3238 4992 3544 5064 Byzantium
3575 4999 3657 5050 die

2083 5059 2306 5115 secunda
2363 5059 2656 5115 Februarii.
2716 5062 2791 5116 De
2840 5062 3033 5118 Justini
3091 5059 3470 5122 constitutione
3520 5069 3654 5122 nihil

2082 5134 2207 5188 alibi
2248 5133 2504 5206 seriitum
2556 5133 2733 5206 inveni
2764 5150 2778 5199 ;
2812 5149 2932 5203 qum
2961 5134 3018 5206 si,
3048 5149 3169 5187 vera
3215 5134 3306 5202 sit,
3341 5136 3442 5190 dici
3477 5150 3649 5206 posset

2081 5218 2196 5256 eam
2232 5219 2260 5255 a
2288 5204 2590 5258 Justiniano
2639 5204 2960 5271 imperatore
3009 5205 3316 5259 iunovatam
3367 5204 3553 5274 fuisse,
3587 5224 3652 5262 eo

2080 5274 2219 5348 qucd
2250 5288 2353 5327 non
2374 5275 2782 5348 observaretur.
2816 5274 2887 5328 De
2922 5276 3076 5348 testo
3096 5274 3505 5348 Pu_rilicationis,
3537 5279 3653 5348 lege

2077 5345 2327 5417 Critieam
2374 5344 2605 5417 Batonii,
2656 5344 2951 5417 adgaunum
2978 5343 3102 5417 Sil.
3140 5343 3216 5417 de
3262 5343 3501 5417 utquue’
3529 5343 3653 5404 vero

2078 5415 2217 5484 testo
2243 5418 2357 5484 lege
2376 5415 2619 5469 eumdem
2648 5415 3003 5470 Mabillonium
3032 5414 3303 5479 laudatum
3334 5414 3663 5475 et'Edmun-

2078 5483 2202 5539 dum
2248 5483 2506 5549 Martene,
2544 5496 2674 5537 tom.
2711 5484 2773 5536 ιν
2805 5486 2870 5554 de
2924 5484 3141 5554 antiqua
3193 5486 3447 5543 Ecclesia:
3491 5489 3663 5543 disci-

2078 5557 2218 5623 plina
2244 5555 2296 5610 in
2328 5556 2525 5610 divinis
2554 5552 2889 5608 celebrandis
2926 5552 3141 5610 ol'liciis.
3178 5558 3252 5612 De
3275 5561 3411 5615 festo
3434 5560 3656 5612 tandem

2079 5627 2376 5680 Nativitatis
2427 5628 2596 5680 beatae
2642 5624 2818 5677 Maria:
2863 5624 2979 5695 lege
3022 5626 3244 5683 dicenda
3295 5630 3347 5683 in
3398 5629 3659 5695 innocen-

2082 5696 2155 5750 tio
2182 5696 2266 5750 IV.
2302 5699 2511 5750 luctus.

2082 5705 2155 5751 tio
2182 5705 2266 5750 IV.
2302 5705 2511 5753 I’AGIUS.

2154 5792 2175 5827 "
2235 5792 2333 5846 llic
2388 5810 2570 5863 corpus
2603 5791 2734 5845 beati
2773 5790 2955 5849 Leonis
2984 5793 3329 5861 probatissimi
3358 5792 3549 5863 Patris,
3587 5800 3665 5844 at-
