  <div class='ocr_page' id='page_1' title='image "/cluster/home/n/w/nwhite01/storage/ocr_20150623/89/umn.31951002477382o/029.png"; bbox 0 0 4102 6442; ppageno 0'>
   <div class='ocr_carea' id='block_1_1' title="bbox 523 410 3783 477">
    <p class='ocr_par' dir='ltr' id='par_1_1' title="bbox 523 410 3783 477">
     <span class='ocr_line' id='line_1_1' title="bbox 523 410 3783 477; baseline -0.006 0"><span class='ocrx_word' id='word_1_1' title='bbox 523 424 588 477; x_wconf 79' lang='grc'><strong>27</strong></span> <span class='ocrx_word' id='word_1_2' title='bbox 1881 411 2174 470; x_wconf 68' lang='grc' dir='ltr'><strong>εεηωυδ</strong></span> <span class='ocrx_word' id='word_1_3' title='bbox 2213 412 2296 467; x_wconf 72' lang='lat' dir='ltr'><strong>PA</strong></span> <span class='ocrx_word' id='word_1_4' title='bbox 2306 411 2409 467; x_wconf 80' lang='lat' dir='ltr'><strong>PA.</strong></span> <span class='ocrx_word' id='word_1_5' title='bbox 3711 410 3783 468; x_wconf 73' lang='lat'><strong>23</strong></span> 
     </span>
    </p>
   </div>
   <div class='ocr_carea' id='block_1_2' title="bbox 522 520 3782 599">
    <p class='ocr_par' dir='ltr' id='par_1_2' title="bbox 522 520 3782 599">
     <span class='ocr_line' id='line_1_2' title="bbox 522 520 3782 599; baseline -0.005 -6"><span class='ocrx_word' id='word_1_6' title='bbox 522 543 638 596; x_wconf 78' lang='lat' dir='ltr'><strong>dite</strong></span> <span class='ocrx_word' id='word_1_7' title='bbox 663 535 940 591; x_wconf 79' lang='lat' dir='ltr'><strong>inferioris</strong></span> <span class='ocrx_word' id='word_1_8' title='bbox 977 533 1246 589; x_wconf 83' lang='lat' dir='ltr'><strong>secretarii</strong></span> <span class='ocrx_word' id='word_1_9' title='bbox 1281 528 1552 599; x_wconf 70' lang='lat' dir='ltr'><strong>prmdictat</strong></span> <span class='ocrx_word' id='word_1_10' title='bbox 1601 526 1836 581; x_wconf 78' lang='lat' dir='ltr'><strong>basilica:</strong></span> <span class='ocrx_word' id='word_1_11' title='bbox 1869 526 2098 594; x_wconf 85' lang='lat' dir='ltr'><strong>positum</strong></span> <span class='ocrx_word' id='word_1_12' title='bbox 2133 540 2176 592; x_wconf 68' lang='grc' dir='ltr'>Α</span> <span class='ocrx_word' id='word_1_13' title='bbox 2207 525 2421 579; x_wconf 88' lang='lat' dir='ltr'><strong>basilica</strong></span> <span class='ocrx_word' id='word_1_14' title='bbox 2453 531 2760 577; x_wconf 89' lang='lat' dir='ltr'><strong>sanctorum</strong></span> <span class='ocrx_word' id='word_1_15' title='bbox 2791 522 2999 576; x_wconf 69' lang='lat' dir='ltr'><strong>Cosmae</strong></span> <span class='ocrx_word' id='word_1_16' title='bbox 3031 529 3085 575; x_wconf 86' lang='lat' dir='ltr'><strong>ct</strong></span> <span class='ocrx_word' id='word_1_17' title='bbox 3116 520 3379 585; x_wconf 90' lang='lat' dir='ltr'><strong>Damiani,</strong></span> <span class='ocrx_word' id='word_1_18' title='bbox 3416 521 3503 574; x_wconf 86' lang='lat' dir='ltr'><strong>ubi</strong></span> <span class='ocrx_word' id='word_1_19' title='bbox 3532 529 3585 574; x_wconf 91' lang='lat' dir='ltr'><strong>et</strong></span> <span class='ocrx_word' id='word_1_20' title='bbox 3616 524 3782 576; x_wconf 87' lang='lat' dir='ltr'><strong>multa</strong></span> 
     </span>
    </p>
   </div>
   <div class='ocr_carea' id='block_1_3' title="bbox 523 619 2098 694">
    <p class='ocr_par' dir='ltr' id='par_1_3' title="bbox 523 619 2098 694">
     <span class='ocr_line' id='line_1_3' title="bbox 523 619 2098 694; baseline -0.008 -11"><span class='ocrx_word' id='word_1_21' title='bbox 523 635 718 691; x_wconf 84' lang='lat' dir='ltr'><strong>luerat,</strong></span> <span class='ocrx_word' id='word_1_22' title='bbox 747 630 878 683; x_wconf 78' lang='lat' dir='ltr'><strong>facta</strong></span> <span class='ocrx_word' id='word_1_23' title='bbox 921 625 1222 694; x_wconf 81' lang='lat' dir='ltr'><strong>diligentius</strong></span> <span class='ocrx_word' id='word_1_24' title='bbox 1253 622 1457 687; x_wconf 89' lang='lat' dir='ltr'><strong>tumba,</strong></span> <span class='ocrx_word' id='word_1_25' title='bbox 1489 621 1542 674; x_wconf 91' lang='lat' dir='ltr'><strong>in</strong></span> <span class='ocrx_word' id='word_1_26' title='bbox 1571 620 1918 674; x_wconf 86' lang='lat' dir='ltr'><strong>denominata</strong></span> <span class='ocrx_word' id='word_1_27' title='bbox 1959 619 2098 671; x_wconf 90' lang='lat' dir='ltr'><strong>basi-</strong></span> 
     </span>
    </p>
   </div>
   <div class='ocr_carea' id='block_1_4' title="bbox 467 709 2098 788">
    <p class='ocr_par' dir='ltr' id='par_1_4' title="bbox 467 709 2098 788">
     <span class='ocr_line' id='line_1_4' title="bbox 467 709 2098 788; baseline -0.009 -12"><span class='ocrx_word' id='word_1_28' title='bbox 467 746 472 750; x_wconf 89' lang='grc'><strong>-</strong></span> <span class='ocrx_word' id='word_1_29' title='bbox 525 722 622 776; x_wconf 83' lang='lat' dir='ltr'><strong>lica</strong></span> <span class='ocrx_word' id='word_1_30' title='bbox 671 719 880 788; x_wconf 77' lang='lat' dir='ltr'><strong>publico</strong></span> <span class='ocrx_word' id='word_1_31' title='bbox 911 717 1029 770; x_wconf 88' lang='lat' dir='ltr'><strong>loco</strong></span> <span class='ocrx_word' id='word_1_32' title='bbox 1067 717 1109 784; x_wconf 81' lang='grc'><strong>(¹</strong></span> <span class='ocrx_word' id='word_1_33' title='bbox 1137 715 1222 768; x_wconf 85' lang='lat' dir='ltr'><strong>ubi</strong></span> <span class='ocrx_word' id='word_1_34' title='bbox 1254 713 1356 767; x_wconf 90' lang='lat' dir='ltr'><strong>sibi</strong></span> <span class='ocrx_word' id='word_1_35' title='bbox 1389 713 1562 765; x_wconf 82' lang='lat' dir='ltr'><strong>inerat</strong></span> <span class='ocrx_word' id='word_1_36' title='bbox 1590 709 1912 780; x_wconf 72' lang='lat' dir='ltr'><strong>relevatum)’</strong></span> <span class='ocrx_word' id='word_1_37' title='bbox 1940 724 2098 776; x_wconf 85' lang='lat' dir='ltr'><strong>repo-</strong></span> 
     </span>
    </p>
   </div>
   <div class='ocr_carea' id='block_1_5' title="bbox 469 800 2098 873">
    <p class='ocr_par' dir='ltr' id='par_1_5' title="bbox 469 800 2098 873">
     <span class='ocr_line' id='line_1_5' title="bbox 469 800 2098 873; baseline -0.009 -9"><span class='ocrx_word' id='word_1_38' title='bbox 469 827 474 833; x_wconf 85' lang='lat'>&#39;</span> <span class='ocrx_word' id='word_1_39' title='bbox 526 814 649 873; x_wconf 74' lang='lat' dir='ltr'><strong>suis,</strong></span> <span class='ocrx_word' id='word_1_40' title='bbox 683 823 744 861; x_wconf 87' lang='lat' dir='ltr'><strong>ac</strong></span> <span class='ocrx_word' id='word_1_41' title='bbox 775 807 952 861; x_wconf 88' lang='lat' dir='ltr'><strong>locum</strong></span> <span class='ocrx_word' id='word_1_42' title='bbox 983 807 1159 872; x_wconf 85' lang='lat' dir='ltr'><strong>ipsum</strong></span> <span class='ocrx_word' id='word_1_43' title='bbox 1181 803 1414 858; x_wconf 91' lang='lat' dir='ltr'><strong>ornavit.</strong></span> <span class='ocrx_word' id='word_1_44' title='bbox 1449 801 1545 854; x_wconf 89' lang='lat' dir='ltr'><strong>Hic</strong></span> <span class='ocrx_word' id='word_1_45' title='bbox 1584 800 1708 854; x_wconf 77' lang='lat' dir='ltr'><strong>fecit</strong></span> <span class='ocrx_word' id='word_1_46' title='bbox 1737 809 1982 866; x_wconf 71' lang='lat' dir='ltr'><strong>paternam</strong></span> <span class='ocrx_word' id='word_1_47' title='bbox 2014 813 2098 850; x_wconf 88' lang='lat' dir='ltr'><strong>an-</strong></span> 
     </span>
    </p>
   </div>
   <div class='ocr_carea' id='block_1_6' title="bbox 526 890 2097 966">
    <p class='ocr_par' dir='ltr' id='par_1_6' title="bbox 526 890 2097 966">
     <span class='ocr_line' id='line_1_6' title="bbox 526 890 2097 966; baseline -0.008 -12"><span class='ocrx_word' id='word_1_48' title='bbox 526 915 674 954; x_wconf 82' lang='lat' dir='ltr'><strong>ream</strong></span> <span class='ocrx_word' id='word_1_49' title='bbox 715 901 972 966; x_wconf 79' lang='lat' dir='ltr'><strong>majorem</strong></span> <span class='ocrx_word' id='word_1_50' title='bbox 1015 897 1300 950; x_wconf 54' lang='lat' dir='ltr'><strong>lialientem</strong></span> <span class='ocrx_word' id='word_1_51' title='bbox 1325 896 1349 926; x_wconf 77' lang='lat'>&#39;</span> <span class='ocrx_word' id='word_1_52' title='bbox 1374 909 1613 961; x_wconf 89' lang='lat' dir='ltr'><strong>gemmas</strong></span> <span class='ocrx_word' id='word_1_53' title='bbox 1662 907 1724 945; x_wconf 81' lang='lat' dir='ltr'><strong>ex</strong></span> <span class='ocrx_word' id='word_1_54' title='bbox 1770 891 1932 955; x_wconf 85' lang='lat' dir='ltr'><strong>albis,</strong></span> <span class='ocrx_word' id='word_1_55' title='bbox 1961 899 2016 944; x_wconf 92' lang='lat' dir='ltr'><strong>et</strong></span> <span class='ocrx_word' id='word_1_56' title='bbox 2046 890 2097 943; x_wconf 94' lang='lat' dir='ltr'><strong>in</strong></span> 
     </span>
    </p>
   </div>
   <div class='ocr_carea' id='block_1_7' title="bbox 471 986 2099 1059">
    <p class='ocr_par' dir='ltr' id='par_1_7' title="bbox 471 986 2099 1059">
     <span class='ocr_line' id='line_1_7' title="bbox 471 986 2099 1059; baseline -0.008 -14"><span class='ocrx_word' id='word_1_57' title='bbox 471 1021 476 1027; x_wconf 88' lang='lat'><strong><em>-</em></strong></span> <span class='ocrx_word' id='word_1_58' title='bbox 527 991 704 1045; x_wconf 91' lang='lat' dir='ltr'><strong>medio</strong></span> <span class='ocrx_word' id='word_1_59' title='bbox 729 1005 793 1044; x_wconf 85' lang='lat' dir='ltr'><strong>ex</strong></span> <span class='ocrx_word' id='word_1_60' title='bbox 818 987 1094 1059; x_wconf 83' lang='lat' dir='ltr'><strong>byacinto,</strong></span> <span class='ocrx_word' id='word_1_61' title='bbox 1124 997 1179 1041; x_wconf 92' lang='lat' dir='ltr'><strong>et</strong></span> <span class='ocrx_word' id='word_1_62' title='bbox 1201 986 1508 1052; x_wconf 79' lang='lat' dir='ltr'><strong>smaragdo,</strong></span> <span class='ocrx_word' id='word_1_63' title='bbox 1538 996 1752 1038; x_wconf 84' lang='lat' dir='ltr'><strong>crucem</strong></span> <span class='ocrx_word' id='word_1_64' title='bbox 1785 988 2099 1050; x_wconf 77' lang='lat' dir='ltr'><strong>pensantem</strong></span> 
     </span>
    </p>
   </div>
   <div class='ocr_carea' id='block_1_8' title="bbox 527 1069 2100 1151">
    <p class='ocr_par' dir='ltr' id='par_1_8' title="bbox 527 1069 2100 1151">
     <span class='ocr_line' id='line_1_8' title="bbox 527 1069 2100 1151; baseline -0.008 -15"><span class='ocrx_word' id='word_1_65' title='bbox 527 1076 690 1136; x_wconf 82' lang='lat' dir='ltr'><strong>libras</strong></span> <span class='ocrx_word' id='word_1_66' title='bbox 720 1080 926 1151; x_wconf 81' lang='lat' dir='ltr'><strong>viginti.</strong></span> <span class='ocrx_word' id='word_1_67' title='bbox 971 1069 1068 1132; x_wconf 83' lang='lat' dir='ltr'><strong>llic</strong></span> <span class='ocrx_word' id='word_1_68' title='bbox 1090 1078 1110 1109; x_wconf 77' lang='grc'>³</span> <span class='ocrx_word' id='word_1_69' title='bbox 1143 1085 1339 1132; x_wconf 90' lang='lat' dir='ltr'><strong>tectum</strong></span> <span class='ocrx_word' id='word_1_70' title='bbox 1385 1082 1440 1130; x_wconf 91' lang='lat' dir='ltr'><strong>et</strong></span> <span class='ocrx_word' id='word_1_71' title='bbox 1475 1075 1716 1128; x_wconf 89' lang='lat' dir='ltr'><strong>cubicula</strong></span> <span class='ocrx_word' id='word_1_72' title='bbox 1766 1073 2012 1128; x_wconf 81' lang='lat' dir='ltr'><strong>universa</strong></span> <span class='ocrx_word' id='word_1_73' title='bbox 2048 1071 2100 1124; x_wconf 91' lang='lat' dir='ltr'><strong>in</strong></span> 
     </span>
    </p>
   </div>
   <div class='ocr_carea' id='block_1_9' title="bbox 473 1163 2102 1233">
    <p class='ocr_par' dir='ltr' id='par_1_9' title="bbox 473 1163 2102 1233">
     <span class='ocr_line' id='line_1_9' title="bbox 473 1163 2102 1233; baseline -0.007 -8"><span class='ocrx_word' id='word_1_74' title='bbox 473 1185 476 1188; x_wconf 73' lang='grc'><strong>’</strong></span> <span class='ocrx_word' id='word_1_75' title='bbox 525 1171 754 1225; x_wconf 83' lang='lat' dir='ltr'><strong>circuitu</strong></span> <span class='ocrx_word' id='word_1_76' title='bbox 779 1168 1011 1222; x_wconf 60' lang='lat' dir='ltr'><strong>basilicas</strong></span> <span class='ocrx_word' id='word_1_77' title='bbox 1041 1167 1181 1222; x_wconf 88' lang='lat' dir='ltr'><strong>beati</strong></span> <span class='ocrx_word' id='word_1_78' title='bbox 1216 1165 1361 1219; x_wconf 82' lang='lat' dir='ltr'><strong>Pauli</strong></span> <span class='ocrx_word' id='word_1_79' title='bbox 1391 1164 1644 1233; x_wconf 77' lang='lat' dir='ltr'><strong>apostoli,</strong></span> <span class='ocrx_word' id='word_1_80' title='bbox 1675 1178 1793 1231; x_wconf 77' lang='lat' dir='ltr'><strong>qua:</strong></span> <span class='ocrx_word' id='word_1_81' title='bbox 1822 1163 1974 1229; x_wconf 84' lang='lat' dir='ltr'><strong>longa</strong></span> <span class='ocrx_word' id='word_1_82' title='bbox 2007 1175 2102 1228; x_wconf 88' lang='lat' dir='ltr'><strong>per</strong></span> 
     </span>
    </p>
   </div>
   <div class='ocr_carea' id='block_1_10' title="bbox 531 1253 2105 1327">
    <p class='ocr_par' dir='ltr' id='par_1_10' title="bbox 531 1253 2105 1327">
     <span class='ocr_line' id='line_1_10' title="bbox 531 1253 2105 1327; baseline -0.005 -15"><span class='ocrx_word' id='word_1_83' title='bbox 531 1269 772 1327; x_wconf 86' lang='lat' dir='ltr'><strong>tempora</strong></span> <span class='ocrx_word' id='word_1_84' title='bbox 799 1266 1062 1313; x_wconf 88' lang='lat' dir='ltr'><strong>vetustate</strong></span> <span class='ocrx_word' id='word_1_85' title='bbox 1100 1255 1344 1311; x_wconf 82' lang='lat' dir='ltr'><strong>coniecta</strong></span> <span class='ocrx_word' id='word_1_86' title='bbox 1374 1253 1604 1317; x_wconf 83' lang='lat' dir='ltr'><strong>fuerant,</strong></span> <span class='ocrx_word' id='word_1_87' title='bbox 1636 1253 1925 1308; x_wconf 88' lang='lat' dir='ltr'><strong>studiosius</strong></span> <span class='ocrx_word' id='word_1_88' title='bbox 1954 1254 2105 1305; x_wconf 91' lang='lat' dir='ltr'><strong>inno-</strong></span> 
     </span>
    </p>
   </div>
   <div class='ocr_carea' id='block_1_11' title="bbox 532 1341 2103 1418">
    <p class='ocr_par' dir='ltr' id='par_1_11' title="bbox 532 1341 2103 1418">
     <span class='ocr_line' id='line_1_11' title="bbox 532 1341 2103 1418; baseline -0.006 -14"><span class='ocrx_word' id='word_1_89' title='bbox 532 1352 679 1404; x_wconf 78' lang='lat' dir='ltr'><strong>vavit</strong></span> <span class='ocrx_word' id='word_1_90' title='bbox 716 1366 779 1405; x_wconf 91' lang='lat' dir='ltr'><strong>ac</strong></span> <span class='ocrx_word' id='word_1_91' title='bbox 808 1350 1096 1418; x_wconf 79' lang='lat' dir='ltr'><strong>reparavit.</strong></span> <span class='ocrx_word' id='word_1_92' title='bbox 1127 1347 1388 1402; x_wconf 89' lang='lat' dir='ltr'><strong>Similiter</strong></span> <span class='ocrx_word' id='word_1_93' title='bbox 1416 1355 1470 1401; x_wconf 91' lang='lat' dir='ltr'><strong>et</strong></span> <span class='ocrx_word' id='word_1_94' title='bbox 1501 1345 1678 1400; x_wconf 90' lang='lat' dir='ltr'><strong>trabes</strong></span> <span class='ocrx_word' id='word_1_95' title='bbox 1705 1344 1830 1399; x_wconf 87' lang='lat' dir='ltr'><strong>fecit</strong></span> <span class='ocrx_word' id='word_1_96' title='bbox 1858 1341 1926 1396; x_wconf 89' lang='lat' dir='ltr'><strong>de</strong></span> <span class='ocrx_word' id='word_1_97' title='bbox 1949 1341 2103 1395; x_wconf 85' lang='lat' dir='ltr'><strong>Cala-</strong></span> 
     </span>
    </p>
   </div>
   <div class='ocr_carea' id='block_1_12' title="bbox 530 1434 2106 1508">
    <p class='ocr_par' dir='ltr' id='par_1_12' title="bbox 530 1434 2106 1508">
     <span class='ocr_line' id='line_1_12' title="bbox 530 1434 2106 1508; baseline -0.005 -14"><span class='ocrx_word' id='word_1_98' title='bbox 530 1441 646 1494; x_wconf 81' lang='lat' dir='ltr'><strong>Lria</strong></span> <span class='ocrx_word' id='word_1_99' title='bbox 673 1440 886 1505; x_wconf 82' lang='lat' dir='ltr'><strong>adduci,</strong></span> <span class='ocrx_word' id='word_1_100' title='bbox 910 1449 969 1494; x_wconf 32' lang='lat' dir='ltr'><strong>et.</strong></span> <span class='ocrx_word' id='word_1_101' title='bbox 1004 1453 1123 1508; x_wconf 73' lang='lat' dir='ltr'><strong>qua:</strong></span> <span class='ocrx_word' id='word_1_102' title='bbox 1153 1439 1206 1491; x_wconf 94' lang='lat' dir='ltr'><strong>in</strong></span> <span class='ocrx_word' id='word_1_103' title='bbox 1245 1437 1437 1492; x_wconf 81' lang='lat' dir='ltr'><strong>eadem</strong></span> <span class='ocrx_word' id='word_1_104' title='bbox 1465 1437 1682 1491; x_wconf 89' lang='lat' dir='ltr'><strong>basilica</strong></span> <span class='ocrx_word' id='word_1_105' title='bbox 1715 1434 2106 1488; x_wconf 84' lang='lat' dir='ltr'><strong>vetustissimas</strong></span> 
     </span>
    </p>
   </div>
   <div class='ocr_carea' id='block_1_13' title="bbox 531 1526 2105 1599">
    <p class='ocr_par' dir='ltr' id='par_1_13' title="bbox 531 1526 2105 1599">
     <span class='ocr_line' id='line_1_13' title="bbox 531 1526 2105 1599; baseline -0.003 -17"><span class='ocrx_word' id='word_1_106' title='bbox 531 1531 735 1586; x_wconf 75' lang='lat' dir='ltr'><strong>invenit</strong></span> <span class='ocrx_word' id='word_1_107' title='bbox 779 1531 1078 1587; x_wconf 84' lang='lat' dir='ltr'><strong>renovavit.</strong></span> <span class='ocrx_word' id='word_1_108' title='bbox 1131 1531 1228 1584; x_wconf 87' lang='lat' dir='ltr'><strong>Hic</strong></span> <span class='ocrx_word' id='word_1_109' title='bbox 1284 1529 1302 1560; x_wconf 77' lang='lat'><strong>‘</strong></span> <span class='ocrx_word' id='word_1_110' title='bbox 1337 1529 1628 1599; x_wconf 79' lang='lat' dir='ltr'><strong>imaginem</strong></span> <span class='ocrx_word' id='word_1_111' title='bbox 1677 1537 1703 1565; x_wconf 75' lang='grc' dir='ltr'>ιι</span> <span class='ocrx_word' id='word_1_112' title='bbox 1730 1526 2105 1596; x_wconf 79' lang='lat' dir='ltr'><strong>apostolorum</strong></span> 
     </span>
    </p>
   </div>
   <div class='ocr_carea' id='block_1_14' title="bbox 528 1616 2106 1689">
    <p class='ocr_par' dir='ltr' id='par_1_14' title="bbox 528 1616 2106 1689">
     <span class='ocr_line' id='line_1_14' title="bbox 528 1616 2106 1689; baseline -0.004 -16"><span class='ocrx_word' id='word_1_113' title='bbox 528 1622 973 1684; x_wconf 76' lang='lat' dir='ltr'><strong>vetustissimam,</strong></span> <span class='ocrx_word' id='word_1_114' title='bbox 1014 1635 1136 1689; x_wconf 65' lang='lat' dir='ltr'><strong>quae</strong></span> <span class='ocrx_word' id='word_1_115' title='bbox 1163 1628 1279 1673; x_wconf 90' lang='lat' dir='ltr'><strong>erat</strong></span> <span class='ocrx_word' id='word_1_116' title='bbox 1324 1633 1486 1687; x_wconf 88' lang='lat' dir='ltr'><strong>super</strong></span> <span class='ocrx_word' id='word_1_117' title='bbox 1516 1617 1661 1672; x_wconf 85' lang='lat' dir='ltr'><strong>fores</strong></span> <span class='ocrx_word' id='word_1_118' title='bbox 1694 1617 1931 1685; x_wconf 88' lang='lat' dir='ltr'><strong>ejusdem</strong></span> <span class='ocrx_word' id='word_1_119' title='bbox 1966 1616 2106 1669; x_wconf 90' lang='lat' dir='ltr'><strong>basi-</strong></span> 
     </span>
    </p>
   </div>
   <div class='ocr_carea' id='block_1_15' title="bbox 526 1707 2108 1780">
    <p class='ocr_par' dir='ltr' id='par_1_15' title="bbox 526 1707 2108 1780">
     <span class='ocr_line' id='line_1_15' title="bbox 526 1707 2108 1780; baseline -0.005 -14"><span class='ocrx_word' id='word_1_120' title='bbox 526 1715 643 1767; x_wconf 60' lang='lat' dir='ltr'><strong>licae</strong></span> <span class='ocrx_word' id='word_1_121' title='bbox 674 1715 917 1768; x_wconf 87' lang='lat' dir='ltr'><strong>mutavit.</strong></span> <span class='ocrx_word' id='word_1_122' title='bbox 953 1714 1048 1767; x_wconf 91' lang='lat' dir='ltr'><strong>llic</strong></span> <span class='ocrx_word' id='word_1_123' title='bbox 1091 1710 1213 1766; x_wconf 79' lang='lat' dir='ltr'><strong>fecit</strong></span> <span class='ocrx_word' id='word_1_124' title='bbox 1257 1712 1568 1775; x_wconf 90' lang='lat' dir='ltr'><strong>amboncm,</strong></span> <span class='ocrx_word' id='word_1_125' title='bbox 1616 1720 1678 1764; x_wconf 74' lang='lat' dir='ltr'><strong>et,</strong></span> <span class='ocrx_word' id='word_1_126' title='bbox 1701 1711 1720 1741; x_wconf 81' lang='grc'><strong><em>⁵</em></strong></span> <span class='ocrx_word' id='word_1_127' title='bbox 1744 1710 2024 1780; x_wconf 82' lang='lat' dir='ltr'><strong>cyburium</strong></span> <span class='ocrx_word' id='word_1_128' title='bbox 2057 1707 2108 1759; x_wconf 90' lang='lat' dir='ltr'><strong>in</strong></span> 
     </span>
    </p>
   </div>
   <div class='ocr_carea' id='block_1_16' title="bbox 2203 605 3804 680">
    <p class='ocr_par' dir='ltr' id='par_1_16' title="bbox 2203 605 3804 680">
     <span class='ocr_line' id='line_1_16' title="bbox 2203 605 3804 680; baseline -0.002 -9"><span class='ocrx_word' id='word_1_129' title='bbox 2203 617 2342 671; x_wconf 90' lang='lat' dir='ltr'><strong>dona</strong></span> <span class='ocrx_word' id='word_1_130' title='bbox 2371 616 2584 670; x_wconf 85' lang='lat' dir='ltr'><strong>obtulit.</strong></span> <span class='ocrx_word' id='word_1_131' title='bbox 2614 613 2639 654; x_wconf 74' lang='grc' dir='ltr'>δ</span> <span class='ocrx_word' id='word_1_132' title='bbox 2663 614 2902 668; x_wconf 87' lang='lat' dir='ltr'><strong>Trullum</strong></span> <span class='ocrx_word' id='word_1_133' title='bbox 2945 627 3074 667; x_wconf 86' lang='lat' dir='ltr'><strong>vero</strong></span> <span class='ocrx_word' id='word_1_134' title='bbox 3101 612 3344 680; x_wconf 86' lang='lat' dir='ltr'><strong>ejusdem</strong></span> <span class='ocrx_word' id='word_1_135' title='bbox 3374 611 3618 666; x_wconf 78' lang='lat' dir='ltr'><strong>ecclesia:</strong></span> <span class='ocrx_word' id='word_1_136' title='bbox 3651 605 3804 668; x_wconf 75' lang='lat' dir='ltr'><strong>tusis‘</strong></span> 
     </span>
    </p>
   </div>
   <div class='ocr_carea' id='block_1_17' title="bbox 2204 701 3807 775">
    <p class='ocr_par' dir='ltr' id='par_1_17' title="bbox 2204 701 3807 775">
     <span class='ocr_line' id='line_1_17' title="bbox 2204 701 3807 775; baseline -0.006 -14"><span class='ocrx_word' id='word_1_137' title='bbox 2204 707 2402 761; x_wconf 85' lang='lat' dir='ltr'><strong>chartis</strong></span> <span class='ocrx_word' id='word_1_138' title='bbox 2427 707 2688 775; x_wconf 88' lang='lat' dir='ltr'><strong>plumbeis</strong></span> <span class='ocrx_word' id='word_1_139' title='bbox 2715 704 2992 773; x_wconf 84' lang='lat' dir='ltr'><strong>cooperuit</strong></span> <span class='ocrx_word' id='word_1_140' title='bbox 3024 711 3186 770; x_wconf 89' lang='lat' dir='ltr'><strong>atque</strong></span> <span class='ocrx_word' id='word_1_141' title='bbox 3213 701 3462 756; x_wconf 88' lang='lat' dir='ltr'><strong>munivit.</strong></span> <span class='ocrx_word' id='word_1_142' title='bbox 3492 703 3588 756; x_wconf 87' lang='lat' dir='ltr'><strong>llic</strong></span> <span class='ocrx_word' id='word_1_143' title='bbox 3619 703 3807 773; x_wconf 50' lang='lat' dir='ltr'><strong>cybii!</strong></span> 
     </span>
    </p>
   </div>
   <div class='ocr_carea' id='block_1_18' title="bbox 2207 793 3784 862">
    <p class='ocr_par' dir='ltr' id='par_1_18' title="bbox 2207 793 3784 862">
     <span class='ocr_line' id='line_1_18' title="bbox 2207 793 3784 862; baseline -0.003 -12"><span class='ocrx_word' id='word_1_144' title='bbox 2207 797 2341 850; x_wconf 86' lang='lat' dir='ltr'><strong>rium</strong></span> <span class='ocrx_word' id='word_1_145' title='bbox 2372 797 2606 850; x_wconf 74' lang='lat' dir='ltr'><strong>basilica:</strong></span> <span class='ocrx_word' id='word_1_146' title='bbox 2645 805 2848 848; x_wconf 79' lang='lat' dir='ltr'><strong>sancta.-</strong></span> <span class='ocrx_word' id='word_1_147' title='bbox 2895 795 3181 856; x_wconf 70' lang='lat' dir='ltr'><strong>Susannm,</strong></span> <span class='ocrx_word' id='word_1_148' title='bbox 3213 793 3368 861; x_wconf 84' lang='lat' dir='ltr'><strong>quod</strong></span> <span class='ocrx_word' id='word_1_149' title='bbox 3397 803 3522 846; x_wconf 91' lang='lat' dir='ltr'><strong>ante</strong></span> <span class='ocrx_word' id='word_1_150' title='bbox 3551 795 3784 862; x_wconf 88' lang='lat' dir='ltr'><strong>ligneum</strong></span> 
     </span>
    </p>
   </div>
   <div class='ocr_carea' id='block_1_19' title="bbox 2209 882 3784 954">
    <p class='ocr_par' dir='ltr' id='par_1_19' title="bbox 2209 882 3784 954">
     <span class='ocr_line' id='line_1_19' title="bbox 2209 882 3784 954; baseline -0.001 -15"><span class='ocrx_word' id='word_1_151' title='bbox 2209 886 2400 952; x_wconf 79' lang='lat' dir='ltr'><strong>fuerat,</strong></span> <span class='ocrx_word' id='word_1_152' title='bbox 2449 900 2512 938; x_wconf 83' lang='lat' dir='ltr'><strong>ex</strong></span> <span class='ocrx_word' id='word_1_153' title='bbox 2557 899 2825 939; x_wconf 89' lang='lat' dir='ltr'><strong>marmore</strong></span> <span class='ocrx_word' id='word_1_154' title='bbox 2875 884 3018 946; x_wconf 81' lang='lat' dir='ltr'><strong>fecit,</strong></span> <span class='ocrx_word' id='word_1_155' title='bbox 3067 882 3276 936; x_wconf 86' lang='lat' dir='ltr'><strong>diversa</strong></span> <span class='ocrx_word' id='word_1_156' title='bbox 3307 899 3520 952; x_wconf 89' lang='lat' dir='ltr'><strong>quoque</strong></span> <span class='ocrx_word' id='word_1_157' title='bbox 3569 885 3784 954; x_wconf 88' lang='lat' dir='ltr'><strong>cymilia</strong></span> 
     </span>
    </p>
   </div>
   <div class='ocr_carea' id='block_1_20' title="bbox 2207 971 3784 1046">
    <p class='ocr_par' dir='ltr' id='par_1_20' title="bbox 2207 971 3784 1046">
     <span class='ocr_line' id='line_1_20' title="bbox 2207 971 3784 1046; baseline -0.001 -19"><span class='ocrx_word' id='word_1_158' title='bbox 2207 989 2386 1041; x_wconf 88' lang='lat' dir='ltr'><strong>aurea,</strong></span> <span class='ocrx_word' id='word_1_159' title='bbox 2416 983 2468 1028; x_wconf 92' lang='lat' dir='ltr'><strong>ct</strong></span> <span class='ocrx_word' id='word_1_160' title='bbox 2497 982 2768 1042; x_wconf 88' lang='lat' dir='ltr'><strong>argentea,</strong></span> <span class='ocrx_word' id='word_1_161' title='bbox 2816 973 2896 1027; x_wconf 87' lang='lat' dir='ltr'><strong>vel</strong></span> <span class='ocrx_word' id='word_1_162' title='bbox 2944 971 3236 1046; x_wconf 76' lang='lat' dir='ltr'><strong>immobilia</strong></span> <span class='ocrx_word' id='word_1_163' title='bbox 3270 971 3381 1025; x_wconf 90' lang='lat' dir='ltr'><strong>loca</strong></span> <span class='ocrx_word' id='word_1_164' title='bbox 3406 972 3427 1002; x_wconf 78' lang='grc'><strong>⁸</strong></span> <span class='ocrx_word' id='word_1_165' title='bbox 3478 973 3605 1026; x_wconf 89' lang='lat' dir='ltr'><strong>illuc</strong></span> <span class='ocrx_word' id='word_1_166' title='bbox 3651 987 3784 1026; x_wconf 89' lang='lat' dir='ltr'><strong>con-</strong></span> 
     </span>
    </p>
   </div>
   <div class='ocr_carea' id='block_1_21' title="bbox 2207 1061 3784 1131">
    <p class='ocr_par' dir='ltr' id='par_1_21' title="bbox 2207 1061 3784 1131">
     <span class='ocr_line' id='line_1_21' title="bbox 2207 1061 3784 1131; baseline -0.001 -13"><span class='ocrx_word' id='word_1_167' title='bbox 2207 1065 2442 1118; x_wconf 84' lang='lat' dir='ltr'><strong>dunavit.</strong></span> <span class='ocrx_word' id='word_1_168' title='bbox 2483 1065 2579 1119; x_wconf 93' lang='lat' dir='ltr'><strong>llic</strong></span> <span class='ocrx_word' id='word_1_169' title='bbox 2615 1063 2893 1118; x_wconf 88' lang='lat' dir='ltr'><strong>basilicam</strong></span> <span class='ocrx_word' id='word_1_170' title='bbox 2937 1071 3136 1116; x_wconf 66' lang='lat' dir='ltr'><strong>sanctae</strong></span> <span class='ocrx_word' id='word_1_171' title='bbox 3167 1061 3499 1130; x_wconf 66' lang='lat' dir='ltr'><strong>Euphemise,</strong></span> <span class='ocrx_word' id='word_1_172' title='bbox 3533 1078 3650 1131; x_wconf 69' lang='lat' dir='ltr'><strong>qua!</strong></span> <span class='ocrx_word' id='word_1_173' title='bbox 3691 1079 3784 1131; x_wconf 84' lang='lat' dir='ltr'><strong>per</strong></span> 
     </span>
    </p>
   </div>
   <div class='ocr_carea' id='block_1_22' title="bbox 2211 1154 3787 1225">
    <p class='ocr_par' dir='ltr' id='par_1_22' title="bbox 2211 1154 3787 1225">
     <span class='ocr_line' id='line_1_22' title="bbox 2211 1154 3787 1225; baseline -0.001 -15"><span class='ocrx_word' id='word_1_174' title='bbox 2211 1157 2374 1211; x_wconf 89' lang='lat' dir='ltr'><strong>multa</strong></span> <span class='ocrx_word' id='word_1_175' title='bbox 2406 1167 2645 1225; x_wconf 86' lang='lat' dir='ltr'><strong>tempora</strong></span> <span class='ocrx_word' id='word_1_176' title='bbox 2677 1155 2846 1210; x_wconf 75' lang='lat' dir='ltr'><strong>fuerat</strong></span> <span class='ocrx_word' id='word_1_177' title='bbox 2890 1154 3121 1217; x_wconf 89' lang='lat' dir='ltr'><strong>detecta,</strong></span> <span class='ocrx_word' id='word_1_178' title='bbox 3151 1156 3449 1221; x_wconf 86' lang='lat' dir='ltr'><strong>cooperuit,</strong></span> <span class='ocrx_word' id='word_1_179' title='bbox 3479 1167 3535 1209; x_wconf 93' lang='lat' dir='ltr'><strong>et</strong></span> <span class='ocrx_word' id='word_1_180' title='bbox 3561 1172 3787 1210; x_wconf 86' lang='lat' dir='ltr'><strong>renova-</strong></span> 
     </span>
    </p>
   </div>
   <div class='ocr_carea' id='block_1_23' title="bbox 2159 1246 3783 1316">
    <p class='ocr_par' dir='ltr' id='par_1_23' title="bbox 2159 1246 3783 1316">
     <span class='ocr_line' id='line_1_23' title="bbox 2159 1246 3783 1316; baseline -0.001 -14"><span class='ocrx_word' id='word_1_181' title='bbox 2159 1258 2164 1262; x_wconf 80' lang='lat'><em>‘</em></span> <span class='ocrx_word' id='word_1_182' title='bbox 2213 1250 2306 1303; x_wconf 90' lang='lat' dir='ltr'><strong>vit.</strong></span> <span class='ocrx_word' id='word_1_183' title='bbox 2340 1250 2439 1304; x_wconf 91' lang='lat' dir='ltr'><strong>llic</strong></span> <span class='ocrx_word' id='word_1_184' title='bbox 2467 1261 2488 1288; x_wconf 73' lang='grc' dir='ltr'><strong>ε</strong></span> <span class='ocrx_word' id='word_1_185' title='bbox 2519 1248 2790 1303; x_wconf 88' lang='lat' dir='ltr'><strong>basilicam</strong></span> <span class='ocrx_word' id='word_1_186' title='bbox 2834 1256 3031 1300; x_wconf 73' lang='lat' dir='ltr'><strong>sancta:</strong></span> <span class='ocrx_word' id='word_1_187' title='bbox 3059 1248 3249 1300; x_wconf 77' lang='lat' dir='ltr'><strong>Aurea:</strong></span> <span class='ocrx_word' id='word_1_188' title='bbox 3297 1247 3346 1298; x_wconf 92' lang='lat' dir='ltr'><strong>in</strong></span> <span class='ocrx_word' id='word_1_189' title='bbox 3382 1246 3403 1277; x_wconf 83' lang='grc'><strong>⁷</strong></span> <span class='ocrx_word' id='word_1_190' title='bbox 3445 1247 3618 1310; x_wconf 81' lang='lat' dir='ltr'><strong>ostiis,</strong></span> <span class='ocrx_word' id='word_1_191' title='bbox 3663 1263 3783 1316; x_wconf 64' lang='lat' dir='ltr'><strong>qua:</strong></span> 
     </span>
    </p>
   </div>
   <div class='ocr_carea' id='block_1_24' title="bbox 2211 1335 3784 1404">
    <p class='ocr_par' dir='ltr' id='par_1_24' title="bbox 2211 1335 3784 1404">
     <span class='ocr_line' id='line_1_24' title="bbox 2211 1335 3784 1404; baseline -0.004 -10"><span class='ocrx_word' id='word_1_192' title='bbox 2211 1340 2456 1395; x_wconf 85' lang='lat' dir='ltr'><strong>similiter</strong></span> <span class='ocrx_word' id='word_1_193' title='bbox 2510 1339 2682 1393; x_wconf 80' lang='lat' dir='ltr'><strong>fuerat</strong></span> <span class='ocrx_word' id='word_1_194' title='bbox 2719 1339 2741 1369; x_wconf 85' lang='grc'>⁸</span> <span class='ocrx_word' id='word_1_195' title='bbox 2783 1337 3014 1401; x_wconf 89' lang='lat' dir='ltr'><strong>detecta,</strong></span> <span class='ocrx_word' id='word_1_196' title='bbox 3069 1336 3156 1390; x_wconf 86' lang='lat' dir='ltr'><strong>vel</strong></span> <span class='ocrx_word' id='word_1_197' title='bbox 3201 1335 3436 1403; x_wconf 82' lang='lat' dir='ltr'><strong>dirupta,</strong></span> <span class='ocrx_word' id='word_1_198' title='bbox 3489 1337 3784 1404; x_wconf 85' lang='lat' dir='ltr'><strong>cooperuit,</strong></span> 
     </span>
    </p>
   </div>
   <div class='ocr_carea' id='block_1_25' title="bbox 2213 1429 3786 1502">
    <p class='ocr_par' dir='ltr' id='par_1_25' title="bbox 2213 1429 3786 1502">
     <span class='ocr_line' id='line_1_25' title="bbox 2213 1429 3786 1502; baseline -0.003 -16"><span class='ocrx_word' id='word_1_199' title='bbox 2213 1432 2616 1502; x_wconf 89' lang='lat' dir='ltr'><strong>suoque-studio</strong></span> <span class='ocrx_word' id='word_1_200' title='bbox 2645 1430 2935 1485; x_wconf 85' lang='lat' dir='ltr'><strong>renovavit.</strong></span> <span class='ocrx_word' id='word_1_201' title='bbox 2971 1431 2992 1462; x_wconf 83' lang='lat'><strong><em>°</em></strong></span> <span class='ocrx_word' id='word_1_202' title='bbox 3021 1429 3117 1482; x_wconf 90' lang='lat' dir='ltr'><strong>Hic</strong></span> <span class='ocrx_word' id='word_1_203' title='bbox 3156 1429 3450 1482; x_wconf 86' lang='lat' dir='ltr'><strong>oratorium</strong></span> <span class='ocrx_word' id='word_1_204' title='bbox 3482 1430 3649 1482; x_wconf 84' lang='lat' dir='ltr'><strong>sancti</strong></span> <span class='ocrx_word' id='word_1_205' title='bbox 3681 1432 3786 1483; x_wconf 86' lang='lat' dir='ltr'><strong>An-</strong></span> 
     </span>
    </p>
   </div>
   <div class='ocr_carea' id='block_1_26' title="bbox 2214 1517 3789 1591">
    <p class='ocr_par' dir='ltr' id='par_1_26' title="bbox 2214 1517 3789 1591">
     <span class='ocr_line' id='line_1_26' title="bbox 2214 1517 3789 1591; baseline -0.003 -15"><span class='ocrx_word' id='word_1_206' title='bbox 2214 1522 2357 1576; x_wconf 66' lang='lat' dir='ltr'><strong>dreas</strong></span> <span class='ocrx_word' id='word_1_207' title='bbox 2398 1522 2645 1591; x_wconf 80' lang='lat' dir='ltr'><strong>apostoli,</strong></span> <span class='ocrx_word' id='word_1_208' title='bbox 2685 1519 2824 1588; x_wconf 90' lang='lat' dir='ltr'><strong>quod</strong></span> <span class='ocrx_word' id='word_1_209' title='bbox 2851 1520 2903 1553; x_wconf 74' lang='grc' dir='ltr'><strong>ίσ</strong></span> <span class='ocrx_word' id='word_1_210' title='bbox 2929 1517 3140 1587; x_wconf 85' lang='lat' dir='ltr'><strong>ponitur</strong></span> <span class='ocrx_word' id='word_1_211' title='bbox 3167 1517 3455 1584; x_wconf 79' lang='lat' dir='ltr'><strong>Lavicana,</strong></span> <span class='ocrx_word' id='word_1_212' title='bbox 3491 1534 3518 1569; x_wconf 91' lang='lat' dir='ltr'><strong>a</strong></span> <span class='ocrx_word' id='word_1_213' title='bbox 3551 1521 3667 1572; x_wconf 85' lang='lat' dir='ltr'><strong>solo</strong></span> <span class='ocrx_word' id='word_1_214' title='bbox 3703 1533 3789 1572; x_wconf 88' lang='lat' dir='ltr'><strong>re-</strong></span> 
     </span>
    </p>
   </div>
   <div class='ocr_carea' id='block_1_27' title="bbox 2216 1612 2360 1666">
    <p class='ocr_par' dir='ltr' id='par_1_27' title="bbox 2216 1612 2360 1666">
     <span class='ocr_line' id='line_1_27' title="bbox 2216 1612 2360 1666; baseline 0 -2"><span class='ocrx_word' id='word_1_215' title='bbox 2216 1612 2360 1666; x_wconf 90' lang='lat' dir='ltr'><strong>l&#39;ecit.</strong></span> 
     </span>
    </p>
   </div>
   <div class='ocr_carea' id='block_1_28' title="bbox 2287 1701 3794 1770">
    <p class='ocr_par' dir='ltr' id='par_1_28' title="bbox 2287 1701 3794 1770">
     <span class='ocr_line' id='line_1_28' title="bbox 2287 1701 3794 1770; baseline -0.001 -12"><span class='ocrx_word' id='word_1_216' title='bbox 2287 1701 2312 1740; x_wconf 73' lang='grc' dir='ltr'>ἀ</span> <span class='ocrx_word' id='word_1_217' title='bbox 2347 1703 2443 1758; x_wconf 92' lang='lat' dir='ltr'><strong>llic</strong></span> <span class='ocrx_word' id='word_1_218' title='bbox 2492 1704 2682 1757; x_wconf 88' lang='lat' dir='ltr'><strong>statuit</strong></span> <span class='ocrx_word' id='word_1_219' title='bbox 2723 1712 2780 1756; x_wconf 94' lang='lat' dir='ltr'><strong>ut</strong></span> <span class='ocrx_word' id='word_1_220' title='bbox 2827 1711 3068 1770; x_wconf 88' lang='lat' dir='ltr'><strong>tempore</strong></span> <span class='ocrx_word' id='word_1_221' title='bbox 3121 1701 3502 1758; x_wconf 82' lang='lat' dir='ltr'><strong>confractionis</strong></span> <span class='ocrx_word' id='word_1_222' title='bbox 3543 1703 3794 1758; x_wconf 55' lang='lat' dir='ltr'><strong>dominici</strong></span> 
     </span>
    </p>
   </div>
   <div class='ocr_carea' id='block_1_29' title="bbox 1775 1812 2598 1889">
    <p class='ocr_par' dir='ltr' id='par_1_29' title="bbox 1775 1812 2598 1889">
     <span class='ocr_line' id='line_1_29' title="bbox 1775 1812 2598 1889; baseline -0.006 -19"><span class='ocrx_word' id='word_1_223' title='bbox 1775 1815 2167 1889; x_wconf 67' lang='lat' dir='ltr'><strong>VARiANTES</strong></span> <span class='ocrx_word' id='word_1_224' title='bbox 2205 1812 2598 1868; x_wconf 77' lang='lat' dir='ltr'><strong>LECTIONES.</strong></span> 
     </span>
    </p>
   </div>
   <div class='ocr_carea' id='block_1_30' title="bbox 608 1915 952 1971">
    <p class='ocr_par' dir='ltr' id='par_1_30' title="bbox 608 1915 952 1971">
     <span class='ocr_line' id='line_1_30' title="bbox 608 1915 952 1971; baseline -0.003 -1"><span class='ocrx_word' id='word_1_225' title='bbox 608 1919 621 1948; x_wconf 89' lang='lat'>&#39;</span> <span class='ocrx_word' id='word_1_226' title='bbox 655 1915 845 1971; x_wconf 87' lang='lat' dir='ltr'><strong>La|)b..</strong></span> <span class='ocrx_word' id='word_1_227' title='bbox 877 1926 952 1969; x_wconf 86' lang='lat' dir='ltr'><strong>ut.</strong></span> 
     </span>
    </p>
   </div>
   <div class='ocr_carea' id='block_1_31' title="bbox 604 1957 2114 2055">
    <p class='ocr_par' dir='ltr' id='par_1_31' title="bbox 604 1957 2114 2055">
     <span class='ocr_line' id='line_1_31' title="bbox 604 1957 2114 2055; baseline -0.007 -14"><span class='ocrx_word' id='word_1_228' title='bbox 604 1989 626 2018; x_wconf 81' lang='grc'>⁸</span> <span class='ocrx_word' id='word_1_229' title='bbox 651 1957 1048 2048; x_wconf 60' lang='grc' dir='ltr'><strong>Χῖξῖἷτὸὲῖἶωω</strong></span> <span class='ocrx_word' id='word_1_230' title='bbox 1080 1986 1130 2036; x_wconf 88' lang='lat' dir='ltr'><strong>in</strong></span> <span class='ocrx_word' id='word_1_231' title='bbox 1171 1999 1296 2055; x_wconf 82' lang='lat' dir='ltr'><strong>gyro</strong></span> <span class='ocrx_word' id='word_1_232' title='bbox 1337 1997 1560 2052; x_wconf 83' lang='lat' dir='ltr'><strong>gemmas</strong></span> <span class='ocrx_word' id='word_1_233' title='bbox 1577 1999 1596 2048; x_wconf 80' lang='lat'><strong>,&#39;</strong></span> <span class='ocrx_word' id='word_1_234' title='bbox 1622 1980 1755 2036; x_wconf 87' lang='lat' dir='ltr'><strong>Cod.</strong></span> <span class='ocrx_word' id='word_1_235' title='bbox 1794 1980 1950 2044; x_wconf 89' lang='lat' dir='ltr'><strong>Luc.,</strong></span> <span class='ocrx_word' id='word_1_236' title='bbox 1973 1995 2114 2049; x_wconf 84' lang='lat' dir='ltr'><strong>gent-</strong></span> 
     </span>
    </p>
   </div>
   <div class='ocr_carea' id='block_1_32' title="bbox 537 2057 833 2110">
    <p class='ocr_par' dir='ltr' id='par_1_32' title="bbox 537 2057 833 2110">
     <span class='ocr_line' id='line_1_32' title="bbox 537 2057 833 2110; baseline 0 0"><span class='ocrx_word' id='word_1_237' title='bbox 537 2074 644 2110; x_wconf 86' lang='lat' dir='ltr'><strong>mas</strong></span> <span class='ocrx_word' id='word_1_238' title='bbox 673 2057 833 2110; x_wconf 76' lang='lat' dir='ltr'><strong>aibas.</strong></span> 
     </span>
    </p>
   </div>
   <div class='ocr_carea' id='block_1_33' title="bbox 608 2127 1014 2194">
    <p class='ocr_par' dir='ltr' id='par_1_33' title="bbox 608 2127 1014 2194">
     <span class='ocr_line' id='line_1_33' title="bbox 608 2127 1014 2194; baseline 0.002 -18"><span class='ocrx_word' id='word_1_239' title='bbox 608 2127 628 2156; x_wconf 90' lang='grc'>³</span> <span class='ocrx_word' id='word_1_240' title='bbox 652 2128 758 2191; x_wconf 88' lang='grc' dir='ltr'><strong>ΛΙ.,</strong></span> <span class='ocrx_word' id='word_1_241' title='bbox 789 2135 1014 2194; x_wconf 77' lang='lat' dir='ltr'><strong>trgnum.</strong></span> 
     </span>
    </p>
   </div>
   <div class='ocr_carea' id='block_1_34' title="bbox 605 2193 1515 2262">
    <p class='ocr_par' dir='ltr' id='par_1_34' title="bbox 605 2193 1515 2262">
     <span class='ocr_line' id='line_1_34' title="bbox 605 2193 1515 2262; baseline -0.007 -12"><span class='ocrx_word' id='word_1_242' title='bbox 605 2196 625 2225; x_wconf 70' lang='grc'>⁸</span> <span class='ocrx_word' id='word_1_243' title='bbox 649 2197 756 2259; x_wconf 83' lang='lat' dir='ltr'><strong>AL,</strong></span> <span class='ocrx_word' id='word_1_244' title='bbox 788 2193 1102 2262; x_wconf 72' lang='lat' dir='ltr'><strong>imagines...</strong></span> <span class='ocrx_word' id='word_1_245' title='bbox 1135 2193 1515 2245; x_wconf 85' lang='lat' dir='ltr'><strong>vetustissimas.</strong></span> 
     </span>
    </p>
   </div>
   <div class='ocr_carea' id='block_1_35' title="bbox 607 2264 1277 2328">
    <p class='ocr_par' dir='ltr' id='par_1_35' title="bbox 607 2264 1277 2328">
     <span class='ocr_line' id='line_1_35' title="bbox 607 2264 1277 2328; baseline -0.01 -11"><span class='ocrx_word' id='word_1_246' title='bbox 607 2267 628 2295; x_wconf 85' lang='grc'><strong><em>³</em></strong></span> <span class='ocrx_word' id='word_1_247' title='bbox 656 2265 787 2320; x_wconf 67' lang='lat' dir='ltr'><strong>(Sed.</strong></span> <span class='ocrx_word' id='word_1_248' title='bbox 816 2266 970 2328; x_wconf 92' lang='lat' dir='ltr'><strong>Luc.,</strong></span> <span class='ocrx_word' id='word_1_249' title='bbox 1002 2264 1277 2316; x_wconf 80' lang='lat' dir='ltr'><strong>cibarium.</strong></span> 
     </span>
    </p>
   </div>
   <div class='ocr_carea' id='block_1_36' title="bbox 2301 1903 2813 1969">
    <p class='ocr_par' dir='ltr' id='par_1_36' title="bbox 2301 1903 2813 1969">
     <span class='ocr_line' id='line_1_36' title="bbox 2301 1903 2813 1969; baseline -0.002 -10"><span class='ocrx_word' id='word_1_250' title='bbox 2301 1907 2321 1936; x_wconf 78' lang='lat'><strong>&quot;</strong></span> <span class='ocrx_word' id='word_1_251' title='bbox 2347 1903 2476 1958; x_wconf 86' lang='lat' dir='ltr'><strong>Cod.</strong></span> <span class='ocrx_word' id='word_1_252' title='bbox 2512 1905 2662 1969; x_wconf 88' lang='lat' dir='ltr'><strong>Luc.,</strong></span> <span class='ocrx_word' id='word_1_253' title='bbox 2690 1903 2813 1958; x_wconf 90' lang='lat' dir='ltr'><strong>illis.</strong></span> 
     </span>
    </p>
   </div>
   <div class='ocr_carea' id='block_1_37' title="bbox 2300 1974 3173 2044">
    <p class='ocr_par' dir='ltr' id='par_1_37' title="bbox 2300 1974 3173 2044">
     <span class='ocr_line' id='line_1_37' title="bbox 2300 1974 3173 2044; baseline -0.002 -16"><span class='ocrx_word' id='word_1_254' title='bbox 2300 1977 2317 2004; x_wconf 85' lang='grc'><strong>⁷</strong></span> <span class='ocrx_word' id='word_1_255' title='bbox 2337 1974 2469 2028; x_wconf 88' lang='lat' dir='ltr'><strong>Cod.</strong></span> <span class='ocrx_word' id='word_1_256' title='bbox 2507 1974 2654 2038; x_wconf 89' lang='lat' dir='ltr'><strong>Luc.,</strong></span> <span class='ocrx_word' id='word_1_257' title='bbox 2687 1977 2826 2027; x_wconf 84' lang='lat' dir='ltr'><strong>ostiis</strong></span> <span class='ocrx_word' id='word_1_258' title='bbox 2855 1974 3173 2044; x_wconf 81' lang='lat' dir='ltr'><strong>(Tiberinis).</strong></span> 
     </span>
    </p>
   </div>
   <div class='ocr_carea' id='block_1_38' title="bbox 2294 2045 3340 2112">
    <p class='ocr_par' dir='ltr' id='par_1_38' title="bbox 2294 2045 3340 2112">
     <span class='ocr_line' id='line_1_38' title="bbox 2294 2045 3340 2112; baseline 0.003 -17"><span class='ocrx_word' id='word_1_259' title='bbox 2294 2048 2313 2076; x_wconf 73' lang='grc'><strong>³</strong></span> <span class='ocrx_word' id='word_1_260' title='bbox 2337 2045 2446 2105; x_wconf 85' lang='lat' dir='ltr'><strong>AL,</strong></span> <span class='ocrx_word' id='word_1_261' title='bbox 2476 2045 2686 2097; x_wconf 75' lang='lat' dir='ltr'><strong>distet-ta</strong></span> <span class='ocrx_word' id='word_1_262' title='bbox 2715 2045 2971 2112; x_wconf 83' lang='lat' dir='ltr'><strong>cooperuit</strong></span> <span class='ocrx_word' id='word_1_263' title='bbox 2999 2057 3046 2097; x_wconf 87' lang='lat' dir='ltr'><strong>et</strong></span> <span class='ocrx_word' id='word_1_264' title='bbox 3073 2046 3340 2098; x_wconf 76' lang='lat' dir='ltr'><strong>renovavit.</strong></span> 
     </span>
    </p>
   </div>
   <div class='ocr_carea' id='block_1_39' title="bbox 2294 2112 2994 2182">
    <p class='ocr_par' dir='ltr' id='par_1_39' title="bbox 2294 2112 2994 2182">
     <span class='ocr_line' id='line_1_39' title="bbox 2294 2112 2994 2182; baseline 0.006 -19"><span class='ocrx_word' id='word_1_265' title='bbox 2294 2117 2312 2145; x_wconf 71' lang='grc'>³</span> <span class='ocrx_word' id='word_1_266' title='bbox 2341 2114 2418 2165; x_wconf 75' lang='lat' dir='ltr'><strong>AL</strong></span> <span class='ocrx_word' id='word_1_267' title='bbox 2448 2127 2555 2166; x_wconf 94' lang='lat' dir='ltr'><strong>om.</strong></span> <span class='ocrx_word' id='word_1_268' title='bbox 2584 2112 2771 2166; x_wconf 63' lang='lat' dir='ltr'><strong>Ilia...</strong></span> <span class='ocrx_word' id='word_1_269' title='bbox 2799 2115 2994 2182; x_wconf 78' lang='lat' dir='ltr'><strong>refecit.</strong></span> 
     </span>
    </p>
   </div>
   <div class='ocr_carea' id='block_1_40' title="bbox 2297 2182 3584 2252">
    <p class='ocr_par' dir='ltr' id='par_1_40' title="bbox 2297 2182 3584 2252">
     <span class='ocr_line' id='line_1_40' title="bbox 2297 2182 3584 2252; baseline 0.004 -18"><span class='ocrx_word' id='word_1_270' title='bbox 2297 2184 2338 2213; x_wconf 88' lang='grc'><strong>¹⁰</strong></span> <span class='ocrx_word' id='word_1_271' title='bbox 2357 2182 2470 2248; x_wconf 84' lang='lat' dir='ltr'><strong>AL,</strong></span> <span class='ocrx_word' id='word_1_272' title='bbox 2504 2184 2724 2252; x_wconf 87' lang='lat' dir='ltr'><strong>positum</strong></span> <span class='ocrx_word' id='word_1_273' title='bbox 2751 2193 2858 2249; x_wconf 88' lang='lat' dir='ltr'><strong>est;</strong></span> <span class='ocrx_word' id='word_1_274' title='bbox 2889 2183 3022 2237; x_wconf 89' lang='lat' dir='ltr'><strong>Cod.</strong></span> <span class='ocrx_word' id='word_1_275' title='bbox 3053 2182 3206 2248; x_wconf 89' lang='lat' dir='ltr'><strong>Luc.,</strong></span> <span class='ocrx_word' id='word_1_276' title='bbox 3239 2184 3442 2252; x_wconf 78' lang='lat' dir='ltr'><strong>ponitur</strong></span> <span class='ocrx_word' id='word_1_277' title='bbox 3479 2187 3584 2240; x_wconf 78' lang='lat' dir='ltr'><strong>via.</strong></span> 
     </span>
    </p>
   </div>
   <div class='ocr_carea' id='block_1_41' title="bbox 1882 2367 2515 2425">
    <p class='ocr_par' dir='ltr' id='par_1_41' title="bbox 1882 2367 2515 2425">
     <span class='ocr_line' id='line_1_41' title="bbox 1882 2367 2515 2425; baseline -0.003 -1"><span class='ocrx_word' id='word_1_278' title='bbox 1882 2368 2244 2425; x_wconf 77' lang='lat' dir='ltr'><strong>VARIORUM</strong></span> <span class='ocrx_word' id='word_1_279' title='bbox 2285 2367 2515 2424; x_wconf 73' lang='grc' dir='ltr'><strong>ΝΟΤιΕ.</strong></span> 
     </span>
    </p>
   </div>
   <div class='ocr_carea' id='block_1_42' title="bbox 537 2465 2194 2542">
    <p class='ocr_par' dir='ltr' id='par_1_42' title="bbox 537 2465 2194 2542">
     <span class='ocr_line' id='line_1_42' title="bbox 537 2465 2194 2542; baseline -0.004 -16"><span class='ocrx_word' id='word_1_280' title='bbox 537 2487 638 2540; x_wconf 70' lang='lat' dir='ltr'><strong>que</strong></span> <span class='ocrx_word' id='word_1_281' title='bbox 687 2470 962 2542; x_wconf 74' lang='lat' dir='ltr'><strong>pontiﬁcis.</strong></span> <span class='ocrx_word' id='word_1_282' title='bbox 1011 2469 1227 2542; x_wconf 83' lang='lat' dir='ltr'><strong>Corpus</strong></span> <span class='ocrx_word' id='word_1_283' title='bbox 1268 2468 1446 2542; x_wconf 75' lang='lat' dir='ltr'><strong>Sancti</strong></span> <span class='ocrx_word' id='word_1_284' title='bbox 1498 2467 1694 2542; x_wconf 78' lang='lat' dir='ltr'><strong>Leonis</strong></span> <span class='ocrx_word' id='word_1_285' title='bbox 1723 2465 1891 2542; x_wconf 75' lang='lat' dir='ltr'><strong>Magni</strong></span> <span class='ocrx_word' id='word_1_286' title='bbox 1918 2467 2114 2542; x_wconf 76' lang='lat' dir='ltr'><strong>dicitur</strong></span> <span class='ocrx_word' id='word_1_287' title='bbox 2148 2470 2194 2529; x_wconf 88' lang='lat' dir='ltr'><strong>B</strong></span> 
     </span>
    </p>
   </div>
   <div class='ocr_carea' id='block_1_43' title="bbox 542 2536 2114 2608">
    <p class='ocr_par' dir='ltr' id='par_1_43' title="bbox 542 2536 2114 2608">
     <span class='ocr_line' id='line_1_43' title="bbox 542 2536 2114 2608; baseline -0.004 -13"><span class='ocrx_word' id='word_1_288' title='bbox 542 2536 768 2608; x_wconf 78' lang='lat' dir='ltr'><strong>primum</strong></span> <span class='ocrx_word' id='word_1_289' title='bbox 797 2539 979 2604; x_wconf 83' lang='lat' dir='ltr'><strong>inisse,</strong></span> <span class='ocrx_word' id='word_1_290' title='bbox 1013 2538 1151 2608; x_wconf 88' lang='lat' dir='ltr'><strong>quod</strong></span> <span class='ocrx_word' id='word_1_291' title='bbox 1174 2551 1248 2608; x_wconf 78' lang='lat' dir='ltr'><strong>ex</strong></span> <span class='ocrx_word' id='word_1_292' title='bbox 1278 2537 1676 2608; x_wconf 79' lang='lat' dir='ltr'><strong>conl&#39;cssoribus</strong></span> <span class='ocrx_word' id='word_1_293' title='bbox 1696 2536 2033 2608; x_wconf 84' lang='lat' dir='ltr'><strong>pontiﬁcibus</strong></span> <span class='ocrx_word' id='word_1_294' title='bbox 2063 2538 2114 2588; x_wconf 94' lang='lat' dir='ltr'><strong>in</strong></span> 
     </span>
    </p>
   </div>
   <div class='ocr_carea' id='block_1_44' title="bbox 548 2605 2116 2672">
    <p class='ocr_par' dir='ltr' id='par_1_44' title="bbox 548 2605 2116 2672">
     <span class='ocr_line' id='line_1_44' title="bbox 548 2605 2116 2672; baseline -0.003 -10"><span class='ocrx_word' id='word_1_295' title='bbox 548 2605 848 2665; x_wconf 76' lang='lat' dir='ltr'><strong>Vaticanani</strong></span> <span class='ocrx_word' id='word_1_296' title='bbox 878 2605 1144 2663; x_wconf 79' lang='lat' dir='ltr'><strong>basilicam</strong></span> <span class='ocrx_word' id='word_1_297' title='bbox 1169 2607 1389 2666; x_wconf 78' lang='lat' dir='ltr'><strong>honoris</strong></span> <span class='ocrx_word' id='word_1_298' title='bbox 1416 2622 1576 2661; x_wconf 89' lang='lat' dir='ltr'><strong>causa</strong></span> <span class='ocrx_word' id='word_1_299' title='bbox 1606 2605 1809 2660; x_wconf 90' lang='lat' dir='ltr'><strong>illatum</strong></span> <span class='ocrx_word' id='word_1_300' title='bbox 1837 2607 1926 2671; x_wconf 90' lang='lat' dir='ltr'><strong>sit,</strong></span> <span class='ocrx_word' id='word_1_301' title='bbox 1952 2606 2116 2672; x_wconf 83' lang='lat' dir='ltr'><strong>depo-</strong></span> 
     </span>
    </p>
   </div>
   <div class='ocr_carea' id='block_1_45' title="bbox 541 2675 2118 2745">
    <p class='ocr_par' dir='ltr' id='par_1_45' title="bbox 541 2675 2118 2745">
     <span class='ocr_line' id='line_1_45' title="bbox 541 2675 2118 2745; baseline -0.005 -9"><span class='ocrx_word' id='word_1_302' title='bbox 541 2683 812 2745; x_wconf 80' lang='lat' dir='ltr'><strong>situmque</strong></span> <span class='ocrx_word' id='word_1_303' title='bbox 869 2679 920 2732; x_wconf 93' lang='lat' dir='ltr'><strong>in</strong></span> <span class='ocrx_word' id='word_1_304' title='bbox 972 2679 1204 2732; x_wconf 65' lang='lat' dir='ltr'><strong>basilicae</strong></span> <span class='ocrx_word' id='word_1_305' title='bbox 1256 2676 1498 2745; x_wconf 87' lang='lat' dir='ltr'><strong>ejusdem</strong></span> <span class='ocrx_word' id='word_1_306' title='bbox 1519 2675 1806 2730; x_wconf 90' lang='lat' dir='ltr'><strong>vestibulo.</strong></span> <span class='ocrx_word' id='word_1_307' title='bbox 1842 2676 1970 2730; x_wconf 86' lang='lat' dir='ltr'><strong>Post</strong></span> <span class='ocrx_word' id='word_1_308' title='bbox 1994 2691 2118 2729; x_wconf 84' lang='lat' dir='ltr'><strong>san-</strong></span> 
     </span>
    </p>
   </div>
   <div class='ocr_carea' id='block_1_46' title="bbox 543 2745 2114 2813">
    <p class='ocr_par' dir='ltr' id='par_1_46' title="bbox 543 2745 2114 2813">
     <span class='ocr_line' id='line_1_46' title="bbox 543 2745 2114 2813; baseline -0.005 -7"><span class='ocrx_word' id='word_1_309' title='bbox 543 2761 687 2806; x_wconf 88' lang='lat' dir='ltr'><strong>ctum</strong></span> <span class='ocrx_word' id='word_1_310' title='bbox 726 2745 963 2803; x_wconf 84' lang='lat' dir='ltr'><strong>Leonem</strong></span> <span class='ocrx_word' id='word_1_311' title='bbox 1003 2749 1074 2800; x_wconf 90' lang='lat' dir='ltr'><strong>ita</strong></span> <span class='ocrx_word' id='word_1_312' title='bbox 1134 2747 1286 2801; x_wconf 87' lang='lat' dir='ltr'><strong>multi</strong></span> <span class='ocrx_word' id='word_1_313' title='bbox 1331 2745 1611 2813; x_wconf 91' lang='lat' dir='ltr'><strong>pontiﬁces</strong></span> <span class='ocrx_word' id='word_1_314' title='bbox 1639 2745 1839 2800; x_wconf 87' lang='lat' dir='ltr'><strong>ibidem</strong></span> <span class='ocrx_word' id='word_1_315' title='bbox 1873 2745 2114 2800; x_wconf 85' lang='lat' dir='ltr'><strong>tumulati</strong></span> 
     </span>
    </p>
   </div>
   <div class='ocr_carea' id='block_1_47' title="bbox 544 2816 2116 2886">
    <p class='ocr_par' dir='ltr' id='par_1_47' title="bbox 544 2816 2116 2886">
     <span class='ocr_line' id='line_1_47' title="bbox 544 2816 2116 2886; baseline -0.004 -12"><span class='ocrx_word' id='word_1_316' title='bbox 544 2827 689 2883; x_wconf 87' lang='lat' dir='ltr'><strong>sunt,</strong></span> <span class='ocrx_word' id='word_1_317' title='bbox 748 2827 804 2872; x_wconf 90' lang='lat' dir='ltr'><strong>ut</strong></span> <span class='ocrx_word' id='word_1_318' title='bbox 833 2818 946 2886; x_wconf 84' lang='lat' dir='ltr'><strong>ejus</strong></span> <span class='ocrx_word' id='word_1_319' title='bbox 978 2817 1280 2886; x_wconf 83' lang='lat' dir='ltr'><strong>sepulcrum</strong></span> <span class='ocrx_word' id='word_1_320' title='bbox 1309 2816 1536 2871; x_wconf 92' lang='lat' dir='ltr'><strong>aliorum</strong></span> <span class='ocrx_word' id='word_1_321' title='bbox 1570 2817 1836 2886; x_wconf 88' lang='lat' dir='ltr'><strong>sepulcris</strong></span> <span class='ocrx_word' id='word_1_322' title='bbox 1864 2816 2116 2868; x_wconf 87' lang='lat' dir='ltr'><strong>obrutum</strong></span> 
     </span>
    </p>
   </div>
   <div class='ocr_carea' id='block_1_48' title="bbox 545 2885 2121 2956">
    <p class='ocr_par' dir='ltr' id='par_1_48' title="bbox 545 2885 2121 2956">
     <span class='ocr_line' id='line_1_48' title="bbox 545 2885 2121 2956; baseline -0.004 -13"><span class='ocrx_word' id='word_1_323' title='bbox 545 2885 914 2951; x_wconf 77' lang='lat' dir='ltr'><strong>ilelitescerct,</strong></span> <span class='ocrx_word' id='word_1_324' title='bbox 965 2885 1084 2941; x_wconf 87' lang='lat' dir='ltr'><strong>cum</strong></span> <span class='ocrx_word' id='word_1_325' title='bbox 1126 2902 1156 2940; x_wconf 95' lang='lat' dir='ltr'><strong>a</strong></span> <span class='ocrx_word' id='word_1_326' title='bbox 1204 2886 1452 2956; x_wconf 82' lang='lat' dir='ltr'><strong>Scrgiol</strong></span> <span class='ocrx_word' id='word_1_327' title='bbox 1485 2901 1618 2956; x_wconf 90' lang='lat' dir='ltr'><strong>papa</strong></span> <span class='ocrx_word' id='word_1_328' title='bbox 1650 2885 1912 2940; x_wconf 86' lang='lat' dir='ltr'><strong>divinitus</strong></span> <span class='ocrx_word' id='word_1_329' title='bbox 1932 2886 2121 2956; x_wconf 86' lang='lat' dir='ltr'><strong>admo-</strong></span> 
     </span>
    </p>
   </div>
   <div class='ocr_carea' id='block_1_49' title="bbox 548 2954 2119 3026">
    <p class='ocr_par' dir='ltr' id='par_1_49' title="bbox 548 2954 2119 3026">
     <span class='ocr_line' id='line_1_49' title="bbox 548 2954 2119 3026; baseline -0.004 -13"><span class='ocrx_word' id='word_1_330' title='bbox 548 2962 682 3026; x_wconf 92' lang='lat' dir='ltr'><strong>nito,</strong></span> <span class='ocrx_word' id='word_1_331' title='bbox 734 2970 933 3024; x_wconf 5' lang='lat' dir='ltr'><strong>corpus.</strong></span> <span class='ocrx_word' id='word_1_332' title='bbox 973 2957 1140 3010; x_wconf 88' lang='lat' dir='ltr'><strong>sancti</strong></span> <span class='ocrx_word' id='word_1_333' title='bbox 1189 2954 2119 3026; x_wconf 25' lang='lat' dir='ltr'><strong>pontilicisfe’locoobscuriorein</strong></span> 
     </span>
    </p>
   </div>
   <div class='ocr_carea' id='block_1_50' title="bbox 549 3025 2120 3091">
    <p class='ocr_par' dir='ltr' id='par_1_50' title="bbox 549 3025 2120 3091">
     <span class='ocr_line' id='line_1_50' title="bbox 549 3025 2120 3091; baseline -0.004 -10"><span class='ocrx_word' id='word_1_334' title='bbox 549 3028 909 3082; x_wconf 84' lang='lat' dir='ltr'><strong>decentiorem</strong></span> <span class='ocrx_word' id='word_1_335' title='bbox 941 3027 1258 3080; x_wconf 85' lang='lat' dir='ltr'><strong>translatum</strong></span> <span class='ocrx_word' id='word_1_336' title='bbox 1278 3025 1642 3091; x_wconf 84' lang='lat' dir='ltr'><strong>est,videlicet</strong></span> <span class='ocrx_word' id='word_1_337' title='bbox 1665 3026 1721 3079; x_wconf 89' lang='lat' dir='ltr'><strong>in</strong></span> <span class='ocrx_word' id='word_1_338' title='bbox 1743 3026 2031 3078; x_wconf 79' lang='lat' dir='ltr'><strong>oratorium</strong></span> <span class='ocrx_word' id='word_1_339' title='bbox 2053 3026 2120 3078; x_wconf 84' lang='lat' dir='ltr'><strong>ad</strong></span> 
     </span>
    </p>
   </div>
   <div class='ocr_carea' id='block_1_51' title="bbox 493 3095 2182 3166">
    <p class='ocr_par' dir='ltr' id='par_1_51' title="bbox 493 3095 2182 3166">
     <span class='ocr_line' id='line_1_51' title="bbox 493 3095 2182 3166; baseline -0.001 -16"><span class='ocrx_word' id='word_1_340' title='bbox 493 3101 496 3104; x_wconf 81' lang='grc'><strong>’</strong></span> <span class='ocrx_word' id='word_1_341' title='bbox 551 3100 812 3152; x_wconf 62' lang='lat' dir='ltr'><strong>dexteram</strong></span> <span class='ocrx_word' id='word_1_342' title='bbox 863 3099 1075 3166; x_wconf 66' lang='lat' dir='ltr'><strong>majoris</strong></span> <span class='ocrx_word' id='word_1_343' title='bbox 1119 3095 1310 3150; x_wconf 80' lang='lat' dir='ltr'><strong>absidis</strong></span> <span class='ocrx_word' id='word_1_344' title='bbox 1331 3112 1488 3165; x_wconf 81' lang='lat' dir='ltr'><strong>prcpe</strong></span> <span class='ocrx_word' id='word_1_345' title='bbox 1513 3097 1678 3149; x_wconf 90' lang='lat' dir='ltr'><strong>sancti</strong></span> <span class='ocrx_word' id='word_1_346' title='bbox 1706 3095 1852 3150; x_wconf 88' lang='lat' dir='ltr'><strong>Petri</strong></span> <span class='ocrx_word' id='word_1_347' title='bbox 1873 3111 2040 3166; x_wconf 83' lang='lat' dir='ltr'><strong>aram,</strong></span> <span class='ocrx_word' id='word_1_348' title='bbox 2064 3103 2122 3148; x_wconf 89' lang='lat' dir='ltr'><strong>ut</strong></span> <span class='ocrx_word' id='word_1_349' title='bbox 2178 3097 2182 3101; x_wconf 71' lang='grc'><em>’</em></span> 
     </span>
    </p>
   </div>
   <div class='ocr_carea' id='block_1_52' title="bbox 555 3165 2119 3234">
    <p class='ocr_par' dir='ltr' id='par_1_52' title="bbox 555 3165 2119 3234">
     <span class='ocr_line' id='line_1_52' title="bbox 555 3165 2119 3234; baseline -0.003 -12"><span class='ocrx_word' id='word_1_350' title='bbox 555 3179 741 3222; x_wconf 66' lang='lat' dir='ltr'><strong>aucuir</strong></span> <span class='ocrx_word' id='word_1_351' title='bbox 791 3165 965 3220; x_wconf 72' lang='lat' dir='ltr'><strong>Roma:</strong></span> <span class='ocrx_word' id='word_1_352' title='bbox 997 3167 1339 3220; x_wconf 67' lang='lat' dir='ltr'><strong>subterraneis</strong></span> <span class='ocrx_word' id='word_1_353' title='bbox 1391 3175 1632 3220; x_wconf 87' lang='lat' dir='ltr'><strong>testatur.</strong></span> <span class='ocrx_word' id='word_1_354' title='bbox 1669 3167 1792 3220; x_wconf 71' lang='lat' dir='ltr'><strong>llaec</strong></span> <span class='ocrx_word' id='word_1_355' title='bbox 1822 3165 1919 3219; x_wconf 84' lang='lat' dir='ltr'><strong>init</strong></span> <span class='ocrx_word' id='word_1_356' title='bbox 1952 3169 2119 3234; x_wconf 88' lang='lat' dir='ltr'><strong>prima</strong></span> 
     </span>
    </p>
   </div>
   <div class='ocr_carea' id='block_1_53' title="bbox 553 3234 2120 3304">
    <p class='ocr_par' dir='ltr' id='par_1_53' title="bbox 553 3234 2120 3304">
     <span class='ocr_line' id='line_1_53' title="bbox 553 3234 2120 3304; baseline -0.002 -13"><span class='ocrx_word' id='word_1_357' title='bbox 553 3236 829 3292; x_wconf 90' lang='lat' dir='ltr'><strong>translatio</strong></span> <span class='ocrx_word' id='word_1_358' title='bbox 885 3237 1124 3303; x_wconf 89' lang='lat' dir='ltr'><strong>corporis</strong></span> <span class='ocrx_word' id='word_1_359' title='bbox 1173 3236 1363 3304; x_wconf 13' lang='lat' dir='ltr'><strong>sancti,</strong></span> <span class='ocrx_word' id='word_1_360' title='bbox 1394 3234 1587 3289; x_wconf 81' lang='lat' dir='ltr'><strong>Leonis</strong></span> <span class='ocrx_word' id='word_1_361' title='bbox 1619 3236 1761 3304; x_wconf 63' lang='lat' dir='ltr'><strong>(alia;</strong></span> <span class='ocrx_word' id='word_1_362' title='bbox 1789 3236 1932 3290; x_wconf 89' lang='lat' dir='ltr'><strong>enim</strong></span> <span class='ocrx_word' id='word_1_363' title='bbox 1965 3236 2120 3288; x_wconf 68' lang='lat' dir='ltr'><strong>taetre</strong></span> 
     </span>
    </p>
   </div>
   <div class='ocr_carea' id='block_1_54' title="bbox 551 3303 2120 3373">
    <p class='ocr_par' dir='ltr' id='par_1_54' title="bbox 551 3303 2120 3373">
     <span class='ocr_line' id='line_1_54' title="bbox 551 3303 2120 3373; baseline -0.002 -14"><span class='ocrx_word' id='word_1_364' title='bbox 551 3316 676 3360; x_wconf 89' lang='lat' dir='ltr'><strong>sunt</strong></span> <span class='ocrx_word' id='word_1_365' title='bbox 702 3306 1051 3373; x_wconf 86' lang='lat' dir='ltr'><strong>sequentibus</strong></span> <span class='ocrx_word' id='word_1_366' title='bbox 1078 3303 1690 3373; x_wconf 68' lang='lat' dir='ltr'><strong>smculis)abAnastaSio</strong></span> <span class='ocrx_word' id='word_1_367' title='bbox 1711 3313 2120 3373; x_wconf 87' lang='lat' dir='ltr'><strong>narrata,quam</strong></span> 
     </span>
    </p>
   </div>
   <div class='ocr_carea' id='block_1_55' title="bbox 553 3371 2124 3441">
    <p class='ocr_par' dir='ltr' id='par_1_55' title="bbox 553 3371 2124 3441">
     <span class='ocr_line' id='line_1_55' title="bbox 553 3371 2124 3441; baseline -0.003 -13"><span class='ocrx_word' id='word_1_368' title='bbox 553 3371 836 3428; x_wconf 83' lang='lat' dir='ltr'><strong>conﬁrmat</strong></span> <span class='ocrx_word' id='word_1_369' title='bbox 889 3382 1158 3427; x_wconf 88' lang='lat' dir='ltr'><strong>vetustum</strong></span> <span class='ocrx_word' id='word_1_370' title='bbox 1209 3372 1564 3441; x_wconf 85' lang='lat' dir='ltr'><strong>epitaphium,</strong></span> <span class='ocrx_word' id='word_1_371' title='bbox 1600 3373 1739 3441; x_wconf 92' lang='lat' dir='ltr'><strong>quod</strong></span> <span class='ocrx_word' id='word_1_372' title='bbox 1770 3373 1908 3425; x_wconf 89' lang='lat' dir='ltr'><strong>inter</strong></span> <span class='ocrx_word' id='word_1_373' title='bbox 1935 3373 2036 3424; x_wconf 82' lang='lat' dir='ltr'><strong>alia</strong></span> <span class='ocrx_word' id='word_1_374' title='bbox 2067 3371 2124 3441; x_wconf 73' lang='lat' dir='ltr'><strong>in</strong></span> 
     </span>
    </p>
   </div>
   <div class='ocr_carea' id='block_1_56' title="bbox 557 3437 2126 3510">
    <p class='ocr_par' dir='ltr' id='par_1_56' title="bbox 557 3437 2126 3510">
     <span class='ocr_line' id='line_1_56' title="bbox 557 3437 2126 3510; baseline -0.004 -12"><span class='ocrx_word' id='word_1_375' title='bbox 557 3444 771 3498; x_wconf 86' lang='lat' dir='ltr'><strong>basilica</strong></span> <span class='ocrx_word' id='word_1_376' title='bbox 820 3446 988 3497; x_wconf 88' lang='lat' dir='ltr'><strong>sancti</strong></span> <span class='ocrx_word' id='word_1_377' title='bbox 1042 3442 1185 3496; x_wconf 88' lang='lat' dir='ltr'><strong>Petri</strong></span> <span class='ocrx_word' id='word_1_378' title='bbox 1242 3437 1508 3510; x_wconf 78' lang='lat' dir='ltr'><strong>repertum</strong></span> <span class='ocrx_word' id='word_1_379' title='bbox 1560 3437 1631 3495; x_wconf 59' lang='lat' dir='ltr'><strong>cl:</strong></span> <span class='ocrx_word' id='word_1_380' title='bbox 1662 3441 2001 3495; x_wconf 76' lang='lat' dir='ltr'><strong>Mabillonius</strong></span> <span class='ocrx_word' id='word_1_381' title='bbox 2031 3437 2126 3508; x_wconf 89' lang='lat' dir='ltr'><strong>(In</strong></span> 
     </span>
    </p>
   </div>
   <div class='ocr_carea' id='block_1_57' title="bbox 553 3510 2126 3581">
    <p class='ocr_par' dir='ltr' id='par_1_57' title="bbox 553 3510 2126 3581">
     <span class='ocr_line' id='line_1_57' title="bbox 553 3510 2126 3581; baseline -0.003 -13"><span class='ocrx_word' id='word_1_382' title='bbox 553 3512 829 3578; x_wconf 78' lang='lat' dir='ltr'><strong>Amilcctis,</strong></span> <span class='ocrx_word' id='word_1_383' title='bbox 857 3523 991 3566; x_wconf 81' lang='lat' dir='ltr'><strong>tanta</strong></span> <span class='ocrx_word' id='word_1_384' title='bbox 1017 3511 1133 3581; x_wconf 84' lang='grc'><strong>111)</strong></span> <span class='ocrx_word' id='word_1_385' title='bbox 1169 3512 1296 3566; x_wconf 78' lang='lat' dir='ltr'><strong>fecit</strong></span> <span class='ocrx_word' id='word_1_386' title='bbox 1327 3510 1516 3578; x_wconf 87' lang='lat' dir='ltr'><strong>publici</strong></span> <span class='ocrx_word' id='word_1_387' title='bbox 1535 3510 1697 3580; x_wconf 89' lang='lat' dir='ltr'><strong>juris,</strong></span> <span class='ocrx_word' id='word_1_388' title='bbox 1725 3520 1780 3566; x_wconf 92' lang='lat' dir='ltr'><strong>et</strong></span> <span class='ocrx_word' id='word_1_389' title='bbox 1801 3520 2126 3579; x_wconf 85' lang='lat' dir='ltr'><strong>estsequens</strong></span> 
     </span>
    </p>
   </div>
   <div class='ocr_carea' id='block_1_58' title="bbox 552 3581 1692 3638">
    <p class='ocr_par' dir='ltr' id='par_1_58' title="bbox 552 3581 1692 3638">
     <span class='ocr_line' id='line_1_58' title="bbox 552 3581 1692 3638; baseline -0.003 -1"><span class='ocrx_word' id='word_1_390' title='bbox 552 3587 616 3637; x_wconf 89' lang='lat' dir='ltr'><strong>ad</strong></span> <span class='ocrx_word' id='word_1_391' title='bbox 649 3585 1011 3638; x_wconf 75' lang='lat' dir='ltr'><strong>Oxoniensem</strong></span> <span class='ocrx_word' id='word_1_392' title='bbox 1040 3583 1288 3636; x_wconf 82' lang='lat' dir='ltr'><strong>Codicem</strong></span> <span class='ocrx_word' id='word_1_393' title='bbox 1321 3581 1692 3636; x_wconf 89' lang='lat' dir='ltr'><strong>emendatum.</strong></span> 
     </span>
    </p>
   </div>
   <div class='ocr_carea' id='block_1_59' title="bbox 673 3667 2002 3733">
    <p class='ocr_par' dir='ltr' id='par_1_59' title="bbox 673 3667 2002 3733">
     <span class='ocr_line' id='line_1_59' title="bbox 673 3667 2002 3733; baseline -0.002 -12"><span class='ocrx_word' id='word_1_394' title='bbox 673 3667 833 3727; x_wconf 80' lang='lat' dir='ltr'><strong>Hujus</strong></span> <span class='ocrx_word' id='word_1_395' title='bbox 852 3671 1100 3733; x_wconf 86' lang='lat' dir='ltr'><strong>apostolici</strong></span> <span class='ocrx_word' id='word_1_396' title='bbox 1122 3673 1325 3732; x_wconf 87' lang='lat' dir='ltr'><strong>primum</strong></span> <span class='ocrx_word' id='word_1_397' title='bbox 1348 3681 1424 3720; x_wconf 89' lang='lat' dir='ltr'><strong>est</strong></span> <span class='ocrx_word' id='word_1_398' title='bbox 1441 3671 1520 3720; x_wconf 90' lang='lat' dir='ltr'><strong>hic</strong></span> <span class='ocrx_word' id='word_1_399' title='bbox 1541 3683 1712 3732; x_wconf 77' lang='lat' dir='ltr'><strong>corpus</strong></span> <span class='ocrx_word' id='word_1_400' title='bbox 1734 3670 2002 3733; x_wconf 78' lang='lat' dir='ltr'><strong>humatum,</strong></span> 
     </span>
    </p>
   </div>
   <div class='ocr_carea' id='block_1_60' title="bbox 732 3732 1878 3793">
    <p class='ocr_par' dir='ltr' id='par_1_60' title="bbox 732 3732 1878 3793">
     <span class='ocr_line' id='line_1_60' title="bbox 732 3732 1878 3793; baseline -0.002 -12"><span class='ocrx_word' id='word_1_401' title='bbox 732 3733 872 3791; x_wconf 74' lang='lat' dir='ltr'><strong>Quod</strong></span> <span class='ocrx_word' id='word_1_402' title='bbox 887 3732 1021 3782; x_wconf 34' lang='lat' dir='ltr'><strong>’l‘oret</strong></span> <span class='ocrx_word' id='word_1_403' title='bbox 1044 3739 1097 3782; x_wconf 88' lang='lat' dir='ltr'><strong>et</strong></span> <span class='ocrx_word' id='word_1_404' title='bbox 1119 3733 1304 3782; x_wconf 80' lang='lat' dir='ltr'><strong>tumulo</strong></span> <span class='ocrx_word' id='word_1_405' title='bbox 1325 3733 1503 3793; x_wconf 81' lang='lat' dir='ltr'><strong>dignus</strong></span> <span class='ocrx_word' id='word_1_406' title='bbox 1521 3735 1570 3781; x_wconf 87' lang='lat' dir='ltr'><strong>in</strong></span> <span class='ocrx_word' id='word_1_407' title='bbox 1592 3745 1704 3780; x_wconf 87' lang='lat' dir='ltr'><strong>arce</strong></span> <span class='ocrx_word' id='word_1_408' title='bbox 1729 3732 1878 3780; x_wconf 82' lang='lat' dir='ltr'><strong>Petri.</strong></span> 
     </span>
    </p>
   </div>
   <div class='ocr_carea' id='block_1_61' title="bbox 673 3793 2080 3854">
    <p class='ocr_par' dir='ltr' id='par_1_61' title="bbox 673 3793 2080 3854">
     <span class='ocr_line' id='line_1_61' title="bbox 673 3793 2080 3854; baseline -0.002 -11"><span class='ocrx_word' id='word_1_409' title='bbox 673 3793 798 3843; x_wconf 83' lang='lat' dir='ltr'><strong>llinc</strong></span> <span class='ocrx_word' id='word_1_410' title='bbox 815 3801 972 3843; x_wconf 86' lang='lat' dir='ltr'><strong>vatum</strong></span> <span class='ocrx_word' id='word_1_411' title='bbox 992 3805 1349 3854; x_wconf 85' lang='lat' dir='ltr'><strong>procerumque</strong></span> <span class='ocrx_word' id='word_1_412' title='bbox 1366 3795 1555 3854; x_wconf 84' lang='lat' dir='ltr'><strong>cohors,</strong></span> <span class='ocrx_word' id='word_1_413' title='bbox 1571 3805 1691 3854; x_wconf 85' lang='lat' dir='ltr'><strong>quos</strong></span> <span class='ocrx_word' id='word_1_414' title='bbox 1707 3795 1870 3841; x_wconf 84' lang='lat' dir='ltr'><strong>cernis</strong></span> <span class='ocrx_word' id='word_1_415' title='bbox 1885 3793 2080 3853; x_wconf 87' lang='lat' dir='ltr'><strong>adesse,</strong></span> 
     </span>
    </p>
   </div>
   <div class='ocr_carea' id='block_1_62' title="bbox 739 3855 1858 3916">
    <p class='ocr_par' dir='ltr' id='par_1_62' title="bbox 739 3855 1858 3916">
     <span class='ocr_line' id='line_1_62' title="bbox 739 3855 1858 3916; baseline -0.003 -13"><span class='ocrx_word' id='word_1_416' title='bbox 739 3856 952 3904; x_wconf 81' lang='lat' dir='ltr'><strong>Membra</strong></span> <span class='ocrx_word' id='word_1_417' title='bbox 976 3855 1065 3903; x_wconf 88' lang='lat' dir='ltr'><strong>sub</strong></span> <span class='ocrx_word' id='word_1_418' title='bbox 1089 3858 1296 3916; x_wconf 76' lang='lat' dir='ltr'><strong>egregia</strong></span> <span class='ocrx_word' id='word_1_419' title='bbox 1313 3861 1426 3902; x_wconf 88' lang='lat' dir='ltr'><strong>sunt</strong></span> <span class='ocrx_word' id='word_1_420' title='bbox 1449 3855 1677 3916; x_wconf 81' lang='lat' dir='ltr'><strong>adOperta</strong></span> <span class='ocrx_word' id='word_1_421' title='bbox 1699 3856 1858 3902; x_wconf 88' lang='lat' dir='ltr'><strong>domo.</strong></span> 
     </span>
    </p>
   </div>
   <div class='ocr_carea' id='block_1_63' title="bbox 678 3915 2072 3978">
    <p class='ocr_par' dir='ltr' id='par_1_63' title="bbox 678 3915 2072 3978">
     <span class='ocr_line' id='line_1_63' title="bbox 678 3915 2072 3978; baseline -0.001 -14"><span class='ocrx_word' id='word_1_422' title='bbox 678 3917 774 3964; x_wconf 86' lang='lat' dir='ltr'><strong>Sed</strong></span> <span class='ocrx_word' id='word_1_423' title='bbox 793 3917 1046 3978; x_wconf 12' lang='lat' dir='ltr'><strong>dudumiut</strong></span> <span class='ocrx_word' id='word_1_424' title='bbox 1067 3915 1454 3978; x_wconf 44' lang='lat' dir='ltr'><strong>pastor’magnus</strong></span> <span class='ocrx_word' id='word_1_425' title='bbox 1480 3915 1579 3964; x_wconf 92' lang='lat' dir='ltr'><strong>Leo</strong></span> <span class='ocrx_word' id='word_1_426' title='bbox 1597 3921 1737 3976; x_wconf 88' lang='lat' dir='ltr'><strong>septa</strong></span> <span class='ocrx_word' id='word_1_427' title='bbox 1762 3926 2072 3977; x_wconf 68' lang='lat' dir='ltr'><strong>gregemque</strong></span> 
     </span>
    </p>
   </div>
   <div class='ocr_carea' id='block_1_64' title="bbox 739 3977 1780 4038">
    <p class='ocr_par' dir='ltr' id='par_1_64' title="bbox 739 3977 1780 4038">
     <span class='ocr_line' id='line_1_64' title="bbox 739 3977 1780 4038; baseline -0.003 -13"><span class='ocrx_word' id='word_1_428' title='bbox 739 3977 1072 4025; x_wconf 85' lang='lat' dir='ltr'><strong>Christicolam</strong></span> <span class='ocrx_word' id='word_1_429' title='bbox 1095 3989 1294 4038; x_wconf 76' lang='lat' dir='ltr'><strong>servans</strong></span> <span class='ocrx_word' id='word_1_430' title='bbox 1315 3978 1491 4038; x_wconf 87' lang='lat' dir='ltr'><strong>janitor</strong></span> <span class='ocrx_word' id='word_1_431' title='bbox 1512 3977 1637 4024; x_wconf 89' lang='lat' dir='ltr'><strong>arcis</strong></span> <span class='ocrx_word' id='word_1_432' title='bbox 1659 3985 1780 4024; x_wconf 86' lang='lat' dir='ltr'><strong>erat.</strong></span> 
     </span>
    </p>
   </div>
   <div class='ocr_carea' id='block_1_65' title="bbox 679 4037 2068 4101">
    <p class='ocr_par' dir='ltr' id='par_1_65' title="bbox 679 4037 2068 4101">
     <span class='ocr_line' id='line_1_65' title="bbox 679 4037 2068 4101; baseline -0.001 -15"><span class='ocrx_word' id='word_1_433' title='bbox 679 4039 962 4101; x_wconf 57' lang='lat' dir='ltr'><strong>(&quot;Jornmonet</strong></span> <span class='ocrx_word' id='word_1_434' title='bbox 985 4051 1016 4101; x_wconf 85' lang='lat' dir='ltr'><strong>e</strong></span> <span class='ocrx_word' id='word_1_435' title='bbox 1039 4037 1226 4087; x_wconf 89' lang='lat' dir='ltr'><strong>tumqu</strong></span> <span class='ocrx_word' id='word_1_436' title='bbox 1241 4075 1253 4097; x_wconf 93' lang='lat'><strong>,</strong></span> <span class='ocrx_word' id='word_1_437' title='bbox 1276 4037 1404 4101; x_wconf 81' lang='lat' dir='ltr'><strong>quod</strong></span> <span class='ocrx_word' id='word_1_438' title='bbox 1429 4047 1649 4101; x_wconf 71' lang='lat' dir='ltr'><strong>gesserat</strong></span> <span class='ocrx_word' id='word_1_439' title='bbox 1671 4038 1776 4098; x_wconf 89' lang='lat' dir='ltr'><strong>ipso</strong></span> <span class='ocrx_word' id='word_1_440' title='bbox 1799 4043 2068 4098; x_wconf 84' lang='lat' dir='ltr'><strong>superstes,</strong></span> 
     </span>
    </p>
   </div>
   <div class='ocr_carea' id='block_1_66' title="bbox 739 4097 1698 4160">
    <p class='ocr_par' dir='ltr' id='par_1_66' title="bbox 739 4097 1698 4160">
     <span class='ocr_line' id='line_1_66' title="bbox 739 4097 1698 4160; baseline -0.002 -12"><span class='ocrx_word' id='word_1_441' title='bbox 739 4099 812 4148; x_wconf 83' lang='lat' dir='ltr'><strong>Ne</strong></span> <span class='ocrx_word' id='word_1_442' title='bbox 844 4099 984 4160; x_wconf 89' lang='lat' dir='ltr'><strong>lupus</strong></span> <span class='ocrx_word' id='word_1_443' title='bbox 1005 4100 1236 4148; x_wconf 81' lang='lat' dir='ltr'><strong>insidians</strong></span> <span class='ocrx_word' id='word_1_444' title='bbox 1262 4097 1417 4148; x_wconf 75' lang='lat' dir='ltr'><strong>vastet</strong></span> <span class='ocrx_word' id='word_1_445' title='bbox 1436 4097 1564 4148; x_wconf 70' lang='lat' dir='ltr'><strong>otile</strong></span> <span class='ocrx_word' id='word_1_446' title='bbox 1591 4097 1698 4146; x_wconf 80' lang='lat' dir='ltr'><strong>Dei.</strong></span> 
     </span>
    </p>
   </div>
   <div class='ocr_carea' id='block_1_67' title="bbox 677 4160 1766 4222">
    <p class='ocr_par' dir='ltr' id='par_1_67' title="bbox 677 4160 1766 4222">
     <span class='ocr_line' id='line_1_67' title="bbox 677 4160 1766 4222; baseline -0.002 -13"><span class='ocrx_word' id='word_1_447' title='bbox 677 4161 940 4222; x_wconf 79' lang='lat' dir='ltr'><strong>Testantur</strong></span> <span class='ocrx_word' id='word_1_448' title='bbox 963 4163 1097 4210; x_wconf 84' lang='lat' dir='ltr'><strong>missi</strong></span> <span class='ocrx_word' id='word_1_449' title='bbox 1123 4167 1364 4222; x_wconf 83' lang='lat' dir='ltr'><strong>prorccto</strong></span> <span class='ocrx_word' id='word_1_450' title='bbox 1384 4162 1612 4222; x_wconf 79' lang='lat' dir='ltr'><strong>dogmate</strong></span> <span class='ocrx_word' id='word_1_451' title='bbox 1637 4160 1766 4214; x_wconf 86' lang='lat' dir='ltr'><strong>libri.</strong></span> 
     </span>
    </p>
   </div>
   <div class='ocr_carea' id='block_1_68' title="bbox 689 4218 1973 4282">
    <p class='ocr_par' dir='ltr' id='par_1_68' title="bbox 689 4218 1973 4282">
     <span class='ocr_line' id='line_1_68' title="bbox 689 4218 1973 4282; baseline -0.002 -12"><span class='ocrx_word' id='word_1_452' title='bbox 689 4218 705 4282; x_wconf 64' lang='grc' dir='ltr'><strong>ξ</strong></span> <span class='ocrx_word' id='word_1_453' title='bbox 736 4222 866 4278; x_wconf 85' lang='lat' dir='ltr'><strong>Quos</strong></span> <span class='ocrx_word' id='word_1_454' title='bbox 887 4224 964 4282; x_wconf 87' lang='lat' dir='ltr'><strong>pia</strong></span> <span class='ocrx_word' id='word_1_455' title='bbox 985 4218 1136 4270; x_wconf 75' lang='lat' dir='ltr'><strong>corda</strong></span> <span class='ocrx_word' id='word_1_456' title='bbox 1150 4220 1340 4279; x_wconf 88' lang='lat' dir='ltr'><strong>colunt,</strong></span> <span class='ocrx_word' id='word_1_457' title='bbox 1366 4218 1488 4282; x_wconf 77' lang='lat' dir='ltr'><strong>quos</strong></span> <span class='ocrx_word' id='word_1_458' title='bbox 1511 4221 1632 4282; x_wconf 80' lang='lat' dir='ltr'><strong>mala</strong></span> <span class='ocrx_word' id='word_1_459' title='bbox 1659 4223 1797 4270; x_wconf 88' lang='lat' dir='ltr'><strong>turba</strong></span> <span class='ocrx_word' id='word_1_460' title='bbox 1823 4222 1973 4270; x_wconf 91' lang='lat' dir='ltr'><strong>timet.</strong></span> 
     </span>
    </p>
   </div>
   <div class='ocr_carea' id='block_1_69' title="bbox 675 4279 1862 4343">
    <p class='ocr_par' dir='ltr' id='par_1_69' title="bbox 675 4279 1862 4343">
     <span class='ocr_line' id='line_1_69' title="bbox 675 4279 1862 4343; baseline 0 -15"><span class='ocrx_word' id='word_1_461' title='bbox 675 4279 861 4342; x_wconf 71' lang='lat' dir='ltr'><strong>Rugiit,</strong></span> <span class='ocrx_word' id='word_1_462' title='bbox 888 4279 938 4330; x_wconf 84' lang='lat' dir='ltr'><strong>et</strong></span> <span class='ocrx_word' id='word_1_463' title='bbox 960 4283 1124 4343; x_wconf 83' lang='lat' dir='ltr'><strong>pavida</strong></span> <span class='ocrx_word' id='word_1_464' title='bbox 1147 4279 1436 4340; x_wconf 61' lang='lat' dir='ltr'><strong>stur-uerunt</strong></span> <span class='ocrx_word' id='word_1_465' title='bbox 1461 4281 1601 4330; x_wconf 85' lang='lat' dir='ltr'><strong>corda</strong></span> <span class='ocrx_word' id='word_1_466' title='bbox 1625 4282 1862 4342; x_wconf 81' lang='lat' dir='ltr'><strong>ferarum;</strong></span> 
     </span>
    </p>
   </div>
   <div class='ocr_carea' id='block_1_70' title="bbox 737 4343 1739 4404">
    <p class='ocr_par' dir='ltr' id='par_1_70' title="bbox 737 4343 1739 4404">
     <span class='ocr_line' id='line_1_70' title="bbox 737 4343 1739 4404; baseline -0.002 -13"><span class='ocrx_word' id='word_1_467' title='bbox 737 4343 1050 4404; x_wconf 85' lang='lat' dir='ltr'><strong>Pastorisque</strong></span> <span class='ocrx_word' id='word_1_468' title='bbox 1068 4346 1139 4391; x_wconf 85' lang='lat' dir='ltr'><strong>sui</strong></span> <span class='ocrx_word' id='word_1_469' title='bbox 1157 4343 1288 4402; x_wconf 87' lang='lat' dir='ltr'><strong>jussa</strong></span> <span class='ocrx_word' id='word_1_470' title='bbox 1310 4351 1582 4404; x_wconf 88' lang='lat' dir='ltr'><strong>sequuntur</strong></span> <span class='ocrx_word' id='word_1_471' title='bbox 1604 4355 1739 4390; x_wconf 86' lang='lat' dir='ltr'><strong>oves.</strong></span> 
     </span>
    </p>
   </div>
   <div class='ocr_carea' id='block_1_71' title="bbox 678 4403 1959 4463">
    <p class='ocr_par' dir='ltr' id='par_1_71' title="bbox 678 4403 1959 4463">
     <span class='ocr_line' id='line_1_71' title="bbox 678 4403 1959 4463; baseline 0 -13"><span class='ocrx_word' id='word_1_472' title='bbox 678 4403 771 4452; x_wconf 82' lang='lat' dir='ltr'><strong>llic</strong></span> <span class='ocrx_word' id='word_1_473' title='bbox 792 4409 952 4453; x_wconf 88' lang='lat' dir='ltr'><strong>tamen</strong></span> <span class='ocrx_word' id='word_1_474' title='bbox 979 4413 1204 4452; x_wconf 82' lang='lat' dir='ltr'><strong>extremo</strong></span> <span class='ocrx_word' id='word_1_475' title='bbox 1226 4405 1370 4463; x_wconf 78' lang='lat' dir='ltr'><strong>)acuit</strong></span> <span class='ocrx_word' id='word_1_476' title='bbox 1386 4403 1485 4452; x_wconf 77' lang='lat' dir='ltr'><strong>sub</strong></span> <span class='ocrx_word' id='word_1_477' title='bbox 1509 4416 1748 4452; x_wconf 80' lang='lat' dir='ltr'><strong>marmore</strong></span> <span class='ocrx_word' id='word_1_478' title='bbox 1772 4403 1959 4463; x_wconf 79' lang='lat' dir='ltr'><strong>templi,</strong></span> 
     </span>
    </p>
   </div>
   <div class='ocr_carea' id='block_1_72' title="bbox 739 4465 1926 4526">
    <p class='ocr_par' dir='ltr' id='par_1_72' title="bbox 739 4465 1926 4526">
     <span class='ocr_line' id='line_1_72' title="bbox 739 4465 1926 4526; baseline 0 -14"><span class='ocrx_word' id='word_1_479' title='bbox 739 4466 892 4522; x_wconf 80' lang='lat' dir='ltr'><strong>Quem</strong></span> <span class='ocrx_word' id='word_1_480' title='bbox 914 4465 1008 4525; x_wconf 78' lang='lat' dir='ltr'><strong>jam</strong></span> <span class='ocrx_word' id='word_1_481' title='bbox 1030 4465 1305 4526; x_wconf 87' lang='lat' dir='ltr'><strong>pontiﬁcum</strong></span> <span class='ocrx_word' id='word_1_482' title='bbox 1331 4465 1709 4526; x_wconf 15' lang='lat' dir='ltr'><strong>plurarsepulera</strong></span> <span class='ocrx_word' id='word_1_483' title='bbox 1734 4471 1926 4524; x_wconf 80' lang='lat' dir='ltr'><strong>tegunt.</strong></span> 
     </span>
    </p>
   </div>
   <div class='ocr_carea' id='block_1_73' title="bbox 675 4525 1774 4586">
    <p class='ocr_par' dir='ltr' id='par_1_73' title="bbox 675 4525 1774 4586">
     <span class='ocr_line' id='line_1_73' title="bbox 675 4525 1774 4586; baseline -0.003 -11"><span class='ocrx_word' id='word_1_484' title='bbox 675 4527 882 4586; x_wconf 78' lang='lat' dir='ltr'><strong>Sergius</strong></span> <span class='ocrx_word' id='word_1_485' title='bbox 905 4525 1127 4586; x_wconf 77' lang='lat' dir='ltr'><strong>antistes,</strong></span> <span class='ocrx_word' id='word_1_486' title='bbox 1152 4527 1315 4574; x_wconf 89' lang='lat' dir='ltr'><strong>divino</strong></span> <span class='ocrx_word' id='word_1_487' title='bbox 1337 4525 1570 4586; x_wconf 84' lang='lat' dir='ltr'><strong>impulsus</strong></span> <span class='ocrx_word' id='word_1_488' title='bbox 1589 4536 1774 4586; x_wconf 87' lang='lat' dir='ltr'><strong>amore,</strong></span> 
     </span>
    </p>
   </div>
   <div class='ocr_carea' id='block_1_74' title="bbox 741 4585 1912 4636">
    <p class='ocr_par' dir='ltr' id='par_1_74' title="bbox 741 4585 1912 4636">
     <span class='ocr_line' id='line_1_74' title="bbox 741 4585 1912 4636; baseline -0.001 -2"><span class='ocrx_word' id='word_1_489' title='bbox 741 4585 879 4635; x_wconf 88' lang='lat' dir='ltr'><strong>Hunc</strong></span> <span class='ocrx_word' id='word_1_490' title='bbox 903 4588 950 4634; x_wconf 89' lang='lat' dir='ltr'><strong>in</strong></span> <span class='ocrx_word' id='word_1_491' title='bbox 972 4585 1133 4636; x_wconf 77' lang='lat' dir='ltr'><strong>fronte</strong></span> <span class='ocrx_word' id='word_1_492' title='bbox 1155 4599 1306 4635; x_wconf 69' lang='lat' dir='ltr'><strong>sacrae</strong></span> <span class='ocrx_word' id='word_1_493' title='bbox 1325 4585 1568 4634; x_wconf 74' lang='lat' dir='ltr'><strong>transtulit</strong></span> <span class='ocrx_word' id='word_1_494' title='bbox 1593 4585 1702 4632; x_wconf 85' lang='lat' dir='ltr'><strong>inde</strong></span> <span class='ocrx_word' id='word_1_495' title='bbox 1726 4589 1912 4634; x_wconf 87' lang='lat' dir='ltr'><strong>domus.</strong></span> 
     </span>
    </p>
   </div>
   <div class='ocr_carea' id='block_1_75' title="bbox 678 4647 1883 4708">
    <p class='ocr_par' dir='ltr' id='par_1_75' title="bbox 678 4647 1883 4708">
     <span class='ocr_line' id='line_1_75' title="bbox 678 4647 1883 4708; baseline 0 -14"><span class='ocrx_word' id='word_1_496' title='bbox 678 4647 930 4708; x_wconf 70' lang='lat' dir='ltr'><strong>Exomatas</strong></span> <span class='ocrx_word' id='word_1_497' title='bbox 949 4648 1137 4696; x_wconf 87' lang='lat' dir='ltr'><strong>rutilam</strong></span> <span class='ocrx_word' id='word_1_498' title='bbox 1161 4650 1375 4708; x_wconf 87' lang='lat' dir='ltr'><strong>pretioso</strong></span> <span class='ocrx_word' id='word_1_499' title='bbox 1394 4659 1627 4694; x_wconf 86' lang='lat' dir='ltr'><strong>marmore</strong></span> <span class='ocrx_word' id='word_1_500' title='bbox 1648 4647 1883 4708; x_wconf 83' lang='lat' dir='ltr'><strong>tumbam,</strong></span> 
     </span>
    </p>
   </div>
   <div class='ocr_carea' id='block_1_76' title="bbox 741 4707 1764 4768">
    <p class='ocr_par' dir='ltr' id='par_1_76' title="bbox 741 4707 1764 4768">
     <span class='ocr_line' id='line_1_76' title="bbox 741 4707 1764 4768; baseline 0.002 -14"><span class='ocrx_word' id='word_1_501' title='bbox 741 4707 792 4754; x_wconf 93' lang='lat' dir='ltr'><strong>ln</strong></span> <span class='ocrx_word' id='word_1_502' title='bbox 816 4720 910 4768; x_wconf 92' lang='lat' dir='ltr'><strong>quo</strong></span> <span class='ocrx_word' id='word_1_503' title='bbox 933 4707 1190 4768; x_wconf 86' lang='lat' dir='ltr'><strong>poscentes</strong></span> <span class='ocrx_word' id='word_1_504' title='bbox 1210 4711 1326 4756; x_wconf 86' lang='lat' dir='ltr'><strong>mira</strong></span> <span class='ocrx_word' id='word_1_505' title='bbox 1349 4719 1558 4768; x_wconf 79' lang='lat' dir='ltr'><strong>superna</strong></span> <span class='ocrx_word' id='word_1_506' title='bbox 1585 4707 1764 4756; x_wconf 79' lang='lat' dir='ltr'><strong>vident.</strong></span> 
     </span>
    </p>
   </div>
   <div class='ocr_carea' id='block_1_77' title="bbox 679 4768 1759 4830">
    <p class='ocr_par' dir='ltr' id='par_1_77' title="bbox 679 4768 1759 4830">
     <span class='ocr_line' id='line_1_77' title="bbox 679 4768 1759 4830; baseline -0.002 -14"><span class='ocrx_word' id='word_1_507' title='bbox 679 4768 864 4830; x_wconf 77' lang='lat' dir='ltr'><strong>thuia</strong></span> <span class='ocrx_word' id='word_1_508' title='bbox 891 4770 1159 4830; x_wconf 72' lang='lat' dir='ltr'><strong>pra-micuit</strong></span> <span class='ocrx_word' id='word_1_509' title='bbox 1181 4770 1316 4818; x_wconf 88' lang='lat' dir='ltr'><strong>miris</strong></span> <span class='ocrx_word' id='word_1_510' title='bbox 1348 4771 1606 4819; x_wconf 83' lang='lat' dir='ltr'><strong>virtutibus</strong></span> <span class='ocrx_word' id='word_1_511' title='bbox 1627 4768 1759 4828; x_wconf 91' lang='lat' dir='ltr'><strong>olnn,</strong></span> 
     </span>
    </p>
   </div>
   <div class='ocr_carea' id='block_1_78' title="bbox 741 4828 1652 4890">
    <p class='ocr_par' dir='ltr' id='par_1_78' title="bbox 741 4828 1652 4890">
     <span class='ocr_line' id='line_1_78' title="bbox 741 4828 1652 4890; baseline 0 -14"><span class='ocrx_word' id='word_1_512' title='bbox 741 4828 913 4877; x_wconf 79' lang='lat' dir='ltr'><strong>Ultima</strong></span> <span class='ocrx_word' id='word_1_513' title='bbox 939 4829 1172 4890; x_wconf 86' lang='lat' dir='ltr'><strong>pontiﬁcis</strong></span> <span class='ocrx_word' id='word_1_514' title='bbox 1192 4829 1343 4890; x_wconf 71' lang='lat' dir='ltr'><strong>gloria</strong></span> <span class='ocrx_word' id='word_1_515' title='bbox 1369 4831 1512 4890; x_wconf 82' lang='lat' dir='ltr'><strong>major</strong></span> <span class='ocrx_word' id='word_1_516' title='bbox 1539 4833 1652 4879; x_wconf 89' lang='lat' dir='ltr'><strong>erit.</strong></span> 
     </span>
    </p>
   </div>
   <div class='ocr_carea' id='block_1_79' title="bbox 626 4909 2126 4980">
    <p class='ocr_par' dir='ltr' id='par_1_79' title="bbox 626 4909 2126 4980">
     <span class='ocr_line' id='line_1_79' title="bbox 626 4909 2126 4980; baseline -0.001 -17"><span class='ocrx_word' id='word_1_517' title='bbox 626 4909 703 4963; x_wconf 76' lang='lat' dir='ltr'><strong>Ad</strong></span> <span class='ocrx_word' id='word_1_518' title='bbox 742 4909 911 4980; x_wconf 88' lang='lat' dir='ltr'><strong>hujus</strong></span> <span class='ocrx_word' id='word_1_519' title='bbox 967 4911 1218 4979; x_wconf 89' lang='lat' dir='ltr'><strong>epitaphii</strong></span> <span class='ocrx_word' id='word_1_520' title='bbox 1259 4911 1456 4964; x_wconf 88' lang='lat' dir='ltr'><strong>calcem</strong></span> <span class='ocrx_word' id='word_1_521' title='bbox 1494 4911 1688 4980; x_wconf 76' lang='lat' dir='ltr'><strong>legitur</strong></span> <span class='ocrx_word' id='word_1_522' title='bbox 1715 4911 1854 4977; x_wconf 87' lang='lat' dir='ltr'><strong>apud</strong></span> <span class='ocrx_word' id='word_1_523' title='bbox 1885 4911 2126 4964; x_wconf 80' lang='lat' dir='ltr'><strong>Mabilln-</strong></span> 
     </span>
    </p>
   </div>
   <div class='ocr_carea' id='block_1_80' title="bbox 560 4979 2132 5050">
    <p class='ocr_par' dir='ltr' id='par_1_80' title="bbox 560 4979 2132 5050">
     <span class='ocr_line' id='line_1_80' title="bbox 560 4979 2132 5050; baseline 0.002 -17"><span class='ocrx_word' id='word_1_524' title='bbox 560 4984 703 5033; x_wconf 80' lang='lat' dir='ltr'><strong>nium</strong></span> <span class='ocrx_word' id='word_1_525' title='bbox 737 4979 838 5035; x_wconf 88' lang='lat' dir='ltr'><strong>hoc</strong></span> <span class='ocrx_word' id='word_1_526' title='bbox 878 4981 1188 5034; x_wconf 87' lang='lat' dir='ltr'><strong>chronicum</strong></span> <span class='ocrx_word' id='word_1_527' title='bbox 1240 4979 1658 5035; x_wconf 83' lang='lat' dir='ltr'><strong>additamentum</strong></span> <span class='ocrx_word' id='word_1_528' title='bbox 1694 4999 1706 5034; x_wconf 90' lang='lat'><strong>:</strong></span> <span class='ocrx_word' id='word_1_529' title='bbox 1738 4981 1886 5036; x_wconf 80' lang='lat' dir='ltr'><strong>Sedit</strong></span> <span class='ocrx_word' id='word_1_530' title='bbox 1920 4983 1970 5033; x_wconf 88' lang='lat' dir='ltr'><strong>in</strong></span> <span class='ocrx_word' id='word_1_531' title='bbox 1998 4983 2132 5050; x_wconf 85' lang='lat' dir='ltr'><strong>epis-</strong></span> 
     </span>
    </p>
   </div>
   <div class='ocr_carea' id='block_1_81' title="bbox 553 5051 2132 5118">
    <p class='ocr_par' dir='ltr' id='par_1_81' title="bbox 553 5051 2132 5118">
     <span class='ocr_line' id='line_1_81' title="bbox 553 5051 2132 5118; baseline 0.003 -18"><span class='ocrx_word' id='word_1_532' title='bbox 553 5059 740 5116; x_wconf 83' lang='lat' dir='ltr'><strong>copatu</strong></span> <span class='ocrx_word' id='word_1_533' title='bbox 787 5067 952 5103; x_wconf 87' lang='lat' dir='ltr'><strong>annos</strong></span> <span class='ocrx_word' id='word_1_534' title='bbox 999 5063 1106 5117; x_wconf 77' lang='lat' dir='ltr'><strong>xxI,</strong></span> <span class='ocrx_word' id='word_1_535' title='bbox 1140 5067 1358 5104; x_wconf 83' lang='lat' dir='ltr'><strong>mensem</strong></span> <span class='ocrx_word' id='word_1_536' title='bbox 1404 5067 1580 5113; x_wconf 87' lang='lat' dir='ltr'><strong>unum,</strong></span> <span class='ocrx_word' id='word_1_537' title='bbox 1615 5052 1723 5104; x_wconf 84' lang='lat' dir='ltr'><strong>dies</strong></span> <span class='ocrx_word' id='word_1_538' title='bbox 1751 5067 1870 5106; x_wconf 80' lang='lat' dir='ltr'><strong>xm.</strong></span> <span class='ocrx_word' id='word_1_539' title='bbox 1901 5051 2132 5118; x_wconf 79' lang='lat' dir='ltr'><strong>Deposi-</strong></span> 
     </span>
    </p>
   </div>
   <div class='ocr_carea' id='block_1_82' title="bbox 555 5119 2130 5190">
    <p class='ocr_par' dir='ltr' id='par_1_82' title="bbox 555 5119 2130 5190">
     <span class='ocr_line' id='line_1_82' title="bbox 555 5119 2130 5190; baseline 0.004 -22"><span class='ocrx_word' id='word_1_540' title='bbox 555 5132 634 5171; x_wconf 80' lang='lat' dir='ltr'><strong>ttts</strong></span> <span class='ocrx_word' id='word_1_541' title='bbox 661 5131 733 5172; x_wconf 83' lang='lat' dir='ltr'><strong>est</strong></span> <span class='ocrx_word' id='word_1_542' title='bbox 762 5121 906 5174; x_wconf 84' lang='lat' dir='ltr'><strong>tertio</strong></span> <span class='ocrx_word' id='word_1_543' title='bbox 939 5119 1182 5175; x_wconf 84' lang='lat' dir='ltr'><strong>ldus.....</strong></span> <span class='ocrx_word' id='word_1_544' title='bbox 1211 5123 1396 5190; x_wconf 80' lang='lat' dir='ltr'><strong>supple</strong></span> <span class='ocrx_word' id='word_1_545' title='bbox 1425 5122 1651 5190; x_wconf 65' lang='lat' dir='ltr'><strong>Apriles,</strong></span> <span class='ocrx_word' id='word_1_546' title='bbox 1681 5129 1727 5174; x_wconf 92' lang='lat' dir='ltr'><strong>et</strong></span> <span class='ocrx_word' id='word_1_547' title='bbox 1757 5122 1941 5174; x_wconf 80' lang='lat' dir='ltr'><strong>iterum</strong></span> <span class='ocrx_word' id='word_1_548' title='bbox 1965 5133 2130 5175; x_wconf 86' lang='lat' dir='ltr'><strong>trans-</strong></span> 
     </span>
    </p>
   </div>
   <div class='ocr_carea' id='block_1_83' title="bbox 2292 2464 3794 2539">
    <p class='ocr_par' dir='ltr' id='par_1_83' title="bbox 2292 2464 3794 2539">
     <span class='ocr_line' id='line_1_83' title="bbox 2292 2464 3794 2539; baseline 0.001 -22"><span class='ocrx_word' id='word_1_549' title='bbox 2292 2464 2318 2539; x_wconf 63' lang='grc'><strong>1³</strong></span> <span class='ocrx_word' id='word_1_550' title='bbox 2345 2464 2583 2518; x_wconf 83' lang='lat' dir='ltr'><strong>Trullum</strong></span> <span class='ocrx_word' id='word_1_551' title='bbox 2603 2483 2726 2539; x_wconf 86' lang='lat' dir='ltr'><strong>vero</strong></span> <span class='ocrx_word' id='word_1_552' title='bbox 2756 2469 2986 2537; x_wconf 84' lang='lat' dir='ltr'><strong>ejusdem</strong></span> <span class='ocrx_word' id='word_1_553' title='bbox 3009 2469 3231 2528; x_wconf 64' lang='lat' dir='ltr'><strong>ecclesia</strong></span> <span class='ocrx_word' id='word_1_554' title='bbox 3259 2467 3395 2536; x_wconf 79' lang='lat' dir='ltr'><strong>fusis</strong></span> <span class='ocrx_word' id='word_1_555' title='bbox 3413 2469 3612 2523; x_wconf 81' lang='lat' dir='ltr'><strong>chartis</strong></span> <span class='ocrx_word' id='word_1_556' title='bbox 3627 2471 3794 2539; x_wconf 85' lang='lat' dir='ltr'><strong>plum-</strong></span> 
     </span>
    </p>
   </div>
   <div class='ocr_carea' id='block_1_84' title="bbox 2222 2536 3792 2604">
    <p class='ocr_par' dir='ltr' id='par_1_84' title="bbox 2222 2536 3792 2604">
     <span class='ocr_line' id='line_1_84' title="bbox 2222 2536 3792 2604; baseline 0.001 -16"><span class='ocrx_word' id='word_1_557' title='bbox 2222 2536 2325 2589; x_wconf 78' lang='lat' dir='ltr'><strong>beis</strong></span> <span class='ocrx_word' id='word_1_558' title='bbox 2367 2538 2652 2603; x_wconf 78' lang='lat' dir='ltr'><strong>cooperuit,</strong></span> <span class='ocrx_word' id='word_1_559' title='bbox 2706 2536 2857 2604; x_wconf 69' lang='lat' dir='ltr'><strong>atque</strong></span> <span class='ocrx_word' id='word_1_560' title='bbox 2905 2541 3137 2592; x_wconf 85' lang='lat' dir='ltr'><strong>munivit.</strong></span> <span class='ocrx_word' id='word_1_561' title='bbox 3181 2540 3357 2593; x_wconf 81' lang='lat' dir='ltr'><strong>Trulla</strong></span> <span class='ocrx_word' id='word_1_562' title='bbox 3411 2555 3504 2592; x_wconf 86' lang='lat' dir='ltr'><strong>vas</strong></span> <span class='ocrx_word' id='word_1_563' title='bbox 3533 2536 3792 2593; x_wconf 85' lang='lat' dir='ltr'><strong>vinarium</strong></span> 
     </span>
    </p>
   </div>
   <div class='ocr_carea' id='block_1_85' title="bbox 2225 2606 3794 2670">
    <p class='ocr_par' dir='ltr' id='par_1_85' title="bbox 2225 2606 3794 2670">
     <span class='ocr_line' id='line_1_85' title="bbox 2225 2606 3794 2670; baseline 0.001 -11"><span class='ocrx_word' id='word_1_564' title='bbox 2225 2621 2538 2660; x_wconf 88' lang='lat' dir='ltr'><strong>concavum.</strong></span> <span class='ocrx_word' id='word_1_565' title='bbox 2597 2608 2664 2661; x_wconf 81' lang='grc' dir='ltr'><strong>Μ.</strong></span> <span class='ocrx_word' id='word_1_566' title='bbox 2693 2607 2861 2670; x_wconf 83' lang='grc' dir='ltr'><strong>ΤιιΙΙ.,</strong></span> <span class='ocrx_word' id='word_1_567' title='bbox 2909 2609 3061 2663; x_wconf 86' lang='lat' dir='ltr'><strong>Verr.</strong></span> <span class='ocrx_word' id='word_1_568' title='bbox 3081 2610 3114 2664; x_wconf 83' lang='lat'>6</span> <span class='ocrx_word' id='word_1_569' title='bbox 3148 2627 3159 2661; x_wconf 90' lang='lat'>:</span> <span class='ocrx_word' id='word_1_570' title='bbox 3207 2606 3332 2662; x_wconf 80' lang='lat' dir='ltr'><strong>Erat</strong></span> <span class='ocrx_word' id='word_1_571' title='bbox 3363 2609 3513 2662; x_wconf 83' lang='lat' dir='ltr'><strong>etiam</strong></span> <span class='ocrx_word' id='word_1_572' title='bbox 3543 2626 3630 2662; x_wconf 89' lang='lat' dir='ltr'><strong>vas</strong></span> <span class='ocrx_word' id='word_1_573' title='bbox 3654 2610 3794 2661; x_wconf 81' lang='lat' dir='ltr'><strong>vina-</strong></span> 
     </span>
    </p>
   </div>
   <div class='ocr_carea' id='block_1_86' title="bbox 2225 2679 3790 2748">
    <p class='ocr_par' dir='ltr' id='par_1_86' title="bbox 2225 2679 3790 2748">
     <span class='ocr_line' id='line_1_86' title="bbox 2225 2679 3790 2748; baseline 0.003 -21"><span class='ocrx_word' id='word_1_574' title='bbox 2225 2693 2382 2748; x_wconf 73' lang='lat' dir='ltr'><strong>rium,</strong></span> <span class='ocrx_word' id='word_1_575' title='bbox 2405 2691 2600 2748; x_wconf 77' lang='lat' dir='ltr'><strong>ea:_una</strong></span> <span class='ocrx_word' id='word_1_576' title='bbox 2629 2693 2822 2748; x_wconf 83' lang='lat' dir='ltr'><strong>gemina</strong></span> <span class='ocrx_word' id='word_1_577' title='bbox 2850 2679 3190 2748; x_wconf 81' lang='lat' dir='ltr'><strong>pergrandi.A</strong></span> <span class='ocrx_word' id='word_1_578' title='bbox 3201 2679 3376 2747; x_wconf 84' lang='lat' dir='ltr'><strong>pitius,</strong></span> <span class='ocrx_word' id='word_1_579' title='bbox 3400 2679 3467 2733; x_wconf 88' lang='lat' dir='ltr'><strong>de</strong></span> <span class='ocrx_word' id='word_1_580' title='bbox 3495 2680 3570 2733; x_wconf 74' lang='lat' dir='ltr'><strong>Ile</strong></span> <span class='ocrx_word' id='word_1_581' title='bbox 3603 2680 3790 2742; x_wconf 86' lang='lat' dir='ltr'><strong>culin.,</strong></span> 
     </span>
    </p>
   </div>
   <div class='ocr_carea' id='block_1_87' title="bbox 2225 2745 3794 2818">
    <p class='ocr_par' dir='ltr' id='par_1_87' title="bbox 2225 2745 3794 2818">
     <span class='ocr_line' id='line_1_87' title="bbox 2225 2745 3794 2818; baseline 0.001 -21"><span class='ocrx_word' id='word_1_582' title='bbox 2225 2747 2317 2818; x_wconf 88' lang='lat' dir='ltr'><strong>lib.</strong></span> <span class='ocrx_word' id='word_1_583' title='bbox 2345 2747 2379 2799; x_wconf 77' lang='grc'><strong>4</strong></span> <span class='ocrx_word' id='word_1_584' title='bbox 2412 2764 2424 2798; x_wconf 89' lang='lat'><strong>:</strong></span> <span class='ocrx_word' id='word_1_585' title='bbox 2452 2745 2720 2818; x_wconf 74' lang='lat' dir='ltr'><strong>Quotquot</strong></span> <span class='ocrx_word' id='word_1_586' title='bbox 2741 2745 2923 2818; x_wconf 81' lang='lat' dir='ltr'><strong>lagana</strong></span> <span class='ocrx_word' id='word_1_587' title='bbox 2941 2745 3288 2815; x_wconf 35' lang='lat' dir='ltr'><strong>posuerim—tot</strong></span> <span class='ocrx_word' id='word_1_588' title='bbox 3310 2749 3461 2801; x_wconf 87' lang='lat' dir='ltr'><strong>etiam</strong></span> <span class='ocrx_word' id='word_1_589' title='bbox 3491 2749 3673 2802; x_wconf 82' lang='lat' dir='ltr'><strong>trullas</strong></span> <span class='ocrx_word' id='word_1_590' title='bbox 3700 2749 3794 2800; x_wconf 83' lang='lat' dir='ltr'><strong>im-</strong></span> 
     </span>
    </p>
   </div>
   <div class='ocr_carea' id='block_1_88' title="bbox 2225 2816 3792 2888">
    <p class='ocr_par' dir='ltr' id='par_1_88' title="bbox 2225 2816 3792 2888">
     <span class='ocr_line' id='line_1_88' title="bbox 2225 2816 3792 2888; baseline 0 -20"><span class='ocrx_word' id='word_1_591' title='bbox 2225 2817 2382 2888; x_wconf 87' lang='lat' dir='ltr'><strong>pleto,</strong></span> <span class='ocrx_word' id='word_1_592' title='bbox 2427 2816 2645 2884; x_wconf 84' lang='lat' dir='ltr'><strong>desuper</strong></span> <span class='ocrx_word' id='word_1_593' title='bbox 2674 2816 2888 2888; x_wconf 82' lang='lat' dir='ltr'><strong>adjicies</strong></span> <span class='ocrx_word' id='word_1_594' title='bbox 2909 2819 3102 2888; x_wconf 84' lang='lat' dir='ltr'><strong>vinum.</strong></span> <span class='ocrx_word' id='word_1_595' title='bbox 3134 2819 3267 2872; x_wconf 84' lang='lat' dir='ltr'><strong>Hinc</strong></span> <span class='ocrx_word' id='word_1_596' title='bbox 3310 2819 3592 2888; x_wconf 19' lang='lat' dir='ltr'><strong>dietrullare</strong></span> <span class='ocrx_word' id='word_1_597' title='bbox 3620 2819 3792 2872; x_wconf 87' lang='lat' dir='ltr'><strong>eidem</strong></span> 
     </span>
    </p>
   </div>
   <div class='ocr_carea' id='block_1_89' title="bbox 2227 2887 3793 2956">
    <p class='ocr_par' dir='ltr' id='par_1_89' title="bbox 2227 2887 3793 2956">
     <span class='ocr_line' id='line_1_89' title="bbox 2227 2887 3793 2956; baseline 0.003 -20"><span class='ocrx_word' id='word_1_598' title='bbox 2227 2887 2382 2952; x_wconf 85' lang='lat' dir='ltr'><strong>paulo</strong></span> <span class='ocrx_word' id='word_1_599' title='bbox 2411 2895 2557 2951; x_wconf 89' lang='lat' dir='ltr'><strong>ante,</strong></span> <span class='ocrx_word' id='word_1_600' title='bbox 2593 2901 2685 2949; x_wconf 79' lang='lat' dir='ltr'><strong>pro</strong></span> <span class='ocrx_word' id='word_1_601' title='bbox 2722 2902 2754 2942; x_wconf 90' lang='lat' dir='ltr'><strong>e</strong></span> <span class='ocrx_word' id='word_1_602' title='bbox 2781 2889 2934 2941; x_wconf 90' lang='lat' dir='ltr'><strong>trulla</strong></span> <span class='ocrx_word' id='word_1_603' title='bbox 2953 2887 3248 2942; x_wconf 73' lang='lat' dir='ltr'><strong>diliundere</strong></span> <span class='ocrx_word' id='word_1_604' title='bbox 3282 2906 3294 2940; x_wconf 92' lang='lat'>:</span> <span class='ocrx_word' id='word_1_605' title='bbox 3329 2887 3396 2941; x_wconf 86' lang='lat' dir='ltr'><strong>Et</strong></span> <span class='ocrx_word' id='word_1_606' title='bbox 3422 2891 3472 2941; x_wconf 89' lang='lat' dir='ltr'><strong>in</strong></span> <span class='ocrx_word' id='word_1_607' title='bbox 3492 2887 3693 2956; x_wconf 77' lang='lat' dir='ltr'><strong>patella</strong></span> <span class='ocrx_word' id='word_1_608' title='bbox 3718 2890 3793 2940; x_wconf 84' lang='grc' dir='ltr'><strong>αι-</strong></span> 
     </span>
    </p>
   </div>
   <div class='ocr_carea' id='block_1_90' title="bbox 2230 2957 3794 3012">
    <p class='ocr_par' dir='ltr' id='par_1_90' title="bbox 2230 2957 3794 3012">
     <span class='ocr_line' id='line_1_90' title="bbox 2230 2957 3794 3012; baseline -0.001 -4"><span class='ocrx_word' id='word_1_609' title='bbox 2230 2958 2384 3009; x_wconf 84' lang='lat' dir='ltr'><strong>ternis</strong></span> <span class='ocrx_word' id='word_1_610' title='bbox 2445 2957 2724 3011; x_wconf 85' lang='lat' dir='ltr'><strong>detrutlare</strong></span> <span class='ocrx_word' id='word_1_611' title='bbox 2763 2959 3013 3011; x_wconf 87' lang='lat' dir='ltr'><strong>convenit.</strong></span> <span class='ocrx_word' id='word_1_612' title='bbox 3046 2958 3222 3011; x_wconf 89' lang='lat' dir='ltr'><strong>Trulla</strong></span> <span class='ocrx_word' id='word_1_613' title='bbox 3255 2968 3508 3012; x_wconf 82' lang='lat' dir='ltr'><strong>excavata</strong></span> <span class='ocrx_word' id='word_1_614' title='bbox 3532 2973 3650 3012; x_wconf 93' lang='lat' dir='ltr'><strong>cum</strong></span> <span class='ocrx_word' id='word_1_615' title='bbox 3684 2971 3794 3008; x_wconf 87' lang='lat' dir='ltr'><strong>ma-</strong></span> 
     </span>
    </p>
   </div>
   <div class='ocr_carea' id='block_1_91' title="bbox 2229 3025 3795 3096">
    <p class='ocr_par' dir='ltr' id='par_1_91' title="bbox 2229 3025 3795 3096">
     <span class='ocr_line' id='line_1_91' title="bbox 2229 3025 3795 3096; baseline 0 -18"><span class='ocrx_word' id='word_1_616' title='bbox 2229 3027 2421 3079; x_wconf 91' lang='lat' dir='ltr'><strong>nubrio</strong></span> <span class='ocrx_word' id='word_1_617' title='bbox 2441 3040 2624 3080; x_wconf 89' lang='lat' dir='ltr'><strong>aureo.</strong></span> <span class='ocrx_word' id='word_1_618' title='bbox 2655 3027 2788 3081; x_wconf 89' lang='lat' dir='ltr'><strong>llinc</strong></span> <span class='ocrx_word' id='word_1_619' title='bbox 2822 3027 3013 3082; x_wconf 90' lang='lat' dir='ltr'><strong>trullus</strong></span> <span class='ocrx_word' id='word_1_620' title='bbox 3037 3025 3140 3081; x_wconf 87' lang='lat' dir='ltr'><strong>dici</strong></span> <span class='ocrx_word' id='word_1_621' title='bbox 3187 3029 3357 3096; x_wconf 82' lang='lat' dir='ltr'><strong>putuit</strong></span> <span class='ocrx_word' id='word_1_622' title='bbox 3384 3027 3556 3082; x_wconf 80' lang='lat' dir='ltr'><strong>fornix</strong></span> <span class='ocrx_word' id='word_1_623' title='bbox 3581 3041 3675 3080; x_wconf 87' lang='lat' dir='ltr'><strong>seu</strong></span> <span class='ocrx_word' id='word_1_624' title='bbox 3707 3042 3795 3078; x_wconf 83' lang='lat' dir='ltr'><strong>ca-</strong></span> 
     </span>
    </p>
   </div>
   <div class='ocr_carea' id='block_1_92' title="bbox 2225 3096 3795 3166">
    <p class='ocr_par' dir='ltr' id='par_1_92' title="bbox 2225 3096 3795 3166">
     <span class='ocr_line' id='line_1_92' title="bbox 2225 3096 3795 3166; baseline 0.001 -18"><span class='ocrx_word' id='word_1_625' title='bbox 2225 3110 2369 3164; x_wconf 80' lang='lat' dir='ltr'><strong>mera</strong></span> <span class='ocrx_word' id='word_1_626' title='bbox 2419 3097 2681 3163; x_wconf 72' lang='lat' dir='ltr'><strong>ecclesiae,</strong></span> <span class='ocrx_word' id='word_1_627' title='bbox 2740 3097 2863 3166; x_wconf 90' lang='lat' dir='ltr'><strong>quia</strong></span> <span class='ocrx_word' id='word_1_628' title='bbox 2887 3104 3008 3152; x_wconf 90' lang='lat' dir='ltr'><strong>erat</strong></span> <span class='ocrx_word' id='word_1_629' title='bbox 3036 3097 3089 3150; x_wconf 88' lang='lat' dir='ltr'><strong>in</strong></span> <span class='ocrx_word' id='word_1_630' title='bbox 3118 3099 3335 3166; x_wconf 84' lang='lat' dir='ltr'><strong>modum</strong></span> <span class='ocrx_word' id='word_1_631' title='bbox 3366 3099 3560 3159; x_wconf 75' lang='lat' dir='ltr'><strong>trullze.</strong></span> <span class='ocrx_word' id='word_1_632' title='bbox 3592 3105 3646 3151; x_wconf 88' lang='lat' dir='ltr'><strong>et</strong></span> <span class='ocrx_word' id='word_1_633' title='bbox 3671 3096 3795 3150; x_wconf 90' lang='lat' dir='ltr'><strong>inde</strong></span> 
     </span>
    </p>
   </div>
   <div class='ocr_carea' id='block_1_93' title="bbox 2177 3157 3790 3236">
    <p class='ocr_par' dir='ltr' id='par_1_93' title="bbox 2177 3157 3790 3236">
     <span class='ocr_line' id='line_1_93' title="bbox 2177 3157 3790 3236; baseline 0.001 -19"><span class='ocrx_word' id='word_1_634' title='bbox 2177 3205 2180 3209; x_wconf 90' lang='lat'><strong>.</strong></span> <span class='ocrx_word' id='word_1_635' title='bbox 2225 3157 2412 3236; x_wconf 52' lang='lat' dir='ltr'><strong>tru&#39;llus</strong></span> <span class='ocrx_word' id='word_1_636' title='bbox 2463 3157 2678 3221; x_wconf 51' lang='lat' dir='ltr'><strong>nomen&#39;</strong></span> <span class='ocrx_word' id='word_1_637' title='bbox 2709 3157 2886 3236; x_wconf 79' lang='lat' dir='ltr'><strong>palatii</strong></span> <span class='ocrx_word' id='word_1_638' title='bbox 2937 3168 3278 3234; x_wconf 88' lang='lat' dir='ltr'><strong>imperatoris</strong></span> <span class='ocrx_word' id='word_1_639' title='bbox 3307 3157 3790 3236; x_wconf 75' lang='lat' dir='ltr'><strong>CoastantinOpoli.</strong></span> 
     </span>
    </p>
   </div>
   <div class='ocr_carea' id='block_1_94' title="bbox 2223 3235 3793 3305">
    <p class='ocr_par' dir='ltr' id='par_1_94' title="bbox 2223 3235 3793 3305">
     <span class='ocr_line' id='line_1_94' title="bbox 2223 3235 3793 3305; baseline 0.001 -17"><span class='ocrx_word' id='word_1_640' title='bbox 2223 3235 2444 3290; x_wconf 84' lang='lat' dir='ltr'><strong>Tectum</strong></span> <span class='ocrx_word' id='word_1_641' title='bbox 2476 3235 2738 3305; x_wconf 57' lang='lat' dir='ltr'><strong>ecclesias,</strong></span> <span class='ocrx_word' id='word_1_642' title='bbox 2769 3252 2799 3291; x_wconf 88' lang='lat' dir='ltr'><strong>e</strong></span> <span class='ocrx_word' id='word_1_643' title='bbox 2826 3239 3049 3300; x_wconf 91' lang='lat' dir='ltr'><strong>chartis,</strong></span> <span class='ocrx_word' id='word_1_644' title='bbox 3080 3237 3131 3305; x_wconf 78' lang='lat' dir='ltr'><strong>id</strong></span> <span class='ocrx_word' id='word_1_645' title='bbox 3161 3246 3266 3298; x_wconf 85' lang='lat' dir='ltr'><strong>est,</strong></span> <span class='ocrx_word' id='word_1_646' title='bbox 3293 3237 3489 3292; x_wconf 86' lang='lat' dir='ltr'><strong>tabulis</strong></span> <span class='ocrx_word' id='word_1_647' title='bbox 3505 3235 3793 3305; x_wconf 85' lang='lat' dir='ltr'><strong>plumbeis.</strong></span> 
     </span>
    </p>
   </div>
   <div class='ocr_carea' id='block_1_95' title="bbox 2226 3304 3792 3372">
    <p class='ocr_par' dir='ltr' id='par_1_95' title="bbox 2226 3304 3792 3372">
     <span class='ocr_line' id='line_1_95' title="bbox 2226 3304 3792 3372; baseline 0.002 -17"><span class='ocrx_word' id='word_1_648' title='bbox 2226 3309 2500 3372; x_wconf 65' lang='lat' dir='ltr'><strong>Anastas.,</strong></span> <span class='ocrx_word' id='word_1_649' title='bbox 2561 3306 2612 3356; x_wconf 93' lang='lat' dir='ltr'><strong>in</strong></span> <span class='ocrx_word' id='word_1_650' title='bbox 2659 3304 2881 3372; x_wconf 82' lang='lat' dir='ltr'><strong>Gregor.</strong></span> <span class='ocrx_word' id='word_1_651' title='bbox 2940 3305 3047 3358; x_wconf 91' lang='lat' dir='ltr'><strong>Ill:</strong></span> <span class='ocrx_word' id='word_1_652' title='bbox 3091 3304 3226 3359; x_wconf 88' lang='lat' dir='ltr'><strong>Item</strong></span> <span class='ocrx_word' id='word_1_653' title='bbox 3268 3304 3573 3360; x_wconf 78' lang='lat' dir='ltr'><strong>inBusilica</strong></span> <span class='ocrx_word' id='word_1_654' title='bbox 3600 3317 3792 3360; x_wconf 65' lang='lat' dir='ltr'><strong>sancta!</strong></span> 
     </span>
    </p>
   </div>
   <div class='ocr_carea' id='block_1_96' title="bbox 2226 3371 3792 3440">
    <p class='ocr_par' dir='ltr' id='par_1_96' title="bbox 2226 3371 3792 3440">
     <span class='ocr_line' id='line_1_96' title="bbox 2226 3371 3792 3440; baseline 0.003 -16"><span class='ocrx_word' id='word_1_655' title='bbox 2226 3371 2321 3424; x_wconf 86' lang='lat' dir='ltr'><strong>Dei</strong></span> <span class='ocrx_word' id='word_1_656' title='bbox 2346 3371 2636 3436; x_wconf 77' lang='lat' dir='ltr'><strong>Genitricis,</strong></span> <span class='ocrx_word' id='word_1_657' title='bbox 2667 3371 2786 3440; x_wconf 15' lang='lat' dir='ltr'><strong>quis,</strong></span> <span class='ocrx_word' id='word_1_658' title='bbox 2807 3390 2873 3428; x_wconf 80' lang='lat' dir='ltr'><strong>AD</strong></span> <span class='ocrx_word' id='word_1_659' title='bbox 2905 3389 3176 3429; x_wconf 69' lang='lat' dir='ltr'><strong>nanrvnss</strong></span> <span class='ocrx_word' id='word_1_660' title='bbox 3201 3377 3404 3440; x_wconf 88' lang='lat' dir='ltr'><strong>dicitur,</strong></span> <span class='ocrx_word' id='word_1_661' title='bbox 3437 3387 3623 3430; x_wconf 87' lang='lat' dir='ltr'><strong>tectum</strong></span> <span class='ocrx_word' id='word_1_662' title='bbox 3649 3388 3792 3430; x_wconf 84' lang='lat' dir='ltr'><strong>vetu-</strong></span> 
     </span>
    </p>
   </div>
   <div class='ocr_carea' id='block_1_97' title="bbox 2226 3443 3796 3516">
    <p class='ocr_par' dir='ltr' id='par_1_97' title="bbox 2226 3443 3796 3516">
     <span class='ocr_line' id='line_1_97' title="bbox 2226 3443 3796 3516; baseline 0.003 -22"><span class='ocrx_word' id='word_1_663' title='bbox 2226 3451 2303 3494; x_wconf 86' lang='lat' dir='ltr'><strong>sta</strong></span> <span class='ocrx_word' id='word_1_664' title='bbox 2358 3443 2923 3516; x_wconf 65' lang='lat' dir='ltr'><strong>incuriaaentolitum,</strong></span> <span class='ocrx_word' id='word_1_665' title='bbox 2978 3446 3192 3516; x_wconf 85' lang='lat' dir='ltr'><strong>purgari</strong></span> <span class='ocrx_word' id='word_1_666' title='bbox 3239 3447 3358 3516; x_wconf 78' lang='lat' dir='ltr'><strong>fecit</strong></span> <span class='ocrx_word' id='word_1_667' title='bbox 3397 3447 3464 3499; x_wconf 86' lang='lat' dir='ltr'><strong>ad</strong></span> <span class='ocrx_word' id='word_1_668' title='bbox 3513 3463 3717 3514; x_wconf 87' lang='lat' dir='ltr'><strong>purum,</strong></span> <span class='ocrx_word' id='word_1_669' title='bbox 3749 3458 3796 3500; x_wconf 89' lang='lat' dir='ltr'><strong>ct</strong></span> 
     </span>
    </p>
   </div>
   <div class='ocr_carea' id='block_1_98' title="bbox 2227 3513 3797 3587">
    <p class='ocr_par' dir='ltr' id='par_1_98' title="bbox 2227 3513 3797 3587">
     <span class='ocr_line' id='line_1_98' title="bbox 2227 3513 3797 3587; baseline 0.004 -25"><span class='ocrx_word' id='word_1_670' title='bbox 2227 3526 2341 3563; x_wconf 82' lang='lat' dir='ltr'><strong>cum</strong></span> <span class='ocrx_word' id='word_1_671' title='bbox 2370 3515 2507 3587; x_wconf 82' lang='lat' dir='ltr'><strong>calce</strong></span> <span class='ocrx_word' id='word_1_672' title='bbox 2533 3513 3095 3587; x_wconf 29' lang='lat' dir='ltr'><strong>abundantissima&#39;seuv</strong></span> <span class='ocrx_word' id='word_1_673' title='bbox 3116 3513 3302 3570; x_wconf 81' lang='lat' dir='ltr'><strong>chartis</strong></span> <span class='ocrx_word' id='word_1_674' title='bbox 3331 3516 3581 3587; x_wconf 86' lang='lat' dir='ltr'><strong>plumbeis</strong></span> <span class='ocrx_word' id='word_1_675' title='bbox 3603 3533 3634 3570; x_wconf 92' lang='lat' dir='ltr'><strong>a</strong></span> <span class='ocrx_word' id='word_1_676' title='bbox 3670 3533 3797 3584; x_wconf 83' lang='lat' dir='ltr'><strong>novo</strong></span> 
     </span>
    </p>
   </div>
   <div class='ocr_carea' id='block_1_99' title="bbox 2228 3583 3162 3652">
    <p class='ocr_par' dir='ltr' id='par_1_99' title="bbox 2228 3583 3162 3652">
     <span class='ocr_line' id='line_1_99' title="bbox 2228 3583 3162 3652; baseline 0.01 -21"><span class='ocrx_word' id='word_1_677' title='bbox 2228 3583 2545 3652; x_wconf 79' lang='lat' dir='ltr'><strong>restauravit.</strong></span> <span class='ocrx_word' id='word_1_678' title='bbox 2575 3584 2918 3638; x_wconf 64' lang='lat' dir='ltr'><strong>Amasenus.</strong></span> <span class='ocrx_word' id='word_1_679' title='bbox 3159 3649 3162 3652; x_wconf 28' lang='lat'><strong>,</strong></span> 
     </span>
    </p>
   </div>
   <div class='ocr_carea' id='block_1_100' title="bbox 2304 3650 3795 3711">
    <p class='ocr_par' dir='ltr' id='par_1_100' title="bbox 2304 3650 3795 3711">
     <span class='ocr_line' id='line_1_100' title="bbox 2304 3650 3795 3711; baseline 0.004 -7"><span class='ocrx_word' id='word_1_680' title='bbox 2304 3662 2327 3689; x_wconf 82' lang='grc' dir='ltr'><strong>ο</strong></span> <span class='ocrx_word' id='word_1_681' title='bbox 2353 3650 2624 3705; x_wconf 84' lang='lat' dir='ltr'><strong>Basilicam</strong></span> <span class='ocrx_word' id='word_1_682' title='bbox 2645 3665 2832 3708; x_wconf 68' lang='lat' dir='ltr'><strong>sanctae</strong></span> <span class='ocrx_word' id='word_1_683' title='bbox 2857 3656 3034 3709; x_wconf 80' lang='lat' dir='ltr'><strong>Aurea:</strong></span> <span class='ocrx_word' id='word_1_684' title='bbox 3063 3656 3114 3708; x_wconf 89' lang='lat' dir='ltr'><strong>in</strong></span> <span class='ocrx_word' id='word_1_685' title='bbox 3143 3650 3303 3710; x_wconf 80' lang='lat' dir='ltr'><strong>Ostiis.</strong></span> <span class='ocrx_word' id='word_1_686' title='bbox 3332 3655 3455 3711; x_wconf 65' lang='lat' dir='ltr'><strong>Iltec</strong></span> <span class='ocrx_word' id='word_1_687' title='bbox 3470 3665 3552 3710; x_wconf 91' lang='lat' dir='ltr'><strong>est</strong></span> <span class='ocrx_word' id='word_1_688' title='bbox 3574 3656 3795 3710; x_wconf 83' lang='lat' dir='ltr'><strong>basilica</strong></span> 
     </span>
    </p>
   </div>
   <div class='ocr_carea' id='block_1_101' title="bbox 2230 3725 3792 3795">
    <p class='ocr_par' dir='ltr' id='par_1_101' title="bbox 2230 3725 3792 3795">
     <span class='ocr_line' id='line_1_101' title="bbox 2230 3725 3792 3795; baseline 0.004 -22"><span class='ocrx_word' id='word_1_689' title='bbox 2230 3731 2429 3795; x_wconf 69' lang='lat' dir='ltr'><strong>sancta:</strong></span> <span class='ocrx_word' id='word_1_690' title='bbox 2455 3725 2647 3795; x_wconf 66' lang='lat' dir='ltr'><strong>Aurea:</strong></span> <span class='ocrx_word' id='word_1_691' title='bbox 2679 3725 2901 3795; x_wconf 73' lang='lat' dir='ltr'><strong>virginis</strong></span> <span class='ocrx_word' id='word_1_692' title='bbox 2929 3734 2985 3779; x_wconf 91' lang='lat' dir='ltr'><strong>et</strong></span> <span class='ocrx_word' id='word_1_693' title='bbox 3027 3727 3275 3795; x_wconf 81' lang='lat' dir='ltr'><strong>martyris</strong></span> <span class='ocrx_word' id='word_1_694' title='bbox 3305 3727 3356 3779; x_wconf 91' lang='lat' dir='ltr'><strong>in</strong></span> <span class='ocrx_word' id='word_1_695' title='bbox 3385 3729 3536 3780; x_wconf 81' lang='lat' dir='ltr'><strong>05tiis</strong></span> <span class='ocrx_word' id='word_1_696' title='bbox 3565 3727 3792 3781; x_wconf 85' lang='lat' dir='ltr'><strong>Tiberis.</strong></span> 
     </span>
    </p>
   </div>
   <div class='ocr_carea' id='block_1_102' title="bbox 2158 3791 3798 3888">
    <p class='ocr_par' dir='ltr' id='par_1_102' title="bbox 2158 3791 3798 3888">
     <span class='ocr_line' id='line_1_102' title="bbox 2158 3791 3798 3888; baseline 0.003 -45"><span class='ocrx_word' id='word_1_697' title='bbox 2158 3826 2205 3888; x_wconf 59' lang='grc' dir='ltr'><strong>η</strong></span> <span class='ocrx_word' id='word_1_698' title='bbox 2770 3791 2995 3888; x_wconf 52' lang='lat' dir='ltr'><strong>August.</strong></span> <span class='ocrx_word' id='word_1_699' title='bbox 3025 3813 3038 3876; x_wconf 69' lang='grc' dir='ltr'>ξ</span> <span class='ocrx_word' id='word_1_700' title='bbox 3070 3791 3222 3888; x_wconf 55' lang='lat' dir='ltr'><strong>Apud</strong></span> <span class='ocrx_word' id='word_1_701' title='bbox 3247 3796 3390 3850; x_wconf 82' lang='lat' dir='ltr'><strong>Ostia</strong></span> <span class='ocrx_word' id='word_1_702' title='bbox 3418 3796 3798 3888; x_wconf 51' lang='lat' dir='ltr'><strong>Tib&#39;eriiialsan.</strong></span> 
     </span>
    </p>
   </div>
   <div class='ocr_carea' id='block_1_103' title="bbox 2175 3864 3798 3933">
    <p class='ocr_par' dir='ltr' id='par_1_103' title="bbox 2175 3864 3798 3933">
     <span class='ocr_line' id='line_1_103' title="bbox 2175 3864 3798 3933; baseline 0.006 -21"><span class='ocrx_word' id='word_1_703' title='bbox 2175 3865 2205 3890; x_wconf 66' lang='lat'><strong>“</strong></span> <span class='ocrx_word' id='word_1_704' title='bbox 2239 3870 2333 3914; x_wconf 72' lang='grc' dir='ltr'><strong>σιω</strong></span> <span class='ocrx_word' id='word_1_705' title='bbox 2353 3864 2534 3933; x_wconf 79' lang='lat' dir='ltr'><strong>Aurea:</strong></span> <span class='ocrx_word' id='word_1_706' title='bbox 2550 3865 2751 3933; x_wconf 85' lang='lat' dir='ltr'><strong>virginis</strong></span> <span class='ocrx_word' id='word_1_707' title='bbox 2768 3873 2813 3918; x_wconf 90' lang='lat' dir='ltr'><strong>et</strong></span> <span class='ocrx_word' id='word_1_708' title='bbox 2830 3865 3083 3933; x_wconf 75' lang='lat' dir='ltr'><strong>martyris.</strong></span> <span class='ocrx_word' id='word_1_709' title='bbox 3108 3867 3236 3918; x_wconf 89' lang='lat' dir='ltr'><strong>llinc</strong></span> <span class='ocrx_word' id='word_1_710' title='bbox 3261 3866 3629 3920; x_wconf 88' lang='lat' dir='ltr'><strong>emendandus</strong></span> <span class='ocrx_word' id='word_1_711' title='bbox 3651 3868 3798 3921; x_wconf 87' lang='lat' dir='ltr'><strong>locus</strong></span> 
     </span>
    </p>
   </div>
   <div class='ocr_carea' id='block_1_104' title="bbox 2238 3932 3796 3991">
    <p class='ocr_par' dir='ltr' id='par_1_104' title="bbox 2238 3932 3796 3991">
     <span class='ocr_line' id='line_1_104' title="bbox 2238 3932 3796 3991; baseline 0.003 -7"><span class='ocrx_word' id='word_1_712' title='bbox 2238 3932 2526 3986; x_wconf 89' lang='lat' dir='ltr'><strong>mendosus</strong></span> <span class='ocrx_word' id='word_1_713' title='bbox 2566 3932 2809 3988; x_wconf 85' lang='lat' dir='ltr'><strong>Anastas.</strong></span> <span class='ocrx_word' id='word_1_714' title='bbox 2863 3934 2916 3987; x_wconf 91' lang='lat' dir='ltr'><strong>in</strong></span> <span class='ocrx_word' id='word_1_715' title='bbox 2950 3932 3126 3988; x_wconf 86' lang='lat' dir='ltr'><strong>Leone</strong></span> <span class='ocrx_word' id='word_1_716' title='bbox 3155 3935 3217 3988; x_wconf 96' lang='lat' dir='ltr'><strong>lll</strong></span> <span class='ocrx_word' id='word_1_717' title='bbox 3262 3954 3272 3987; x_wconf 92' lang='lat'>:</span> <span class='ocrx_word' id='word_1_718' title='bbox 3327 3935 3481 3991; x_wconf 75' lang='lat' dir='ltr'><strong>Sarra</strong></span> <span class='ocrx_word' id='word_1_719' title='bbox 3522 3944 3651 3988; x_wconf 86' lang='lat' dir='ltr'><strong>tecta</strong></span> <span class='ocrx_word' id='word_1_720' title='bbox 3682 3953 3796 3989; x_wconf 78' lang='lat' dir='ltr'><strong>vero</strong></span> 
     </span>
    </p>
   </div>
   <div class='ocr_carea' id='block_1_105' title="bbox 2235 4001 3796 4073">
    <p class='ocr_par' dir='ltr' id='par_1_105' title="bbox 2235 4001 3796 4073">
     <span class='ocr_line' id='line_1_105' title="bbox 2235 4001 3796 4073; baseline 0.004 -21"><span class='ocrx_word' id='word_1_721' title='bbox 2235 4001 2461 4073; x_wconf 60' lang='lat' dir='ltr'><strong>ecclesin</strong></span> <span class='ocrx_word' id='word_1_722' title='bbox 2485 4003 2638 4056; x_wconf 76' lang='lat' dir='ltr'><strong>beata:</strong></span> <span class='ocrx_word' id='word_1_723' title='bbox 2663 4004 2843 4057; x_wconf 74' lang='lat' dir='ltr'><strong>Aureae</strong></span> <span class='ocrx_word' id='word_1_724' title='bbox 2865 4002 2990 4073; x_wconf 87' lang='lat' dir='ltr'><strong>(sic)</strong></span> <span class='ocrx_word' id='word_1_725' title='bbox 3017 4005 3127 4057; x_wconf 73' lang='lat' dir='ltr'><strong>sitas</strong></span> <span class='ocrx_word' id='word_1_726' title='bbox 3153 4006 3202 4057; x_wconf 88' lang='lat' dir='ltr'><strong>in</strong></span> <span class='ocrx_word' id='word_1_727' title='bbox 3233 4007 3382 4070; x_wconf 82' lang='lat' dir='ltr'><strong>ostia,</strong></span> <span class='ocrx_word' id='word_1_728' title='bbox 3409 4007 3578 4058; x_wconf 87' lang='lat' dir='ltr'><strong>omnia</strong></span> <span class='ocrx_word' id='word_1_729' title='bbox 3604 4009 3796 4060; x_wconf 78' lang='lat' dir='ltr'><strong>naviter</strong></span> 
     </span>
    </p>
   </div>
   <div class='ocr_carea' id='block_1_106' title="bbox 2234 4072 3797 4142">
    <p class='ocr_par' dir='ltr' id='par_1_106' title="bbox 2234 4072 3797 4142">
     <span class='ocr_line' id='line_1_106' title="bbox 2234 4072 3797 4142; baseline 0.005 -20"><span class='ocrx_word' id='word_1_730' title='bbox 2234 4072 2504 4142; x_wconf 80' lang='lat' dir='ltr'><strong>reparavit.</strong></span> <span class='ocrx_word' id='word_1_731' title='bbox 2537 4073 2675 4142; x_wconf 83' lang='lat' dir='ltr'><strong>Lege</strong></span> <span class='ocrx_word' id='word_1_732' title='bbox 2705 4072 2903 4127; x_wconf 53' lang='lat' dir='ltr'><strong>Aurea&quot;.</strong></span> <span class='ocrx_word' id='word_1_733' title='bbox 2949 4075 3094 4127; x_wconf 86' lang='lat' dir='ltr'><strong>Hanc</strong></span> <span class='ocrx_word' id='word_1_734' title='bbox 3137 4075 3560 4130; x_wconf 82' lang='lat' dir='ltr'><strong>emendationem</strong></span> <span class='ocrx_word' id='word_1_735' title='bbox 3623 4086 3797 4130; x_wconf 86' lang='lat' dir='ltr'><strong>tuetur</strong></span> 
     </span>
    </p>
   </div>
   <div class='ocr_carea' id='block_1_107' title="bbox 2235 4140 3797 4215">
    <p class='ocr_par' dir='ltr' id='par_1_107' title="bbox 2235 4140 3797 4215">
     <span class='ocr_line' id='line_1_107' title="bbox 2235 4140 3797 4215; baseline 0.003 -22"><span class='ocrx_word' id='word_1_736' title='bbox 2235 4140 2342 4215; x_wconf 85' lang='lat' dir='ltr'><strong>Leo</strong></span> <span class='ocrx_word' id='word_1_737' title='bbox 2373 4141 2457 4215; x_wconf 88' lang='lat' dir='ltr'><strong>I_V,</strong></span> <span class='ocrx_word' id='word_1_738' title='bbox 2489 4144 2538 4195; x_wconf 91' lang='lat' dir='ltr'><strong>in</strong></span> <span class='ocrx_word' id='word_1_739' title='bbox 2567 4140 2684 4215; x_wconf 73' lang='lat' dir='ltr'><strong>can.</strong></span> <span class='ocrx_word' id='word_1_740' title='bbox 2717 4142 2886 4212; x_wconf 85' lang='lat' dir='ltr'><strong>Igitur</strong></span> <span class='ocrx_word' id='word_1_741' title='bbox 2904 4143 2994 4215; x_wconf 72' lang='grc'><strong>25,</strong></span> <span class='ocrx_word' id='word_1_742' title='bbox 3021 4160 3072 4211; x_wconf 86' lang='lat' dir='ltr'><strong>q.</strong></span> <span class='ocrx_word' id='word_1_743' title='bbox 3099 4145 3132 4197; x_wconf 91' lang='lat'><strong>8</strong></span> <span class='ocrx_word' id='word_1_744' title='bbox 3165 4162 3177 4197; x_wconf 89' lang='lat'><strong>:</strong></span> <span class='ocrx_word' id='word_1_745' title='bbox 3210 4145 3451 4199; x_wconf 87' lang='lat' dir='ltr'><strong>Summus</strong></span> <span class='ocrx_word' id='word_1_746' title='bbox 3481 4155 3644 4199; x_wconf 85' lang='lat' dir='ltr'><strong>autent</strong></span> <span class='ocrx_word' id='word_1_747' title='bbox 3667 4163 3797 4215; x_wconf 47' lang='lat' dir='ltr'><strong>pne.</strong></span> 
     </span>
    </p>
   </div>
   <div class='ocr_carea' id='block_1_108' title="bbox 2233 4213 3795 4270">
    <p class='ocr_par' dir='ltr' id='par_1_108' title="bbox 2233 4213 3795 4270">
     <span class='ocr_line' id='line_1_108' title="bbox 2233 4213 3795 4270; baseline 0.003 -6"><span class='ocrx_word' id='word_1_748' title='bbox 2233 4213 2314 4264; x_wconf 85' lang='lat' dir='ltr'><strong>sul</strong></span> <span class='ocrx_word' id='word_1_749' title='bbox 2341 4213 2547 4265; x_wconf 83' lang='lat' dir='ltr'><strong>missam</strong></span> <span class='ocrx_word' id='word_1_750' title='bbox 2585 4213 2638 4265; x_wconf 88' lang='lat' dir='ltr'><strong>in</strong></span> <span class='ocrx_word' id='word_1_751' title='bbox 2663 4216 2870 4266; x_wconf 82' lang='lat' dir='ltr'><strong>ecclesia</strong></span> <span class='ocrx_word' id='word_1_752' title='bbox 2901 4213 3056 4266; x_wconf 80' lang='lat' dir='ltr'><strong>beata:</strong></span> <span class='ocrx_word' id='word_1_753' title='bbox 3084 4215 3262 4267; x_wconf 69' lang='lat' dir='ltr'><strong>Aurea:</strong></span> <span class='ocrx_word' id='word_1_754' title='bbox 3294 4215 3579 4268; x_wconf 72' lang='lat' dir='ltr'><strong>celebravit.</strong></span> <span class='ocrx_word' id='word_1_755' title='bbox 3607 4213 3795 4270; x_wconf 73' lang='lat' dir='ltr'><strong>Aurea:</strong></span> 
     </span>
    </p>
   </div>
   <div class='ocr_carea' id='block_1_109' title="bbox 2237 4281 3796 4352">
    <p class='ocr_par' dir='ltr' id='par_1_109' title="bbox 2237 4281 3796 4352">
     <span class='ocr_line' id='line_1_109' title="bbox 2237 4281 3796 4352; baseline 0.004 -20"><span class='ocrx_word' id='word_1_756' title='bbox 2237 4296 2429 4336; x_wconf 90' lang='lat' dir='ltr'><strong>nomen</strong></span> <span class='ocrx_word' id='word_1_757' title='bbox 2457 4281 2710 4336; x_wconf 85' lang='lat' dir='ltr'><strong>tributum</strong></span> <span class='ocrx_word' id='word_1_758' title='bbox 2745 4281 3044 4336; x_wconf 75' lang='lat' dir='ltr'><strong>Petronillze</strong></span> <span class='ocrx_word' id='word_1_759' title='bbox 3077 4282 3213 4337; x_wconf 86' lang='lat' dir='ltr'><strong>Petri</strong></span> <span class='ocrx_word' id='word_1_760' title='bbox 3245 4285 3472 4352; x_wconf 78' lang='lat' dir='ltr'><strong>apostoli</strong></span> <span class='ocrx_word' id='word_1_761' title='bbox 3503 4285 3639 4338; x_wconf 65' lang='lat' dir='ltr'><strong>ﬁliae.</strong></span> <span class='ocrx_word' id='word_1_762' title='bbox 3669 4285 3796 4352; x_wconf 78' lang='lat' dir='ltr'><strong>Ejus</strong></span> 
     </span>
    </p>
   </div>
   <div class='ocr_carea' id='block_1_110' title="bbox 2236 4352 3797 4420">
    <p class='ocr_par' dir='ltr' id='par_1_110' title="bbox 2236 4352 3797 4420">
     <span class='ocr_line' id='line_1_110' title="bbox 2236 4352 3797 4420; baseline 0.003 -19"><span class='ocrx_word' id='word_1_763' title='bbox 2236 4361 2579 4406; x_wconf 87' lang='lat' dir='ltr'><strong>monumento</strong></span> <span class='ocrx_word' id='word_1_764' title='bbox 2606 4353 2938 4420; x_wconf 67' lang='lat' dir='ltr'><strong>inser-iptum,</strong></span> <span class='ocrx_word' id='word_1_765' title='bbox 2969 4352 3150 4405; x_wconf 76' lang='lat' dir='ltr'><strong>Aurcw</strong></span> <span class='ocrx_word' id='word_1_766' title='bbox 3182 4353 3495 4419; x_wconf 76' lang='lat' dir='ltr'><strong>Petronitlw,</strong></span> <span class='ocrx_word' id='word_1_767' title='bbox 3522 4354 3685 4409; x_wconf 80' lang='lat' dir='ltr'><strong>refert</strong></span> <span class='ocrx_word' id='word_1_768' title='bbox 3716 4358 3797 4411; x_wconf 83' lang='lat' dir='ltr'><strong>Si-</strong></span> 
     </span>
    </p>
   </div>
   <div class='ocr_carea' id='block_1_111' title="bbox 2235 4422 3614 4486">
    <p class='ocr_par' dir='ltr' id='par_1_111' title="bbox 2235 4422 3614 4486">
     <span class='ocr_line' id='line_1_111' title="bbox 2235 4422 3614 4486; baseline 0.003 -13"><span class='ocrx_word' id='word_1_769' title='bbox 2235 4423 2439 4486; x_wconf 82' lang='lat' dir='ltr'><strong>gebert.</strong></span> <span class='ocrx_word' id='word_1_770' title='bbox 2468 4425 2519 4475; x_wconf 89' lang='lat' dir='ltr'><strong>in</strong></span> <span class='ocrx_word' id='word_1_771' title='bbox 2546 4422 2820 4485; x_wconf 86' lang='lat' dir='ltr'><strong>Chronic.,</strong></span> <span class='ocrx_word' id='word_1_772' title='bbox 2857 4423 2922 4475; x_wconf 90' lang='lat' dir='ltr'><strong>ad</strong></span> <span class='ocrx_word' id='word_1_773' title='bbox 2953 4437 3078 4477; x_wconf 91' lang='lat' dir='ltr'><strong>ann.</strong></span> <span class='ocrx_word' id='word_1_774' title='bbox 3111 4423 3234 4477; x_wconf 82' lang='lat'><strong>758.</strong></span> <span class='ocrx_word' id='word_1_775' title='bbox 3270 4427 3614 4479; x_wconf 61' lang='lat' dir='ltr'><strong>Amasenus.</strong></span> 
     </span>
    </p>
   </div>
   <div class='ocr_carea' id='block_1_112' title="bbox 2307 4490 3795 4560">
    <p class='ocr_par' dir='ltr' id='par_1_112' title="bbox 2307 4490 3795 4560">
     <span class='ocr_line' id='line_1_112' title="bbox 2307 4490 3795 4560; baseline 0.003 -17"><span class='ocrx_word' id='word_1_776' title='bbox 2307 4490 2330 4527; x_wconf 75' lang='grc' dir='ltr'>ἀ</span> <span class='ocrx_word' id='word_1_777' title='bbox 2361 4491 2464 4545; x_wconf 85' lang='lat' dir='ltr'><strong>Hic</strong></span> <span class='ocrx_word' id='word_1_778' title='bbox 2509 4493 2684 4544; x_wconf 88' lang='lat' dir='ltr'><strong>statuit</strong></span> <span class='ocrx_word' id='word_1_779' title='bbox 2710 4502 2766 4544; x_wconf 86' lang='lat' dir='ltr'><strong>ut</strong></span> <span class='ocrx_word' id='word_1_780' title='bbox 2795 4501 3017 4558; x_wconf 88' lang='lat' dir='ltr'><strong>tempore</strong></span> <span class='ocrx_word' id='word_1_781' title='bbox 3039 4492 3400 4560; x_wconf 75' lang='lat' dir='ltr'><strong>confractionis</strong></span> <span class='ocrx_word' id='word_1_782' title='bbox 3423 4495 3662 4548; x_wconf 79' lang='lat' dir='ltr'><strong>dominici</strong></span> <span class='ocrx_word' id='word_1_783' title='bbox 3689 4511 3795 4548; x_wconf 79' lang='lat' dir='ltr'><strong>cor-</strong></span> 
     </span>
    </p>
   </div>
   <div class='ocr_carea' id='block_1_113' title="bbox 2235 4561 3796 4630">
    <p class='ocr_par' dir='ltr' id='par_1_113' title="bbox 2235 4561 3796 4630">
     <span class='ocr_line' id='line_1_113' title="bbox 2235 4561 3796 4630; baseline 0.003 -17"><span class='ocrx_word' id='word_1_784' title='bbox 2235 4565 2390 4628; x_wconf 81' lang='lat' dir='ltr'><strong>poris,</strong></span> <span class='ocrx_word' id='word_1_785' title='bbox 2427 4561 2601 4616; x_wconf 73' lang='lat' dir='ltr'><strong>Aenus</strong></span> <span class='ocrx_word' id='word_1_786' title='bbox 2626 4561 2745 4628; x_wconf 77' lang='lat' dir='ltr'><strong>Der,</strong></span> <span class='ocrx_word' id='word_1_787' title='bbox 2764 4578 2850 4625; x_wconf 87' lang='lat' dir='ltr'><strong>QUI</strong></span> <span class='ocrx_word' id='word_1_788' title='bbox 2875 4578 3057 4616; x_wconf 73' lang='grc' dir='ltr'><strong>τοιιις</strong></span> <span class='ocrx_word' id='word_1_789' title='bbox 3081 4577 3316 4617; x_wconf 75' lang='lat' dir='ltr'><strong>PECCATA</strong></span> <span class='ocrx_word' id='word_1_790' title='bbox 3336 4579 3517 4630; x_wconf 74' lang='lat' dir='ltr'><strong>IUNDI,</strong></span> <span class='ocrx_word' id='word_1_791' title='bbox 3537 4580 3796 4619; x_wconf 77' lang='lat' dir='ltr'><strong>IllSEltEttE</strong></span> 
     </span>
    </p>
   </div>
   <div class='ocr_carea' id='block_1_114' title="bbox 2236 4632 3796 4703">
    <p class='ocr_par' dir='ltr' id='par_1_114' title="bbox 2236 4632 3796 4703">
     <span class='ocr_line' id='line_1_114' title="bbox 2236 4632 3796 4703; baseline 0.002 -20"><span class='ocrx_word' id='word_1_792' title='bbox 2236 4645 2401 4703; x_wconf 76' lang='lat' dir='ltr'><strong>Nonis,</strong></span> <span class='ocrx_word' id='word_1_793' title='bbox 2433 4649 2465 4684; x_wconf 92' lang='lat' dir='ltr'><strong>a</strong></span> <span class='ocrx_word' id='word_1_794' title='bbox 2485 4632 2620 4703; x_wconf 87' lang='lat' dir='ltr'><strong>clero</strong></span> <span class='ocrx_word' id='word_1_795' title='bbox 2650 4641 2694 4703; x_wconf 80' lang='lat' dir='ltr'><strong>et</strong></span> <span class='ocrx_word' id='word_1_796' title='bbox 2724 4633 2914 4702; x_wconf 84' lang='lat' dir='ltr'><strong>popula</strong></span> <span class='ocrx_word' id='word_1_797' title='bbox 2936 4632 3304 4686; x_wconf 74' lang='lat' dir='ltr'><strong>decantaretur.</strong></span> <span class='ocrx_word' id='word_1_798' title='bbox 3330 4635 3546 4703; x_wconf 77' lang='lat' dir='ltr'><strong>Sergius</strong></span> <span class='ocrx_word' id='word_1_799' title='bbox 3566 4637 3796 4701; x_wconf 76' lang='lat' dir='ltr'><strong>pontifex</strong></span> 
     </span>
    </p>
   </div>
   <div class='ocr_carea' id='block_1_115' title="bbox 2234 4701 3792 4784">
    <p class='ocr_par' dir='ltr' id='par_1_115' title="bbox 2234 4701 3792 4784">
     <span class='ocr_line' id='line_1_115' title="bbox 2234 4701 3792 4784; baseline 0.003 -32"><span class='ocrx_word' id='word_1_800' title='bbox 2234 4701 2301 4784; x_wconf 72' lang='lat' dir='ltr'><strong>ab</strong></span> <span class='ocrx_word' id='word_1_801' title='bbox 2322 4702 2605 4784; x_wconf 62' lang='lat' dir='ltr'><strong>Apastasio</strong></span> <span class='ocrx_word' id='word_1_802' title='bbox 2631 4701 3037 4784; x_wconf 45' lang='lat' dir='ltr'><strong>dicitur-auctor</strong></span> <span class='ocrx_word' id='word_1_803' title='bbox 3068 4704 3221 4784; x_wconf 80' lang='lat' dir='ltr'><strong>hujus</strong></span> <span class='ocrx_word' id='word_1_804' title='bbox 3255 4701 3592 4784; x_wconf 24' lang='lat' dir='ltr'><strong>iiistiﬂt_ut.i,,ut</strong></span> <span class='ocrx_word' id='word_1_805' title='bbox 3618 4707 3792 4784; x_wconf 64' lang='lat' dir='ltr'><strong>Agnus</strong></span> 
     </span>
    </p>
   </div>
   <div class='ocr_carea' id='block_1_116' title="bbox 2236 4768 3794 4842">
    <p class='ocr_par' dir='ltr' id='par_1_116' title="bbox 2236 4768 3794 4842">
     <span class='ocr_line' id='line_1_116' title="bbox 2236 4768 3794 4842; baseline 0.004 -22"><span class='ocrx_word' id='word_1_806' title='bbox 2236 4768 2332 4822; x_wconf 87' lang='lat' dir='ltr'><strong>Dei</strong></span> <span class='ocrx_word' id='word_1_807' title='bbox 2355 4770 2667 4842; x_wconf 80' lang='lat' dir='ltr'><strong>decantetur</strong></span> <span class='ocrx_word' id='word_1_808' title='bbox 2691 4771 2745 4825; x_wconf 91' lang='lat' dir='ltr'><strong>in</strong></span> <span class='ocrx_word' id='word_1_809' title='bbox 2767 4773 3122 4827; x_wconf 87' lang='lat' dir='ltr'><strong>celebratione</strong></span> <span class='ocrx_word' id='word_1_810' title='bbox 3137 4768 3343 4828; x_wconf 65' lang='lat' dir='ltr'><strong>inisset.</strong></span> <span class='ocrx_word' id='word_1_811' title='bbox 3370 4774 3537 4842; x_wconf 84' lang='lat' dir='ltr'><strong>flujus</strong></span> <span class='ocrx_word' id='word_1_812' title='bbox 3568 4768 3794 4828; x_wconf 71' lang='lat' dir='ltr'><strong>insfituti</strong></span> 
     </span>
    </p>
   </div>
   <div class='ocr_carea' id='block_1_117' title="bbox 2235 4840 3795 4910">
    <p class='ocr_par' dir='ltr' id='par_1_117' title="bbox 2235 4840 3795 4910">
     <span class='ocr_line' id='line_1_117' title="bbox 2235 4840 3795 4910; baseline 0.003 -18"><span class='ocrx_word' id='word_1_813' title='bbox 2235 4842 2475 4894; x_wconf 86' lang='lat' dir='ltr'><strong>meminit</strong></span> <span class='ocrx_word' id='word_1_814' title='bbox 2522 4840 2797 4903; x_wconf 84' lang='lat' dir='ltr'><strong>Alcninus.</strong></span> <span class='ocrx_word' id='word_1_815' title='bbox 2851 4843 2920 4895; x_wconf 91' lang='lat' dir='ltr'><strong>de</strong></span> <span class='ocrx_word' id='word_1_816' title='bbox 2964 4843 3129 4897; x_wconf 85' lang='lat' dir='ltr'><strong>divin.</strong></span> <span class='ocrx_word' id='word_1_817' title='bbox 3175 4844 3354 4908; x_wconf 86' lang='lat' dir='ltr'><strong>0ttic.,</strong></span> <span class='ocrx_word' id='word_1_818' title='bbox 3409 4840 3529 4910; x_wconf 84' lang='lat' dir='ltr'><strong>cap.</strong></span> <span class='ocrx_word' id='word_1_819' title='bbox 3575 4844 3663 4898; x_wconf 77' lang='grc'><strong>40.</strong></span> <span class='ocrx_word' id='word_1_820' title='bbox 3695 4845 3795 4897; x_wconf 77' lang='lat' dir='ltr'><strong>Alii</strong></span> 
     </span>
    </p>
   </div>
   <div class='ocr_carea' id='block_1_118' title="bbox 2237 4910 3792 4982">
    <p class='ocr_par' dir='ltr' id='par_1_118' title="bbox 2237 4910 3792 4982">
     <span class='ocr_line' id='line_1_118' title="bbox 2237 4910 3792 4982; baseline 0.003 -22"><span class='ocrx_word' id='word_1_821' title='bbox 2237 4919 2411 4982; x_wconf 80' lang='lat' dir='ltr'><strong>tamen</strong></span> <span class='ocrx_word' id='word_1_822' title='bbox 2442 4910 2626 4964; x_wconf 86' lang='lat' dir='ltr'><strong>volunt</strong></span> <span class='ocrx_word' id='word_1_823' title='bbox 2654 4915 2754 4964; x_wconf 85' lang='lat' dir='ltr'><strong>hoc</strong></span> <span class='ocrx_word' id='word_1_824' title='bbox 2777 4911 3071 4982; x_wconf 82' lang='lat' dir='ltr'><strong>institutum</strong></span> <span class='ocrx_word' id='word_1_825' title='bbox 3097 4914 3145 4965; x_wconf 94' lang='lat' dir='ltr'><strong>in</strong></span> <span class='ocrx_word' id='word_1_826' title='bbox 3177 4915 3364 4966; x_wconf 87' lang='lat' dir='ltr'><strong>concil.</strong></span> <span class='ocrx_word' id='word_1_827' title='bbox 3395 4915 3792 4982; x_wconf 69' lang='lat' dir='ltr'><strong>Nicaeno,quod</strong></span> 
     </span>
    </p>
   </div>
   <div class='ocr_carea' id='block_1_119' title="bbox 2236 4978 3798 5048">
    <p class='ocr_par' dir='ltr' id='par_1_119' title="bbox 2236 4978 3798 5048">
     <span class='ocr_line' id='line_1_119' title="bbox 2236 4978 3798 5048; baseline 0.004 -18"><span class='ocrx_word' id='word_1_828' title='bbox 2236 4978 2462 5044; x_wconf 91' lang='lat' dir='ltr'><strong>probant</strong></span> <span class='ocrx_word' id='word_1_829' title='bbox 2510 4994 2576 5034; x_wconf 80' lang='lat' dir='ltr'><strong>ex</strong></span> <span class='ocrx_word' id='word_1_830' title='bbox 2628 4982 2744 5048; x_wconf 89' lang='lat' dir='ltr'><strong>ipso</strong></span> <span class='ocrx_word' id='word_1_831' title='bbox 2779 4995 2932 5034; x_wconf 91' lang='lat' dir='ltr'><strong>conc.</strong></span> <span class='ocrx_word' id='word_1_832' title='bbox 2956 4981 3152 5034; x_wconf 80' lang='lat' dir='ltr'><strong>Nicaen.</strong></span> <span class='ocrx_word' id='word_1_833' title='bbox 3181 4983 3427 5037; x_wconf 80' lang='lat' dir='ltr'><strong>Arabico.</strong></span> <span class='ocrx_word' id='word_1_834' title='bbox 3477 4978 3630 5036; x_wconf 84' lang='lat' dir='ltr'><strong>Anno</strong></span> <span class='ocrx_word' id='word_1_835' title='bbox 3663 4978 3798 5037; x_wconf 72' lang='grc'><strong>1185</strong></span> 
     </span>
    </p>
   </div>
   <div class='ocr_carea' id='block_1_120' title="bbox 2235 5048 3794 5121">
    <p class='ocr_par' dir='ltr' id='par_1_120' title="bbox 2235 5048 3794 5121">
     <span class='ocr_line' id='line_1_120' title="bbox 2235 5048 3794 5121; baseline 0.003 -19"><span class='ocrx_word' id='word_1_836' title='bbox 2235 5048 2454 5121; x_wconf 78' lang='lat' dir='ltr'><strong>Mariam</strong></span> <span class='ocrx_word' id='word_1_837' title='bbox 2505 5048 2974 5121; x_wconf 57' lang='lat' dir='ltr'><strong>Virginemiabro</strong></span> <span class='ocrx_word' id='word_1_838' title='bbox 3022 5051 3245 5118; x_wconf 85' lang='lat' dir='ltr'><strong>lignario</strong></span> <span class='ocrx_word' id='word_1_839' title='bbox 3275 5054 3609 5120; x_wconf 87' lang='lat' dir='ltr'><strong>apparuisse,</strong></span> <span class='ocrx_word' id='word_1_840' title='bbox 3641 5055 3794 5121; x_wconf 85' lang='lat' dir='ltr'><strong>eique</strong></span> 
     </span>
    </p>
   </div>
   <div class='ocr_carea' id='block_1_121' title="bbox 2235 5117 3796 5199">
    <p class='ocr_par' dir='ltr' id='par_1_121' title="bbox 2235 5117 3796 5199">
     <span class='ocr_line' id='line_1_121' title="bbox 2235 5117 3796 5199; baseline 0.003 -29"><span class='ocrx_word' id='word_1_841' title='bbox 2235 5117 2515 5199; x_wconf 71' lang='lat' dir='ltr'><strong>tradidisse</strong></span> <span class='ocrx_word' id='word_1_842' title='bbox 2539 5117 2768 5199; x_wconf 70' lang='lat' dir='ltr'><strong>sigillum</strong></span> <span class='ocrx_word' id='word_1_843' title='bbox 2789 5118 3024 5199; x_wconf 73' lang='lat' dir='ltr'><strong>imagine</strong></span> <span class='ocrx_word' id='word_1_844' title='bbox 3050 5117 3143 5174; x_wconf 82' lang='lat' dir='ltr'><strong>sua</strong></span> <span class='ocrx_word' id='word_1_845' title='bbox 3170 5131 3228 5199; x_wconf 74' lang='lat' dir='ltr'><strong>et</strong></span> <span class='ocrx_word' id='word_1_846' title='bbox 3248 5117 3442 5175; x_wconf 79' lang='lat' dir='ltr'><strong>Christi</strong></span> <span class='ocrx_word' id='word_1_847' title='bbox 3466 5124 3572 5199; x_wconf 77' lang='lat' dir='ltr'><strong>nari</strong></span> <span class='ocrx_word' id='word_1_848' title='bbox 3604 5117 3796 5199; x_wconf 64' lang='lat' dir='ltr'><strong>inscul-</strong></span> 
     </span>
    </p>
   </div>
   <div class='ocr_carea' id='block_1_122' title="bbox 553 5172 3793 5262">
    <p class='ocr_par' dir='ltr' id='par_1_122' title="bbox 553 5172 3793 5262">
     <span class='ocr_line' id='line_1_122' title="bbox 553 5172 3793 5262; baseline 0.001 -22"><span class='ocrx_word' id='word_1_849' title='bbox 553 5197 684 5262; x_wconf 48' lang='lat'><strong>.3...</strong></span> <span class='ocrx_word' id='word_1_850' title='bbox 759 5172 1059 5262; x_wconf 52' lang='grc' dir='ltr'><strong>ῃαεςρεαιδ</strong></span> <span class='ocrx_word' id='word_1_851' title='bbox 1100 5172 1393 5262; x_wconf 46' lang='lat' dir='ltr'><strong>senisu;</strong></span> <span class='ocrx_word' id='word_1_852' title='bbox 1425 5172 1768 5262; x_wconf 54' lang='lat' dir='ltr'><strong>uagitum,</strong></span> <span class='ocrx_word' id='word_1_853' title='bbox 1803 5172 2117 5262; x_wconf 49' lang='lat' dir='ltr'><strong>ita-nis.</strong></span> <span class='ocrx_word' id='word_1_854' title='bbox 2157 5172 2209 5232; x_wconf 80' lang='grc' dir='ltr'><strong>ι)</strong></span> <span class='ocrx_word' id='word_1_855' title='bbox 2233 5192 2376 5262; x_wconf 62' lang='lat' dir='ltr'><strong>pun.</strong></span> <span class='ocrx_word' id='word_1_856' title='bbox 2430 5190 2532 5262; x_wconf 51' lang='lat' dir='ltr'><strong>iac</strong></span> <span class='ocrx_word' id='word_1_857' title='bbox 2563 5172 3445 5262; x_wconf 51' lang='lat' dir='ltr'><strong>meumio..e&quot;s.Ic.‘.m.ig.suis;‘2</strong></span> <span class='ocrx_word' id='word_1_858' title='bbox 3466 5172 3793 5262; x_wconf 38' lang='lat' dir='ltr'><strong>signa,</strong></span> 
     </span>
    </p>
   </div>
   <div class='ocr_carea' id='block_1_123' title="bbox 555 5256 2118 5331">
    <p class='ocr_par' dir='ltr' id='par_1_123' title="bbox 555 5256 2118 5331">
     <span class='ocr_line' id='line_1_123' title="bbox 555 5256 2118 5331; baseline 0.003 -21"><span class='ocrx_word' id='word_1_859' title='bbox 555 5256 885 5331; x_wconf 73' lang='lat' dir='ltr'><strong>Bollandiani</strong></span> <span class='ocrx_word' id='word_1_860' title='bbox 917 5260 1075 5331; x_wconf 81' lang='lat' dir='ltr'><strong>(temo</strong></span> <span class='ocrx_word' id='word_1_861' title='bbox 1099 5256 1322 5314; x_wconf 56' lang='lat' dir='ltr'><strong>secu&#39;ndo</strong></span> <span class='ocrx_word' id='word_1_862' title='bbox 1353 5263 1537 5314; x_wconf 85' lang='lat' dir='ltr'><strong>mensis</strong></span> <span class='ocrx_word' id='word_1_863' title='bbox 1569 5260 1783 5331; x_wconf 82' lang='lat' dir='ltr'><strong>Aprilis,</strong></span> <span class='ocrx_word' id='word_1_864' title='bbox 1814 5262 1998 5330; x_wconf 80' lang='lat' dir='ltr'><strong>pagina</strong></span> <span class='ocrx_word' id='word_1_865' title='bbox 2024 5256 2118 5331; x_wconf 73' lang='grc'><strong>21)</strong></span> 
     </span>
    </p>
   </div>
   <div class='ocr_carea' id='block_1_124' title="bbox 557 5327 2118 5398">
    <p class='ocr_par' dir='ltr' id='par_1_124' title="bbox 557 5327 2118 5398">
     <span class='ocr_line' id='line_1_124' title="bbox 557 5327 2118 5398; baseline 0.004 -20"><span class='ocrx_word' id='word_1_866' title='bbox 557 5327 833 5382; x_wconf 87' lang='lat' dir='ltr'><strong>historiam</strong></span> <span class='ocrx_word' id='word_1_867' title='bbox 880 5327 1154 5398; x_wconf 81' lang='lat' dir='ltr'><strong>proferunt</strong></span> <span class='ocrx_word' id='word_1_868' title='bbox 1201 5332 1390 5384; x_wconf 72' lang='lat' dir='ltr'><strong>clerati</strong></span> <span class='ocrx_word' id='word_1_869' title='bbox 1435 5341 1489 5383; x_wconf 91' lang='lat' dir='ltr'><strong>et</strong></span> <span class='ocrx_word' id='word_1_870' title='bbox 1515 5330 1754 5383; x_wconf 84' lang='lat' dir='ltr'><strong>translati</strong></span> <span class='ocrx_word' id='word_1_871' title='bbox 1779 5327 2021 5398; x_wconf 82' lang='lat' dir='ltr'><strong>corporis</strong></span> <span class='ocrx_word' id='word_1_872' title='bbox 2051 5327 2118 5384; x_wconf 67' lang='lat' dir='ltr'><strong>ei</strong></span> 
     </span>
    </p>
   </div>
   <div class='ocr_carea' id='block_1_125' title="bbox 556 5399 2118 5469">
    <p class='ocr_par' dir='ltr' id='par_1_125' title="bbox 556 5399 2118 5469">
     <span class='ocr_line' id='line_1_125' title="bbox 556 5399 2118 5469; baseline 0.005 -23"><span class='ocrx_word' id='word_1_873' title='bbox 556 5409 658 5469; x_wconf 87' lang='lat' dir='ltr'><strong>ms.</strong></span> <span class='ocrx_word' id='word_1_874' title='bbox 712 5399 950 5469; x_wconf 77' lang='lat' dir='ltr'><strong>catalogo</strong></span> <span class='ocrx_word' id='word_1_875' title='bbox 1005 5401 1244 5456; x_wconf 64' lang='lat' dir='ltr'><strong>ecclesias</strong></span> <span class='ocrx_word' id='word_1_876' title='bbox 1287 5401 1458 5454; x_wconf 90' lang='lat' dir='ltr'><strong>sancti</strong></span> <span class='ocrx_word' id='word_1_877' title='bbox 1514 5400 1676 5462; x_wconf 82' lang='lat' dir='ltr'><strong>l’etri,</strong></span> <span class='ocrx_word' id='word_1_878' title='bbox 1723 5413 1880 5468; x_wconf 91' lang='lat' dir='ltr'><strong>quam</strong></span> <span class='ocrx_word' id='word_1_879' title='bbox 1906 5400 2042 5469; x_wconf 85' lang='lat' dir='ltr'><strong>lege,</strong></span> <span class='ocrx_word' id='word_1_880' title='bbox 2073 5403 2118 5454; x_wconf 91' lang='lat' dir='ltr'><strong>si</strong></span> 
     </span>
    </p>
   </div>
   <div class='ocr_carea' id='block_1_126' title="bbox 557 5466 2116 5534">
    <p class='ocr_par' dir='ltr' id='par_1_126' title="bbox 557 5466 2116 5534">
     <span class='ocr_line' id='line_1_126' title="bbox 557 5466 2116 5534; baseline 0.004 -18"><span class='ocrx_word' id='word_1_881' title='bbox 557 5466 709 5534; x_wconf 89' lang='lat' dir='ltr'><strong>plura</strong></span> <span class='ocrx_word' id='word_1_882' title='bbox 759 5467 828 5522; x_wconf 89' lang='lat' dir='ltr'><strong>de</strong></span> <span class='ocrx_word' id='word_1_883' title='bbox 879 5470 1313 5525; x_wconf 81' lang='lat' dir='ltr'><strong>translationibus</strong></span> <span class='ocrx_word' id='word_1_884' title='bbox 1371 5471 1541 5523; x_wconf 88' lang='lat' dir='ltr'><strong>sancti</strong></span> <span class='ocrx_word' id='word_1_885' title='bbox 1600 5466 1794 5524; x_wconf 83' lang='lat' dir='ltr'><strong>Leonis</strong></span> <span class='ocrx_word' id='word_1_886' title='bbox 1819 5466 2116 5524; x_wconf 77' lang='lat' dir='ltr'><strong>desideras.</strong></span> 
     </span>
    </p>
   </div>
   <div class='ocr_carea' id='block_1_127' title="bbox 560 5535 2118 5606">
    <p class='ocr_par' dir='ltr' id='par_1_127' title="bbox 560 5535 2118 5606">
     <span class='ocr_line' id='line_1_127' title="bbox 560 5535 2118 5606; baseline 0.004 -19"><span class='ocrx_word' id='word_1_887' title='bbox 560 5535 690 5606; x_wconf 61' lang='lat' dir='ltr'><strong>Vide</strong></span> <span class='ocrx_word' id='word_1_888' title='bbox 742 5537 902 5591; x_wconf 90' lang='lat' dir='ltr'><strong>etiam</strong></span> <span class='ocrx_word' id='word_1_889' title='bbox 944 5541 1139 5594; x_wconf 90' lang='lat' dir='ltr'><strong>Annot.</strong></span> <span class='ocrx_word' id='word_1_890' title='bbox 1186 5539 1530 5595; x_wconf 85' lang='lat' dir='ltr'><strong>illustrissimi</strong></span> <span class='ocrx_word' id='word_1_891' title='bbox 1574 5540 1812 5606; x_wconf 67' lang='lat' dir='ltr'><strong>prmsulis</strong></span> <span class='ocrx_word' id='word_1_892' title='bbox 1842 5539 2118 5593; x_wconf 77' lang='lat' dir='ltr'><strong>Blanchini</strong></span> 
     </span>
    </p>
   </div>
   <div class='ocr_carea' id='block_1_128' title="bbox 555 5604 1940 5679">
    <p class='ocr_par' dir='ltr' id='par_1_128' title="bbox 555 5604 1940 5679">
     <span class='ocr_line' id='line_1_128' title="bbox 555 5604 1940 5679; baseline 0.006 -23"><span class='ocrx_word' id='word_1_893' title='bbox 555 5604 853 5679; x_wconf 83' lang='lat' dir='ltr'><strong>(tom._lll,</strong></span> <span class='ocrx_word' id='word_1_894' title='bbox 885 5625 1004 5679; x_wconf 81' lang='lat' dir='ltr'><strong>pag.</strong></span> <span class='ocrx_word' id='word_1_895' title='bbox 1043 5609 1139 5664; x_wconf 83' lang='grc'><strong>159</strong></span> <span class='ocrx_word' id='word_1_896' title='bbox 1167 5611 1318 5678; x_wconf 82' lang='lat' dir='ltr'><strong>hujus</strong></span> <span class='ocrx_word' id='word_1_897' title='bbox 1346 5604 1629 5679; x_wconf 80' lang='lat' dir='ltr'><strong>editionis).</strong></span> <span class='ocrx_word' id='word_1_898' title='bbox 1662 5609 1900 5664; x_wconf 70' lang='lat' dir='ltr'><strong>Marsus.</strong></span> <span class='ocrx_word' id='word_1_899' title='bbox 1937 5652 1940 5655; x_wconf 84' lang='lat'><strong>.</strong></span> 
     </span>
    </p>
   </div>
   <div class='ocr_carea' id='block_1_129' title="bbox 627 5675 2120 5749">
    <p class='ocr_par' dir='ltr' id='par_1_129' title="bbox 627 5675 2120 5749">
     <span class='ocr_line' id='line_1_129' title="bbox 627 5675 2120 5749; baseline 0.002 -20"><span class='ocrx_word' id='word_1_900' title='bbox 627 5685 654 5711; x_wconf 80' lang='grc'><strong><em>⁸</em></strong></span> <span class='ocrx_word' id='word_1_901' title='bbox 708 5675 993 5748; x_wconf 80' lang='lat' dir='ltr'><strong>Imaginem</strong></span> <span class='ocrx_word' id='word_1_902' title='bbox 1050 5675 1400 5748; x_wconf 74' lang='lat' dir='ltr'><strong>apostolorum</strong></span> <span class='ocrx_word' id='word_1_903' title='bbox 1430 5675 1841 5734; x_wconf 80' lang='lat' dir='ltr'><strong>vetustissimam.</strong></span> <span class='ocrx_word' id='word_1_904' title='bbox 1888 5681 2120 5749; x_wconf 81' lang='lat' dir='ltr'><strong>Apparet</strong></span> 
     </span>
    </p>
   </div>
   <div class='ocr_carea' id='block_1_130' title="bbox 554 5743 2122 5822">
    <p class='ocr_par' dir='ltr' id='par_1_130' title="bbox 554 5743 2122 5822">
     <span class='ocr_line' id='line_1_130' title="bbox 554 5743 2122 5822; baseline 0.004 -24"><span class='ocrx_word' id='word_1_905' title='bbox 554 5743 680 5822; x_wconf 82' lang='lat' dir='ltr'><strong>hinc</strong></span> <span class='ocrx_word' id='word_1_906' title='bbox 701 5743 1277 5822; x_wconf 27' lang='lat' dir='ltr'><strong>antiquususacrarum</strong></span> <span class='ocrx_word' id='word_1_907' title='bbox 1315 5752 1600 5822; x_wconf 72' lang='lat' dir='ltr'><strong>imaginum</strong></span> <span class='ocrx_word' id='word_1_908' title='bbox 1656 5767 1802 5822; x_wconf 88' lang='lat' dir='ltr'><strong>usus,</strong></span> <span class='ocrx_word' id='word_1_909' title='bbox 1832 5743 2122 5822; x_wconf 74' lang='lat' dir='ltr'><strong>carumque</strong></span> 
     </span>
    </p>
   </div>
   <div class='ocr_carea' id='block_1_131' title="bbox 555 5818 2122 5893">
    <p class='ocr_par' dir='ltr' id='par_1_131' title="bbox 555 5818 2122 5893">
     <span class='ocr_line' id='line_1_131' title="bbox 555 5818 2122 5893; baseline 0.004 -26"><span class='ocrx_word' id='word_1_910' title='bbox 555 5818 607 5893; x_wconf 82' lang='lat' dir='ltr'><strong>in</strong></span> <span class='ocrx_word' id='word_1_911' title='bbox 637 5818 878 5893; x_wconf 81' lang='lat' dir='ltr'><strong>ecclesiis</strong></span> <span class='ocrx_word' id='word_1_912' title='bbox 901 5819 1221 5893; x_wconf 74' lang='lat' dir='ltr'><strong>collocat_io._</strong></span> <span class='ocrx_word' id='word_1_913' title='bbox 1246 5818 1453 5893; x_wconf 75' lang='lat' dir='ltr'><strong>Quade</strong></span> <span class='ocrx_word' id='word_1_914' title='bbox 1479 5836 1537 5875; x_wconf 88' lang='lat' dir='ltr'><strong>re</strong></span> <span class='ocrx_word' id='word_1_915' title='bbox 1558 5821 1918 5877; x_wconf 73' lang='lat' dir='ltr'><strong>consulendus</strong></span> <span class='ocrx_word' id='word_1_916' title='bbox 1942 5821 2122 5876; x_wconf 29' lang='lat' dir='ltr'><strong>Ciams</strong></span> 
     </span>
    </p>
   </div>
   <div class='ocr_carea' id='block_1_132' title="bbox 555 5889 1643 5958">
    <p class='ocr_par' dir='ltr' id='par_1_132' title="bbox 555 5889 1643 5958">
     <span class='ocr_line' id='line_1_132' title="bbox 555 5889 1643 5958; baseline 0.011 -22"><span class='ocrx_word' id='word_1_917' title='bbox 555 5889 709 5952; x_wconf 87' lang='lat' dir='ltr'><strong>pinus</strong></span> <span class='ocrx_word' id='word_1_918' title='bbox 730 5889 784 5943; x_wconf 91' lang='lat' dir='ltr'><strong>in</strong></span> <span class='ocrx_word' id='word_1_919' title='bbox 807 5903 970 5958; x_wconf 87' lang='lat' dir='ltr'><strong>opere</strong></span> <span class='ocrx_word' id='word_1_920' title='bbox 995 5889 1063 5944; x_wconf 89' lang='lat' dir='ltr'><strong>de</strong></span> <span class='ocrx_word' id='word_1_921' title='bbox 1093 5889 1328 5946; x_wconf 77' lang='lat' dir='ltr'><strong>Musivrs.</strong></span> <span class='ocrx_word' id='word_1_922' title='bbox 1365 5890 1643 5948; x_wconf 68' lang='lat' dir='ltr'><strong>Bsxcrsus.</strong></span> 
     </span>
    </p>
   </div>
   <div class='ocr_carea' id='block_1_133' title="bbox 2226 5259 3798 5331">
    <p class='ocr_par' dir='ltr' id='par_1_133' title="bbox 2226 5259 3798 5331">
     <span class='ocr_line' id='line_1_133' title="bbox 2226 5259 3798 5331; baseline 0.004 -22"><span class='ocrx_word' id='word_1_923' title='bbox 2226 5259 2322 5331; x_wconf 80' lang='lat' dir='ltr'><strong>qui</strong></span> <span class='ocrx_word' id='word_1_924' title='bbox 2367 5259 2520 5331; x_wconf 76' lang='lat' dir='ltr'><strong>loliis</strong></span> <span class='ocrx_word' id='word_1_925' title='bbox 2551 5267 2754 5331; x_wconf 77' lang='lat' dir='ltr'><strong>peccata</strong></span> <span class='ocrx_word' id='word_1_926' title='bbox 2803 5261 3004 5326; x_wconf 85' lang='lat' dir='ltr'><strong>mundi,</strong></span> <span class='ocrx_word' id='word_1_927' title='bbox 3061 5259 3205 5314; x_wconf 15' lang='lat' dir='ltr'><strong>dona,</strong></span> <span class='ocrx_word' id='word_1_928' title='bbox 3237 5263 3377 5314; x_wconf 87' lang='lat' dir='ltr'><strong>nobis</strong></span> <span class='ocrx_word' id='word_1_929' title='bbox 3403 5259 3600 5331; x_wconf 65' lang='lat' dir='ltr'><strong>pacein,</strong></span> <span class='ocrx_word' id='word_1_930' title='bbox 3635 5263 3798 5316; x_wconf 87' lang='lat' dir='ltr'><strong>tradit</strong></span> 
     </span>
    </p>
   </div>
   <div class='ocr_carea' id='block_1_134' title="bbox 2229 5327 3805 5401">
    <p class='ocr_par' dir='ltr' id='par_1_134' title="bbox 2229 5327 3805 5401">
     <span class='ocr_line' id='line_1_134' title="bbox 2229 5327 3805 5401; baseline 0.004 -22"><span class='ocrx_word' id='word_1_931' title='bbox 2229 5327 2444 5380; x_wconf 81' lang='lat' dir='ltr'><strong>ltobert.</strong></span> <span class='ocrx_word' id='word_1_932' title='bbox 2475 5329 2640 5383; x_wconf 89' lang='lat' dir='ltr'><strong>abbas</strong></span> <span class='ocrx_word' id='word_1_933' title='bbox 2685 5329 2996 5397; x_wconf 78' lang='lat' dir='ltr'><strong>Montensis,</strong></span> <span class='ocrx_word' id='word_1_934' title='bbox 3025 5331 3080 5385; x_wconf 92' lang='lat' dir='ltr'><strong>in</strong></span> <span class='ocrx_word' id='word_1_935' title='bbox 3103 5331 3374 5399; x_wconf 82' lang='lat' dir='ltr'><strong>Snppleni.</strong></span> <span class='ocrx_word' id='word_1_936' title='bbox 3399 5327 3664 5401; x_wconf 80' lang='lat' dir='ltr'><strong>Sigebert.</strong></span> <span class='ocrx_word' id='word_1_937' title='bbox 3697 5335 3805 5386; x_wconf 82' lang='lat' dir='ltr'><strong>At.-</strong></span> 
     </span>
    </p>
   </div>
   <div class='ocr_carea' id='block_1_135' title="bbox 2227 5411 3554 5453">
    <p class='ocr_par' dir='ltr' id='par_1_135' title="bbox 2227 5411 3554 5453">
     <span class='ocr_line' id='line_1_135' title="bbox 2227 5411 3554 5453; baseline 0.015 -4"><span class='ocrx_word' id='word_1_938' title='bbox 2227 5411 2486 5453; x_wconf 65' lang='lat' dir='ltr'><strong>rassnns.</strong></span> <span class='ocrx_word' id='word_1_939' title='bbox 3542 5417 3554 5430; x_wconf 88' lang='lat'>&#39;</span> 
     </span>
    </p>
   </div>
   <div class='ocr_carea' id='block_1_136' title="bbox 2301 5466 3799 5540">
    <p class='ocr_par' dir='ltr' id='par_1_136' title="bbox 2301 5466 3799 5540">
     <span class='ocr_line' id='line_1_136' title="bbox 2301 5466 3799 5540; baseline 0.005 -21"><span class='ocrx_word' id='word_1_940' title='bbox 2301 5466 2400 5520; x_wconf 81' lang='lat' dir='ltr'><strong>llic</strong></span> <span class='ocrx_word' id='word_1_941' title='bbox 2443 5469 2635 5540; x_wconf 86' lang='lat' dir='ltr'><strong>statuit,</strong></span> <span class='ocrx_word' id='word_1_942' title='bbox 2683 5479 2786 5525; x_wconf 90' lang='lat' dir='ltr'><strong>etc.</strong></span> <span class='ocrx_word' id='word_1_943' title='bbox 2819 5470 3037 5540; x_wconf 80' lang='lat' dir='ltr'><strong>Sergius</strong></span> <span class='ocrx_word' id='word_1_944' title='bbox 3075 5486 3206 5538; x_wconf 88' lang='lat' dir='ltr'><strong>papa</strong></span> <span class='ocrx_word' id='word_1_945' title='bbox 3256 5473 3427 5522; x_wconf 83' lang='lat' dir='ltr'><strong>statuit</strong></span> <span class='ocrx_word' id='word_1_946' title='bbox 3479 5480 3532 5524; x_wconf 88' lang='lat' dir='ltr'><strong>ut</strong></span> <span class='ocrx_word' id='word_1_947' title='bbox 3579 5481 3799 5538; x_wconf 81' lang='lat' dir='ltr'><strong>tempore</strong></span> 
     </span>
    </p>
   </div>
   <div class='ocr_carea' id='block_1_137' title="bbox 2226 5539 3800 5608">
    <p class='ocr_par' dir='ltr' id='par_1_137' title="bbox 2226 5539 3800 5608">
     <span class='ocr_line' id='line_1_137' title="bbox 2226 5539 3800 5608; baseline 0.004 -18"><span class='ocrx_word' id='word_1_948' title='bbox 2226 5540 2584 5607; x_wconf 79' lang='lat' dir='ltr'><strong>confractionis</strong></span> <span class='ocrx_word' id='word_1_949' title='bbox 2605 5539 2858 5594; x_wconf 85' lang='lat' dir='ltr'><strong>Dominici</strong></span> <span class='ocrx_word' id='word_1_950' title='bbox 2879 5539 3126 5608; x_wconf 69' lang='lat' dir='ltr'><strong>corporis,</strong></span> <span class='ocrx_word' id='word_1_951' title='bbox 3159 5545 3333 5595; x_wconf 63' lang='lat' dir='ltr'><strong>Ausus</strong></span> <span class='ocrx_word' id='word_1_952' title='bbox 3361 5545 3476 5606; x_wconf 76' lang='lat' dir='ltr'><strong>Der,</strong></span> <span class='ocrx_word' id='word_1_953' title='bbox 3501 5558 3586 5606; x_wconf 86' lang='lat' dir='ltr'><strong>QUI</strong></span> <span class='ocrx_word' id='word_1_954' title='bbox 3615 5559 3800 5597; x_wconf 82' lang='lat' dir='ltr'><strong>TULLIS</strong></span> 
     </span>
    </p>
   </div>
   <div class='ocr_carea' id='block_1_138' title="bbox 2228 5612 3800 5682">
    <p class='ocr_par' dir='ltr' id='par_1_138' title="bbox 2228 5612 3800 5682">
     <span class='ocr_line' id='line_1_138' title="bbox 2228 5612 3800 5682; baseline 0.003 -20"><span class='ocrx_word' id='word_1_955' title='bbox 2228 5623 2464 5682; x_wconf 66' lang='lat' dir='ltr'><strong>recens</strong></span> <span class='ocrx_word' id='word_1_956' title='bbox 2512 5627 2696 5682; x_wconf 64' lang='lat' dir='ltr'><strong>uuam,</strong></span> <span class='ocrx_word' id='word_1_957' title='bbox 2729 5625 2993 5664; x_wconf 76' lang='lat' dir='ltr'><strong>MISERERE</strong></span> <span class='ocrx_word' id='word_1_958' title='bbox 3041 5625 3209 5682; x_wconf 70' lang='lat' dir='ltr'><strong>nonis,</strong></span> <span class='ocrx_word' id='word_1_959' title='bbox 3259 5628 3289 5662; x_wconf 91' lang='lat' dir='ltr'><strong>a</strong></span> <span class='ocrx_word' id='word_1_960' title='bbox 3331 5612 3465 5664; x_wconf 79' lang='lat' dir='ltr'><strong>clero</strong></span> <span class='ocrx_word' id='word_1_961' title='bbox 3513 5623 3560 5665; x_wconf 86' lang='lat' dir='ltr'><strong>et</strong></span> <span class='ocrx_word' id='word_1_962' title='bbox 3610 5617 3800 5682; x_wconf 80' lang='lat' dir='ltr'><strong>popula</strong></span> 
     </span>
    </p>
   </div>
   <div class='ocr_carea' id='block_1_139' title="bbox 2227 5681 3800 5748">
    <p class='ocr_par' dir='ltr' id='par_1_139' title="bbox 2227 5681 3800 5748">
     <span class='ocr_line' id='line_1_139' title="bbox 2227 5681 3800 5748; baseline 0.004 -18"><span class='ocrx_word' id='word_1_963' title='bbox 2227 5681 2541 5743; x_wconf 85' lang='lat' dir='ltr'><strong>decantetur,</strong></span> <span class='ocrx_word' id='word_1_964' title='bbox 2584 5681 2749 5748; x_wconf 86' lang='lat' dir='ltr'><strong>inquit</strong></span> <span class='ocrx_word' id='word_1_965' title='bbox 2783 5691 2966 5734; x_wconf 83' lang='lat' dir='ltr'><strong>auctor</strong></span> <span class='ocrx_word' id='word_1_966' title='bbox 3015 5681 3132 5733; x_wconf 81' lang='lat' dir='ltr'><strong>libri</strong></span> <span class='ocrx_word' id='word_1_967' title='bbox 3164 5681 3510 5736; x_wconf 80' lang='lat' dir='ltr'><strong>[‘onlilicalis.</strong></span> <span class='ocrx_word' id='word_1_968' title='bbox 3566 5682 3630 5736; x_wconf 85' lang='lat' dir='ltr'><strong>Et</strong></span> <span class='ocrx_word' id='word_1_969' title='bbox 3677 5685 3800 5738; x_wconf 75' lang='lat' dir='ltr'><strong>Ser-</strong></span> 
     </span>
    </p>
   </div>
   <div class='ocr_carea' id='block_1_140' title="bbox 2227 5751 3799 5818">
    <p class='ocr_par' dir='ltr' id='par_1_140' title="bbox 2227 5751 3799 5818">
     <span class='ocr_line' id='line_1_140' title="bbox 2227 5751 3799 5818; baseline 0.004 -18"><span class='ocrx_word' id='word_1_970' title='bbox 2227 5752 2345 5818; x_wconf 82' lang='lat' dir='ltr'><strong>gius</strong></span> <span class='ocrx_word' id='word_1_971' title='bbox 2389 5751 2601 5818; x_wconf 84' lang='lat' dir='ltr'><strong>quidem</strong></span> <span class='ocrx_word' id='word_1_972' title='bbox 2650 5751 2885 5804; x_wconf 89' lang='lat' dir='ltr'><strong>instituit</strong></span> <span class='ocrx_word' id='word_1_973' title='bbox 2934 5759 3013 5803; x_wconf 82' lang='lat' dir='ltr'><strong>ter</strong></span> <span class='ocrx_word' id='word_1_974' title='bbox 3057 5751 3159 5803; x_wconf 72' lang='grc' dir='ltr'><strong>ιΙὶιί</strong></span> <span class='ocrx_word' id='word_1_975' title='bbox 3209 5752 3440 5803; x_wconf 50' lang='lat' dir='ltr'><strong>miserere</strong></span> <span class='ocrx_word' id='word_1_976' title='bbox 3489 5752 3662 5815; x_wconf 81' lang='lat' dir='ltr'><strong>nobis;</strong></span> <span class='ocrx_word' id='word_1_977' title='bbox 3706 5756 3799 5807; x_wconf 83' lang='lat' dir='ltr'><strong>sed</strong></span> 
     </span>
    </p>
   </div>
   <div class='ocr_carea' id='block_1_141' title="bbox 2230 5820 3796 5891">
    <p class='ocr_par' dir='ltr' id='par_1_141' title="bbox 2230 5820 3796 5891">
     <span class='ocr_line' id='line_1_141' title="bbox 2230 5820 3796 5891; baseline 0 -19"><span class='ocrx_word' id='word_1_978' title='bbox 2230 5820 2412 5884; x_wconf 77' lang='lat' dir='ltr'><strong>multis</strong></span> <span class='ocrx_word' id='word_1_979' title='bbox 2443 5831 2621 5884; x_wconf 84' lang='lat' dir='ltr'><strong>postea</strong></span> <span class='ocrx_word' id='word_1_980' title='bbox 2665 5821 3034 5891; x_wconf 81' lang='lat' dir='ltr'><strong>ingruentibus</strong></span> <span class='ocrx_word' id='word_1_981' title='bbox 3068 5821 3330 5891; x_wconf 64' lang='lat' dir='ltr'><strong>Ecclesite</strong></span> <span class='ocrx_word' id='word_1_982' title='bbox 3364 5822 3796 5888; x_wconf 79' lang='lat' dir='ltr'><strong>adversitatibns,</strong></span> 
     </span>
    </p>
   </div>
   <div class='ocr_carea' id='block_1_142' title="bbox 2233 5890 3797 5966">
    <p class='ocr_par' dir='ltr' id='par_1_142' title="bbox 2233 5890 3797 5966">
     <span class='ocr_line' id='line_1_142' title="bbox 2233 5890 3797 5966; baseline 0.003 -23"><span class='ocrx_word' id='word_1_983' title='bbox 2233 5901 2287 5944; x_wconf 91' lang='lat' dir='ltr'><strong>ut</strong></span> <span class='ocrx_word' id='word_1_984' title='bbox 2333 5891 2403 5943; x_wconf 82' lang='lat' dir='ltr'><strong>ait</strong></span> <span class='ocrx_word' id='word_1_985' title='bbox 2450 5890 2786 5947; x_wconf 79' lang='lat' dir='ltr'><strong>Innocentius</strong></span> <span class='ocrx_word' id='word_1_986' title='bbox 2820 5891 2900 5961; x_wconf 85' lang='grc'><strong>111,</strong></span> <span class='ocrx_word' id='word_1_987' title='bbox 2951 5891 3044 5946; x_wconf 86' lang='lat' dir='ltr'><strong>lib.</strong></span> <span class='ocrx_word' id='word_1_988' title='bbox 3093 5906 3143 5946; x_wconf 76' lang='grc' dir='ltr'><strong>γι</strong></span> <span class='ocrx_word' id='word_1_989' title='bbox 3175 5891 3241 5947; x_wconf 84' lang='lat' dir='ltr'><strong>de</strong></span> <span class='ocrx_word' id='word_1_990' title='bbox 3288 5890 3551 5962; x_wconf 77' lang='lat' dir='ltr'><strong>Mysteriis</strong></span> <span class='ocrx_word' id='word_1_991' title='bbox 3596 5895 3797 5966; x_wconf 65' lang='lat' dir='ltr'><strong>utissm,</strong></span> 
     </span>
    </p>
   </div>
  </div>
