4102 6434
227 369 294 425 ’55
1112 372 1335 427 SERGll
1382 374 1582 428 ΓΛΡΑΞ
1625 376 1641 429 ι
1688 375 1808 428 EH!

1913 378 2013 431 ιω
2056 379 2140 432 AD
2181 377 2641 436 (ΞΕΟΙᾸ-ΊὶΙΙᾺΞΜΔ
3429 386 3496 439 5S

226 486 476 540 doctrina
516 485 843 553 apostolica:
874 485 1018 539 sedis
1052 487 1352 550 illuminati,
1388 503 1506 541 cum
1542 504 1666 554 pace
1692 506 1821 544 con-
1848 503 1891 554 Α
1924 496 2023 547 nia:
2052 495 2528 565 archiepiscopum.
2562 497 2656 550 llic
2680 497 2949 552 ordinavit
2990 512 3083 568 per
3107 500 3347 555 diversas
3373 517 3495 569 pro-

221 588 482 635 sonantes
513 577 754 644 veritati,
803 577 869 630 ad
902 579 1113 644 propria
1143 582 1155 606 ι
1192 578 1411 631 relaxari
1438 594 1579 631 sunt.
1617 580 1712 635 llie
1742 583 1817 636 fe-

221 671 292 721 cit
341 667 707 735 coopertoria,
762 665 845 721 vel
873 677 997 719 vasa
1038 680 1219 733 aurea,
1254 676 1306 721 et
1336 677 1586 737 argentea
1616 672 1635 700 ²
1659 672 1815 738 plura

221 774 317 827 per
344 760 589 813 diversas
619 759 900 824 ecclesias,
936 760 1000 813 ad
1031 774 1184 813 usum
1212 768 1263 813 et
1295 769 1537 814 ornatum
1570 763 1816 815 ecclesia-

221 864 341 902 rum
358 848 587 902 Christi.
613 848 709 902 llic
733 847 1333 919 ordinavitDamianum
1353 848 1813 918 archiepiscopum

220 952 426 993 sancta:
481 940 739 994 Ecclesia:
791 940 1157 1004 Ravennatis,
1210 939 1232 970 ³
1272 949 1432 1006 atque
1484 939 1813 996 Clementem

220 1032 239 1059 ⁸
272 1033 649 1087 Frisonorum.
684 1031 779 1086 llic
809 1032 1075 1085 ordinavit
1103 1032 1122 1061 ⁵
1154 1032 1574 1101 Bereehyaldum
1608 1033 1814 1088 Britan-

1925 585 2120 638 vincias
2169 587 2445 654 episcOpOS
2470 589 2754 656 nonaginta
2788 598 3016 657 septem.
3051 589 3198 644 Fecit
3228 601 3403 645 autem
3437 604 3492 646 et

1923 676 2286 730 ordinationes
2336 676 2468 730 duas
2524 692 2618 744 per
2655 693 2894 732 mensem
2925 672 3119 745 Martii,
3154 680 3495 752 presbyteros

1927 779 2078 829 xvrn,
2094 764 2349 819 diaconos
2366 776 2609 835 quatuor,
2633 769 2719 834 qui
2738 766 2895 821 etiam
2918 771 3153 836 sepultus
3175 779 3257 825 est
3284 773 3347 825 ad
3370 772 3496 827 bea~

1921 863 2029 906 tum
2078 855 2290 909 Petrum
2333 858 2634 925 apostolum
2681 856 2703 888 ‘
2759 874 2808 911 vt
2863 859 2982 912 ldus
3029 859 3380 928 Septembris,
3414 864 3495 916 in-

1868 1020 1872 1024 .
1923 944 2153 1000 dictione
2182 947 2201 976 ⁷
2236 962 2321 1011 xv,
2356 947 2570 1001 Tiberio
2597 950 2857 1016 Augusto,
2890 959 2941 1003 et
2963 952 3192 1005 cessavit
3222 954 3493 1022 episcopa-

1922 1045 2004 1087 tus
2032 1050 2267 1089 mensem
2302 1052 2484 1103 unum,
2517 1037 2629 1091 dies
2659 1039 2859 1107 viginti.

1452 1140 1844 1198 VARIANTES
1885 1143 1925 1197 L
1938 1144 2288 1200 ECTIUNES.

293 1246 308 1275 ι
341 1233 479 1287 Cod.
515 1233 667 1295 Luc.,
696 1235 904 1286 reversi.

294 1306 313 1333 ²
342 1306 426 1356 AI.
462 1319 571 1356 Olll.
612 1303 783 1370 plura.

294 1374 313 1402 ³
349 1375 434 1426 Al.
472 1374 803 1426 Rarermatis.
849 1371 950 1424 llic
973 1372 1225 1425 ordinavit
1258 1371 1588 1424 Bertoaldum
1610 1372 1809 1423 archie-

221 1449 510 1512 p'scupum,
538 1454 688 1507 atque
702 1441 1009 1494 Clementem
1033 1444 1084 1495 in
1106 1455 1302 1511 gentem
1320 1439 1678 1495 Frisonorum.
1705 1440 1811 1494 llic

222 1514 480 1566 ordinavit
508 1530 599 1582 per
622 1515 868 1576 diversas,
902 1524 997 1565 etc.

1994 1235 2012 1263 ⁵
2042 1238 2172 1290 (10d.
2209 1238 2363 1301 Luc.,
2401 1239 2695 1292 Frisonum.

1994 1307 2013 1335 ⁸
2044 1304 2177 1361 Cod.
2214 1307 2366 1372 Luc.,
2398 1308 2813 1369 Berertualdnm.

1992 1376 2014 1448 ξ
2041 1376 2174 1448 God.
2208 1376 2360 1439 Luc.,
2392 1382 2586 1448 quinto.

1990 1445 2010 1475 ⁷
2042 1446 2149 1509 AL,
2187 1458 2294 1500 xiv.

1508 1604 1867 1662 VARlOBUM
1906 1602 2111 1657 ΝΟΤίΕ
2142 1640 2157 1655 .

221 1711 506 1769 postquam
536 1699 678 1753 enim
710 1698 981 1769 Tiberium
1012 1698 1348 1752 Absimarum
1386 1696 1650 1769 invasisse
1677 1711 1811 1769 nar-

221 1767 377 1822 ravit
398 1770 678 1836 imperiuor
710 1786 723 1821 :
749 1768 865 1820 Hoc
895 1776 1138 1835 tempore.
1173 1768 1370 1829 subdit,
1398 1768 1622 1835 synodus
1653 1767 1811 1833 Aqui-

222 1841 341 1892 leia:
394 1840 550 1906 facta,
602 1838 663 1891 ob
713 1838 1021 1907 imperitiam
1065 1839 1207 1905 ﬁdei,
1260 1838 1489 1907 quintum
1532 1836 1812 1907 universale

1925 1693 2337 1771 aquileienses;
2371 1709 2490 1771 nam
2517 1705 2674 1749 erant
2713 1696 2955 1771 catholici
2999 1699 3352 1771 metropolitm
3376 1701 3494 1771 ejus

1910 1763 2193 1829 Ecclesisc,
2240 1765 2291 1815 in
2324 1765 2493 1817 insula
2535 1774 2709 1819 tamen
2753 1766 2931 1820 Grado
2956 1763 3206 1823 ordinati.
3239 1763 3482 1824 Nondum

1916 1834 2058 1903 enim
2109 1833 2419 1903 metropolis
2464 1834 2720 1903 Aquileia:
2764 1836 2816 1889 in
2857 1836 2990 1891 duas
3022 1839 3250 1893 disseeta
3299 1841 3491 1903 fuerat,

220 1900 499 1960 concﬂium
535 1900 796 1975 suscipere
819 1908 1020 1975 difﬁdit,
1065 1900 1229 1960 donec
1270 1900 1398 1959 beati
1447 1906 1617 1975 Sergii
1664 1921 1811 1973 papae
1846 1900 1891 1968 ι)
1921 1902 2058 1970 quod
2106 1910 2290 1975 postea
2319 1900 2557 1971 Gregorii
2578 1902 2629 1975 ll
2659 1906 2977 1975 auctoritate
3016 1907 3209 1962 factum
3237 1907 3354 1961 fuit.
3381 1900 3492 1963 Una

221 1979 429 2030 monitis
456 1979 721 2040 instructa,
751 1986 797 2030 et
838 1974 950 2044 ipsa
981 1994 1098 2030 cum
1134 1978 1327 2030 caeteris
1350 1974 1813 2028 ChristiEcclesiis

220 2063 449 2101 annuere
498 2050 763 2099 consentit.
838 2048 963 2100 ltlrec
1024 2047 1133 2114 jam
1206 2045 1684 2100 animadverteram
1744 2048 1811 2098 de

218 2118 387 2170 altera
454 2116 868 2187 pseudosynodo
930 2118 1256 2185 Aquih-iensi
1329 2126 1513 2187 contra
1566 2117 1808 2187 quintum

227 2187 528 2240 universale
551 2185 861 2247 concilium,
897 2201 1015 2239 cum
1059 2187 1124 2239 ad
1171 2200 1360 2240 manus
1387 2186 1530 2239 venit
1557 2185 1808 2239 eruditis-

227 2258 365 2308 sima
394 2257 703 2310 dissertatio
734 2258 801 2310 de
840 2255 1126 2309 schismate
1158 2257 1412 2310 Erclesiaa
1444 2254 1806 2323 Aquileiensis

224 2326 293 2377 cl.
323 2325 496 2379 Patris
532 2324 789 2379 Bernardi
818 2325 997 2379 Mariae
1023 2326 1090 2379 de
1114 2325 1333 2389 Rubeis,
1369 2322 1547 2394 inqua
1572 2326 1587 2395 ζ
1596 2322 1722 2395 Cap.
1748 2323 1801 2389 5,

226 2395 312 2463 l9)
343 2395 580 2449 ostendit
621 2396 883 2466 synodum
931 2396 1197 2449 diVerSam
1229 2397 1297 2450 ab
1329 2395 1417 2450 illa
1464 2394 1677 2449 Paulini
1703 2396 1803 2466 Be-

220 2466 345 2517 dam
396 2463 724 2532 significare.
774 2466 854 2519 Ad
905 2468 1206 2533 oppositam
1253 2481 1378 2519 vero
1426 2465 1689 2518 rationem
1715 2463 1807 2518 de-

214 2544 491 2601 rsumptam
533 2543 642 2588 tum
672 2550 735 2589 ex
782 2534 1174 2604 subscriptione
1206 2534 1416 2591 Maximi
1449 2534 1803 2604 Aquileiensis

221 2607 445 2675 synodo,
472 2605 840 2671 Lateranensi,
871 2614 978 2657 tum
1007 2620 1073 2659 ex
1111 2607 1364 2675 synodica
1396 2606 1651 2658 Romana:
1675 2619 1805 2673 syn-

223 2674 307 2725 odi
363 2674 468 2729 sub
509 2684 697 2728 sancto
742 2677 1056 2743 Agathone,
1105 2674 1187 2729 cui
1232 2674 1546 2743 subseripsit
1597 2676 1804 2744 Agatho

223 2745 582 2811 Aquileiensis
620 2760 741 2797 cum
771 2746 885 2798 suis
929 2745 1297 2813 suﬂraganeis,
1334 2745 1619 2812 respondet
1665 2744 1804 2799 idem

219 2814 563 2867 doctissimus
588 2813 840 2881 scriptor,
862 2814 1147 2868 Maximum
1172 2816 1582 2885 etAgathonem
1606 2829 1708 2868 non
1735 2814 1802 2867 ad

224 2884 615 2949 Aquileiensem
647 2886 968 2949 Lcclesiam,
1003 2886 1096 2939 sed
1126 2887 1189 2939 ad
1220 2884 1548 2940 Gradeusem
1591 2894 1803 2951 specta-

221 2968 299 3004 re.
330 2950 509 3022 Neque
538 2970 668 3008 vero
714 2956 1011 3009 mirandum
1059 2964 1142 3009 est
1184 2969 1277 3010 eos
1315 2970 1374 3010 se
1421 2950 1803 3023 subscripsisse

986 3212 1416 3316 SERGII
1495 3205 1869 3311 ΡΑΡλλΕ
1947 3210 1986 3308 Ι
2063 3204 2696 3308 EPISTOLA

1922 1973 2232 2046 metropolis
2276 1982 2410 2046 erat,
2444 1974 2614 2042 inquit
2658 1974 2903 2030 laudatus
2942 1987 3145 2042 auctor,
3178 1993 3299 2046 quae
3348 1979 3492 2031 schi-

1919 2050 2089 2117 smate
2120 2042 2487 2117 lacerabatur;
2521 2058 2683 2117 unum
2705 2058 2901 2113 corpus
2926 2057 3047 2100 cum
3074 2042 3271 2117 duplici
3296 2049 3490 2115 capite,

1916 2112 2087 2166 altero
2131 2111 2494 2177 schismatico,
2537 2113 2708 2167 altero
2742 2111 3039 2181 catholico;
3082 2111 3335 2171 ae'alteri
3362 2111 3493 2171 sana

1916 2182 2153 2235 nietnbra
2203 2182 2584 2248 adhaerebant,
2637 2183 2791 2238 alteri
2856 2187 3126 2241 morbosa.
3188 2187 3492 2241 Gatltolicus

1916 2250 2255 2324 metropolita
2302 2250 2954 2324 dicebatur_Gradensis,
3014 2256 3154 2324 quod
3211 2257 3261 2310 in
3318 2257 3486 2309 insula

1913 2320 2090 2392 Gradu
2116 2320 2435 2392 eligeretur;
2484 2321 2859 2376 schismaticus
2884 2320 3179 2392 appellatus
3210 2333 3293 2378 est
3326 2325 3490 2392 Aqui-
3556 2384 3559 2389 l

1913 2390 2152 2463 leicnsis,
2176 2387 2597 2463 quod‘Joannt-s,
2618 2393 2883 2463 catholico
2898 2387 3168 2448 Gaudiana
3194 2387 3494 2463 appositus,

1910 2459 1961 2533 in
1994 2460 2174 2515 vetere
2194 2456 2359 2533 fuerit
2402 2461 2677 2533 ordinatus
2705 2460 2966 2533 AQtiileia.
2996 2456 3314 2533 Uterquc's'e
3342 2456 3493 2533 gere-'-

1912 2529 2001 2602 bat
2027 2542 2122 2602 pro
2154 2524 2506 2602 Aquileiensl,
2533 2546 2597 2584 ac
2626 2531 2727 2602 sibi
2746 2524 2866 2600 jura
2910 2535 2962 2586 in
3013 2524 3173 2589 totam
3222 2524 3491 2602 metr'opo-

1911 2600 2001 2654 lim
2054 2600 2374 2670 vindicabat.
2432 2599 2636 2654 Favorc
2669 2599 3166 2670 Langobardorum
3214 2599 3493 2658 fruebatur

1915 2669 2332 2743 schismaticusi
2358 2670 2625 2743 catholico
2657 2669 2908 2743 favebant
2941 2674 3162 2728 Romani
3194 2673 3492 2743 pontifices,

1912 2740 2152 2812 exarehi,
2180 2750 2252 2812 get
2294 2740 2750 2812 Christianissima
2804 2742 3127 2812 Venetorum
3169 2740 3487 2812 respublica.

1908 2811 2010 2883 Sed
2042 2811 2109 2865 de
2139 2809 2542 2883 historiahujus
2568 2811 2871 2883 schismatis
2895 2814 3043 2880 plura
3081 2814 3170 2883 qui
3197 2809 3488 2875 desiderat,

1910 2881 2050 2952 legat
2079 2881 2321 2952 eamdem
2349 2878 2799 2952 dissertationem,
2832 2896 2862 2935 a
2892 2878 2993 2951 qua
3022 2878 3298 2939 schisntati
3330 2883 3490 2952 Auni-

1912 2950 2101 3005 leiensi
2125 2950 2354 3005 multum
2380 2950 2514 3004 lucis
2542 2951 2854 3006 all‘unditur.
2874 2953 3109 3007 Marsus.

3291 3097 3484 3115 ---4

458 3396 565 3453 ΑΙ)
611 3395 1126 3456 CEOLFRIDUM
1178 3393 1556 3454 ABBATEM
1610 3390 2098 3453 MONASTEBH
2148 3391 2515 3453 DIVORUM
2563 3393 2793 3453 PETRI
2846 3392 2943 3452 ET
2992 3394 3253 3470 PAULI,

1128 3553 1298 3605 QUOD
1345 3552 1456 3594 EST
1499 3552 1581 3592 ΔΙ)
1628 3547 2059 3595 WIRIMUNDAM
2108 3550 2187 3591 ET
2233 3550 2596 3606 lNGERVUM,

1008 3677 1088 3726 DE
1164 3675 1331 3724 ΒΕοΑ
1408 3656 1791 3722 ΥΕΝΕΠΑΒΠᾸ
1864 3670 2089 3720 ΙιΟΜᾹΜ
2161 3672 2717 3724 TRANSMITTENDO.

1474 3867 1644 3928 (Mans.
1669 3864 1786 3915 Coll.
1812 3865 1955 3915 Cone.
1982 3873 2097 3915 tom.
2120 3863 2249 3926 ΧΠ.)

1595 3974 1673 3986 σ’-

296 4057 516 4127 Sergius
565 4054 847 4123 episcopus
896 4066 1082 4108 servus
1112 4066 1390 4107 servorum
1428 4053 1518 4107 Dei
1551 4053 1815 4109 Ceolfrido
1845 4057 1889 4117 ρ
1922 4051 2201 4107 ferendum
2231 4059 2345 4105 arte
2391 4049 2702 4104 litteratura:
2743 4049 2951 4116 imbuti,
2996 4052 3134 4105 sicut
3180 4052 3335 4109 decet
3386 4056 3495 4112 Deo

219 4145 474 4217 religioso
504 4142 684 4199 abbati
714 4143 964 4197 salutem.

283 4237 492 4303 Quibus
537 4235 715 4288 verbis
762 4248 826 4286 ac
874 4224 1047 4288 modis
1096 4233 1438 4287 clementiam
1488 4232 1580 4287 Dei
1635 4233 1807 4287 nostri

216 4337 371 4398 atque
407 4325 830 4382 inenarrabilem
882 4326 1276 4396 providentiam
1319 4340 1603 4396 possumus
1632 4325 1805 4391 eﬂari,

214 4428 265 4470 et
292 4418 491 4485 dignas
520 4417 815 4485 gratiarum
836 4416 1078 4471 actiones
1108 4432 1206 4485 pro
1225 4416 1505 4470 immensis
1535 4416 1675 4471 circa
1710 4431 1809 4471 nos

214 4508 329 4577 ejus
360 4508 645 4563 beneficiis
676 4508 984 4576 persolvere
1003 4547 1018 4572 ,
1061 4508 1151 4577 qui
1186 4509 1239 4562 in
1274 4507 1510 4563 tenebris
1538 4517 1592 4561 et
1622 4508 1809 4561 umbra

214 4601 405 4654 mortis
457 4600 658 4667 positos
703 4598 768 4653 ad
818 4599 997 4653 lumen
1028 4599 1267 4653 scientia:
1300 4597 1545 4668 producit
1573 4598 1596 4652 ἲ
1625 4596 1693 4650 Ει
1721 4599 1806 4652 in-

216 4692 315 4762 fra.
350 4690 750 4746 Benedictionis
793 4689 999 4746 interea
1044 4692 1292 4760 gratiam,
1339 4705 1498 4758 quam
1530 4688 1685 4744 nobis
1714 4704 1809 4759 per

216 4793 542 4849 praesentem
603 4780 926 4847 portitorem
958 4788 1044 4834 tua
1093 4781 1239 4834 misit
1265 4780 1458 4835 devota
1505 4779 1713 4849 religio,
1746 4779 1810 4833 li-

217 4878 403 4927 benter
430 4880 486 4926 et
528 4870 685 4925 hilari
709 4872 912 4936 animo,
947 4872 1104 4925 sicuti
1135 4871 1201 4924 ab
1231 4885 1293 4925 ea
1320 4870 1523 4925 directa
1558 4876 1659 4934 est,
1709 4883 1806 4923 nos

214 4964 523 5032 suscepisse
553 4976 847 5032 cognosce.
882 4961 1212 5031 Opportunis
1241 4974 1369 5031 ergo
1398 4974 1459 5014 ac
1488 4959 1662 5028 dignis
1688 4973 1808 5012 am-

214 5055 517 5125 plectenda:
543 5065 650 5110 tua:
695 5054 1077 5110 sollicitudinis
1110 5054 1461 5123 petitionibus
1505 5051 1808 5106 aretissima

212 5145 511 5200 devotione
541 5144 804 5210 faventes,
860 5144 1139 5198 hortamur
1173 5144 1283 5198 Deo
1309 5142 1565 5197 dilectam
1593 5150 1698 5196 tua:
1724 5156 1811 5196 re-

215 5234 517 5306 ligiositatis
546 5234 872 5305 bonitatem,
906 5241 963 5290 ut
992 5235 1114 5305 quia
1144 5234 1347 5288 exortis
1375 5232 1690 5303 quibusdam
1722 5246 1809 5286 ec-

215 5325 643 5380 clesiasticarum
666 5339 947 5380 causarum
979 5324 1229 5395 capitulis
1258 5340 1364 5378 non
1388 5323 1505 5378 sine
1533 5323 1809 5379 examina-

217 5416 357 5477 tione
386 5417 601 5487 longius
627 5417 1050 5486 innotesceudis,
1092 5431 1228 5487 opus
1261 5416 1412 5471 nobis
1440 5424 1565 5472 sunt
1588 5413 1653 5469 ad
1674 5429 1803 5471 con-

1912 4143 2161 4197 devotum
2187 4140 2558 4195 auxiliatorem
2588 4151 2788 4194 sancta:
2816 4143 3001 4195 matris
3043 4144 3366 4202 universalis
3398 4147 3495 4205 Ec-

1911 4231 2115 4295 clesize,
2150 4228 2491 4282 obedientem
2521 4227 2864 4282 devotionem
2897 4228 3018 4284 huic
3064 4241 3261 4289 nostras
3306 4237 3495 4292 horta-

1912 4319 2044 4374 tioni
2071 4335 2176 4373 non
2202 4318 2434 4372 desistas
2461 4317 2893 4382 accommodare,
2948 4322 3040 4374 sed
3072 4322 3273 4392 absque
3319 4326 3493 4397 aliqua

1913 4412 2272 4467 remoratione
2300 4409 2607 4479 religiosum
2643 4408 2735 4462 Dei
2766 4408 3021 4462 famulum
3055 4412 3272 4480 Bedam,
3323 4432 3491 4480 vene-

1913 4505 2092 4559 rabilis
2116 4502 2428 4557 monasterii
2448 4502 2521 4555 tui
2547 4499 2940 4569 presbyterum,
2961 4500 3028 4555 ad
3057 4501 3241 4557 limina
3266 4517 3493 4573 aposto—

1911 4595 2086 4650 lorum
2110 4595 2410 4665 principum
2440 4593 2781 4648 dominorum
2812 4607 3054 4647 meorum
3086 4595 3224 4649 Petri
3253 4607 3308 4652 et
3343 4598 3492 4661 Pauli

1912 4699 2213 4743 amatorum
2246 4696 2458 4741 tuorum
2489 4701 2552 4741 ac
2589 4694 2976 4754 protectorum,
3028 4687 3093 4741 ad
3139 4698 3335 4744 nostrae
3384 4706 3495 4748 me-

1913 4779 2211 4835 diocritatis
2251 4787 2602 4846 conspectum
2634 4792 2738 4832 non
2770 4780 2998 4833 moreris
3027 4778 3276 4848 dirigere,
3309 4797 3488 4851 quem,

1914 4871 2128 4925 favente
2157 4870 2268 4926 Deo
2288 4909 2303 4936 ,
2346 4868 2547 4924 sanctis
2575 4867 2682 4923 tuis
2710 4868 2958 4937 precibus
2991 4884 3095 4924 non
3127 4870 3338 4925 difﬁdas
3370 4888 3495 4941 pro-

1913 4977 2069 5031 siere
2096 4962 2161 5015 ad
2195 4970 2245 5016 te
2283 4958 2484 5027 redire,
2536 4967 2749 5029 peracta
2790 4959 3188 5027 praemissorum
3234 4960 3494 5029 capitulo-

1912 5070 2031 5110 rum
2077 5068 2200 5109 cum
2247 5052 2449 5107 auxilio
2478 5051 2569 5106 Dei
2617 5050 2920 5106 desiderata
2965 5051 3347 5117 solemnitate;
3393 5052 3494 5109 erit

1913 5144 2078 5209 enim,
2109 5152 2167 5198 ut
2194 5143 2540 5211 confidimus,
2570 5145 2736 5198 etiam
2768 5145 2978 5199 cunctis
3002 5144 3095 5198 tibi
3125 5144 3340 5199 creditis
3370 5161 3493 5215 pro-

1913 5234 2147 5292 futurum
2179 5236 2431 5307 quidquid
2451 5236 2706 5293 Ecelesire
2732 5237 2963 5309 generali
2991 5230 3239 5291 claruerit
3262 5250 3357 5315 per
3377 5237 3493 5309 ejus

1914 5330 2276 5400 priestantiam
2299 5330 2653 5400 impertitum.
