4102 6432
623 364 694 419 35
1940 360 2237 420 JOANNES
2273 364 2454 418 PAPA
2495 364 2578 420 Vi.
3822 365 3888 420 '56

631 668 640 676 .,
703 616 1226 683 PRIVILEGIUM
1265 617 1314 677 A
1350 617 1639 680 SERGIO
1683 616 1885 680 PAPA
1919 620 1943 681 l
1974 621 2080 680 AD
2116 615 2510 682 HERONEM
2558 611 2975 682 LINGONUM
3019 614 3463 684 PRZESULEM
3498 621 3806 686 DATUM.

693 787 913 857 Sergius
942 786 1111 856 gratia
1141 785 1233 839 Dei
1264 783 1500 854 pontifex
1537 785 1811 839 Romanus
1855 787 2049 841 lleroni
2078 781 2202 840 Lin-
2233 795 2282 854 Α
2312 785 2562 844 decessor
2588 797 2780 851 vester,
2830 772 3118 841 adhortatu
3149 787 3354 855 praefati
3385 788 3657 858 martyris,
3705 805 3889 846 mona-

620 893 819 950 gonum
851 879 1063 948 prtrsuli
1109 878 1338 932 salutem
1370 885 1426 934 et
1472 879 1821 947 apostolicam
1873 880 2203 934 benedictio—

621 985 743 1026 nent

689 1061 1097 1128 Quamprimum
1125 1057 1282 1113 nobis
1313 1057 1718 1122 attendendum,
1751 1056 2086 1122 citatissime,
2137 1071 2206 1114 ne

620 1141 792 1206 hostis
815 1151 1087 1221 malignus
1114 1165 1333 1220 gregem
1361 1150 1561 1205 Christi
1608 1151 1882 1220 perturbet
1918 1152 2090 1222 aliqua
2118 1167 2208 1206 oc-

620 1242 882 1307 casione;
943 1241 1346 1295 Divionensium
1373 1255 1602 1309 namque
1631 1239 2016 1295 monachorum
2061 1255 2206 1293 mar-

623 1335 726 1403 tyri
763 1334 1001 1404 Benigno
1029 1333 1128 1387 sub
1156 1330 1760 1411 regionerfechranni
1783 1330 1988 1385 abbatis
2009 1331 2205 1386 devote

624 1425 992 1479 famulantium
1037 1423 1352 1478 reclamatio
1396 1422 1465 1476 ad
1509 1437 1608 1476 nos
1660 1425 1925 1492 pervenit,
1976 1422 2204 1477 clericos

2309 880 2455 933 sterii
2478 875 2643 946 ipsius
2668 885 3025 941 constructor,
3049 877 3290 946 utrisque
3313 877 3446 931 vivis
3471 879 3696 932 sancivit
3719 895 3882 936 unum

2308 982 2414 1036 quo
2443 979 2661 1022 sanctus
2687 966 2830 1034 jacet
2864 966 3203 1023 concorditer
3250 965 3643 1031 cmmeterium,
3695 968 3764 1022 ita
3795 985 3890 1024 no-

2311 1069 2436 1113 stra:
2465 1059 2795 1113 auctoritatis
2826 1058 3016 1112 litterae
3047 1067 3372 1113 censuerunt
3402 1059 3883 1116 corroborandum.

2305 1152 2513 1220 Quique
2541 1151 2700 1206 etiam
2740 1165 2769 1203 a
2801 1158 3038 1205 torrente
3063 1150 3153 1218 qui
3184 1158 3468 1218 utrumque
3497 1149 3725 1218 Burgum
3748 1150 3886 1205 divi-

2313 1243 2390 1296 dit
2408 1243 2620 1297 auferre
2647 1241 2715 1295 ab
2742 1255 2806 1295 eo
2824 1241 3000 1310 Burgo
3029 1241 3114 1295 vel
3142 1239 3378 1295 claustro
3407 1238 3630 1308 aliquid,
3663 1252 3886 1310 excepto

2309 1333 2506 1388 abbate
2535 1333 2622 1388 vel
2651 1330 2950 1396 monachis,
2980 1329 3403 1401 praesumpserit,
3436 1329 3594 1384 simili
3623 1332 3884 1387 sententia

2307 1437 2364 1478 se
2387 1424 2698 1477 damnatum
2731 1420 2959 1476 noverit.
3008 1422 3150 1475 Bene
3179 1420 3538 1474 valeteuData
3571 1436 3665 1490 per
3693 1436 3884 1477 manus

623 1517 730 1582 jam
753 1515 881 1569 dicti
915 1515 1080 1570 castri
1117 1515 1183 1569 ad
1213 1530 1272 1569 se
1301 1530 1593 1584 eorumque
1640 1516 2005 1571 cmmeterium
2035 1527 2208 1570 trans-
2304 1513 2546 1580 Joannis,
2579 1511 2970 1568 bibliothecarii
3001 1520 3206 1565 sancta:
3228 1510 3370 1565 sedis
3393 1511 3720 1579 apostolicae,
3742 1527 3882 1566 anno

620 1609 759 1661 ferre
787 1607 992 1661 conari.
1036 1608 1168 1673 lloc,
1199 1609 1319 1674 quia
1366 1609 1778 1676 praedecessoris
1807 1610 1912 1662 mei
1959 1608 2180 1662 Joannis

619 1697 895 1752 Benedicti
943 1697 1127 1766 utique
1174 1699 1524 1762 successoris,
1579 1697 1898 1752 contradicit
1945 1697 2196 1761 decretis,

625 1783 947 1841 auctoritate
971 1787 1114 1840 beati
1147 1784 1288 1840 Petri
1311 1797 1365 1839 et
1399 1795 1581 1840 nostra
1622 1787 1934 1854 prohibetur
1961 1788 2059 1840 sub
2086 1802 2201 1852 per-

632 1875 880 1930 cussione
899 1875 1277 1930 anathematis.
1300 1876 1428 1930 Nam
1455 1875 1590 1930 sicut
1611 1873 1898 1944 Gregorius
1918 1875 2044 1929 olim
2067 1888 2203 1943 pra:-

2307 1607 2644 1673 pontificatus
2674 1606 2876 1659 domini
2919 1604 3096 1675 Sergii
3129 1604 3444 1658 univerSaIis
3475 1619 3624 1672 papa:
3649 1603 3883 1667 decimo,

2308 1699 2361 1751 in
2392 1697 2749 1750 sacratissima
2798 1696 2928 1750 sede
2960 1696 3099 1749 beati
3136 1693 3279 1749 Petri
3310 1694 3555 1762 apostoli,
3597 1693 3883 1747 indictione

2308 1787 2608 1841 undecima.

1917 2192 2082 2235 ANNO
2127 2193 2354 2236 DOMINI
2404 2190 2568 2234 DCCV

1243 2377 2664 2611 JOANNES
2827 2384 3150 2597 VI
3195 2541 3256 2636 ν

1895 2723 2122 2780 ROMAN
2129 2725 2206 2776 US
2237 2721 2572 2773 PONTIFEX.

2077 2849 2413 2865 #—

983 2985 985 2989 ‘
1053 2957 1491 3039 NOTITIA
1548 2888 2083 3030 iIISTOBICA
2145 2946 2250 3023 IN
2311 2944 2787 3022 JOANNEM
2847 2945 3180 3020 PAPAM
3250 2945 3344 3022 Vl
3390 3003 3407 3031 ,

1795 3146 1965 3210 (Liber
2004 3143 2314 3204 Pontificalis,
2346 3155 2410 3192 ex
2435 3153 2538 3191 var.
2565 3140 2702 3202 edd.)

688 3333 711 3361 ι
740 3326 972 3378 Joannes
1012 3319 1070 3372 \‘I
1102 3358 1116 3380 ,
1169 3316 1382 3369 natione
1431 3312 1670 3378 Graecus,
1704 3313 1841 3366 sedit
1869 3327 2036 3367 annos
2065 3324 2194 3379 tres,
2228 3319 2272 3376 Β
2301 3326 2514 3366 menses
2543 3312 2696 3375 dnos,
2723 3311 2838 3364 dies
2888 3309 3188 3365 duodecim.
3221 3313 3238 3343 ι
3269 3313 3387 3368 Fuit
3415 3325 3590 3370 autem
3625 3323 3874 3389 tempori-

1815 3424 2211 3482 V'ARIRNTES
2251 3423 2657 3482 LECTIONES.

682 3531 696 3560 ³
748 3526 871 3580 Fuit
932 3532 1100 3576 autem
1149 3519 1454 3588 temporibus
1509 3518 1697 3572 Tiberii
1759 3518 1977 3584 Augusti
2028 3517 2181 3572 deest
2217 3518 2269 3572 in
2292 3517 2364 3570 al.

1922 3619 2274 3691 VAPJORUM
2314 3632 2544 3688 NUTIE.

695 3740 720 3768 ι
742 3729 975 3784 Joannes
1001 3725 1087 3780 VI.
1120 3725 1220 3792 Qui
1245 3740 1274 3779 a
1306 3725 1493 3794 Sergio
1514 3723 1578 3778 ad
1601 3724 1914 3793 Gregorium
1953 3723 2016 3778 lll
2043 3735 2190 3794 gesta

629 3801 937 3870 pontificum
990 3798 1262 3870 collegit,_
1298 3805 1650 3870 praeterquam
1676 3795 1843 3870 quod
1897 3795 2192 3870 litterarum

616 3863 810 3939 expers
858 3878 992 3932 erat,
1043 3877 1100 3919 ut
1143 3866 1291 3918 novit
1333 3863 1640 3931 Ciampinus
1666 3863 1880 3939 (Erant.
1909 3865 1999 3917 lib.
2034 3863 2191 3939 Parit.

620 3934 744 3994 sect.
793 3940 874 4010 '5),
923 3939 1182 3991 rationem
1225 3945 1524 4010 temporum
1568 3947 1734 4002 usque
1769 3934 1904 4010 adeo
1931 3935 2192 4004 neglexit,

623 4020 680 4064 ut
715 4010 804 4064 ditt
829 4004 1180 4069 'tnultnmqne
1218 4004 1586 4072 Cbronologos
1613 4006 1938 4057 recentiores
1962 4018 2193 4058 vexave-

618 4083 707 4136 rit.
758 4079 1023 4134 Prazterea
1064 4075 1257 4141 Codd.,
1309 4083 1365 4128 et
1402 4074 1727 4143 Catalogor.,
1761 4088 1863 4143 qua
1896 4074 2190 4138 silentium,

614 4166 716 4218 qua
746 4147 1123 4216 discrepantia,
1159 4147 1295 4200 alios
1338 4145 1388 4198 in
1429 4143 1587 4218 aliam
1632 4144 2192 4218 sentetttiam__pertra-

609 4214 820 4273 xerunt.
856 4214 968 4271 Duo
997 4217 1292 4284 praesertim
1335 4216 1636 4281 pontifices,
1666 4214 1901 4284 Joannes
1930 4214 1996 4267 Vl
2023 4223 2078 4266 et
2104 4214 2190 4266 Si-

607 4290 833 4353 sinnius,
879 4283 1029 4356 juxta
1076 4285 1488 4356 Chronologiam
1531 4285 1651 4356 libri
1682 4283 2011 4356 Pontificalis
2043 4283 2188 4336 ordi-

611 4360 720 4414 nati
758 4354 1003 4412 videittnr
1049 4365 1203 4409 extra
1253 4355 1394 4408 diem
1449 4354 1810 4415 Dominicam;
1864 4361 1920 4404 et
1962 4355 2032 4405 ita
2065 4367 2187 4407 esse

606 4430 803 4484 factum
833 4427 1010 4483 docuit
1032 4425 1294 4479 Antonius
1319 4423 1532 4493 l’agius,
1565 4438 1723 4490 quem
1754 4421 1881 4493 alibi
1911 4422 2008 4475 hac
2041 4422 2092 4474 in
2119 4437 2181 4477 re

608 4469 1189 4570 Iiééépi'uiiiwiaiiimus,
1223 4509 1283 4546 ac
1313 4469 1536 4570 “iam;
1562 4469 1669 4544 rion
1698 4492 1799 4544 erit
1833 4493 2064 4545 insolens
2086 4507 2182 4570 no-
2210 4469 2254 4530 (ἶ

609 4586 704 4625 vos
745 4562 861 4638 'ejus
901 4571 1080 4638 lapsus
1127 4567 1397 4638 detegere.
1432 4562 1506 4614 De
1536 4569 1967 4638 utroqueautem
2000 4563 2177 4638 ponti-

610 4641 710 4694 fice
736 4629 857 4692 cum
898 4629 995 4687 suo
1035 4636 1151 4686 loco
1196 4629 1481 4685 dieendum
1513 4632 1601 4690 sit.
1626 4629 1711 4683 hic
1749 4631 1815 4684 de
1859 4629 2062 4686 Joanne
2102 4633 2182 4685 lo-

607 4723 763 4776 qnar,
811 4708 1060 4776 dicturus
1103 4700 1380 4776 postmodo
1425 4700 1494 4776 de
1542 4699 1780 4776 Sisinnio
1825 4700 2072 4776 in_notis_
2115 4702 2181 4776 ad

607 4770 758 4830 cum
787 4774 1170 4843 spectantibus.
1221 4770 1497 4843 Audienda
1529 4771 1711 4843 igitur
1758 4780 1839 4843 est
1890 4771 2182 4843 inﬁpriniis

609 4840 848 4900 doctrina
884 4844 1026 4911 Pagii
1048 4843 1116 4895 de
1141 4841 1422 4911 pontificiis
1443 4840 1900 4894 ordinationibus.
1936 4840 2041 4893 llas
2067 4841 2182 4895 fieri

612 4929 815 4984 coeptas
863 4910 1019 4967 docet
1057 4920 1189 4984 post_
1212 4910 1477 4984 devictum
1507 4924 1543 4984 a_
1567 4911 1917 4984 ﬁcustantino
1965 4911 2184 4984 Maxen-

609 4979 757 5050 tium,
812 4979 1101 5052 pacemque
1152 4979 1407 5052 Ecclesiae
1454 4980 1714 5034 redditam
1769 4981 1886 5048 (Ad
1937 4997 2026 5052 an.
2064 4980 2183 5052 Δ68,

607 5072 749 5108 num.
786 5049 880 5123 2'0)
905 5064 996 5105 aut
1020 5049 1356 5118 Dominicis,
1401 5059 1494 5123 aut
1532 5052 1929 5123 solennioribus
1971 5049 2180 5103 diebus.

608 5126 742 5179 Ilinc
767 5121 1021 5193 estquod
1065 5135 1209 5188 saepe
1245 5121 1528 5193 Beronium
1557 5135 1718 5193 secus
1745 5122 2066 5193 sentientem
2095 5133 2184 5193 re-

608 5187 912 5264 prehendit,
961 5187 1220 5260 incipiens
1265 5193 1349 5264 ab_
1377 5191 1503 5264 ipsa
1529 5191 1869 5264 ordinatione
1916 5187 2183 5254 Silvestri,

611 5258 802 5334 nempe
829 5265 897 5318 ab
927 5266 1043 5332 ipso
1065 5258 1636 5334 annopacis'rcdditze
1663 5258 2183 5334 3M,_quam__ret_ra-

609 5335 688 5388 hit
734 5327 799 5388 ad
849 5327 1155 5400 supremum
1208 5327 1442 5385 Januarii
1491 5331 1636 5383 diem
1670 5344 1753 5400 ex
1798 5327 2057 5400 Kalendis
2083 5327 2181 5400 Fe-

611 5406 859 5470 bruariis,
893 5398 1500 5472 qtnhuscutnBaronius
1521 5412 1638 5451 eam
1667 5398 1987 5472 illigavcrat.
2021 5398 2185 5472 cujus

607 5468 865 5528 doctrina:
907 5468 1106 5539 partem
1151 5471 1400 5541 primam,
1442 5468 1940 5541 nempepontiiices
1969 5469 2187 5541 ordina-

613 5557 696 5598 tos
724 5559 845 5600 esse
884 5537 1070 5598 diebus
1103 5537 1418 5602 Dominicis,
1449 5537 1651 5591 eruditi
1684 5538 1773 5592 alii
1801 5549 1924 5592 ante
1967 5539 2182 5605 l’agium

611 5615 967 5676 tradiderunt,
994 5621 1050 5666 et
1072 5620 1190 5678 post
1219 5625 1341 5662 eum
1375 5609 1536 5678 multi
1555 5610 1723 5661 secuti
1751 5618 1892 5660 sunt.
1927 5610 2044 5663 Pra:
2066 5611 2186 5663 aliis

613 5685 956 5745 Blanchinus,
1002 5677 1153 5748 cuius
1193 5693 1294 5746 ego
1335 5677 1572 5746 vestigiis
1612 5679 1824 5745 insisto,
1871 5694 1975 5733 non
2027 5683 2186 5732 modo

609 5757 892 5824 pontifices
941 5753 1232 5815 Romanos,
1286 5762 1467 5801 verum
1517 5748 1676 5803 etiam
1732 5754 2009 5819 episcopos
2052 5750 2184 5804 alios

2300 3724 2518 3800 diebus-
2549 3723 2843 3800 Dominicis
2882 3719 3155 3800 ordinatos
3197 3739 3316 3779 esse
3365 3723 3639 3800 contendit
3684 3728 3870 3800 (Sup.,

2301 3805 2425 3865 tam.
2454 3789 2540 3858 II,
2591 3811 2712 3864 pag.
2757 3793 3083 3865 25)._ldqne
3131 3796 3492 3849 monumentis
3533 3789 3874 3865 comprobari

2298 3863 2601 3930 affirmans,
2625 3880 2689 3918 ex
2721 3865 2856 3917 libro
2883 3863 3001 3932 ipso
3035 3866 3326 3918 Pontilicali
3357 3863 3671 3933 exemplum
3690 3869 3869 3934 affert,

2299 3949 2491 4001 nempe
2538 3934 2947 3987 lnteramnensis
2987 3934 3222 4003 episc0pi
3264 3951 3292 3987 a
3335 3934 3588 3988 Zacharia
3639 3939 3872 3996 ordinati

2297 4005 2385 4058 die
2428 4004 2719 4057 Dominica.
2766 4004 2901 4070 Quin
2947 4005 3131 4076 etiam,
3181 4003 3320 4072 quod
3361 4005 3873 4076 Blanchiniopinio-

2303 4089 2422 4147 nem
2451 4076 2617 4147 magis
2639 4076 2850 4147 astruit,
2877 4075 3576 4147 anilitadversionedignum
3599 4075 3869 4147 est,quod

2299 4145 2432 4198 liber
2476 4144 2614 4196 idem
2653 4143 2980 4197 Pontilicalis
3021 4144 3292 4198 Zacharia:
3340 4145 3670 4200 itinerarium
3711 4143 3869 4203 enar-

2294 4228 2438 4274 rans,
2489 4222 2622 4268 sect.
2670 4212 2776 4268 209
2805 4222 2860 4266 et
2899 4227 3076 4280 seqq”
3103 4214 3220 4267 dies
3265 4215 3503 4282 singulos
3531 4220 3866 4274 numerando

2293 4291 2540 4337 recenset
2566 4300 2581 4348 ;
2614 4295 2669 4337 at
2697 4284 2916 4337 veniens
2938 4284 3003 4337 ad
3034 4285 3172 4337 diem
3201 4284 3548 4351 Dominicam,
3577 4301 3684 4340 non
3709 4304 3867 4344 secus

2291 4362 2448 4421 atque
2496 4368 2590 4420 per
2632 4353 3022 4426 ordinationem
3055 4355 3289 4422 episcopi
3317 4355 3431 4407 dies
3451 4365 3861 4426 agnosceretur,

2290 4438 2406 4476 eam
2437 4437 2773 4491 nequaquam
2799 4425 3068 4486 nominat;
3104 4426 3300 4478 deinde
3326 4426 3392 4477 ad
3415 4424 3546 4478 alias
3575 4441 3661 4481 res
3689 4424 3866 4484 trans-

2291 4493 2428 4558 iens,
2477 4493 2814 4560 prosequitur
2841 4510 2852 4543 :
2879 4493 3075 4546 Eodem
3101 4495 3185 4546 die
3218 4492 3511 4556 Dominico,
3536 4505 3639 4550 etc.
3673 4497 3740 4550 At
3769 4514 3861 4552 or-

2289 4562 2602 4616 dinarentur
2635 4577 2804 4632 necne
2835 4563 3014 4616 cretcri
3043 4577 3234 4616 omnes
3270 4566 3506 4632 episcopi
3535 4567 3725 4620 diebus
3761 4569 3864 4620 Do-

2289 4633 2526 4694 minicis,
2573 4647 2671 4686 nec
2707 4630 2864 4697 hujus
2911 4633 3035 4698 loci,
3085 4648 3183 4686 nec
3215 4630 3318 4686 mei
3348 4630 3570 4688 instituti
3602 4647 3684 4689 est
3714 4639 3867 4691 inda-

2289 4717 2451 4766 gare;
2499 4701 2563 4753 ad
2616 4701 2912 4768 pontilicias
2967 4700 3129 4771 igitur
3177 4702 3540 4758 ordinationes
3593 4718 3859 4760 revertor.

2294 4772 2436 4844 inter
2483 4771 2834 4824 solemniores
2872 4772 3045 4844 diesa
3081 4772 3242 4841 Pagio
3282 4785 3624 4839 memoratos,
3669 4777 3866 4844 quibus

2290 4839 2403 4894 fieri
2442 4839 3512 4912 autumatﬂconsecrationes'pontilicum,
3538 4839 3868 4901 hand‘duhie

2291 4919 2641 4964 recensentur
2681 4910 2938 4965 Nativitas
2978 4910 3220 4976 Domini,
3287 4915 3633 4967 Annuntiatio
3683 4915 3862 4968 Domi—

2292 4979 2426 5051 nica:
2454 4981 2840 5034 lncarnationis
2863 5021 2878 5045 ,
2909 4991 2962 5036 et
2987 4982 3234 5036 nativitas
3259 4985 3604 5051 praecursoris
3626 4985 3857 5050 Christi;

2290 5047 2364 5122 iis
2386 5060 2560 5103 tamen
2591 5051 2799 5122 diebus,
2839 5066 2971 5117 quos
3009 5067 3118 5119 prae
3151 5047 3271 5106 aliis
3295 5057 3532 5118 nomino,
3565 5057 3687 5121 quia
3716 5047 3852 5122 ροιιὲ

2297 5118 2464 5191 Iilices
2491 5122 2661 5188 quarti
2688 5120 2846 5188 hujus
2873 5118 3346 5189 totiti’Spectandos
3379 5118 3644 5191 propono,
3678 5118 3858 5178 Domi-

2292 5187 2437 5242 nicas
2468 5187 2714 5258 prmlatas
2739 5187 2881 5256 esse,
2920 5201 3012 5243 aut
3041 5187 3416 5260 przeveniendo
3445 5187 3858 5257 ordinationem,

2290 5259 2333 5330 si
2377 5259 2866 5326 praecedebant,aut
2896 5259 3268 5330 prtetercundo
3291 5265 3334 5315 si
3361 5264 3736 5329 sequebantur,
3766 5278 3863 5330 pa-

2290 5327 2646 5402 lam_faciunt
2681 5327 3011 5402 Bonifacius
3044 5333 3102 5398 V,
3147 5331 3379 5402 Joannes
3424 5327 3487 5384 IV
3539 5344 3592 5384 et
3637 5327 3865 5402 Stepha-

2289 5413 2390 5470 nus
2420 5400 2506 5453 lll.
2543 5399 2840 5455 Bonifacius
2881 5401 3140 5468 siquidem
3180 5400 3242 5464 V,
3276 5404 3363 5468 qui
3394 5403 3594 5469 absque
3617 5399 3864 5470 iussione

2291 5468 2564 5542 principis,
2619 5472 2916 5542 obrcausas
2964 5482 3285 5542 memoratas
3330 5486 3448 5538 pag.
3492 5468 3580 5536 2b",
3614 5468 3701 5527 an.
3729 5473 3862 5542 (il9,

2288 5540 2654 5602 ordinabatur,
2686 5541 2772 5594 die
2795 5542 2866 5593 24
2894 5540 3224 5599 Decembris.
3253 5541 3301 5594 id
3333 5552 3417 5595 est
3471 5543 3641 5608 pridie
3662 5540 3864 5597 Nativi-

2290 5612 2415 5663 tatis
2443 5611 2746 5674 dominica,
2781 5611 2860 5662 sic
2889 5610 3108 5664 volente
3141 5623 3354 5678 recepto
3378 5613 3484 5677 jam
3515 5628 3684 5678 more,
3717 5613 3863 5665 ordi-

2289 5691 2444 5733 natus
2487 5689 2592 5734 est.
2641 5679 2762 5735 Pari
2805 5679 2963 5732 modo
3005 5678 3242 5734 Jomnes
3265 5680 3356 5745 IV,
3387 5697 3526 5736 anno
3555 5683 3680 5747 (540,
3717 5683 3861 5736 bidui

2289 5761 2414 5804 ante
2450 5750 2689 5804 eamdem
2728 5749 3121 5804 solemnitatem
3152 5752 3243 5805 fuit
3271 5763 3633 5816 consecratus,
3667 5768 3860 5821 nempe
