4102 6428
254 259 325 316 δῖ
1512 254 1735 312 CAUSA
1774 255 2257 329 WILFRIDIANA.
3417 235 3488 289 ιε

256 380 472 424 tionem
522 367 960 438 presbyterorum
1013 381 1109 423 seu
1160 367 1505 425 diaconorum
1553 384 1745 436 unam,
1795 370 1846 425 id
1874 372 1925 431 Α
1951 371 2112 427 etiam
2147 367 2383 440 sepultus
2419 371 2509 423 est'
2544 367 2608 421 ad
2656 367 2866 424 beatum
2913 369 3124 429 Petrum
3164 379 3487 452 apostolum,
3554 376 3565 407 π’

257 466 377 521 est,
407 456 754 525 presbyteros
778 472 992 537 novem,
1030 456 1283 513 diaconos
1306 458 1463 513 duos.
1488 459 1637 514 Fecit
1665 470 1842 515 autem

256 556 317 597 et
372 560 471 613 per
516 545 727 600 diversa
767 546 881 601 loca
937 546 1214 615 episcopos
1246 549 1261 579 ⁸
1295 548 1596 617 quindecim
1623 592 1638 618 ,
1669 552 1689 579 '
1753 549 1843 617 qui

1949 471 2002 516 et
2027 461 2259 517 cessavit
2288 459 2624 529 episcopatus
2654 472 2890 517 mensem
2919 477 3103 529 unum,
3130 465 3246 522 dies
3270 483 3426 524 svnt.

1473 656 1555 710 VA
1567 656 1769 711 lllANT
1779 657 1856 711 ES
1894 651 2285 710 LECTIONES.

342 752 361 781 ⁸
392 750 508 813 ΑΙ.,
538 760 683 801 num.
718 761 809 799 sit.

2012 750 2049 797 γ’
2081 746 2164 799 Al.
2205 759 2313 798 om.
2344 743 2427 808 qui
2452 743 2693 797 etiam...
2715 746 3016 813 apostolum.

1563 856 1916 913 VARIORUM
1955 852 2179 911 ΝΟΤλΕ.

258 966 389 1019 pag.
420 946 553 1001 299.
584 946 753 1001 Porro
778 964 892 1000 cum
918 958 1048 1019 esset
1086 949 1219 1002 intra
1248 948 1447 1012 velum,
1496 948 1652 1001 cernit
1678 948 1835 1019 impe-

261 1015 725 1088 ratoriangelicam
755 1018 1031 1083 quamdam
1068 1019 1283 1083 formam
1325 1027 1649 1088 praeeuntem.
1668 1015 1836 1088 _Velo-

264 1102 392 1142 rum
417 1087 470 1140 in
502 1085 671 1139 sacris
694 1102 822 1142 usus
845 1098 962 1141 erat
990 1089 1126 1154 apud
1142 1085 1333 1156 gentes
1349 1085 1834 1156 frequentissimus:

261 1158 475 1226 quippe
498 1156 886 1226 sacriﬁciorum
933 1155 1201 1224 tempore,
1252 1157 1664 1226 etAsolemnibus
1692 1155 1840 1226 [estis

262 1224 337 1279 ab
366 1225 630 1278 altaribus
668 1233 722 1278 et
759 1226 1058 1279 simulacris
1088 1226 1203 1279 vela
1235 1224 1652 1279 deducebantur.
1703 1224 1837 1277 Hinc

262 1295 535 1362 Apuleius
566 1304 747 1347 narrat
774 1294 1256 1361 quemadmodum,
1309 1294 1429 1348 Isidi
1459 1302 1580 1347 vota
1605 1294 1845 1362 persolu-

264 1376 451 1425 turus,
477 1364 750 1430 ingressus
775 1365 1027 1433 templum
1061 1382 1072 1415 ε
1103 1363 1169 1416 Ει
1195 1365 1336 1428 dum,
1365 1365 1484 1418 velis
1513 1363 1837 1417 candentibus

264 1434 499 1488 redactis
540 1433 593 1485 in
636 1433 911 1495 diversum,
967 1433 1091 1485 Dem
1133 1434 1465 1486 venerabilem
1521 1440 1840 1497 conspectum

270 1517 638 1573 apprecamur.
662 1502 778 1555 Lib.
807 1518 860 1573 ξι
881 1502 1227 1573 Metamorph.
1247 1548 1261 1571 ,
1291 1520 1343 1570 p.
1366 1503 1490 1573 585.
1525 1501 1727 1573 Pariter
1755 1516 1842 1573 sa-

270 1570 459 1626 ci'atus
480 1572 790 1625 initiatione
830 1571 995 1625 lsiaea
1021 1610 1036 1633 ,
1078 1572 1318 1626 obiturus
1360 1570 1619 1640 frequenti
1648 1570 1841 1638 populo

273 1640 637 1695 sacerdotalia
671 1656 913 1704 munera,
940 1644 1085 1694 stetit
1111 1643 1245 1694 intra
1278 1641 1448 1695 velum
1474 1681 1489 1705 ,
1520 1651 1576 1694 ut
1603 1640 1679 1691 ait
1717 1654 1836 1707 pag.

268 1711 382 1765 3L8
405 1727 421 1763 :
448 1710 537 1763 Sic
564 1710 798 1762 adinstar
817 1712 942 1763 solis
971 1719 1232 1775 exornato,
1259 1722 1303 1764 et
1332 1714 1385 1763 in
1411 1712 1565 1763 vicem
1583 1710 1839 1762 simulacri

1941 947 2029 1022 sub
2051 946 2373 1022 _vestintentis
2403 947 2732 1022 injecto-ﬁlo,
2776 952 2941 1022 crucis
2966 949 3027 1004 ob
3056 950 3490 1022 hocsignaculum

1944 1016 2173 1088 depinxi.
2221 1014 2288 1067 Et
2317 1014 2516 1088 eam“)
2540 1035 2551 1068 :
2577 1014 2787 1071 Accessi
2836 1021 3020 1073 iterum
3061 1014 3280 1088 quierere
3307 1026 3498 1079 sannae

1947 1094 2042 1159 tem
2070 1086 2136 1137 ad
2164 1084 2436 1159 tumulum,
2469 1094 2783 1159 tactusquea
2801 1084 3194 1156 dependentibus
3216 1092 3360 1158 velis,
3380 1110 3501 1159 pro-

1948 1156 2084 1207 tinus
2109 1157 2406 1229 st_etit_vent_e
2442 1155 2635 1229 pulsus.
2673 1155 2883 1229 ‘ldcirco
2909 1160 3022 1212 vela
3047 1174 3168 1229 quae
3198 1174 3227 1212 a
3258 1155 3501 1216 ﬁdelibus

1950 1223 2297 1290 appendenda
2324 1223 2387 1275 ad
2418 1224 2585 1277 altare
2604 1224 2982 1293 mittebantur,
3012 1223 3232 1283 solemni
3257 1231 3358 1283 ritu
3391 1232 3505 1286 fes-

1952 1301 2111 1366 toque
2145 1300 2371 1366 excepta
2402 1300 2554 1366 sunt,
2586 1301 2643 1346 ut
2675 1294 2827 1366 d_o_ect
2860 1306 3074 1366 sanctus
3105 1298 3389 1366 Gregorius
3414 1302 3507 1362 Μ..

1948 1361 2043 1415 lib.
2089 1377 2139 1414 1x
2161 1403 2175 1423 ,
2220 1362 2378 1428 epist.
2408 1361 2510 1423 5.8,
2543 1377 2659 1430 pag.
2696 1362 2799 1416 542
2820 1406 2834 1429 ,
2864 1365 2951 1417 ubi
2983 1367 3049 1420 de
3074 1361 3419 1422 velis-oblatis
3448 1378 3505 1423 et

1947 1433 2287 1505 susceptione
2331 1432 2641 1505 earumdem
2692 1433 2858 1505 agit:
2911 1433 2992 1487 Ea
3038 1445 3206 1488 autem
3234 1437 3398 1505 (vela)
3441 1455 3506 1492 es:

1946 1501 2217 1576 purissimo
2244 1500 2685 1576 sincerissimoque
2702 1503 2853 1556 corde
2879 1505 3022 1557 beato
3052 1505 3208 1559 Petro
3241 1500 3503 1576 apostolo-

1947 1587 2062 1621 rum
2106 1569 2720 1640 principitransntisisti,
2763 1582 3010 1640 praesente
3054 1576 3192 1627 omni
3218 1569 3352 1628 clero
3398 1593 3507 1630 sus-

1946 1647 2121 1705 cepta,
2154 1648 2305 1706 atque
2334 1637 2440 1689 illic
2466 1654 2710 1703 suspensa
2737 1637 2870 1693 sunt.
2898 1641 3068 1695 Filius
3096 1646 3229 1696 enim
3258 1661 3398 1699 meus
3427 1647 3503 1699 vir

1948 1708 2263 1782 venerandus
2302 1707 2519 1782 domnus
2547 1708 2908 1782 Symmachus,
2940 1712 3296 1782 quitrgrotum
3324 1730 3401 1767 me
3438 1729 3504 1768 es

270 1782 589 1843 constituto,
654 1790 862 1847 repente
903 1781 1021 1832 velis
1058 1769 1316 1847 reductis,
1369 1790 1625 1847 aspectum
1665 1777 1842 1844 papuli
1875 1769 1921 1829 Β
1948 1778 2190 1845 podagra:
2230 1776 2496 1847 dolorem.
2543 1769 2729 1845 scripta
2765 1769 3243 1834 vestra'mihtv‘dare
3281 1784 3501 1845 distulit,

268 1849 589 1901 inerrabam.
636 1846 704 1899 Et
733 1848 853 1901 hinc
883 1849 1258 1917 festivissimum
1304 1846 1544 1902 celebravi
1574 1848 1797 1900 natalem
1832 1886 1847 1910 ,

269 1928 322 1970 et
354 1933 536 1970 suaves
558 1918 738 1985 epulas
757 1958 771 1981 ,
816 1928 862 1971 et
888 1919 1057 1986 fausta
1085 1918 1335 1971 convivia.
1368 1917 1603 1986 Fuerunt
1629 1923 1687 1970 et
1713 1918 1850 1981 apud

272 1988 541 2041 Hebraeos
580 1985 965 2052 pretiosissima
1001 1988 1148 2051 vela,
1202 1989 1393 2055 quibus
1432 1985 1851 2041 Tabernaculum

271 2057 715 2121 coOperiebatur,
748 2067 800 2109 et
822 2058 1000 2125 ianuae
1030 2067 1210 2109 sancta
1248 2064 1577 2120 sanctorum,
1608 2069 1725 2124 quas
1754 2070 1848 2125 ga-

271 2125 595 2196 zopliylacio
630 2126 700 2196 ad
732 2123 943 2196 trabem
966 2136 1283 2196 argenteum
1314 2139 1546 2194 appensa
1584 2123 1853 2196 custodie-

272 2194 495 2249 bantur.
544 2195 667 2261 Agit
712 2195 781 2248 de
835 2197 898 2249 iis
953 2194 1237 2261 Josepbus,
1297 2195 1387 2249 lib.
1441 2209 1528 2248 XIV
1563 2195 1848 2261 Antiquit.,

270 2280 329 2319 c.
374 2263 489 2332 157:
523 2262 762 2317 Tradidit
798 2280 915 2317 vero
950 2266 996 2317 ei
1028 2265 1158 2317 lianc
1195 2265 1388 2318 trabem
1416 2273 1579 2317 custos
1607 2262 1850 2332 pecunia-

270 2349 395 2386 rum
428 2331 709 2387 Eleazarus
740 2335 941 2387 nomine
979 2334 1216 2388 sacerdos
1241 2374 1256 2399 ,
1306 2350 1407 2387 non
1447 2331 1695 2386 malevolo
1734 2332 1850 2383 ani-

271 2419 399 2467 mo,
448 2419 565 2455 cum
591 2407 767 2472 justus
814 2413 859 2456 et
901 2404 1056 2456 bonus
1086 2414 1227 2470 erat,
1279 2406 1367 2456 sed
1413 2404 1534 2455 dum
1583 2402 1853 2472 commissa

273 2473 459 2539 fuisset
503 2472 551 2523 ei
580 2470 814 2525 custodia
839 2475 1063 2526 velorum
1092 2472 1288 2537 templi,
1319 2488 1433 2541 qua:
1459 2474 1588 2524 mira
1624 2470 1853 2540 pulchri-

276 2544 461 2594 tudine
493 2551 542 2593 et
573 2545 949 2595 constructione
981 2543 1343 2609 pretiosissima
1386 2541 1770 2608 resplendebant
1798 2541 1852 2592 in

274 2612 379 2663 hac
422 2611 564 2680 urbe
589 2613 884 2680 pendentia.
938 2612 1135 2666 Eadem
1167 2612 1286 2666 vela
1326 2613 1378 2665 in
1415 2610 1646 2680 basilicis
1694 2619 1853 2676 atque

275 2682 487 2734 sedibus
508 2679 936 2735 Christianorum
966 2683 1163 2749 passim
1192 2681 1402 2735 inerunt
1428 2679 1659 2733 adhibita
1680 2717 1696 2742 ,
1722 2692 1852 2749 cum

274 2752 617 2803 ornamentis
638 2758 695 2803 et
724 2753 909 2819 liguris
931 2747 1048 2819 quae
1078 2751 1250 2805 varias
1276 2758 1366 2804 aut
1390 2759 1696 2819 sanctorum
1720 2747 1851 2819 ima-

274 2822 429 2888 gines
453 2827 545 2871 aut
569 2817 822 2873 historias
849 2817 1293 2888 reprzescntarcnt
1312 2860 1327 2885 ,
1359 2819 1508 2889 quod-
1528 2817 1848 2889 frequentis-

275 2886 420 2941 Sime
453 2890 505 2942 in
538 2890 687 2943 bisce
726 2890 891 2958 gestis
916 2886 1313 2957 pontiﬁcalibus
1357 2886 1665 2942 airnotstum
1704 2886 1852 2939 vide-

273 2970 441 3028 mus.
482 2959 698 3028 Altare,
730 2959 870 3028 quod
902 2961 1212 3027 plerumque
1240 2960 1514 3013 columnas
1542 2965 1766 3026 quatuor
1797 2961 1852 3009 et

275 3026 542 3081 ciborium
576 3026 825 3093 habebat,
861 3026 990 3083 velis
1017 3026 1154 3082 inter
1175 3028 1320 3097 ipsas
1346 3028 1619 3081 columnas
1649 3039 1850 3094 appen-

273 3098 356 3150 sis
386 3107 646 3185 ornatum)
662 3097 849 3175 fuisse,
868 3099 1038 3167 iisque
1065 3098 1233 3185 albis,
1270 3106 1323 3150 et
1348 3097 1606 3185 pretioue
1626 3103 1849 3174 textura:
1874 3116 1924 3185 α

275 3170 594 3221 accessione
615 3163 883 3221 decoratis
904 3208 920 3231 ,
955 3163 1150 3236 smpius
1180 3166 1266 3220 hic
1292 3163 1488 3236 et‘aliis
1510 3167 1560 3217 in
1594 3163 1723 3218 locis
1751 3179 1848 3236 re-

276 3236 387 3289 fert
424 3238 762 3290 Anastasius.
821 3238 935 3306 Ipsa
985 3234 1294 3291 ornamenta
1341 3235 1737 3303 sepulcrorum,
1795 3234 1847 3306 in

276 3306 476 3372 quibus
526 3304 1026 3374 martyres,‘aliive
1093 3307 1262 3361 sancti
1304 3306 1680 3373 quiescerent,
1731 3304 1848 3357 vela

278 3384 433 3428 erant
484 3376 866 3440 usitatissima,
927 3377 992 3430 ad
1039 3377 1211 3431 locum
1264 3374 1629 3431 venerationis
1682 3374 1847 3443 gratia

276 3444 736 3499 obumbrandum.
810 3448 882 3499 De
937 3447 1108 3500 sancti
1167 3446 1374 3500 Martini
1437 3444 1612 3498 loculo
1667 3443 1852 3496 scribit

277 3513 575 3582 Gregorius
622 3513 990 3579 Turonensis,
1046 3517 1139 3570 lib.
1171 3531 1243 3580 tv,
1289 3529 1337 3569 c.
1368 3516 1393 3568 1
1425 3533 1435 3566 :
1471 3512 1671 3582 Accessi
1715 3511 1852 3564 haud

277 3581 585 3637 temerarius
605 3584 692 3655 ad
721 3587 887 3638 locum
916 3585 1174 3651 sepulcri,
1223 3588 1575 3655 projectusque
1595 3581 1704 3655 solo
1735 3598 1852 3633 ora-

279 3655 472 3707 tionem
516 3654 633 3723 fudi
653 3694 669 3722 ,
719 3664 868 3725 atque
892 3656 1134 3710 secretius
1158 3670 1190 3707 a
1216 3654 1549 3724 pendentibus
1579 3654 1699 3706 velis
1720 3693 1733 3719 ,
1764 3666 1865 3703 uno

1952 1855 1998 1915 et
2022 1858 2130 1911 post
2152 1845 2360 1897 multum
2380 1846 2791 1913 temporis'quum
2814 1850 2924 1900 vela
2949 1859 3180 1915 suscepta
3203 1860 3319 1902 sunt
3348 1853 3508 1906 dedit.

1953 1914 2289 1967 Postmodum
2326 1928 2442 1965 vero
2469 1918 2520 1965 in
2549 1915 2752 1983 scriptis
2780 1914 3101 1971 excellentia!
3118 1930 3293 1972 vestra:
3319 1921 3514 1973 inveni-

1951 2000 2064 2059 mus
2091 1993 2164 2059 _ut
2200 1983 2540 2059 cum_litania
2580 1986 2647 2036 ad
2690 1985 2818 2037 beati
2854 1985 2997 2059 Petri
3029 1989 3291 2059 ecclesiam
3318 1990 3516 2059 portari

1952 2053 2258 2127 debuissent.
2310 2052 2385 2127 [3e
2432 2067 2530 2127 usu
2576 2061 2755 2127 autem
2796 2055 3033 2127 velorum
3073 2052 3339 2127 subjungi’t
3383 2073 3509 2112 mox

1952 2124 2243 2191 Gregorius
2273 2136 2290 2180 :
2320 2120 2564 2197 In_cu_jus
2589 2124 2740 2175 etiam
2767 2125 2949 2197 pietate
2986 2120 3190 2194 conﬁdo
3213 2120 3333 2195 quia
3357 2129 3505 2197 cujus

1951 2208 2134 2263 corpus
2176 2191 2503 2263 cooperuistis
2545 2193 2599 2243 in
2642 2199 2805 2263 terra,
2839 2196 2947 2262 ejus
2997 2191 3093 2248 vos
3124 2191 3503 2249 intercessio'ab

1952 2260 2183 2332 omnibus
2219 2260 2437 2332 peccatis
2472 2270 2700 2329 protegat
2741 2262 2794 2314 in
2820 2260 2964 2316 coelo.
3009 2264 3076 2316 Et
3104 2266 3269 2318 multo
3296 2265 3503 2332 pridem

1951 2331 2019 2384 de
2062 2331 2251 2384 bomm
2282 2330 2558 2398 varietate,
2591 2345 2786 2396 opere,
2814 2343 2867 2385 et
2891 2333 3062 2398 pretio
3082 2373 3099 2397 ,
3139 2330 3349 2388 dixerat
3374 2334 3507 2387 Ter-

1954 2400 2206 2471 tullianus
2234 2398 2409 2471 inlib.
2434 2396 2717 2471 deiﬂqabitu
2746 2396 3027 2471 mulierum
3059 2396 3199 2457 {Sed
3219 2410 3269 2455 et
3294 2404 3511 2471 parietes

1955 2469 2122 2538 Tyriis
2155 2478 2202 2522 et
2236 2467 2628 2541 Hiacyntltinis‘,
2678 2469 2755 2521 vel
2767 2470 2885 2541 illis
2911 2471 3061 2541 regiis
3101 2473 3246 2536 velis,
3290 2467 3402 2541 qua:
3424 2488 3512 2526 vos

1952 2555 2159 2606 operose
2184 2540 2402 2591 resoluta
2432 2538 2802 2605 transﬁguratis
2820 2580 2835 2603 ,
2861 2555 2951 2607 pro
2967 2538 3179 2607 'pictura
3206 2538 3515 2595 abutuntur.

1955 2609 2031 2662 De
2051 2610 2184 2681 velis
2234 2607 2720 2681 alb_is__u_bris_tiano
2771 2622 2830 2681 tv_
2872 2613 3085 2681 saeculo
3115 2610 3179 2663 ad
3219 2611 3505 2681 Martyrum

1952 2679 2194 2744 sepulcra
2245 2676 2516 2739 adhibitis,
2571 2677 2640 2730 ita
2691 2678 2923 2747 loquitur
2964 2678 3252 2747 Paulinus,
3303 2676 3369 2734 in'
3402 2681 3507 2734 Na-

1954 2749 2043 2800 tali
2075 2748 2108 2800 5
2137 2764 2149 2799 :

2139 2836 2302 2886 Aurea
2330 2848 2456 2885 nunc
2479 2836 2635 2886 nlveis
2655 2836 2944 2887 decorentur
2966 2836 3129 2888 limina
3154 2842 3290 2890 velis.

1951 2913 2016 2971 Et
2042 2914 2095 2972 in
2124 2916 2296 2972 Natali
2328 2916 2361 2972 6
2395 2935 2406 2969 :

2137 3027 2289 3092 Cedo,
2311 3026 2393 3075 alii
2421 3028 2632 3089 pretiosa
2655 3027 2819 3077 ierunt
2835 3028 3052 3091 donaria,
3076 3042 3141 3080 ne
3163 3044 3274 3092 qua

2139 3088 2508 3152 Qmeilsumptu
2532 3095 2787 3152 superent,
2811 3103 2920 3149 quas
2946 3088 3139 3152 pulchra
3163 3088 3387 3152 tegendis

2140 3148 2263 3210 Yela
2285 3146 2441 3210 ferant
2458 3146 2661 3206 foribus,
2687 3161 2774 3210 seu
2802 3146 2921 3208 puro
2942 3146 3195 3210 splendida
3216 3146 3337 3210 lino,

2140 3208 2241 3258 Seu
2264 3208 2485 3258 coloratis
2509 3214 2699 3257 textum
2721 3208 2878 3258 fucata
2900 3208 3081 3272 ﬁguris.

3313 2878 3328 2923 l

1956 3310 2059 3366 Sed
2100 3325 2161 3365 ea
2206 3312 2536 3379 potissimum
2578 3310 2693 3364 vela
2733 3326 2764 3364 a
2803 3311 2998 3366 sinculo
3030 3320 3218 3378 quarto
3248 3321 3302 3368 et
3355 3314 3510 3370 dein-

1958 3396 2083 3447 ceps
2106 3382 2482 3452 obtinuerunt,
2516 3395 2632 3449 quae
2653 3395 2832 3435 sacras
2868 3381 3116 3437 historias
3156 3393 3515 3452 repraesenta-

1961 3452 2106 3504 bant.
2150 3452 2265 3515 Qua
2316 3449 2383 3505 dc
2437 3465 2497 3505 re
2553 3452 2700 3520 plura
2748 3452 2835 3519 qui
2892 3453 3039 3520 cupit
3094 3449 3250 3508 adeat
3291 3456 3363 3508 cl.
3411 3454 3521 3508 Ma-

1961 3520 2266 3643 llgillonium,
2313 3521 2380 3575 de
2423 3520 2502 3574 Re
2549 3520 2912 3590 Diplomatica,
2956 3522 3047 3575 lib.
3104 3538 3176 3588 vr,
3228 3537 3347 3595 pag.
3395 3524 3523 3578 462.

2006 3605 2245 3643 mersus.

2006 3603 2255 3644 ENCINUS;

273 3810 3533 3844 mw

929 3947 1476 4071 CAUSA
1576 3939 2893 4070 WILFRIDIANA.

1812 4132 1996 4145 φ’..-

1501 4191 1568 4241 Ex
1597 4193 1748 4243 Mansi
1772 4191 1953 4243 Concil.
1978 4190 2156 4243 Collec.
2182 4196 2217 4240 t.
2253 4191 2381 4250 Xll.)

1799 4305 2013 4319 οι--ι-ι

1092 4364 1524 4455 ΑΝΤΟΝΙΙ
1586 4381 1821 4459 PAGI
1878 4368 2731 4459 OBSERVATIONES.

351 4522 594 4589 Sedente
633 4525 823 4604 lioma}
864 4527 1070 4604 Joanne
1113 4526 1193 4604 Vl
1223 4544 1376 4604 papa,
1425 4533 1587 4586 sancti
1618 4532 1852 4604 Wilfridi
1887 4540 1934 4598 D
1961 4534 2051 4587 bus
2072 4533 2346 4597 humiliter,
2368 4540 2420 4585 ut
2447 4547 2621 4587 eorum
2635 4529 2883 4585 obtutibus
2897 4531 3189 4604 dignaretur
3201 4543 3529 4603 prasentari,

278 4618 445 4661 causa
494 4598 1091 4671 ventilari‘iterunlab
1111 4598 1375 4671 episcopis
1405 4613 1598 4671 empta.
1634 4598 1853 4657 Exsula-

278 4681 435 4735 verat
489 4664 583 4724 ille
631 4685 660 4722 a
689 4665 819 4723 sede
845 4682 940 4722 sua
975 4664 1308 4722 Eboracensi
1330 4668 1441 4738 jam
1469 4664 1537 4725 a'b
1562 4687 1702 4727 anno
1727 4673 1854 4736 692,

277 4744 336 4801 et
357 4740 562 4809 dudum
578 4738 802 4809 Sergius
826 4753 957 4806 papa
980 4752 1100 4809 eum
1120 4739 1505 4804 restituendum
1523 4743 1854 4809 decreverat;

280 4814 379 4869 sed
414 4806 705 4865 Aldfridus'
720 4806 1113 4861 Northumbria:
1144 4822 1258 4870 rex,
1289 4819 1342 4862 et
1359 4809 1699 4865 Britbualdus
1719 4806 1857 4867 Can-

282 4885 475 4937 tuarire
522 4878 961 4944 archiepiscopus
1009 4876 1265 4931 hactenus
1324 4893 1501 4933 moras
1554 4882 1850 4943 nectendo,

281 4949 559 5021 pontificis
603 4950 756 5015 jussa
796 4945 1184 5021 suspenderant
1232 4964 1245 4999 :
1303 4956 1614 5021 nuncvero
1643 4953 1857 5017 pietatis

283 5017 917 5090 specjempraitexentes,
937 5017 1309 5083 episeOporum
1331 5018 1614 5073 concilium
1631 5030 1854 5090 cogunt:

284 5087 352 5144 eo
406 5087 741 5159 Willridum,
772 5095 989 5159 vocant,
1032 5096 1399 5159 conanturque
1443 5103 1591 5154 eum,
1622 5087 1777 5159 quem
1810 5092 1858 5144 vi

281 5162 629 5226 eXpulcrant,
665 5158 743 5219 vel
775 5155 1157 5209 blandimentis
1187 5157 1251 5209 ad
1282 5155 1485 5211 libitum
1518 5155 1671 5213 suum
1706 5160 1859 5213 inﬂe—

283 5239 457 5289 clere,
484 5229 565 5280 vel
595 5228 638 5280 si
665 5242 769 5297 non
792 5226 1139 5297 consentiret,
1163 5230 1479 5295 apprimere.
1505 5229 1634 5283 Rem
1658 5241 1858 5297 gestam

284 5308 471 5352 narrat
500 5298 697 5368 Eddius
726 5296 777 5368 in
808 5295 1227 5368 ejusLV'itaLeap.
1253 5297 1351 5350 με
1381 5295 1725 5368 All'retlorege
1743 5314 1861 5352 cum

284 5378 463 5422 sancto
490 5366 805 5419 Bertliualdo
828 5366 1205 5434 archiepiscOpo
1226 5375 1272 5419 et
1286 5372 1433 5421 totius
1448 5386 1570 5435 pene
1582 5366 1861 5423 Britannia:

284 5439 541 5501 episcoiiis
571 5445 875 5507 congregata
902 5437 1094 5507 synodo
1112 5436 1162 5486 in
1184 5452 1383 5503 campo,
1406 5441 1493 5507 qui
1513 5441 1700 5492 dicitur
1725 5436 1856 5492 Una.

283 5510 536 5575 strefelda
578 5506 762 5577 (hodie
799 5505 1124 5578 l‘lestreleld,
1158 5509 1243 5573 qui
1276 5505 1425 5560 locus
1468 5510 1699 5578 quinque
1730 5511 1852 5562 mil-

288 5579 510 5634 liaribus
542 5575 706 5629 distat
734 5591 762 5626 a
797 5575 1148 5648 Ripo__versus
1175 5578 1445 5648 boream);
1468 5575 1648 5632 deinde
1678 5580 1855 5648 legatis

286 5654 355 5705 ad
388 5647 717 5720 prtesentiam
739 5642 1149 5714 sanctiWilfnidi
1174 5647 1394 5717 episwpi
1416 5651 1599 5717 missis,
1630 5642 1856 5720 roganti-

582 5741 664 5801 ΡΑ
679 5755 856 5800 rnoL.
888 5739 1246 5811 LXXXIX.

1962 4605 2308 4676 promittentes
2332 4618 2421 4670 per
2448 4605 2791 4676 nuntiossuos
2807 4610 2993 4676 statuta
3004 4603 3249 4676 canonica
3270 4606 3331 4659 de
3351 4611 3534 4676 fraude

1962 4672 2175 4743 antiqua
2212 4672 2458 4725 rationem
2496 4688 2550 4725 se
2579 4673 2960 4743 redditurostsi
2988 4674 3055 4725 ad
3081 4673 3287 4727 illorum
3314 4672 3529 4735 conven-

1963 4751 2069 4795 tum
2085 4740 2190 4795 non
2212 4752 2412 4811 negaret
2437 4743 2714 4808 pervenire,
2736 4750 2839 4796 etc.
2868 4740 3147 4812 Postquam
3162 4760 3279 4797 vero
3294 4748 3344 4798 in
3366 4748 3532 4802 locum

1963 4812 2050 4882 ubi
2103 4812 2365 4880 synodalis
2420 4812 2698 4878 disputatio
2755 4812 2984 4865 debuerit
3038 4828 3164 4877 esse,
3206 4819 3530 4882 conveniret;

1962 4881 2147 4953 deinde
2172 4898 2269 4934 non
2302 4884 2374 4934 ita
2400 4883 2629 4951 contigit,
2655 4883 2785 4935 sicut
2813 4882 2859 4934 ei
2880 4884 3185 4952 promissum
3205 4885 3371 4953 fuerat
3393 4902 3414 4940 :
3440 4881 3530 4943 sed

1962 4950 2139 5005 multa:
2163 4962 2209 5004 et
2231 4966 2428 5021 magna:
2455 4950 2842 5003 altercationum
2865 4950 3162 5019 qua'stiones
3191 4950 3256 5021 ab'
3264 4955 3333 5006 eis
3346 4968 3535 5013 exarta:

1963 5032 2299 5089 emerserunt,
2322 5020 2563 5075 maxime
2607 5022 2669 5073 ab
2700 5020 2803 5073 illis
2831 5022 3150 5089 pontiﬁcibus
3182 5020 3531 5081 Ecclesiarum

1964 5090 2179 5159 (quibus
2233 5091 2489 5158 spoliatus
2539 5090 2711 5145 fuerat
2753 5090 3047 5159 Willridus')
3082 5110 3094 5142 :
3129 5108 3242 5144 cum
3268 5095 3533 5152 voluntate

1964 5169 2131 5213 ιαηιεη
2178 5161 2368 5231 Allridi
2418 5160 2551 5231 regis
2576 5171 2621 5215 ct
2650 5177 2894 5214 consensu
2925 5163 3263 5230 quorumdam
3292 5164 3535 5221 abbatum

1962 5231 2012 5281 id
2042 5231 2232 5303 fecisse
2268 5229 2582 5303 (Episcopus
2622 5233 2904 5303 istoslnon
2932 5229 3140 5282 dubium
3184 5231 3419 5301 habetur,
3444 5241 3533 5303 qui

1964 5317 2133 5366 pacem
2185 5298 2549 5367 Ecclesiarum,
2607 5298 2821 5355 avaritia
2888 5303 3188 5369 instigante,
3237 5298 3533 5363 nullatenus

1963 5371 2142 5446 habere
2187 5373 2597 5446 concupiverunt,
2649 5382 2695 5425 et
2726 5371 2883 5446 multa
2926 5374 3058 5438 falsa
3079 5373 3387 5446 objicientes,
3419 5394 3533 5446 qua:

1962 5439 2107 5492 nulla
2139 5441 2350 5513 ratione
2395 5442 2616 5494 veritatis
2644 5442 2969 5513 comprobare
2992 5438 3294 5509 potuerunt,‘
3316 5438 3527 5513 insuper

1961 5510 2236 5587 secundum
2285 5518 2473 5587 statuta
2524 5519 2568 5562 et
2589 5512 2846 5580 jussiones
2873 5510 3128 5587 Theodori
3158 5510 3529 5587 archiepiscopi

1963 5580 2264 5650 censendum
2294 5580 2580 5650 pontificem
2611 5592 2838 5633 nostrum
2861 5582 3310 5650 conﬁrmaverunt,
3333 5597 3435 5650 etc,

2035 5646 2314 5704 Wilfridus
2364 5649 2543 5703 deinde
2570 5650 2744 5707 multis
2763 5660 2813 5704 et
2835 5646 2980 5705 ducis
3008 5653 3321 5705 sermonibus
3351 5646 3527 5710 eorum

3033 5745 3074 5804 2
