4102 6450
695 429 760 484 ιτ
1920 427 1975 483 s.
2010 424 2254 501 _JOANNI

2360 424 2534 480 PAPA
2575 417 2664 480 Vl.
3877 427 3944 486 48

693 552 850 622 cipis,
883 560 1051 620 pater,
1082 551 1379 619 opprimam
1427 565 1548 607 eum
1599 564 1692 619 per
1740 547 2064 603 violentiam.
2113 548 2266 615 Quod
2295 547 2348 606 Α
2373 541 2700 596 nlmbrorum
2755 538 3032 608 epistolam
3073 535 3343 604 habeam,
3373 547 3429 593 ut
3454 539 3634 596 omnia
3666 555 3783 595 mea
3817 543 3945 598 mihi

695 657 816 696 eum
864 641 1022 695 etiam
1073 641 1302 697 inimicis
1328 642 1718 711 displicuisset,
1754 647 1811 695 ut
1863 640 1992 693 tanti
2040 639 2270 692 nominis

693 733 794 798 vir,
819 741 874 787 et
901 734 989 800 qui
1018 747 1201 787 eorum
1235 733 1422 787 ﬁducia
1447 743 1631 800 captus
1661 732 1728 786 ad
1763 731 2047 784 concilium
2085 729 2267 782 venis-

690 831 790 890 set,
825 825 1092 879 sustinere
1117 825 1479 893 oppressionis
1508 823 1903 894 praejudicium,
1934 821 2266 875 alio‘itinere

688 915 1039 983 gradiendum
1067 924 1339 984 putarunt.
1374 917 1553 984 Itaque
1589 915 1741 983 quasi
1774 913 1993 981 paciﬁce
2038 911 2270 966 suadere

687 1005 864 1059 adorsi
887 1014 1031 1068 sunt,
1061 1015 1118 1060 ut
1163 1007 1287 1075 quia
1334 1003 1765 1073 frequentissime
1818 1003 2185 1057 dissensiones
2217 1001 2270 1053 in

693 1094 931 1149 Ecclesia
963 1095 1054 1149 Dei
1083 1096 1197 1164 ejus
1243 1111 1402 1151 causa
1438 1096 1786 1162 pullulabant,
1820 1093 1933 1162 ipse
1993 1093 2268 1146 voluntate

689 1198 786 1255 sua
830 1184 1255 1251 possessionibus
1299 1193 1354 1239 et
1398 1185 1709 1253 episcopatu
1758 1182 1993 1247 cederet,
2018 1192 2074 1236 et
2133 1180 2273 1235 hanc

689 1271 1135 1326 renuntiat’ionem
1173 1273 1373 1341 scripto
1403 1274 1670 1336 ﬁrmaret;
1706 1273 1807 1325 hoc
1838 1272 1956 1340 ejus
1989 1285 2270 1325 commen-

687 1363 839 1418 daret
867 1363 1084 1429 famam,
1111 1363 1213 1418 hoc
1254 1365 1612 1418 accumularet
1646 1363 1876 1432 gloriam
1929 1361 1976 1416 si
2029 1361 2272 1428 privatus

689 1455 872 1510 mallet
912 1455 1013 1510 sub
1036 1457 1214 1524 quiete
1237 1455 1462 1524 degere,
1485 1471 1645 1524 quam
1674 1469 1771 1522 pro
1801 1467 1900 1508 suo
1929 1453 2266 1521 pontiﬁcatu,

687 1547 772 1600 vel
797 1561 891 1616 per
907 1561 968 1602 se
990 1547 1072 1600 vel
1100 1561 1196 1614 per
1227 1547 1363 1600 alios
1389 1546 1648 1615 procellas
1676 1543 2001 1598 seditionum
2025 1553 2262 1595 movere.

761 1653 941 1709 Sensit
962 1664 1112 1724 pater
1138 1655 1190 1709 in
1232 1654 1314 1708 his
1354 1653 1510 1708 minis
1556 1653 1688 1724 ML,
1721 1650 1900 1723 nimis]
1951 1650 2264 1720 implicitum

689 1748 984 1816 negotium,
1015 1757 1072 1801 et
1095 1747 1393 1815 respondit,
1425 1747 1561 1800 nihil
1591 1761 1740 1815 :rque
1773 1747 1839 1799 ad
1883 1745 2154 1799 cumulum
2188 1743 2271 1796 in-

691 1838 868 1892 famire
899 1837 1099 1892 homini
1124 1839 1496 1907 valere,quam
1520 1839 1564 1891 si
1594 1853 1652 1891 se
1679 1853 1774 1892 sua
1804 1837 2082 1892 damnaret
2111 1851 2262 1891 voce.

689 1929 761 1983 Se
799 1929 1025 1997 primum
1061 1928 1244 1994 fuisse,
1273 1930 1362 1997 qui
1391 1943 1574 1982 verum
1606 1928 1808 1982 Pascha
1840 1929 1892 1980 in
1923 1926 2265 1980 Nortbanim-

683 2019 800 2074 'bria
829 2019 1006 2074 Scotis
1034 2019 1219 2089 ejectis
1245 2021 1511 2084 docuerit,
1542 2021 1630 2088 qui
1662 2030 1850 2074 cantus
1872 2019 2264 2075 ecclesiasticos

686 2110 1070 2178 antiphonatim
1125 2110 1444 2175 instituerit,
1474 2111 1564 2180 qui
1611 2112 1931 2166 sanctissimi
1990 2111 2263 2166 Benedicti

690 2200 925 2270 regulam
950 2216 987 2255 a
1034 2201 1312 2255 monachis
1355 2200 1626 2254 observari
1651 2198 1893 2268 jusserit,
1926 2215 2021 2269 pro
2069 2201 2262 2269 quibus

686 2292 934 2346 omnibus
959 2306 1098 2346 nunc
1123 2305 1304 2347 senem
1354 2300 1408 2346 et
1453 2293 1788 2361 septuaginta
1837 2294 1948 2347 fere
1999 2306 2259 2347 annorum

688 2382 990 2449 pontiﬁcem
1021 2383 1123 2436 hoc
1151 2385 1204 2436 in
1236 2398 1458 2438 munere
1489 2384 1756 2450 recipere,
1790 2393 1847 2437 ut
1892 2393 2114 2453 cogatur
2174 2398 2262 2437 se-

690 2475 861 2540 ipsum
892 2475 1092 2541 scripto
1121 2473 1396 2528 damnare.
1439 2475 1671 2528 Nossent
1708 2491 1836 2544 ergo
1864 2489 1923 2528 se
1972 2475 2106 2529 illud
2156 2490 2260 2528 non

692 2563 977 2628 facturum,
1006 2562 1148 2631 quod
1175 2573 1322 2618 esset
1369 2563 1467 2617 sibi
1505 2565 1768 2627 dedecus,
1801 2565 2076 2619 calamitas
2127 2567 2260 2619 sub-

684 2651 1291 2720 jectis,incommodum
1341 2652 1548 2706 cunctis
1604 2670 1619 2706 :
1669 2654 1794 2720 quin
1844 2655 2041 2722 potius,
2080 2655 2259 2709 sedem

685 2742 1030 2810 apostolicam
1075 2743 1366 2810 appellare,
1415 2751 1470 2796 et
1499 2743 1541 2796 si
1570 2743 2260 2811 quis‘eorum'ecelesiasﬁ-

683 2849 805 2890 eum
831 2835 1142 2891 conflictum
1171 2847 1534 2906 praesumeret,
1567 2851 1628 2890 ea
1658 2851 1931 2890 revocare.

761 2929 877 2984 Jam
919 2945 1054 3000 ergo
1079 2929 1514 3001 septuagenarins
1569 2931 1759 2983 iterum
1807 2931 2035 2996 labores,
2069 2933 2257 2986 iterum

687 3021 908 3076 Romam
930 3023 1244 3086 meditatur,
1269 3037 1367 3077 nec
1395 3023 1485 3077 diu
1535 3033 1770 3077 moratus
1829 3039 1975 3078 mare
2031 3027 2258 3086 transiit,

681 3114 926 3183 viamque
977 3129 1290 3182 permensus
1341 3114 1537 3170 Urbem
1601 3116 1842 3183 introiit,
1899 3117 2258 3184 sustinuitque

679 3205 964 3272 aliquantis
1005 3205 1195 3259 diebus
1233 3215 1571 3260 accusatores
1620 3207 1744 3260 dum
1799 3208 2040 3261 venirent
2073 3225 2086 3273 ;
2139 3207 2250 3276 qui,
2283 3232 2328 3294 ρ

681 3307 802 3346 cum
830 3294 1124 3358 venissent,
1152 3294 1228 3347 illi
1251 3308 1464 3348 causam
1495 3311 1645 3349 suam
1677 3299 1940 3365 epistolis,
1972 3297 2085 3367 ipse
2111 3297 2252 3368 quod

683 3386 748 3440 ad
778 3400 838 3440 se
862 3385 1143 3452 attinebat,
1171 3385 1272 3441 hoc
1292 3387 1543 3456 allegavit
1567 3389 1742 3443 modo.

683 3565 904 3640 Domino
925 3566 1507 3640 beatissimorumversali
1548 3584 1696 3640 papa:
1735 3569 1930 3623 Jaanm’
1976 3568 2255 3639 Wilfridus

748 3637 965 3706 supplex
989 3647 1035 3692 et
1064 3638 1270 3692 humilis
1297 3655 1464 3692 servus
1489 3637 1746 3693 servorum
1778 3640 1870 3694 Dei
1892 3637 2180 3708 episcopus.

751 3726 1052 3796 Cognoscat
1081 3728 1338 3783 sanctitas
1362 3737 1557 3808 vestra,
1587 3730 1729 3801 quod
1761 3731 2251 3800 perturbationibus

681 3832 847 3887 nuper
888 3817 941 3872 in
983 3817 1248 3874 Britannia
1275 3822 1408 3876 ortis
1441 3837 1504 3877 ex
1538 3832 1686 3890 parte
1712 3837 1895 3876 eorum
1925 3823 2038 3891 qui,
2071 3831 2252 3876 contra

680 3909 891 3964 decreta
919 3909 1212 3964 beatissimi
1241 3912 1532 3980 Agathonis
1561 3928 1707 3982 papae
1752 3913 1996 3981 illiusque
2024 3927 2243 3968 succes-

678 4013 858 4052 sorum
880 3999 1266 4056 venerabilinm
1288 4001 1526 4067 Patrum,
1547 4003 1761 4058 sibimet
1785 4003 2169 4071 episcopatum,
2199 4010 2255 4056 et

677 4090 999 4167 monasteria
1031 4130 1046 4156 ,
1103 4098 1379 4160 terrasque
1433 4107 1553 4145 eum
1609 4093 1857 4146 omnibus
1908 4091 2245 4146 facultatibus

679 4180 814 4233 meis
877 4180 1238 4250 usurpabant,
1295 4185 1600 4252 compulsus
1652 4184 1788 4238 hanc
1843 4190 2239 4237 sacrosanctam

675 4269 1016 4338 apostolicam
1043 4270 1222 4326 sedem
1252 4273 1534 4342 appellavi,
1559 4281 1867 4328 contestans
1892 4287 1986 4327 eos
2015 4287 2110 4340 per
2137 4286 2252 4326 om-

679 4363 1009 4432 nipotentem
1032 4365 1331 4433 Dominum,
1359 4375 1413 4422 et
1445 4369 1651 4421 beatum
1680 4365 1894 4419 Petrum
1921 4363 2243 4432 apostolum,

673 4461 732 4508 ut
753 4453 797 4507 si
830 4455 950 4523 quis
977 4455 1206 4526 aliquam
1237 4459 1631 4512 accusationem
1680 4465 1862 4509 contra
1889 4468 1974 4508 me
2003 4453 2242 4519 haberet,

673 4543 739 4598 ad
797 4553 1025 4599 vestram
1079 4548 1416 4616 praisentiam
1473 4544 1708 4609 veniret,
1757 4543 1895 4598 sicut
1947 4544 2236 4600 beatissimi

674 4634 844 4704 Sergii
895 4635 1305 4704 praedecessoris
1331 4635 1492 4688 vestri
1528 4633 1724 4700 scripta
1752 4632 2111 4688 decernebant
2145 4651 2156 4687 :
2186 4646 2240 4689 et

671 4725 794 4781 ideo
816 4729 1125 4798 petitionem
1152 4727 1465 4782 humilitatis
1491 4740 1624 4780 meae
1667 4725 1911 4795 gloriosae
1943 4726 2240 4794 praesentiae

670 4829 860 4874 vestrm
887 4819 1211 4876 offerendam
1241 4816 1452 4886 curavi,
1483 4825 1540 4870 ut
1585 4832 1678 4871 vos
1735 4816 1969 4886 lergiilua
2029 4818 2240 4886 pietatis

668 4909 1038 4963 benevolentia
1068 4907 1386 4960 conﬁrmare
1413 4906 1720 4974 dignemini,
1745 4921 1866 4976 quae
1914 4920 1943 4958 a
1994 4905 2238 4960 beatissi-

666 5000 767 5053 mis
807 4995 1232 5052 antecessoribus
1281 4994 1473 5050 vestris
1527 5011 1653 5066 erga
1704 5011 1876 5050 meam
1927 4997 2235 5064 parvitatem

665 5088 877 5142 decreta
909 5093 1059 5146 sunt;
1095 5084 1216 5136 etsi
1242 5085 1360 5154 quis
1389 5095 1571 5140 contra
1612 5101 1698 5141 me
1739 5096 2017 5143 accusator
2067 5090 2236 5144 adve-

667 5169 826 5239 nerit,
858 5189 952 5244 per
981 5185 1216 5229 vestram
1244 5176 1541 5244 jussionem
1566 5178 1851 5247 productus
1881 5179 1932 5231 in
1974 5179 2234 5244 medium,

665 5267 806 5334 quod
832 5265 1058 5319 voluerit
1092 5267 1310 5336 objiciat
1341 5287 1355 5324 :
1384 5279 1438 5323 et
1475 5271 1516 5322 si
1560 5270 1819 5338 quidlibet
1847 5271 1925 5324 vel
1958 5271 2234 5326 minimum

663 5356 929 5425 objectum
959 5371 1062 5410 non
1095 5357 1442 5426 probabiliter
1484 5374 1800 5423 cassavero,
1849 5371 2062 5429 paratus
2116 5375 2232 5415 sum

663 5447 1000 5506 severitatem
1029 5464 1289 5504 canonum
1319 5449 1572 5518 experiri.
1622 5451 1820 5505 Deinde
1867 5467 2015 5521 rogo,
2049 5460 2105 5505 ut
2151 5453 2240 5506 lit-

663 5551 804 5591 teras
833 5539 1310 5593 commendatorias
1340 5541 1405 5593 de
1430 5552 1604 5594 vestra
1632 5541 1946 5597 celsitudine
1969 5543 2032 5596 ad
2058 5543 2240 5597 Ethel-

662 5635 849 5687 rednni
884 5648 1061 5702 regem
1096 5633 1407 5690 Merciorum
1439 5637 1720 5706 adipiscar,
1753 5651 1805 5690 ut
1835 5637 2011 5690 omnia
2056 5652 2236 5689 mOna-

661 5728 820 5783 stcria
851 5741 988 5791 mea,
1017 5740 1134 5795 quzc
1164 5726 1212 5779 in
1237 5726 1351 5795 ejus
1381 5738 1505 5782 sunt
1536 5729 1808 5795 provincia
1828 5769 1841 5793 ,
1874 5730 2101 5796 quietem
2136 5729 2243 5781 ha,

672 5818 827 5871 beant
853 5815 918 5873 ad
951 5817 1208 5876 Alfridum
1259 5820 1390 5891 μή,
1426 5818 1730 5890 Alfritbum]
1779 5835 1954 5888 regem
2009 5821 2235 5874 Northa.

2273 4590 2323 4652 D

2372 633 2578 687 reddat.
2610 632 2760 696 Quod
2783 629 2829 685 si
2858 629 2996 685 forte
3027 630 3128 684 sibi
3153 645 3316 699 grave
3343 630 3630 695 videbitur,
3664 641 3717 686 ut
3749 633 3945 702 episco-

2374 736 2550 789 patum
2605 723 2996 775 Eboracensem
3042 721 3291 788 habeam,
3321 721 3610 789 praevideat
3656 723 3944 788 apostolica

2373 811 2548 878 sedes,
2583 811 2699 880 quis
2726 811 2799 865 ibi
2829 810 3086 863 habeatur
3126 810 3406 878 episeOpns
3437 826 3451 863 :
3482 826 3582 879 ego
3613 822 3789 866 tamen
3834 828 3946 867 mo-

2373 903 2604 957 nasteria
2631 902 2740 956 duo
2772 902 2821 955 in
2851 915 2913 955 ea
2943 901 3209 969 provincia
3237 902 3407 970 posita
3428 902 3576 970 Ripis
3594 913 3644 956 et
3669 903 3944 972 llagustalé

2373 991 2527 1054 deire,
2560 1007 2678 1060 quze
2709 991 2963 1053 fundavi,
2995 1006 3099 1043 non
3150 990 3412 1045 amittam.
3470 993 3526 1046 ln
3585 992 3690 1046 ﬁne
3737 1009 3944 1064 quoque

2373 1080 2608 1149 spondeo
2622 1097 2707 1136 me
2719 1082 2963 1135 omnibus
2979 1080 3207 1135 decretis
3228 1081 3552 1136 Brethvvaldi
3575 1081 3944 1155 [Bertl'iwaldi]

2373 1173 2757 1242 archiepiscopi
2786 1173 3103 1242 pariturum,
3135 1187 3252 1240 quae
3279 1183 3463 1227 contra
3495 1175 3946 1243 praedecessorum

2373 1271 2674 1316 vestrorum
2707 1262 3075 1317 fundatissima
3100 1261 3314 1315 decreta
3344 1276 3470 1330 erga
3505 1277 3675 1316 meam
3719 1265 3948 1332 parvita-

2375 1362 2483 1406 tem
2512 1367 2614 1406 non
2652 1352 2871 1406 fuerint.
2899 1352 2990 1406 llis
3017 1367 3137 1407 cum
3186 1363 3521 1407 accusatores
3551 1370 3580 1407 a
3612 1355 3947 1409 Bertliwaldo

2373 1442 2774 1509 archiepiscopo
2830 1443 2975 1496 missi
3028 1441 3362 1510 respondere
3410 1442 3547 1511 jussi
3603 1453 3811 1508 essent,
3846 1445 3945 1499 hoc

2371 1530 2602 1597 primum
2657 1533 2908 1585 dixerunt
2969 1547 2983 1584 :
3043 1530 3174 1585 Esse
3201 1531 3404 1585 crimen
3437 1532 3688 1601 capitale,
3717 1535 3857 1603 quod
3890 1535 3944 1588 in

2372 1621 2600 1674 concilio
2628 1621 2680 1674 in
2705 1621 2976 1675 Britannia
2997 1632 3318 1692 congregato
3348 1621 3582 1678 decretis
3627 1623 3940 1680 Britowaldi

2361 1709 2754 1778 archiepiscopi
2783 1725 2842 1764 se
2866 1724 2973 1765 non
2999 1711 3342 1765 obediturum
3367 1712 3643 1767 Willridus
3666 1725 3945 1770 contuma-

2371 1795 2504 1851 citer
2532 1798 2774 1853 dixisset.
2806 1799 2878 1853 De
2906 1799 3007 1854 hoc
3028 1809 3176 1854 stans
3205 1800 3257 1853 in
3287 1801 3462 1855 medio
3495 1804 3727 1868 pontifex
3767 1819 3826 1859 se
3846 1819 3945 1861 ex-

2293 1876 2342 1936 B
2371 1889 2635 1956 purgavit,
2659 1898 2716 1941 ut
2745 1889 2947 1943 diceret
2963 1904 3021 1944 se
3048 1890 3125 1943 sic
3153 1907 3257 1944 nun
3283 1892 3560 1948 indeﬁnite
3584 1897 3943 1965 respondisse,

2369 1979 2462 2032 sed
2490 1979 2572 2032 his
2596 1979 2959 2034 tantummodo
2977 1981 3300 2050 paritur-um,
3325 1998 3443 2052 qua:
3469 1994 3652 2039 contra
3681 2002 3946 2042 canonum

2366 2068 2579 2124 decreta
2614 2086 2720 2124 non
2747 2078 2928 2126 essent
2961 2089 2975 2125 :
3007 2072 3128 2126 ess'e
3155 2084 3328 2128 autem
3382 2084 3568 2128 contra
3617 2077 3848 2146 regulas,
3887 2087 3952 2131 ut

2359 2158 2483 2227 ipse
2509 2170 2568 2214 se
2592 2159 2709 2215 sine
2739 2161 2847 2214 ullo
2875 2162 3112 2217 criminis
3156 2163 3367 2232 objectu
3407 2164 3758 2234 adjudicaret.
4019 2158 4022 2159 ⁷

2439 2250 2562 2305 Haec
2612 2260 2716 2305 tam
2764 2252 3053 2321 probabilis
3075 2263 3130 2308 et
3182 2253 3353 2310 facilis
3384 2260 3660 2324 responsio
3683 2273 3803 2312 cum
3834 2259 3936 2314 lse-

2369 2349 2478 2395 tum
2511 2343 2752 2410 plausum
2786 2344 3042 2400 Romanis
3071 2346 3385 2411 excitasset,
3412 2349 3544 2416 jussi
3575 2358 3698 2402 sunt
3725 2365 3949 2405 accusa-

2369 2441 2513 2487 tores
2567 2435 2782 2489 domttm
2834 2437 3032 2502 redire,
3080 2438 3381 2493 dicentibus
3431 2442 3729 2509 episcopis,
3787 2444 3938 2510 quod

2365 2527 2610 2593 quamvis
2627 2527 2929 2581 'canunihus
2952 2537 3172 2581 cantum
3199 2538 3364 2595 esset,
3389 2541 3445 2583 ut
3469 2542 3748 2585 accusator
3769 2532 3950 2601 primo

2367 2616 2715 2670 accusationis
2763 2617 2998 2684 capitulo
3042 2617 3316 2683 decidens,
3362 2619 3583 2673 ulterius
3607 2623 3672 2674 ad
3705 2623 3940 2676 aliorum

2367 2715 2751 2761 tentamentum
2783 2724 2886 2762 non
2917 2718 3241 2778 assurgeret,
3275 2724 3333 2764 se
3365 2719 3540 2764 tamen
3564 2727 3661 2780 pro
3689 2728 3950 2768 reveren-

2366 2801 2437 2854 tia
2471 2800 2776 2854 Rrithwaldi
2807 2800 3195 2869 archiepiscopi
3221 2815 3324 2854 non
3359 2802 3656 2866 defuturos,
3680 2803 3806 2870 quin
3823 2818 3950 2857 om-

2365 2890 2451 2943 nia
2487 2905 2581 2958 per
2623 2887 2869 2942 ordinem
2898 2888 3261 2956 discuterent;
3296 2889 3597 2959 factumque
3619 2901 3702 2946 est
3725 2903 3778 2944 ut
3802 2909 3948 2960 qna-

2365 2991 2482 3036 tnor
2536 2981 2806 3035 mensibus
2850 2981 3183 3054 septuaginta
3235 2984 3586 3038 conciliabula
3614 2992 3822 3048 coacta,
3857 2990 3948 3040 vel

2367 3081 2582 3141 pmpter
2621 3073 2723 3127 hoc
2765 3074 2960 3140 solum,
3015 3076 3230 3130 velhoc
3262 3077 3614 3144 prtecipuum,
3646 3075 3802 3128 ﬁnem
3824 3077 3949 3143 glo-

2363 3167 2560 3220 riosum
2587 3165 2855 3231 Wilfrido,
2876 3168 3288 3237 ignominiosum
3308 3167 3707 3222 accusatoribus
3733 3167 3941 3220 habue-

2364 3257 2492 3321 rint,
2546 3257 2802 3311 Romanis
2845 3259 3073 3311 maxima
3102 3259 3340 3325 impensa
3372 3258 3692 3312 mirantibus
3720 3258 3941 3313 illorum

2363 3346 2783 3415 impudentiam,
2848 3347 2991 3400 illius
3049 3345 3446 3416 eloquentiam,
3507 3347 3632 3400 dum
3679 3347 3941 3417 quidquid

2360 3439 2760 3493 accusationum
2818 3437 3163 3506 obiecissent,
3213 3436 3302 3490 ille
3337 3437 3482 3490 nullo
3527 3439 3826 3507 excogitato
3849 3453 3944 3492 re-

2361 3547 2579 3599 sponso,
2607 3531 2700 3586 sed
2750 3527 2844 3583 Dei
2899 3538 2953 3582 et
2998 3529 3238 3582 veritatis
3295 3527 3455 3583 fultus
3507 3531 3721 3595 auxilio,
3779 3533 3938 3599 quasi

2359 3637 2540 3678 casses
2586 3635 2906 3676 aranearum
2957 3620 3128 3688 primo
3158 3630 3302 3672 metu
3337 3620 3596 3674 labiorum
3641 3621 3945 3676 discuteret

2358 3721 2413 3765 et
2437 3713 2752 3771 subi-iteret;
2778 3709 2877 3762 hoc
2903 3709 3116 3776 pronius
3139 3710 3370 3778 episc0pi
3397 3709 3723 3764 mirabantur
3751 3712 3931 3764 causi-

2358 3801 2598 3854 dicorum
2654 3799 2951 3862 audaciam,
3000 3799 3266 3867 quomodo
3295 3801 3776 3855 ecclesiasticarum
3801 3817 3934 3870 grai

2358 3893 2518 3946 duum
2549 3893 2810 3945 immunes
2849 3891 2976 3962 (nisi
3005 3891 3144 3958 quod
3177 3907 3310 3945 unus
3339 3907 3523 3945 eorum
3552 3894 3805 3948 diaconus
3835 3908 3933 3948 es-

2357 3984 2461 4053 set)
2515 3989 2902 4051 praesumerent
2943 3997 3194 4039 accusare
3241 3985 3599 4038 venerandum
3625 3999 3808 4038 senem
3835 4001 3928 4042 se-

2358 4073 2628 4140 ptuaginta
2646 4086 2905 4125 annorum
2927 4072 3251 4140 pontiﬁcem,
3273 4083 3559 4127 torrentem
3579 4075 3926 4144 eloquentiae:

2359 4159 2495 4214 inter
2516 4175 2575 4215 se
2605 4175 2731 4230 ergo
2761 4161 2984 4214 multum
3007 4161 3203 4230 diuque
3224 4164 3590 4231 grmcizantes,
3626 4166 3837 4220 tandem
3862 4168 3934 4221 ad

2359 4260 2534 4305 nostra
2592 4252 2751 4306 verba
2807 4251 3076 4318 conversi,
3122 4253 3448 4306 damnarunt
3495 4254 3689 4308 missos
3735 4255 3934 4326 dignos

2353 4357 2588 4407 carcere,
2630 4343 2912 4396 missorem
2963 4352 3253 4412 arguerunt
3291 4345 3548 4410 stultitiae,
3611 4343 3921 4401 Wilfridum

2354 4435 2769 4503 pronuntiarunt
2792 4442 3063 4488 exsortem
3094 4434 3161 4488 ab
3189 4435 3334 4488 omni
3352 4434 3596 4490 crimine.

2422 4547 2518 4602 llic
2545 4546 2863 4616 subjicerem
2909 4555 3162 4616 quantum
3199 4548 3544 4602 emolumenti
3577 4564 3750 4604 causa?
3778 4549 3928 4606 illius

2350 4639 2586 4693 attulerit
2614 4639 2848 4709 synodus
2871 4637 3164 4706 Agathonis
3190 4654 3337 4707 papae
3361 4639 3518 4703 lecta,
3543 4641 3637 4695 sed
3671 4653 3724 4695 et
3751 4642 3880 4696 illud
3907 4683 3927 4708 ,

2348 4727 2489 4796 quod
2545 4729 2595 4781 in
2647 4726 2834 4782 Meldis
2883 4727 3095 4781 civitate
3146 4727 3386 4782 Francia:
3412 4730 3480 4783 ab
3502 4732 3708 4786 oriente
3731 4732 3922 4788 Parisii

2355 4819 2548 4886 posita,
2595 4832 2716 4872 eum
2761 4808 2977 4872 domum
3009 4818 3207 4874 rediret
3234 4821 3539 4877 inﬁrmitate
3570 4839 3806 4892 pressus,
3844 4826 3934 4878 vi-

2349 4909 2500 4959 sioiie
2550 4916 2767 4959 sanatus
2823 4907 2911 4958 sit.
2948 4908 3207 4975 angelica,
3261 4909 3361 4963 nisi
3409 4909 3548 4965 Beda
3588 4913 3930 4969 Venerabilis

2351 4995 2634 5050 historicus
2663 4995 2855 5066 dignus
2902 5011 2998 5064 pro
3024 5013 3082 5050 se
3108 5012 3410 5052 sermoiium
3435 5000 3726 5056 sobrietate
3748 5003 3927 5068 credi,

2349 5088 2707 5141 narrationem
2762 5087 3138 5155 praevertisset.
3173 5087 3278 5142 Nos
3305 5091 3373 5142 ab
3417 5090 3531 5156 ipso
3552 5092 3745 5144 omissa
3776 5093 3924 5146 scri-

2349 5189 2515 5247 pturie
2566 5177 2845 5246 perstriCIe
2877 5179 3175 5236 inserimus.
3221 5181 3472 5248 Quamvis
3505 5183 3665 5249 igitur
3693 5195 3924 5240 antistes

2349 5286 2460 5325 rem
2505 5270 2847 5335 obtinuisset,
2899 5272 3167 5327 ambiebat
3205 5281 3379 5328 tamen
3407 5273 3589 5329 Romae
3616 5291 3919 5342 remanere,

2348 5362 2568 5415 senilem
2593 5361 2835 5429 spiritum
2877 5364 2975 5416 sub
3014 5363 3349 5416 dominormn
3379 5365 3786 5432 apostolicornm
3815 5382 3915 5434 pe-

2347 5452 2500 5506 dibus
2555 5451 2837 5508 eﬁ'usurus.
2895 5453 3104 5507 Restitit
3137 5453 3222 5520 pio
3248 5464 3370 5507 voto
3402 5455 3668 5522 pontiﬁcis
3691 5455 3917 5510 JOannis

2347 5545 2502 5604 ratio.
2538 5559 2637 5608 qua
2669 5545 2869 5600 diceret
2897 5558 3016 5597 eum
3051 5544 3254 5613 Anglia:
3287 5547 3667 5612 necessarium,
3690 5547 3919 5615 ideoque

2339 5636 2517 5702 jussit,
2543 5646 2596 5689 ut
2621 5635 2758 5704 quod
2787 5645 3062 5703 supererat
3086 5635 3205 5702 sivi,
3238 5652 3338 5690 non
3373 5637 3422 5690 in
3458 5640 3746 5709 peregrinis
3773 5642 3918 5693 auris

2342 5725 2494 5796 [oris]
2525 5739 2876 5790 consumere',
2925 5726 3015 5782 sed
3066 5727 3250 5796 patriai
3304 5731 3599 5785 commodis
3645 5728 3917 5799 impende-

2340 5831 2440 5887 ret,
2471 5829 2574 5873 etc.
