4090 6488
199 419 333 476 1261

204 617 342 671 catio
371 615 430 670 S.
463 613 662 676 Maria,
695 608 956 665 Nativitas
992 608 1050 664 S.
1084 605 1344 671 Faustini,
1373 613 1428 656 et
1458 602 1667 667 Jovitm,
1717 610 1772 656 et

205 705 466 776 depositio
497 705 556 758 S.
578 700 853 757 Benedicti
882 698 1112 763 abbatis,
1142 707 1198 751 et
1229 697 1286 750 S.
1315 693 1566 764 Gregorii
1599 706 1769 760 papas,

205 808 259 854 et
286 799 342 854 S.
375 795 630 850 Germani
659 791 918 862 episcopi.
968 790 1024 846 In
1078 789 1162 842 his
1190 794 1367 840 autem
1398 784 1774 838 festivitatibus

206 891 258 942 in
281 885 459 954 vigilia
481 898 584 937 non
628 880 924 950 processio,
953 870 1068 934 nec'
1077 876 1342 948 jejunium
1375 874 1439 928 ad
1469 887 1769 943 vesperum,

210 976 462 1031 videlicet
484 973 670 1027 octaba
696 969 930 1034 Domini,
959 967 1143 1023 octaba
1166 963 1498 1033 Epiphanite,
1533 970 1588 1016 et
1618 959 1774 1016 Puri—

208 1065 456 1120 flcatione
476 1071 673 1117 sancta:
701 1059 901 1114 Marias.
937 1057 991 1112 in
1017 1055 1235 1125 reliquis
1265 1062 1438 1106 autem
1472 1059 1774 1105 sanctorum

209 1155 581 1213 festivitatibus
603 1167 708 1207 για
740 1150 1022 1206 lectiones.

274 1290 611 1346 Annon-no.
650 1313 722 1327 -
758 1282 1072 1338 Ρτωηιίεειιε
1091 1279 1235 1334 Ordo
1265 1275 1491 1330 habetur
1514 1272 1777 1346 incoglice

209 1341 547 1416 bibliothecte
570 1341 748 1412 sancti
778 1351 1010 1409 Udalrici
1033 1351 1171 1418 apud
1202 1349 1494 1418 Augustam
1537 1341 1777 1418 Vindeli-

209 1411 426 1494 Eb‘riini,
439 1411 634 1494 scripto
658 1424 724 1478 ab
751 1422 1043 1494 anuisfere
1069 1411 1374 1494 nongentis.
1402 1414 1556 1494 [lane
1601 1411 1777 1491 conjio

206 1482 373 1554 cimus
398 1482 516 1553 esse
543 1482 798 1550 Ordinem
819 1492 1091 1559 antiquum
1117 1482 1373 1542 Ec’clesim
1402 1482 1775 1559 Frisingensis,

205 1551 522 1654 quat—etiam,
539 1574 724 1654 sancto
757 1551 1042 1641 Benedicto
1089 1567 1292 1654 sacrata
1335 1551 1797 1654 erantLImnocnaa‘cltis.

207 1627 238 1690 a'
252 1648 452 1692 sancto
480 1627 803 1690 Corhiniano
827 1633 1080 1698 episcOpo
1105 1627 1348 1698 primitus
1376 1627 1692 1698 commissa,
1723 1629 1780 1698 ut

207 1690 729 1762 alibiﬁostendimus.
779 1690 914 1756 Illud
962 1690 1337 1752 observatione
1382 1693 1602 1760 dignum
1634 1690 1779 1762 quod

208 1759 395 1900 Passio
420 1759 635 1832 Domini
658 1772 848 1842 triplex
879 1771 934 1825 in
964 1771 1259 1824 Parasceve
1287 1759 1510 1835 legenda
1529 1759 1778 1830 praescri-

224 1857 368 1900 ntur.

224 1857 368 1902 utut.

208 1973 2304 2011 W

939 405 1265 476 ANTIQUE
1302 400 1870 462 CONSUETUDINES
1904 398 2173 457 οιιυωιε
2207 397 2270 456 S.
2311 395 2688 453 BENEDICTI.

201 525 430 588 Domini,
456 523 684 579 Octabas
707 519 937 586 Domini,
961 519 1191 573 Octahas
1220 513 1553 585 Epiphaniae,
1585 512 1767 566 Purifi-
1801 516 1851 573 Α

3293 389 3433 448 1262

1950 509 2004 563 In
2034 523 2098 563 eo
2119 507 2314 563 Codice
2342 507 2680 576 praemittitur
2699 501 2804 576 alia
2853 513 3015 576 manu
3047 509 3197 576 vetus
3239 495 3437 576 [inlen-

1876 579 2080 634 darium
2118 592 2213 632 seu
2255 567 2414 631 bre've
2464 571 2932 644 Martyrologium;
2983 570 3204 644 deinde
3237 567 3436 644 Regula

1874 650 2041 702 sancti
2074 645 2361 708 Benedicti,
2391 647 2443 700 in
2472 636 2623 712 cujus
2646 636 3002 710 line'legitur,
3061 637 3311 712 __Fqc_t'en_ti
3329 636 3439 691 luet:

1875 719 1975 771 vita
2000 719 2092 771 erit
2113 726 2321 770 aeterna.
2350 706 2486 768 Tum
2509 706 2800 782 sequuntur
2823 706 3026 772 v'ersus,
3047 709 3150 782 Qui
3169 706 3441 782 le_nij_ugo,

1875 796 1985 842 etc.
2017 787 2217 841 Deinde
2271 785 2405 839 ordo
2451 775 2658 842 lettetidi
2687 781 2852 836 libros
2877 794 3060 834 sacros
3109 778 3161 831 in
3195 775 3437 830 Ecclesia

1877 856 2153 911 Romana:
2199 863 2383 922 postea
2411 847 2578 922 Ordo,
2625 865 2784 922 quem
2817 863 2936 904 mox
2989 847 3276 922 edidimus,
3318 859 3442 899 cum

1878 923 2089 992 hymnis
2113 916 2508 979 ecclesiasticis.
2541 916 2670 992 item
2718 921 2878 992 breve
2913 920 3174 992 scriptum
3225 916 3289 969 de
3314 929 3440 992 pou-

1878 985 2082 1047 dEribus
2127 993 2327 1060 absque
2376 991 2609 1046 auctoris
2654 990 2897 1060 nomine,
2923 985 3175 1060 ubi—hanc
3226 985 3438 1060 verba;

1883 1063 2058 1118 Unciw
2103 1079 2179 1117 xtt
2226 1053 2407 1115 libram
2453 1061 2822 1129 efﬁciunt.....
2872 1057 3029 1110 Libra
3068 1072 3174 1129 una,
3206 1061 3254 1107 et
3292 1053 3441 1107 semis

1878 1133 2130 1188 heminam
2154 1134 2280 1202 facit
2307 1146 2325 1184 :
2349 1127 2705 1202 detrahentium
2730 1129 3015 1202 sextarium
3049 1127 3291 1202 reddunt.
3322 1137 3446 1176 utv

1879 1203 2103 1256 sextaria
2154 1195 2384 1254 modium
2433 1200 2648 1270 faciunt,
2697 1197 2987 1269 quindecim
3033 1195 3207 1252 modia
3243 1207 3446 1262 gomor,

1880 1271 1984 1325 duo
2006 1288 2182 1341 gomor
2219 1286 2416 1323 corum.

1951 1329 2081 1396 Huic
2103 1341 2308 1404 Urdini,
2342 1347 2559 1407 propter
2587 1335 2885 1406 argumenti
2908 1334 3249 1407 affinitatem,
3281 1329 3451 1407 subji-

1881 1411 2050 1464 cimus
2095 1424 2159 1464 ex
2191 1401 2497 1478 pervetusio
2548 1401 2744 1463 Codice
2794 1409 2962 1478 sancti
3007 1404 3146 1478 Galli
3195 1401 3444 1468 antiquas

1881 1474 2304 1534 Consuetudines
2331 1479 2384 1532 in
2413 1478 2751 1533 monasteriis
2776 1474 2976 1530 nostris
3004 1474 3134 1528 olim
3181 1478 3443 1527 servatas.

1882 1547 2083 1603 Deinde
2114 1563 2242 1603 vero
2269 1548 2552 1618 epistolam
2597 1546 3040 1618 seuirescriptum
3077 1540 3446 1618 Casinensium

1881 1618 1947 1672 ad
1987 1619 2190 1672 litteras
2242 1607 2622 1673 monachorum
2671 1607 3088 1670 Teutoni'corum
3139 1611 3208 1666 de
3257 1607 3449 1664 ritibus

1883 1688 2326 1744 tiluuiacensibus
2361 1704 2375 1740 :
2409 1702 2566 1754 quam
2597 1686 2878 1754 epistolam
2903 1687 2955 1738 in
2983 1680 3240 1754 operculo
3269 1677 3454 1754 cujus-

1883 1757 2006 1838 dam
2047 1757 2264 1826 Codicis
2304 1749 2529 1828 publicae
2573 1749 2910 1813 bibliotheca:
2942 1749 3266 1809 Basileensis
3307 1749 3456 1805 inve.

1886 1843 2085 1883 nimus.

2316 1965 3458 1991 Mm

1127 2102 1613 2194 ANTIQUIE
1667 2097 2528 2176 CONSUETUDINES

907 2313 918 2320 .
999 2250 1693 2319 MONASTERIORUM
1735 2247 2056 2309 ORDINIS
2097 2247 2160 2307 S.
2206 2245 2661 2312 BENEDICTI.

1364 2491 1566 2553 (ﬂabill.
1599 2487 1818 2540 Analect.
1845 2500 1894 2548 p.
1925 2488 2010 2539 152
2044 2501 2155 2539 nov.
2181 2489 2322 2557 edit.)

282 2700 469 2755 Patres
495 2693 866 2751 coenobiorum
895 2691 1135 2747 studiose
1163 2699 1403 2743 sanctam
1434 2684 1671 2755 regulam
1702 2684 1792 2738 ob-
1820 2683 1869 2742 B
1899 2697 2110 2753 semper
2133 2697 2308 2742 tamen
2342 2689 2395 2742 in
2424 2689 2638 2743 illorum
2668 2689 3082 2747 habitationibus
3111 2693 3389 2751 silentium
3418 2707 3469 2752 ct

211 2805 426 2848 servare
443 2803 564 2844 cum
589 2798 795 2839 summa
825 2797 951 2837 cura
983 2783 1282 2845 decertant,
1315 2789 1371 2832 ut
1399 2775 1652 2831 fratribus
1675 2774 1789 2828 suis

214 2879 513 2937 necessaria
544 2874 915 2928 alimentorum
952 2878 1005 2924 et
1031 2869 1464 2924 indumentorum
1491 2861 1788 2918 secundum

211 2980 412 3028 statuta
435 2975 633 3023 sancite
657 2963 856 3033 regulae
879 2961 1156 3031 praebeant
1182 2975 1194 3010 :
1218 2964 1276 3012 ut
1298 2969 1510 3010 omnem
1531 2953 1610 3008 eis
1637 2967 1793 3006 mun-

212 3061 368 3116 danaa
395 3071 538 3112 curae
559 3053 894 3108 occasionem
939 3049 1146 3111 tollant,
1171 3055 1228 3102 et
1251 3045 1534 3114 peculiaris
1569 3041 1792 3111 alicujus

212 3160 372 3221 atque
416 3143 854 3202 murmurationis
908 3141 1240 3196 mortiferum
1271 3137 1420 3193 virus
1471 3134 1789 3199 excludant,

212 3252 432 3309 suaeque
463 3232 784 3305 professioni
835 3231 1060 3286 idoneos
1089 3228 1336 3285 reddant.
1392 3225 1526 3281 Nam
1555 3226 1792 3280 eleemo-

213 3343 466 3402 synarum
511 3325 891 3396 largitionem,
949 3336 1047 3377 seu
1093 3318 1387 3390 quamlibet
1435 3316 1788 3381 oblationem,

212 3422 329 3472 sive
378 3415 778 3487 possessionum
809 3425 1026 3466 suarum
1073 3410 1277 3466 reditus
1331 3407 1564 3462 maxime
1591 3409 1642 3460 in
1693 3407 1794 3460 hoc

214 3510 546 3580 expendunt,
574 3516 630 3561 ut
661 3505 916 3560 fratribus
943 3505 1054 3558 suis
1082 3501 1409 3566 necessaria,
1441 3513 1547 3553 non
1599 3512 1793 3566 supcr-

212 3604 320 3658 ﬂua
341 3601 638 3672 praebeant,
671 3608 934 3666 quatenus
964 3595 1031 3650 ab
1059 3595 1139 3650 eis
1182 3592 1400 3649 liberius
1441 3591 1614 3647 sancti
1665 3603 1793 3659 pro-

213 3693 379 3764 positi
401 3689 830 3747 observationem
853 3687 1132 3757 requirere
1153 3685 1365 3740 valeant
1394 3701 1407 3737 :
1434 3695 1698 3752 curasque
1739 3688 1796 3736 et

214 3782 610 3841 sollicitudines
652 3794 831 3834 rerum
891 3787 1224 3834 terrenarum
1257 3783 1600 3846 postponunt,
1629 3783 1683 3831 et
1708 3788 1795 3829 se-

213 3875 448 3932 cundum
482 3879 748 3943 praecepta
781 3869 982 3939 regulae
1034 3867 1306 3924 lucrandis
1347 3867 1631 3922 animabus
1683 3876 1796 3922 stu-

215 3965 369 4021 diose
393 3962 685 4031 invigilant.

1893 2775 2172 2830 humilitas
2196 2776 2434 2832 studiose
2460 2779 2795 2835 observatur.

1963 2865 2016 2918 6.
2059 2866 2116 2921 In
2162 2866 2480 2922 dormitorio
2519 2869 2974 2924 ordinatissimam
3019 2872 3280 2929 lectorum
3329 2877 3473 2944 posi-

1894 2955 2116 3023 tionem,
2150 2967 2204 3012 et
2230 2974 2437 3029 aequam
2463 2974 2527 3014 ac
2553 2960 2786 3016 similem
2814 2972 3231 3020 stramentorum
3259 2965 3474 3024 divisio-

1894 3059 2015 3102 nem
2047 3063 2063 3101 :
2097 3047 2186 3104 ubi
2223 3048 2354 3104 nihil
2389 3049 2589 3118 pictum
2624 3051 2709 3111 vel
2754 3051 3014 3108 variatum
3060 3065 3222 3125 atque
3268 3056 3469 3112 lineum

1891 3136 2145 3204 vidimus,
2174 3141 2269 3195 sed
2299 3154 2477 3210 neque
2513 3141 2568 3196 in
2595 3143 2909 3198 dormitorio
2938 3143 3232 3214 hospitum.

1965 3225 2019 3280 7.
2060 3226 2412 3298 Omnigenam
2451 3230 2779 3300 juralionem
2811 3233 2953 3288 inter
2980 3247 3074 3289 eos
3115 3249 3217 3291 nec
3255 3237 3476 3304 audiri,

1897 3332 1994 3373 nec
2021 3319 2273 3387 praesumi
2319 3335 2348 3374 a
2377 3335 2642 3391 quoquam
2679 3339 2690 3374 :
2732 3330 2788 3377 et
2833 3331 3155 3380 nocturnum
3205 3326 3478 3388 silentium

1896 3422 2111 3478 semper
2141 3409 2209 3465 ab
2239 3411 2320 3466 eis
2350 3411 2646 3477 custodiri,
2677 3414 2794 3468 sive
2828 3414 3001 3480 intus,
3033 3415 3144 3469 sive
3174 3415 3304 3471 foris
3332 3417 3478 3484 sint,

1896 3513 2171 3569 quousque
2200 3501 2254 3554 in
2283 3500 2521 3570 capitulo
2551 3516 2761 3557 versum
2791 3505 2993 3558 dicant.
3380 3507 3387 3513 ’

1901 3586 2146 3644 Ordinem
2174 3590 2460 3664 regularem
2487 3593 2628 3664 apud
2653 3608 2739 3648 eos
2763 3595 2854 3665 qui
2881 3595 2935 3649 in
2973 3610 3091 3651 arce
3117 3597 3342 3669 regulari
3369 3600 3455 3670 pol
3464 3629 3483 3640 -

2340 3684 2446 3739 lent
2465 3723 2480 3752 ,
2509 3684 2663 3739 istum
2691 3688 3033 3742 meminimus.

1974 3773 2024 3828 1.
2067 3771 2122 3826 lu
2155 3773 2344 3846 primis
2372 3783 2432 3829 ut
2458 3791 2487 3829 a
2518 3777 2840 3846 vespertinis
2869 3791 3038 3847 usque
3069 3779 3121 3833 in
3152 3778 3440 3850 capitulum
3467 3823 3484 3849 ,

1900 3865 2042 3933 quod
2066 3864 2127 3918 lit
2159 3873 2278 3934 post
2307 3865 2566 3933 Primam,
2593 3879 2864 3921 summum
2892 3869 3167 3924 silentium
3195 3878 3439 3925 teneatur
3469 3887 3482 3924 :

1901 3962 1956 4008 et
1993 3963 2113 4021 post
2139 3955 2428 4008 matutinas
2479 3956 2638 4008 horas
2666 3969 2775 4008 non
2813 3956 3067 4010 redeatur
3104 3957 3171 4012 ad
3217 3959 3444 4014 lectulos
3466 4001 3485 4027 ,

294 4056 346 4107 1.
388 4053 444 4107 In
477 4051 713 4108 oratorio
736 4064 1003 4104 summum
1034 4048 1330 4110 silentium,
1357 4059 1620 4099 summam
1651 4043 1797 4110 psal-
1827 4020 1874 4081 ο
1905 4043 2004 4096 nisi
2033 4045 2246 4111 quando
2275 4043 2574 4110 plenarium
2607 4044 2848 4098 officium
2873 4045 3178 4101 celebratur
3209 4065 3225 4101 :
3253 4050 3336 4105 vel
3358 4020 3488 4113 con;

219 4144 366 4200 lendi
422 4140 819 4202 reverentiam,
875 4145 1352 4206 temperamentum
1401 4135 1661 4189 elevatius
1709 4147 1798 4186 ca-

219 4233 405 4300 nendi,
440 4240 495 4285 et
514 4227 966 4284 ordinatissimum
985 4227 1200 4280 modum
1228 4227 1281 4280 in
1309 4225 1474 4279 choro
1501 4222 1674 4277 standi
1703 4239 1718 4288 ;
1748 4222 1801 4296 in

221 4321 474 4378 omnibus
517 4317 739 4388 agendis
770 4323 1121 4385 temperatam
1153 4313 1594 4377 modulationem,
1625 4311 1802 4366 ablata

223 4415 278 4470 in
304 4411 555 4468 omnibus
577 4408 918 4464 festinatione
965 4406 1206 4470 confusa,
1237 4420 1301 4460 ac
1353 4404 1696 4459 celerrimum
1736 4402 1804 4458 ad

223 4505 409 4562 omnia
434 4503 587 4572 signa
611 4507 958 4555 conventum.

297 4594 353 4648 2.
395 4594 452 4648 ln
470 4592 707 4647 sacrario
730 4603 980 4658 magnum
1005 4586 1298 4654 silentium,
1333 4597 1389 4642 et
1431 4584 1805 4640 nitidissimam

240 4684 802 4746 administrationem,
834 4690 890 4736 et
916 4681 1353 4737 vestimentorum
1398 4679 1809 4736 sacerdotaliutn

231 4781 515 4835 honestam
541 4785 598 4832 et
623 4775 927 4831 ordinatam
974 4773 1130 4829 valde
1167 4775 1620 4842 distributionem,
1650 4782 1706 4829 et
1733 4773 1810 4828 si-

229 4883 459 4941 gnorum
487 4866 642 4921 valde
670 4863 978 4923 distinctum
1007 4877 1224 4918 sonum.

310 4960 369 5016 5.
409 4957 468 5012 in
509 4956 759 5025 hospitali
793 4954 1062 5024 hospitum
1109 4951 1489 5007 monachorum
1538 4953 1813 5006 honestis-

232 5053 430 5108 simam
468 5049 865 5118 susceptionem
891 5086 908 5113 ,
946 5055 1222 5115 segregata
1257 5044 1418 5098 domo
1462 5043 1814 5111 Susceptionis

235 5145 467 5199 aliorum
498 5140 788 5209 hospitum.

305 5235 362 5289 ιι.
404 5233 465 5288 in
495 5231 781 5287 refectorio
808 5243 1076 5286 summum
1119 5227 1416 5294 silentium,
1447 5235 1501 5282 et
1530 5225 1818 5282 ordinatis-

235 5326 430 5380 simam
459 5331 620 5392 atque
640 5320 1046 5376 mundissimam
1075 5317 1180 5373 cibi
1210 5326 1265 5373 et
1293 5325 1453 5387 potus
1477 5315 1817 5369 administra-

239 5422 464 5482 tionem,
496 5424 657 5484 atque
683 5413 976 5470 secundum
1002 5412 1241 5481 regulam
1270 5410 1530 5479 aequalem
1559 5408 1614 5462 in
1642 5409 1818 5463 omni-

236 5513 343 5565 bus
365 5521 460 5576 pro
476 5507 793 5561 necessitate
811 5504 1268 5566 distributionem,
1292 5501 1343 5554 in
1372 5499 1619 5556 omnibus
1638 5499 1819 5569 provi-

239 5601 458 5663 dentes,
492 5613 559 5652 ne
589 5597 803 5651 modum
831 5595 1030 5664 regulae
1059 5607 1283 5661 usquam
1314 5591 1595 5646 excedant.

315 5693 374 5748 5.
413 5691 474 5745 in
501 5688 748 5744 claustris
785 5688 914 5741 hora
945 5685 1189 5741 lectionis
1219 5699 1486 5739 summum
1521 5684 1810 5750 silentium,

243 5793 298 5842 et
336 5796 605 5839 summum
637 5778 872 5838 studium
910 5777 1157 5836 lectionis
1197 5775 1266 5833 ab
1294 5775 1542 5832 omnibus
1589 5774 1811 5833 haberi:

1903 4133 2068 4201 tingat
2111 4142 2237 4186 ante
2269 4131 2454 4186 horam
2495 4134 2799 4190 surrexisse
2823 4175 2838 4200 ,
2873 4147 3099 4206 excepto
3146 4139 3375 4197 infirmis
3405 4145 3488 4199 vel

1903 4235 2016 4289 prae
2043 4219 2356 4276 lassitudine
2385 4236 2492 4276 non
2522 4222 2848 4294 valentibus,
2890 4241 3118 4296 quorum
3147 4227 3489 4287 imbecillitas

1903 4323 1935 4363 a
1967 4309 2146 4378 priore
2185 4311 2574 4368 consideranda
2603 4323 2704 4369 est.

1975 4403 2032 4458 2.
2063 4402 2192 4459 Post
2219 4403 2502 4460 lectionem
2527 4416 2702 4461 autem
2725 4408 2946 4477 capituli
2985 4413 3288 4470 exeundum
3316 4427 3401 4472 est
3421 4419 3491 4474 ad

1909 4507 2042 4562 opus
2071 4495 2212 4563 quod
2259 4497 2568 4566 praecipitur
2602 4511 2632 4552 a
2675 4499 2856 4568 priore
2879 4516 3003 4557 cum
3047 4519 3256 4562 summa
3285 4512 3494 4566 cautela

1910 4583 1966 4640 in
2017 4584 2348 4642 Psalmorum
2380 4587 2743 4645 modulatione
2784 4591 2870 4648 vel
2910 4593 3266 4662 spiritualium
3310 4614 3494 4656 rerum

1911 4677 2400 4750 conlocationibus,
2431 4695 2498 4738 ne
2522 4682 2682 4738 verba
2713 4687 2888 4742 otiosa
2916 4686 3237 4758 subripiunt,
3267 4692 3494 4762 utjuxta

1913 4769 2214 4837 regularem
2262 4773 2631 4829 auctoritatem
2681 4789 2851 4847 usque
2900 4776 2967 4833 ad
3016 4777 3495 4852 interrogationem

1915 4873 2024 4915 non
2050 4861 2355 4929 loquantur.
2386 4863 2491 4917 Ista
2523 4863 2876 4936 interrogatio
2903 4883 2932 4923 ιι
2957 4869 3286 4939 sapientibus
3313 4875 3495 4930 consi-

1915 4953 2152 5009 deranda
2183 4964 2283 5020 est,
2319 4965 2376 5011 ut
2403 4958 2592 5027 paucis
2615 4960 3100 5030 comprehendant.

1989 5045 2041 5099 3.
2083 5046 2210 5101 Post
2235 5061 2395 5116 opus,
2423 5057 2479 5104 et
2503 5049 2764 5115 Tertiam,
2791 5061 2842 5105 et
2865 5051 3101 5121 Missam,
3124 5056 3353 5127 pleniter
3371 5075 3500 5117 con-

1919 5135 2160 5190 veniatur
2179 5137 2245 5190 ad
2276 5135 2566 5194 lectionem
2596 5138 2651 5193 in
2683 5139 2862 5196 locum
2889 5141 3204 5212 deputatum
3231 5150 3300 5203 ab
3329 5153 3498 5206 omni-

1918 5227 2020 5281 bus
2043 5265 2060 5292 ,
2091 5237 2318 5298 excepto
2357 5228 2443 5284 his
2487 5231 2576 5301 qui
2610 5230 2661 5285 in
2701 5232 2863 5288 variis
2893 5225 3100 5292 olliciis’
3130 5237 3462 5310 deputantur
3488 5265 3500 5302 :

1920 5315 2018 5373 sed
2046 5317 2115 5373 de
2144 5317 2227 5372 bis
2253 5318 2346 5388 qui
2371 5330 2595 5389 possunt
2620 5333 2942 5393 occurrant,
2969 5339 3196 5396 quorum
3224 5336 3499 5392 conscien-

1927 5406 1998 5461 tia
2028 5407 2131 5463 sibi
2163 5409 2314 5464 testis
2352 5418 2435 5465 est
2457 5448 2473 5475 ,
2502 5418 2678 5465 utrum
2721 5413 2966 5482 possint,
2998 5418 3264 5475 custodito
3290 5437 3504 5482 summo

1924 5499 2138 5556 silentio
2161 5500 2216 5557 in
2238 5503 2534 5558 intentione
2555 5502 2823 5573 lectionis,
2848 5506 2948 5564 nisi
2969 5507 3158 5576 jubeat
3179 5515 3326 5582 prior
3342 5519 3504 5577 alicui

1925 5591 2150 5649 doctiori
2179 5635 2194 5661 ,
2237 5596 2414 5650 minus
2457 5595 2629 5650 doctis
2660 5594 2912 5652 fratribus
2948 5598 3032 5654 vel
3075 5601 3319 5660 doctrina
3369 5609 3505 5666 iudi-

1923 5683 2171 5752 gentibus
2197 5685 2480 5743 lectionem
2510 5687 2719 5745 tradere
2742 5730 2756 5756 ,
2789 5688 2856 5746 de
2884 5689 3040 5760 cujus
3067 5693 3311 5751 moribus
3351 5712 3502 5756 secu-

1923 5789 2014 5832 rus
2040 5779 2126 5834 sit.
