4090 6418
649 333 783 389 1965

1635 346 1730 401 AD
1768 347 1824 402 S.
1866 346 2149 406 STURMII
2189 343 2479 400 SCRIPTA
2520 346 2895 405 APPENDIX.

3766 361 3910 417 1264

718 448 770 501 4.
814 448 904 504 llis
932 449 1002 504 ita
1042 452 1346 520 compositis
1376 492 1392 518 ,
1424 453 1589 510 frater
1631 458 1718 526 qui
1754 458 1926 528 signis
1971 459 2226 512 horarum
2258 460 2305 514 A
2335 459 2689 515 temeritatem
2718 462 2949 532 regulari
2977 462 3258 532 disciplina
3284 466 3692 535 corripiebatur.
3724 470 3831 526 Sed
3862 486 3915 527 et

648 549 861 606 praeest,
896 541 1115 595 accedat
1140 544 1207 595 ad
1242 544 1526 613 coquinam
1574 546 1639 600 ad
1675 548 1961 604 videndum
1988 590 2002 615 ,
2040 551 2084 603 si
2114 549 2222 619 jam

646 642 826 696 parata
861 640 987 685 sunt
1016 647 1133 701 qua:
1179 644 1435 702 parantur
1478 635 1699 689 fratrum
1734 640 1849 693 usui
1897 642 2222 695 necessaria.

642 715 740 773 llis
779 719 979 787 paratis
1024 733 1238 777 moveat
1272 724 1479 793 signum
1526 726 1817 797 prolixius,
1860 732 1987 785 dum
2031 732 2225 788 fratres

638 822 831 863 omnes
859 810 914 864 in
936 811 1221 867 ecclesiam
1248 829 1569 872 concurrere
1597 820 1828 888 possint.
1861 820 1957 877 His
1983 822 2034 877 in
2058 838 2222 879 unum

646 897 856 966 positis,
886 900 1093 972 signum
1120 905 1414 960 secundum
1445 909 1620 975 pulset
1640 911 1874 968 brevius.
1902 914 2080 969 Finito
2101 915 2221 970 offi-

642 994 748 1060 cio,
772 1004 877 1051 stet
900 997 1063 1053 abbas
1086 1000 1168 1055 vel
1199 1002 1465 1056 secundus
1489 1004 1559 1060 ab
1588 1006 1699 1071 illo,
1724 1007 1769 1060 si
1798 1006 1913 1075 ipse
1936 1022 2042 1063 non
2070 1010 2225 1064 adest

642 1100 766 1141 eum
790 1084 1081 1152 fratribus;
1110 1099 1164 1145 et
1191 1094 1370 1146 senior
1392 1094 1628 1149 decanus
1656 1097 1875 1151 accedat
1904 1114 2129 1169 propere
2153 1100 2220 1154 ad

644 1174 855 1241 signum
878 1174 1145 1232 refectorii
1170 1180 1513 1248 pulsandum,
1543 1198 1647 1252 quo
1670 1186 1870 1251 audito,
1896 1187 2062 1241 abbas
2085 1203 2221 1257 prte-

649 1263 822 1330 cedat,
857 1267 934 1321 sic
960 1280 1252 1338 sequantur
1284 1272 1473 1342 reliqui
1505 1271 1698 1329 fratres
1728 1277 2132 1347 honestissime,
2166 1289 2221 1334 ut

645 1357 841 1412 nullius
872 1373 978 1413 vox
1004 1360 1088 1415 vel
1128 1362 1427 1417 mussitatio
1460 1364 1530 1418 ibi
1561 1366 1829 1421 audiatur.

711 1448 764 1499 5.
806 1447 933 1502 Post
977 1450 1153 1505 cibum
1202 1462 1380 1508 autem
1429 1456 1584 1510 citius
1630 1457 1859 1512 redeunt
1906 1460 1971 1513 ad
2022 1468 2220 1516 stratus

642 1554 788 1607 suos,
820 1542 1051 1598 maxime
1074 1544 1298 1613 juvenes
1331 1549 1414 1603 vel
1449 1549 1800 1619 negligentes,
1833 1567 2057 1620 quorum
2099 1569 2217 1607 mo-

640 1644 727 1684 res
756 1641 1026 1687 notantur.
1057 1635 1113 1688 Si
1139 1637 1229 1705 qui
1252 1645 1377 1692 sunt
1403 1638 1469 1693 de
1500 1641 1692 1708 quibus
1716 1641 1851 1696 bene
1876 1645 2219 1711 praesumitur

637 1731 692 1776 et
724 1724 925 1791 volunt,
954 1725 1110 1782 liceat
1134 1727 1236 1782 illis
1261 1730 1671 1801 aliquantulum,
1702 1735 1798 1788 sed
1827 1746 2002 1789 tamen
2028 1736 2213 1792 brevi-

639 1825 741 1881 ter,
774 1831 964 1871 vacare
993 1820 1217 1874 orati0ni
1268 1822 1317 1874 in
1365 1824 1609 1879 ecclesia.
1659 1824 1714 1878 lu
1754 1826 1988 1881 claustro
2033 1838 2208 1884 autem
2243 1803 2286 1860 Β

634 1907 717 1959 vel
759 1908 1027 1975 prohibito
1059 1911 1175 1964 loco
1198 1912 1372 1969 nullus
1417 1912 1740 1983 inveniatur,
1774 1932 1842 1971 ne
1882 1917 2022 1973 forte
2050 1920 2216 1989 (quod

632 1996 797 2066 absit)
816 1999 1010 2067 aliquis
1035 2000 1225 2056 fabulis
1250 2014 1400 2058 vacet
1424 2004 1506 2060 vel
1531 2006 1661 2060 otio.
1689 2007 1794 2062 Sed
1825 2022 1923 2063 nec
1949 2007 2050 2065 hoc
2080 2025 2214 2079 pra:-

606 2089 760 2142 -dicti
794 2090 979 2145 Patres
1008 2094 1182 2149 saltim
1213 2097 1534 2152 concedunt.

705 2179 755 2233 6.
801 2180 929 2235 ltem
962 2184 1114 2253 signo
1142 2185 1305 2242 Nona:
1337 2189 1517 2257 priore
1544 2193 1754 2261 pulsato
1787 2193 2043 2262 prolixius
2068 2236 2085 2263 ,
2117 2210 2213 2250 su-

632 2266 896 2323 stineatur
937 2285 966 2324 a
1016 2275 1250 2329 secundo
1298 2292 1363 2331 eo
1408 2280 1604 2343 modo,
1648 2282 1787 2335 sicut
1831 2284 2114 2353 superius;
2157 2294 2213 2341 et

629 2367 821 2413 caetera
854 2363 1029 2416 omnia
1059 2380 1178 2432 quae
1207 2370 1458 2435 superius
1486 2370 1718 2427 diximus
1747 2373 1814 2428 de
1846 2375 1973 2430 hora
2006 2378 2165 2432 Sena
2193 2421 2207 2444 ,

626 2450 1016 2518 compleantur.
1059 2456 1194 2510 Sunt
1238 2460 1326 2526 qui
1375 2475 1585 2516 versum
1631 2464 1818 2518 νειιιιιιι
1863 2466 2040 2522 dicere
2090 2477 2213 2536 poSt

630 2551 812 2608 potum
858 2543 1044 2609 Nonrr,
1076 2549 1214 2602 sicut
1244 2552 1387 2617 prius
1419 2553 1474 2606 in
1506 2556 1763 2623 capitulo,
1794 2559 1859 2610 ad
1890 2560 2207 2615 solvendum

627 2631 927 2699 silentium,
960 2639 1101 2705 quod
1129 2648 1285 2694 caute
1314 2643 1620 2698 custodiunt
1651 2659 1819 2714 usque
1846 2649 1911 2701 ad
1939 2648 2082 2704 illam
2115 2652 2210 2707 bo-

626 2738 762 2779 ram.
807 2724 911 2779 Sed
935 2728 1111 2783 videat
1130 2731 1294 2786 abbas
1316 2742 1492 2797 utrum
1515 2734 1621 2791 hoc
1649 2739 1936 2794 observare
1958 2744 2203 2799 voluerit.

626 2811 754 2866 Post
796 2813 997 2870 Nonam
1043 2827 1222 2874 autem
1253 2864 1267 2890 ,
1311 2823 1451 2878 sicut
1486 2825 1592 2893 iam
1639 2830 1841 2896 praefati
1888 2844 2109 2900 sumus,
2155 2835 2205 2890 in

624 2916 787 2972 opere
816 2906 1188 2965 custodiantur
1211 2914 1413 2970 omnia.

698 2994 750 3052 7.
792 2996 1031 3055 Vidimus
1074 3001 1234 3057 etiam
1274 3005 1343 3060 de
1389 3007 1904 3070 adolescentioribus
1950 3017 2206 3073 fratribus

624 3089 911 3147 maximam
940 3109 1121 3148 curam
1155 3095 1365 3162 haberi,
1398 3111 1452 3153 et
1478 3101 1545 3155 ad
1577 3103 1714 3158 lianc
1758 3121 1939 3161 curam
1982 3109 2206 3178 deputa-

624 3190 707 3234 tos
761 3181 925 3249 duos,
973 3199 1196 3253 quorum
1244 3189 1618 3256 probatissima
1661 3196 1771 3250 vita
1818 3199 2112 3256 habebatur
2151 3204 2203 3257 in

622 3274 990 3341 multae1et'i0.;
1041 3293 1139 3335 nec
1174 3280 1432 3339 declinari
1486 3287 1860 3347 adolescentes
1905 3293 1971 3348 ab
2016 3311 2202 3351 eorum

621 3381 840 3449 aspectu
864 3410 881 3437 ,
928 3371 1042 3426 sive
1072 3374 1125 3428 in
1153 3373 1275 3443 die,
1305 3378 1418 3434 sive
1458 3379 1511 3434 in
1551 3392 1707 3438 nocte
1729 3427 1744 3450 ,
1787 3402 2015 3457 unquam
2047 3404 2203 3445 ausos

622 3456 755 3513 fore.
1128 3522 1132 3528 ι

695 3550 747 3607 8.
789 3551 1096 3613 Circatores
1125 3561 1285 3617 etiam
1306 3562 1465 3634 duos,
1494 3568 1584 3636 qui
1605 3570 1855 3626 omnibus
1884 3573 2049 3644 boris,
2078 3576 2204 3631 dum

625 3641 821 3697 fratres
849 3646 1169 3716 vigilabant,
1197 3652 1493 3711 circuibant
1535 3666 1939 3733 monasterium,
1988 3641 2055 3722 ne
2083 3670 2202 3738 quis

621 3732 789 3823 frater
812 3736 1025 3793 deesset
1054 3745 1269 3811 proprio
1299 3746 1417 3801 loco
1446 3767 1458 3801 :
1491 3751 1537 3804 si
1568 3763 1743 3809 autem
1774 3732 2060 3823 defuisset,
2091 3732 2203 3813 sta-

621 3822 712 3879 tim
761 3826 813 3879 iu
852 3828 1047 3885 tabulis
1093 3834 1415 3905 notabatur,
1470 3852 1524 3896 et
1570 3842 1627 3898 in
1673 3858 1937 3902 conventu
1978 3822 2200 3903 fratrum

618 3920 854 3986 aspectui
892 3922 1100 3993 abbatis
1140 3933 1589 4000 prmsentabatur,
1636 3945 1690 3991 et
1738 3937 1886 4008 juxta
1933 3941 2200 4010 propriam

628 4084 2188 4123 -—____._____._.___________________

2235 3146 2282 3208 ο

2330 550 2496 604 multa
2526 552 2652 617 alia,
2685 567 2804 622 qua:
2838 553 3072 609 brevitas
3106 554 3267 621 hujus
3294 556 3564 612 scbedulaa
3590 574 3834 630 coercet,
3862 574 3916 617 et

2329 656 2424 695 ore
2468 642 2820 711 colloquentis
2851 645 3144 701 edoceutur
3173 646 3366 703 melius
3418 648 3486 703 ab
3542 650 3626 703 his
3664 651 3917 706 Patribus

2327 737 2609 791 custodiri.

2398 849 2451 906 9.
2494 851 2572 907 De
2598 852 2772 908 modis
2800 862 2978 910 autem
3014 857 3344 926 poenitentiae
3389 861 3694 917 cautissime
3723 863 3913 920 decer-

2328 947 2483 1007 nunt,
2508 956 2643 1011 quos
2670 944 2861 998 modos
2888 959 3012 1001 esse
3040 957 3245 1017 septem
3270 948 3452 1005 dicunt
3476 953 3768 1021 regulares.
3796 956 3913 1010 Pri-

2328 1048 2446 1087 mus
2469 1073 2485 1100 ,
2517 1026 3022 1092 admonitio-semel
3060 1049 3112 1093 et
3152 1039 3345 1095 iterum
3393 1052 3554 1112 atque
3585 1045 3761 1099 tertio.
3808 1048 3908 1103 Se-

2325 1124 2563 1189 cundus,
2613 1127 2884 1195 correptio
2917 1128 3124 1194 publica
3165 1145 3345 1184 coram
3377 1131 3663 1200 omnibus,
3706 1136 3912 1205 absque

2324 1217 2903 1273 excommunicatione.
2933 1220 3167 1285 Tertius,
3195 1225 3681 1280 excommunicatio
3707 1244 3803 1295 pro
3830 1230 3911 1285 le-

2323 1305 2557 1359 vioribus
2586 1307 2781 1374 culpis.
2824 1310 3056 1374 Quartus
3085 1353 3097 1374 ,
3129 1316 3615 1368 excommunicatio
3658 1331 3752 1384 pro
3781 1335 3908 1388 gra-

2326 1395 2565 1450 vioribus
2616 1396 2807 1465 culpis.
2863 1399 3090 1466 Quintus
3123 1443 3137 1465 ,
3188 1404 3477 1458 verberum
3530 1405 3767 1462 vindicta
3824 1411 3907 1462 vel

2321 1485 2563 1553 corporis
2589 1488 2894 1557 castigatio.
2928 1490 3149 1557 Sextus,
3180 1494 3351 1547 oratio
3374 1496 3674 1551 communis
3699 1497 3765 1550 ab
3790 1514 3907 1551 om-

2322 1574 2496 1630 nibus.
2531 1575 2823 1644 Septimus,
2857 1580 3099 1649 expulsio
3129 1582 3196 1636 de
3230 1583 3578 1651 Monasterio,
3610 1587 3653 1639 si
3691 1588 3789 1641 rite
3822 1604 3908 1642 re-

2319 1666 2533 1722 cordor.
2583 1666 2929 1722 inveniuntur
2962 1680 3138 1724 tamen
3172 1680 3225 1725 et
3274 1673 3364 1726 alii
3397 1673 3535 1727 modi
3580 1677 3905 1742 poenitentiae

2323 1757 2375 1811 in
2403 1757 2631 1826 regulari
2662 1758 2974 1828 disciplina,
3008 1760 3100 1815 sed
3133 1760 3184 1814 bi
3218 1763 3640 1818 exeelientiores.

2394 1870 2483 1927 10.
2526 1870 2770 1928 Vidimus
2809 1873 2970 1927 etiam
3016 1884 3069 1929 et
3099 1875 3240 1929 aliud
3288 1876 3654 1943 observabile,
3695 1880 3738 1933 si
3784 1882 3905 1949 quis

2316 1963 2381 2016 ad
2413 1963 2803 2032 perfectionem
2833 1965 3209 2020 taciturnitatis
3228 1967 3416 2021 venire
3440 1968 3730 2033 desideret,
3759 1970 3903 2037 quod

2312 2054 2492 2109 nullus
2520 2053 2746 2109 fratrum
2778 2054 2833 2109 in
2872 2056 3109 2123 quolibet
3138 2056 3259 2111 loco
3292 2057 3437 2127 loqui
3465 2058 3667 2128 aliquid
3700 2074 3901 2126 prmu-

2314 2145 2513 2209 mebat,
2541 2154 2737 2214 praeter
2766 2146 2874 2200 duo
2900 2146 2967 2200 ad
2996 2147 3109 2201 haec
3134 2147 3407 2216 deputata.
3439 2147 3494 2201 ln
3518 2148 3744 2201 ecclesia
3778 2150 3901 2202 nul-

2315 2237 2398 2293 lus
2430 2247 2624 2307 praeter
2668 2239 2903 2293 officium
2945 2238 3183 2293 divinum
3235 2250 3290 2295 et
3318 2240 3478 2294 verba
3519 2238 3775 2294 orationis
3808 2257 3821 2292 :
3854 2256 3911 2310 si

2312 2329 2511 2398 aliquid
2529 2329 2745 2384 cuilibet
2769 2330 2914 2399 loqui
2939 2331 3233 2384 necessitas
3255 2337 3392 2394 erat,
3415 2338 3554 2384 tacto
3580 2331 3903 2385 vestimento

2310 2422 2522 2477 abbatis
2567 2422 2653 2478 vel
2690 2422 2979 2491 cujuslibet
3028 2421 3207 2476 fratris
3256 2422 3442 2476 annuit
3490 2422 3557 2476 ad
3608 2423 3692 2476 illa
3736 2423 3848 2476 loca
3886 2440 3900 2473 :

2310 2514 2671 2583 expositisque
2715 2512 3049 2583 paucissimis
3091 2514 3265 2568 verbis
3316 2513 3397 2566 vel
3445 2514 3847 2567 rationabilibus
3884 2553 3899 2577 ,

2312 2602 2491 2658 statim
2519 2603 2892 2658 abscesserunt
2920 2643 2936 2668 ,
2971 2604 3217 2656 timentes
3247 2617 3312 2655 ne
3344 2612 3561 2671 propter
3594 2603 3898 2657 necessaria

2310 2694 2493 2757 verba,
2525 2693 2576 2748 in
2612 2692 2798 2747 nociva
2831 2701 2883 2746 et
2914 2693 3129 2746 inutilia
3159 2692 3481 2747 inciderent.

2386 2806 2472 2860 ll.
2518 2805 2767 2860 Prazdieti
2811 2805 3099 2860 circatores
3145 2803 3249 2860 hoc
3290 2806 3684 2869 observabant;
3718 2807 3762 2860 si
3795 2805 3899 2859 ali-

2309 2915 2467 2970 quem
2512 2900 2775 2953 ridentem
2812 2900 2892 2953 vel
2941 2897 3142 2965 aliquid
3180 2910 3547 2953 susurrantem
3597 2913 3900 2968 conspexe-

2312 3002 2428 3046 rant
2454 3032 2471 3057 ,
2499 2991 2678 3045 statim
2712 2991 2907 3044 tabulis
2937 2991 3240 3059 notabatur,
3277 3000 3331 3047 et
3362 2990 3745 3061 benignissime
3772 3005 3901 3047 cor-

2312 3082 2606 3150 ripiebatur
2636 3093 2876 3153 tempore
2905 3092 3229 3151 opportuno.

2385 3190 2473 3245 12.
2516 3190 2658 3244 Inter
2685 3205 2746 3245 se
2775 3188 3003 3259 namque
3036 3200 3181 3245 tanta
3212 3190 3476 3246 cbaritate
3515 3191 3800 3256 ardebant,
3837 3202 3898 3247 ut

2314 3285 2360 3339 si
2391 3284 2612 3340 cuilibet
2634 3284 2969 3353 contigisset,
3003 3293 3221 3354 prapter
3242 3300 3579 3339 communem
3607 3285 3889 3338 utilitatem

2317 3378 2523 3447 longius
2551 3378 2772 3441 abesse,
2807 3376 2949 3446 quod
2982 3385 3125 3430 tanta
3156 3362 3447 3431 dilectione
3489 3376 3898 3431 desiderabatur

2315 3469 2382 3523 ab
2421 3468 2667 3522 omnibus
2690 3507 2706 3533 ,
2752 3479 2811 3520 ut
2847 3467 2987 3521 nulla
3026 3477 3195 3520 mater
3221 3466 3446 3535 amplius
3481 3467 3693 3521 unicum
3725 3467 3917 3539 lilium»

2315 3557 2623 3613 desiderare
2664 3556 2959 3625 potuisset,
3009 3570 3177 3625 usque
3216 3556 3341 3609 dum
3389 3554 3613 3609 rediret.
3665 3553 3897 3609 Reddite

2314 3650 2568 3720 propriis,
2603 3648 2781 3702 statim
2814 3663 2974 3718 super
3002 3648 3197 3701 collum
3242 3647 3358 3714 ejus
3407 3646 3459 3700 in
3490 3645 3731 3701 osculum
3773 3660 3895 3699 ruc-

2311 3740 2441 3793 bant
2468 3739 2705 3792 fraterno
2733 3738 2960 3802 affectu,
2990 3737 3273 3805 implentes
3303 3735 3434 3789 illud
3464 3737 3604 3804 quod
3638 3734 3897 3789 Dominus

2311 3829 2439 3883 dicit
2469 3830 2522 3881 in
2555 3827 2844 3894 Evangelio
2878 3844 2890 3878 :
2923 3827 3068 3878 Tum:
3105 3841 3217 3879 vere
3244 3827 3484 3895 discipuli
3515 3827 3613 3880 mei
3641 3828 3782 3880 eritis
3807 3867 3820 3892 ,
3854 3828 3902 3879 si

2313 3918 2633 3972 dilectionem
2663 3916 2936 3969 habueritis
2962 3916 3028 3967 ad
3054 3916 3282 3969 invicem.

1894 4218 2595 4324 APPENDIX.

2134 4408 2357 4426 ———-

926 4498 1639 4582 FRAGMENTUM
1719 4506 2135 4584 PLACITI
2198 4502 2474 4583 REGII
2538 4498 3061 4579 ADVERSUS
3120 4499 3582 4578 SINLEUM

1269 4657 1392 4729 Qui
1421 4656 1580 4716 bona
1609 4658 1949 4722 Ecclesium
2001 4659 2365 4722 Fuldensem
2405 4656 2743 4716 atlinenlia
2796 4666 3235 4735 usurpaverat.

688 4787 931 4853 Carolus,
970 4790 1138 4857 gratia
1181 4791 1273 4843 Dei
1309 4807 1398 4846 rex
1436 4793 1785 4865 Francorum,
1820 4802 1899 4855 vir
1946 4801 2193 4857 inluster.
2230 4803 2279 4863 Ι)
2305 4797 2393 4865 qui
2424 4795 2620 4853 dicitur
2642 4794 3060 4863 Autmondistat,
3089 4800 3230 4868 quod
3254 4800 3481 4855 domnus
3513 4817 3603 4856 rex
3638 4803 3891 4871 Pippinos

618 4876 750 4930 Cum
788 4892 885 4929 nos
916 4878 966 4930 in
1021 4878 1110 4933 Dei
1163 4880 1379 4936 nomine
1423 4883 1707 4959 Longlario
1744 4891 1888 4957 villa,
1935 4907 2035 4945 una
2077 4907 2197 4946 cum

617 4967 986 5032 obtimatibu=,
1022 4969 1104 5025 vel
1152 4972 1511 5040 pontificibus,
1567 4994 1663 5034 seu
1719 4980 2202 5045 inlustribusviris

620 5057 865 5122 ducibus,
933 5060 1235 5129 comitibus,

617 5160 809 5200 causas
859 5147 1175 5221 audienlas,
1208 5154 1293 5208 vei
1357 5164 1502 5210 recto
1527 5158 1727 5228 judicio
1780 5162 2202 5229 aterminandas,

618 5239 800 5308 Ibique
856 5241 1076 5297 veniens
1123 5248 1443 5304 venerabilis
1502 5251 1583 5305 vir
1636 5251 1896 5322 Sturmio,
1948 5254 2083 5310 abba
2132 5257 2199 5311 de

618 5333 945 5387 monasterio
975 5334 1158 5403 Fulda,
1194 5337 1280 5392 ubi
1318 5338 1548 5396 domnus
1576 5350 1631 5397 et
1655 5353 1872 5399 sanctus
1901 5346 2201 5402 Bonifacius

617 5421 670 5474 in
702 5437 924 5493 corpore
955 5426 1255 5496 requiescit,
1289 5431 1503 5489 homine
1534 5434 1732 5505 aliquo,
1769 5437 1983 5495 nomine
2012 5439 2198 5508 Sinlei,

619 5509 990 5582 interpellabat
1018 5520 1386 5592 repetivitque,
1421 5540 1488 5582 eo
1514 5526 1655 5597 quod
1696 5544 1781 5583 res
1814 5529 1933 5586 illas
1975 5531 2027 5586 in
2082 5533 2199 5589 loco

1308 5066 1618 5124 sederemus
1700 5072 1765 5125 ad
1835 5073 2223 5128 universorum,

2309 4902 2403 4954 per
2428 4900 2582 4940 suum
2612 4897 2935 4958 praeceptum
2965 4890 3031 4944 ad
3081 4906 3295 4946 causam
3346 4893 3404 4947 S.
3459 4894 3711 4949 Bonifacii
3761 4912 3896 4950 con-

2306 4976 2543 5042 donavit,
2576 4994 2680 5032 uua
2735 4993 2854 5033 cum
2932 4981 3576 5050 adjecentiis..............
3618 4987 3886 5054 domibus,

2308 5066 2552 5131 edificiis,
2580 5068 2768 5136 pratis,
2797 5069 2970 5135 silvis,
3019 5072 3195 5138 aquis,
3228 5087 3591 5143 aquarumque
3640 5075 3886 5129 decursi-

2309 5157 2404 5212 bus
2440 5170 2503 5212 ac
2526 5165 2694 5212 totum
2722 5166 2777 5213 et
2800 5159 3061 5228 integrum
3090 5163 3345 5231 quidquid
3371 5164 3438 5219 ad
3461 5163 3573 5234 ipsa
3606 5165 3726 5220 villa
3754 5169 3887 5221 Ant-

2308 5247 2598 5302 mondistat
2621 5248 2817 5304 aftcere
2846 5250 3342 5307 videtur............

2378 5336 2568 5391 Actum
2619 5336 2758 5406 quod
2800 5337 2925 5393 fecit
2960 5356 3147 5397 mense
3200 5342 3517 5399 Novembris
3574 5344 3661 5399 die
3719 5361 3776 5400 ιιι
3832 5347 3885 5400 in

2307 5440 2448 5482 anno
2478 5443 2528 5481 tv
2561 5428 2709 5498 regni
2733 5432 2922 5484 nostri.

2379 5518 2742 5589 Thiotgandus
2764 5525 3076 5593 recognovit
3101 5533 3155 5581 et
3182 5528 3529 5597 subscriprit.
