4090 6444
682 408 824 470 1267

1401 404 1460 463 S.
1503 403 1896 464 AMBROSIUS
1934 400 2354 462 AUTPERTUS
2395 400 2946 462 BENEVENTANUS
2977 402 3220 462 ABBAS.

3813 405 3955 465 1268

653 525 912 594 ,probaut
963 518 1360 577 lucubrationes
1383 518 1452 573 ab
1479 531 1546 574 eo
1571 516 1794 584 relicta,
1833 517 1900 574 de
1937 517 2131 588 quibus
2177 515 2261 569 hic
2292 515 2341 574 A
2370 511 2631 594 Dciparao,
2654 514 3052 594 ex__l_’ragme_nto
3079 511 3222 594 quod
3322 479 3614 594 liuebujus
3645 513 3782 570 Vitas
3809 517 3957 594 rete.

674 593 961 666 agendum.

751 666 808 719 5.
850 661 1044 717 Paulus
1074 657 1403 715 Warnelridi
1435 658 1487 712 in
1518 657 1611 712 lib.
1639 672 1692 712 vr
1718 657 1785 713 de
1803 656 1972 726 gestis
1993 655 2260 726 Longob.,

650 747 801 800 ,cap.
833 730 922 796 40,
955 743 1120 800 agens
1163 729 1235 800 de
1271 728 1582 800 primordiis
1630 728 1860 800 ctenobii
1896 727 1963 800 S.
1998 726 2260 800 Vincentil

674 797 824 870 juita
859 797 1198 870 Vulturnum,
1222 797 1632 870 laudat__Sc_ripta
1657 799 1752 852 viri
1775 798 2107 870 eruditissimi
2135 799 2261 870 Aut:

679 867 808 926 berti
852 871 1084 940 ejusdem
1124 867 1427 940 Monasterii
1451 867 1667 940 abbatis,
1697 883 1817 936 qua!
1838 869 1917 940 de
1940 867 2124 940 primis
2159 867 2259 940 loci

676 935 1071 995 instituioribus
1099 938 1424 1008 composuit.
1477 935 1955 1008 Chronograph‘us'
1984 938 2153 1008 etiam
2177 935 2261 990 hic

682 1011 860 1065 editus
884 1010 1067 1075 plures
1093 1003 1487 1062 lucubrationes
1530 1003 1811 1062 enumerat
1855 1008 2093 1062 sectione
2122 1003 2174 1074 7,
2208 1010 2259 1060 in

680 1079 769 1132 his
823 1079 1008 1132 librum
1049 1077 1112 1131 de
1138 1075 1392 1147 Conﬂictu
1441 1077 1692 1147 vitiorum,
1731 1091 1853 1132 eum
1895 1079 2119 1132 fortasse
2171 1078 2258 1147 qui

638 1154 645 1192 τ
683 1149 984 1218 Augustino
1028 1144 1317 1218 perperam
1353 1144 1628 1218 tribuitur,
1686 1147 1972 1202 Ambrosio
2024 1160 2154 1218 vero
2189 1144 2258 1218 fin

683 1215 930 1286 pluribus
953 1229 1084 1270 mss.
1112 1215 1528 1284 exemplaribus,
1559 1215 1736 1270 forsan
1754 1231 1954 1286 errore
2001 1217 2258 1282 nominis,

679 1285 808 1342 nam
838 1287 1155 1352 Autpertum
1186 1294 1426 1339 nostrum
1453 1286 1613 1338 etiam
1644 1285 1966 1340 Ambrosium
2013 1294 2257 1340 vocatum

677 1364 914 1411 constat.
943 1353 1058 1410 Hoc
1085 1353 1228 1410 enim
1257 1368 1452 1410 nomen
1481 1354 1694 1425 praelert
1722 1355 1997 1425 Expositio
2045 1355 2163 1426 ejus
2205 1355 2258 1411 in

675 1424 1058 1480 Anocalvnsin.

831 1439 1058 1479 atvnsm.

729 1439 1237 1564 "51335235031110
1275 1493 1414 1550 edita
1445 1503 1527 1550 est
1553 1492 1784 1564 primum
1834 1491 2070 1549 Colonia:
2118 1511 2258 1552 anno

672 1564 844 1632 1556,
873 1573 981 1619 tum
1013 1566 1066 1619 in
1098 1573 1244 1618 tomo
1268 1579 1320 1618 Ix
1353 1565 1690 1618 Bibliotheca:
1723 1564 1936 1618 Patrum
1959 1564 2060 1618 sub
2087 1568 2260 1620 nomi-

670 1649 744 1691 ne
774 1633 1032 1691 Ambrosii
1067 1634 1304 1688 Ansberti
1345 1634 1484 1689 Galli
1515 1634 1814 1703 presbyteri,
1857 1634 1955 1688 viri
1993 1635 2258 1701 facundis-

673 1705 833 1773 simi;
881 1719 1038 1773 quem
1086 1704 1401 1773 monaghum
1435 1712 1482 1756 et
1526 1703 1876 1772 presbyterum
1931 1704 2140 1759 Ordinis
2190 1707 2252 1761 S.

668 1771 941 1830 Benedicti
969 1774 1203 1843 appellat
1228 1771 1593 1843 Trithemius,
1614 1771 1845 1843 eumque
1882 1787 2006 1827 cum
2059 1775 2258 1830 Bellar-

667 1843 817 1899 niino
854 1854 911 1901 et
947 1842 1067 1900 aliis
1131 1859 1271 1900 anno
1318 1842 1529 1897 Domini
1568 1842 1674 1899 890
1718 1845 1960 1897 claruisse
2001 1843 2252 1900 afﬁrmat.

672 1913 870 1971 Verum
917 1913 1366 1984 integrogsaeculo
1395 1913 1645 1984 aberrant
1671 1929 1701 1984 a
1729 1928 1856 1968 vero
1898 1914 2127 1978 calculo,
2180 1917 2254 1971 uti

665 1981 1149 2040 observarunt'viri
1176 1982 1395 2048 piissimi
1419 1981 1569 2052 juxta
1591 1998 1654 2038 ac
1673 1983 1988 2052 doctissimi,
2012 1985 2100 2053 qui
2124 1985 2256 2039 Olﬁ-

664 2053 807 2107 clum
837 2054 907 2109 de
935 2053 1273 2109 sanctissimo
1303 2053 1654 2108 Eucharistite
1683 2064 2021 2108 sacramento
2050 2070 2113 2108 ex
2144 2056 2254 2110 lec-

665 2125 902 2178 tionibus
933 2123 1148 2178 Patrum
1180 2123 1586 2178 concinnarunt.
1610 2123 1665 2177 ld
1689 2123 1830 2189 quod
1857 2131 2004 2177 recte
2027 2124 2254 2190 probant

665 2208 731 2263 ox
761 2194 996 2248 clausula
1023 2192 1383 2260 Expositionis
1413 2193 1882 2263 inApocalypsin,
1911 2207 2030 2262 qua:
2060 2195 2113 2248 in
2141 2195 2256 2250 edi-

663 2261 732 2316 tis
763 2263 912 2318 libris
939 2263 1018 2318 sic
1045 2278 1106 2318 se
1135 2264 1296 2317 habet
1326 2281 1338 2316 :
1373 2261 1716 2326 Ambrosius,‘
1742 2261 1830 2332 qui
1868 2274 1915 2316 et
1934 2261 2250 2332 ’Ansbertus,

664 2333 889 2400 (tectius
933 2332 1210 2402 Autpertus
1235 2347 1329 2403 scu
1358 2333 1654 2403 Autbertus)
1693 2349 1758 2387 ea:
1799 2332 2090 2387 Galliarum
2134 2352 2251 2402 pro.

660 2403 828 2474 vincia
857 2411 1023 2474 ortus,
1053 2403 1195 2474 intr_a
1217 2402 1422 2474 Samnii
1449 2417 1566 2456 vero
1593 2402 1849 2474 regionem
1876 2405 2018 2470 apud
2037 2419 2252 2460 monas-

660 2473 843 2544 terium
865 2472 1114 2544 Martyris
1134 2471 1324 2526 Christi
1351 2469 1604 2544 Vincentii
1632 2469 1854 2528 maxima
1875 2490 1938 2528 ea:
1957 2483 2102 2544 parte
2121 2475 2251 2530 divi-

659 2541 740 2595 nis
761 2546 908 2598 rebus
928 2541 1184 2607 imbutus;
1206 2559 1310 2596 non
1330 2543 1494 2596 solum
1515 2553 1708 2611 autem,
1730 2545 1819 2597 sed
1841 2554 1888 2596 et
1909 2541 2249 2601 sacrosanctis

655 2611 910 2667 altaribus
937 2613 1004 2665 ad
1035 2613 1351 2665 immolanda
1392 2611 1580 2680 Christi
1613 2630 1824 2666 munera
1859 2615 2097 2679 traditus,
2130 2631 2248 2680 ape-

655 2689 805 2752 rante
847 2681 994 2735 beata
1033 2692 1082 2735 et
1123 2682 1459 2752 inseparabili
1513 2679 1556 2733 Τ
1559 2683 1784 2748 rinitate,
1840 2679 2248 2752 suifragantibus

655 2750 808 2822 etiam
828 2752 1031 2822 meritis
1059 2752 1218 2805 beata:
1247 2751 1434 2805 Maria:
1457 2752 1688 2822 uirginis,
1734 2750 2044 2822 temporibus
2089 2753 2247 2810 Pauli

655 2821 914 2896 pontiﬁcis
943 2820 1187 2896 Romani,
1217 2837 1414 2896 necnon
1435 2830 1480 2896 et
1504 2821 1757 2896 Desiderii
1785 2820 1920 2896 regis
1948 2823 2246 2896 Langobar-

655 2893 861 2966 dorum,
883 2893 978 2966 sed
1005 2901 1050 2946 et
1075 2892 1304 2966 Areo/tisi
1321 2889 1491 2966 _Ducis
1521 2893 1742 2966 ejusdrm
1767 2889 2243 2966 provincite'quam

652 2959 967 3037 incolo,__hoc
987 2977 1117 3037 opus
1137 2963 1332 3037 confeci
1359 2973 1508 3037 atque
1531 2959 1817 3037 complevi:
1837 2965 2070 3037 quodque
2091 2959 2243 3037 prap-

654 3039 732 3082 ter
756 3031 1058 3100 facilitatem
1084 3031 1251 3104 ipsum
1283 3033 1620 3104 intelligendi,
1649 3031 1653 3032 ⁷
1680 3031 1960 3099 Speculum
1986 3031 2242 3104 parvulo-

649 3108 768 3170 rum
799 3105 992 3157 vocavi.
1027 3102 1188 3170 Atqui
1220 3102 1413 3156 Paulus
1441 3102 1482 3170 l,
1513 3111 1570 3155 ut
1597 3113 1741 3157 recte
1768 3102 2076 3170 observant,
2125 3107 2238 3162 sedi

649 3169 908 3226 .‘tomante
959 3169 1170 3240 prteluit
1223 3171 1290 3226 ab
1341 3169 1482 3226 anno
1539 3171 1641 3227 757
1671 3174 1736 3226 ad
1767 3171 1892 3237 767,
1935 3189 2000 3227 eo
2034 3169 2237 3231 scilicet

650 3249 893 3314 tempore
920 3258 1026 3314 quo
1056 3243 1358 3298 Desiderius
1397 3241 1642 3314 inillalia
1683 3258 1859 3296 rerum
1911 3245 2226 3311 potiebatur.

649 3311 782 3385 Eam
836 3311 1078 3380 Aut'perti
1133 3313 1636 3385 commentationem
1685 3324 2032 3385 repraesentat
2075 3331 2231 3385 egre-

647 3379 977 3450 giumatque
1009 3383 1349 3438 veterrimum
1382 3383 1714 3437 bibliotheca:
1741 3379 2082 3439 Corbeicusis
2103 3379 2151 3450 εἰ,
2173 3402 2234 3441 o-

649 3449 910 3524 graphum
941 3453 1158 3524 duplex.
1191 3453 1698 3524 Priorisinscriptio
1736 3453 1836 3507 ista
1882 3463 1965 3509 est
1993 3473 2004 3508 :
2042 3449 2232 3524 Incipit

643 3520 863 3592 epistola
891 3523 1150 3576 Ambrosii
1175 3523 1411 3591 Autperti
1438 3525 1506 3576 ad
1536 3520 1856 3592 Stephanum
1885 3524 2022 3578 urbis
2056 3520 2234 3581 Romae

644 3591 935 3661 episcopum
958 3608 1051 3661 pro
1075 3593 1215 3646 libris
1237 3593 1364 3646 suis.
1391 3591 1679 3647 Exordiuin
1703 3593 1943 3660 epistolae
1966 3595 2043 3650 sic
2068 3614 2080 3648 :
2104 3596 2233 3652 Bea-

645 3660 1139 3734 tissimo_Stephano
1167 3663 1462 3734 Ambrosius
1489 3667 1762 3734 Autpertus
1793 3665 2079 3734 presbyter,
2123 3677 2228 3722 etc.

645 3728 696 3780 ls
723 3739 810 3802 est
837 3728 1141 3802 Stephanus
1165 3734 1371 3798 tertius,
1407 3733 1553 3788 Pauli
1583 3728 1883 3800 successor,
1915 3728 2064 3802 c'ujus
2101 3751 2230 3792 auc-

646 3797 917 3874 toritatem
936 3797 1232 3874 Autpertus
1259 3797 1516 3874 adversus
1556 3797 1946 3874 obtrectatores
1976 3797 2230 3874 scriptio-

647 3869 733 3944 _n_Zs
760 3869 1284 3944 s_ua:_]amjmlgatte
1331 3873 1657 3942 imploravit.
1699 3873 2018 3928 Posterioris
2064 3869 2229 3944 partis

645 3937 733 4015 hic
760 3937 943 4015 titulus
975 3959 988 3996 :
1019 3941 1084 3998 In
1107 3937 1309 3998 nomine
1334 3937 1526 3998 sanctae
1553 3945 1844 4009 Trinitatis,
1870 3945 2048 4015 incipit
2065 3937 2230 4013 expo-

642 4010 845 4084 uisionis
865 4013 1098 4082 Autperti
1118 4015 1394 4084 presbyteri
1408 4016 1462 4069 in
1478 4015 1817 4084 Apocalypsin
1843 4031 1962 4082 pars
1974 4010 2226 4070 secunda.

643 4079 777 4152 Quae
804 4079 988 4152 incipit
1013 4099 1042 4136 a
1073 4079 1210 4139 libro
1239 4079 1450 4152 quinto.
1478 4079 1531 4137 In
1566 4079 1852 4140 line't'lecst'
1880 4085 2118 4139 clausula
2166 4087 2227 4138 il-

641 4150 718 4214 la,
745 4150 1088 4222 quam—supra
1118 4169 1184 4209 ex
1207 4150 1362 4209 editis
1403 4154 1685 4212 Codicibus
1724 4155 2022 4208 retulimus.
2075 4155 2224 4223 Legi-

643 4234 763 4275 mus
791 4233 845 4295 et
877 4223 1150 4295 ltomiliam
1180 4224 1421 4290 ejusdem
1471 4226 1706 4295 auctoris
1737 4225 1788 4277 in
1819 4224 2027 4277 duobus
2073 4239 2226 4295 seque

641 4293 867 4361 :ctustis
898 4293 1255 4348 membraneis
1283 4295 1452 4361 libris,
1487 4293 1678 4348 laetam
1701 4296 1751 4348 in
1782 4295 2122 4361 Evangelium
2142 4293 2223 4350 'de

641 4356 1152 4432 Transtiguratione,
1205 4356 1482 4430 prtemisso
1513 4366 1614 4418 hoc
1654 4365 1806 4418 titulo
1838 4379 1852 4416 :
1886 4356 2079 4432 Incipit
2117 4368 2223 4419 ho-

639 4429 784 4504 milia
812 4429 1046 4504 Autperti
1073 4429 1353 4504 presbyteri
1380 4437 1445 4488 de
1484 4434 1696 4488 lectione
1733 4429 2013 4502 Evangelii
2044 4451 2219 4489 secun-

640 4498 770 4575 dum
817 4497 1140 4575 Matt/neunt,
1171 4497 1272 4575 qua
1298 4503 1550 4558 Dominus
1574 4505 1626 4557 in
1649 4513 1816 4557 monte
1835 4574 1839 4575 ν
1859 4497 2032 4575 coram
2059 4507 2219 4575 tribus

2263 3213 2310 3275 C

2371 581 2573 652 remus,
2600 581 2890 656 intelliges.
2933 581 3364 656 Sanehomilias
3401 581 3607 656 aliquas
3644 588 3944 656 evangelio-

2371 667 2488 707 rum
2516 655 2727 719 pulchra
2755 652 3416 723 sermonutndeclaratione
3457 655 3678 708 edidisse
3719 652 3946 723 Autper-

2370 732 2456 776 tus
2481 724 2675 796 dicitur
2701 724 2835 778 infra
2867 739 3014 796 num.
3043 720 3102 777 7.
3127 723 3183 777 ln
3212 721 3295 796 his
3319 736 3443 776 vero
3468 723 3723 790 operibus
3742 720 3948 796 presby-

2369 799 2446 866 ter
2479 795 2698 866 passim,
2741 793 2907 866 semel
2950 793 3384 866 tantumabbas;
3420 807 3632 866 semper
3667 793 3946 866 Autpertus

2368 862 2718 928 Autbertusvc,
2750 865 3036 934 aliqugndo
3057 862 3362 934 Ambrosius
3404 865 3679 929 Autpertus
3711 862 3946 918 in'libris

2370 947 2498 988 tnss.
2534 932 2853 1004 appellatur.
2886 932 2954 988 Et
2979 933 3191 1002 quidem
3215 933 3436 1004 necdum
3469 933 3633 988 abbas
3654 944 3789 998 erat,
3819 951 3942 989 cum

2369 1002 2726 1073 Apocalypsin
2751 1011 3144 1059 commentatus
3171 1011 3284 1068 est;
3315 1002 3574 1071 siquidem
3607 1004 3753 1058 Pauli
3795 1021 3945 1072 papa:

2369 1081 2609 1141 tempore
2636 1075 2874 1129 condidit
2899 1089 3017 1129 eam
3042 1073 3448 1141 expositionem,
3479 1073 3646 1128 abbas
3673 1088 3802 1130 vero
3844 1074 3942 1130 luit

2367 1141 2635 1213 Hadriano
2663 1145 2934 1213 pontiﬁce,
2957 1153 3014 1196 ut
3043 1144 3241 1209 patebit
3269 1141 3510 1197 inferius.

2437 1211 2492 1270 5.
2531 1211 2624 1268 Hls
2651 1211 2942 1283 przemissis
2974 1215 3041 1267 de
3069 1213 3310 1280 Autperti
3333 1213 3804 1283 lucubrationibus,
3832 1214 3922 1279 ju-

2378 1293 2470 1337 vat
2502 1282 2758 1338 nonnulla
2782 1284 3046 1352 dellorare
3067 1297 3131 1337 ex
3155 1283 3269 1349 ejus
3289 1284 3685 1338 commentariis
3715 1282 3781 1352 in,
3797 1287 3942 1352 Apo-

2364 1352 2631 1423 calypsin,
2667 1369 2786 1423 qua:
2813 1354 2879 1407 ad
2905 1351 3062 1423 facta,
3095 1353 3263 1423 Ipsius
3315 1353 3629 1407 illustranda
3657 1351 3942 1409 conferunt

2369 1421 2905 1491 plu‘rimurnIQuihus
2923 1421 3385 1477 studiis'addictus
3409 1423 3567 1477 luerit
3588 1424 3668 1477 vir
3693 1433 3938 1492 sanctus,

2363 1493 2603 1547 declarat
2629 1495 2776 1548 initio
2801 1492 2919 1547 libri
2966 1505 3059 1546 vm
3090 1492 3142 1545 in
3175 1493 3314 1547 hunc
3334 1493 3590 1547 modum:
3629 1493 3938 1550 llarissimas

2366 1569 2700 1616 tractatorum
2721 1564 2954 1628 ﬁdelium
2983 1564 3291 1627 invenimus,
3329 1578 3458 1631 quos
3481 1578 3584 1616 non
3599 1565 3775 1618 surculi
3801 1563 3940 1618 litte-

2363 1642 2541 1702 ratura
2562 1635 2704 1701 prius
2722 1634 2975 1698 imbuerit,
2999 1649 3152 1702 quam
3174 1635 3242 1686 ad
3265 1634 3467 1702 diuinas
3496 1635 3792 1687 transierint
3813 1651 3938 1688 enoa

2363 1700 2568 1773 dondas
2589 1704 2918 1773 Scripturas;
2947 1700 3168 1772 quosque
3199 1703 3262 1756 de
3289 1700 3524 1773 JEgypto
3553 1713 3794 1773 exeuntes
3831 1720 3937 1760 non

2363 1771 2738 1844 (Egyptiorum
2763 1773 2956 1844 divitia:
3007 1771 3422 1844 locupletassent,
3452 1781 3506 1825 ut
3541 1772 3932 1844 Hieronymum,

2365 1840 2725 1913 Augustinum,
2776 1840 3112 1912 Cyprianum,
3161 1841 3444 1913 Hilarium,
3493 1840 3836 1908 Ambrosium,
3888 1840 3934 1900 et

2362 1911 2496 1966 alios
2518 1916 2726 1981 multos,
2757 1911 2894 1982 quod
2916 1923 3082 1966 tamen
3114 1911 3239 1965 mihi
3260 1913 3438 1966 ultimo
3460 1913 3686 1966 omnium
3716 1915 3934 1969 evenisse

2357 1983 2564 2052 minime
2589 1998 2859 2052 cognosco.
2892 1982 3013 2036 Non
3040 1982 3172 2035 enim
3203 1994 3440 2036 oneratus
3463 1984 3654 2036 divitiis
3693 1986 3821 2038 exivi
3869 1986 3934 2039 de

2357 2050 2590 2121 (Egypto
2621 2050 2786 2120 :unia
2808 2069 3130 2122 nequaquam
3156 2069 3238 2106 me
3265 2055 3319 2106 in
3343 2053 3519 2106 schola
3547 2054 3824 2108 mandante
3844 2070 3933 2108 sa-

2356 2123 2560 2194 pientite
2579 2123 2772 2176 erudiri
2797 2121 3040 2194 contigit:
3055 2121 3203 2194 Nihil
3233 2123 3356 2176 mihi
3378 2123 3550 2189 Plato,
3579 2125 3709 2178 nihil
3722 2126 3928 2189 Cicero,

2354 2191 2483 2263 nihil
2513 2192 2790 2257 Homerus,
2837 2191 2970 2247 nihil
3000 2192 3268 2263 Virgilius,
3319 2195 3449 2246 nihil
3492 2195 3742 2256 Donatus,
3795 2196 3932 2248 nihil

2356 2258 2650 2332 Pompeius,
2683 2264 2812 2316 nihil
2831 2258 3221 2334 Servius,nihil
3245 2263 3478 2334 Sergius,
3507 2263 3635 2317 nihil
3685 2263 3930 2318 Priscia-

2353 2346 2452 2402 nus
2475 2334 2708 2386 contulit.
2755 2333 2861 2387 Sed
2884 2335 2927 2386 si
2955 2333 3079 2402 quid
3108 2335 3324 2401 fortasse
3349 2333 3546 2387 habere
3569 2334 3742 2387 videor
3761 2374 3776 2399 ,
3828 2336 3931 2388 hoc

2352 2403 2417 2454 de
2434 2401 2616 2457 horreo
2647 2405 2915 2456 dominicae
2951 2401 3327 2474 praedicationis
3369 2421 3402 2457 a
3450 2403 3650 2458 Christo
3676 2407 3930 2474 accepisse

2350 2486 2431 2524 me
2457 2474 2646 2542 fateor,
2673 2491 2772 2528 non
2800 2490 2898 2543 quo
2927 2473 3055 2526 mihi
3079 2484 3125 2527 et
3152 2490 3326 2528 eorum
3355 2475 3566 2527 scientia
3587 2475 3738 2544 fuerit
3761 2473 3926 2530 dent:-

2351 2553 2473 2615 gata
2501 2559 2521 2596 :
2545 2547 2633 2615 sed
2660 2560 2760 2615 quo
2816 2543 2934 2614 plus
2974 2545 3248 2615 delectatus
3292 2545 3388 2596 sim
3434 2545 3594 2615 verbis
3649 2544 3928 2598 humillimi

2349 2613 2642 2682 piscatoris,
2672 2612 2856 2682 'quam
2888 2614 3236 2682 superbissimi
3275 2612 3526 2679 oratoris;
3571 2615 3689 2681 plus
3736 2616 3927 2668 divinis

2348 2681 2671 2752 intenderim,
2705 2681 2855 2752 quam
2880 2681 3114 2737 humanis
3161 2684 3393 2752 eloquiis.
3428 2683 3508 2737 Ex
3537 2685 3732 2750 quibus
3760 2687 3925 2740 intel-

2348 2749 2560 2820 ligimus
2597 2749 2914 2820 Autpertum
2939 2769 2998 2808 se
3031 2764 3196 2808 tomm
3224 2749 3438 2808 dedisse
3481 2749 3723 2816 lectioni,
3753 2756 3925 2810 medi-

2347 2822 2558 2887 tationi,
2613 2839 2675 2877 ac
2732 2825 3091 2893 przcdicationi
3143 2839 3414 2878 sacrarum
3467 2823 3861 2892 Scripturarnm
3905 2845 3919 2880 :

2344 2904 2450 2963 quo
2480 2893 2697 2949 nomine
2749 2895 2908 2948 etiam
2969 2903 3184 2948 sanctos
3242 2894 3428 2948 Patres
3486 2894 3751 2960 intelligit,
3787 2911 3922 2963 quos

2343 2959 2632 3084 identidem
2656 2967 2806 3030 citat,
2836 2963 3105 3034 praecipue
3125 2965 3475 3034 Augustinum
3507 2973 3564 3018 et
3594 2959 3916 3035 Gregorium

2429 3048 2613 3084 unum.

2397 3045 2613 3093 agnum.

2412 3101 2466 3156 6.
2503 3103 2904 3160 Prmdicationis
2933 3106 3060 3160 item
3081 3104 3313 3159 studium
3343 3115 3732 3160 commemorat
3757 3120 3917 3162 suum

2344 3171 2495 3227 initio
2518 3173 2636 3228 libri
2667 3191 2740 3228 lli.
2771 3173 2986 3242 Joanni,
3021 3177 3122 3228 imo
3150 3175 3302 3228 etiam
3333 3173 3580 3229 Ecclesia:
3631 3178 3680 3228 in
3709 3175 3916 3231 Joanne

2343 3243 2530 3295 dicitur
2558 3259 2578 3297 :
2607 3247 2804 3312 Accipe
2826 3246 3015 3300 librum
3039 3253 3092 3299 et
3111 3247 3303 3300 devora
3328 3246 3496 3300 illum.
3526 3246 3718 3310 Quibus
3736 3249 3916 3313 utique

2335 3314 2859 3386 uerbisimemetipsum
2887 3317 3138 3386 loquendo
3157 3319 3402 3382 percutio,
3427 3319 3512 3383 qui
3533 3327 3739 3385 accepto
3761 3318 3914 3371 intel«

2335 3382 2524 3457 ligendi
2553 3382 2830 3457 ingeniolo,
2880 3382 3174 3457 plerumque
3197 3388 3341 3439 nulla
3363 3382 3568 3456 cogente
3618 3382 3912 3441 necessitate

2335 3469 2424 3526 per
2453 3455 2629 3508 inania
2658 3457 2831 3526 diﬁluo
2853 3455 2890 3518 ;‘
2911 3455 3202 3524 plerumque
3228 3457 3384 3510 etiam
3404 3455 3497 3509 sub
3541 3458 3744 3510 obtentu
3771 3473 3910 3524 prir-

2335 3522 2608 3578 dicationis
2634 3522 2818 3579 divina:
2863 3522 3192 3580 stecularibus
3240 3528 3359 3580 uiris
3403 3529 3519 3594 plus
3563 3543 3720 3596 quam
3766 3522 3910 3580 decet

2336 3596 2690 3668 familiaritate
2716 3598 3018 3668 conjungor.
3044 3596 3138 3650 Cui
3181 3601 3438 3668 contraria
3489 3599 3766 3668 opponitur
3791 3613 3908 3653 sen-

2335 3665 2490 3738 tentia
2517 3683 2620 3735 qua
2645 3665 2834 3721 dicitur
2857 3684 2874 3722 :
2907 3665 3225 3738 Sapientiam
3247 3667 3405 3720 scribe
3433 3669 3484 3720 in
3508 3665 3728 3738 tempore
3771 3670 3862 3720 otii
3887 3686 3906 3731 ς

2334 3745 2380 3807 et
2407 3737 2490 3802 qui
2514 3739 2796 3790 minoratur
2819 3749 2958 3801 actu,
2985 3737 3090 3806 ipse
3114 3738 3355 3807 percipiet
3380 3753 3512 3790 eam.
3565 3737 3674 3792 Sed
3726 3738 3777 3791 in
3804 3755 3908 3790 uno

2333 3804 2514 3856 horum
2543 3821 2656 3873 qua:
2677 3808 2805 3870 dixi,
2838 3804 3058 3859 occurrit
3089 3804 3230 3859 nobis
3249 3824 3431 3876 magna
3457 3809 3758 3872 consolatio,
3782 3810 3906 3876 quia

2331 3888 2428 3948 quo
2448 3877 2976 3948 propter__rnultorum
3007 3877 3277 3948 utilitatem
3300 3878 3551 3948 Λευκίω(
3574 3878 3803 3948 eaigente
3832 3881 3903 3932 ad

2331 3942 2435 3993 iuta
2464 3941 2841 4018 alescendimus1
2887 3959 2944 3994 eo
2988 3946 3214 4018 patenter
3240 3945 3307 3996 ad
3335 3961 3534 3996 smnma
3563 3941 3902 4018 inte'lhgenda

2331 4011 2683 4081 consurgimus
2813 4009 2955 4065 Inter
2978 4013 3085 4065 lucc
3112 4022 3282 4064 autem
3331 4029 3529 4066 necesse
3556 4027 3648 4076 est,
3702 4009 3757 4069 n't
3785 4035 3900 4073 cum

2331 4082 2574 4148 familiari
2599 4083 2987 4151 Scripturarum
3017 4083 3342 4134 meditatione
3366 4084 3433 4135 ad
3460 4084 3675 4152 officium
3703 4091 3898 4154 egredi~

2331 4154 2898 4224 murdprtedicationis.
2924 4166 3075 4224 atque
3098 4158 3162 4205 ab
3210 4154 3370 4222 ofﬁcio
3411 4154 3787 4222 prwdicationis
3833 4169 3900 4211 ad

2330 4219 2634 4294 familiarem
2665 4241 2866 4277 rursum
2899 4219 3286 4294 Scripturaruin
3311 4219 3691 4277 meditationem
3730 4243 3894 4280 rever-

2330 4293 2512 4356 timur;
2541 4293 2760 4347 sollicita
2799 4295 3120 4362 inquisitione
3167 4295 3499 4362 nosmetipsos
3525 4295 3889 4357 discutiamus.

2327 4373 2373 4434 et
2399 4379 2513 4432 qua:
2537 4367 2611 4416 vel
2656 4375 2848 4433 quanta
2887 4366 3010 4429 sint,
3042 4367 3096 4417 in
3149 4363 3328 4429 quibus
3348 4374 3434 4416 aut
3462 4366 3775 4434 proﬁcimus,
3807 4380 3892 4420 aut

2327 4432 2677 4487 detrimentum
2706 4436 2844 4504 passi
2870 4451 3046 4487 sumus
3071 4477 3084 4497 ,
3115 4435 3290 4501 sagaci
3342 4432 3621 4487 intentione
3664 4451 3888 4504 perpen-

2327 4504 2507 4556 damus
2539 4521 2550 4555 :
2575 4514 2815 4572 quatenus
2843 4505 2962 4556 hinc
2981 4506 3102 4556 inde
3123 4513 3168 4556 et
3191 4504 3463 4571 formidine
3481 4513 3528 4558 et
3548 4521 3637 4573 spe
3664 4506 3890 4560 animum

639 4572 907 4645 discipulis
933 4567 1329 4645 transﬁguratus
1356 4575 1660 4643 perhibetur.
1693 4575 1756 4628 Et
1781 4573 2020 4645 adductis
2044 4574 2212 4630 Evan-
2247 4567 2297 4626 D
2322 4567 2674 4641 pulsantibus,
2734 4590 2822 4645 nec
2857 4575 3013 4626 clutio
3043 4589 3132 4640 per
3184 4567 3410 4642 prwceps
3448 4567 3735 4645 impingat,
3794 4592 3887 4630 nec

637 4640 762 4714 gelii
795 4643 972 4698 verbis
1005 4661 1018 4696 :
1051 4640 1241 4712 Incipit
1267 4640 1478 4696 homilia
1506 4645 1753 4714 ejusdem
1781 4644 2009 4697 lectionis
2039 4646 2213 4702 habita

636 4711 708 4764 ad
743 4716 1017 4766 monachos
1051 4715 1104 4766 in
1140 4711 1445 4765 monasterio
1493 4711 1557 4768 εξ
1600 4714 1862 4768 Vincentii.
1894 4715 2038 4769 Solet
2085 4733 2208 4771 non-

635 4797 897 4848 nunquam
921 4784 1132 4843 evenire,
1159 4782 1263 4834 imo
1287 4799 1413 4850 pene
1439 4801 1633 4850 semper
1650 4787 1833 4850 evenit,
1867 4796 1922 4837 ut
1951 4787 2004 4839 in
2042 4788 2210 4840 domi-

634 4856 727 4926 bus
752 4865 929 4926 regum
957 4867 1018 4904 ac
1046 4852 1332 4926 principum
1370 4871 1491 4908 vasa
1529 4871 1684 4908 aurea
1715 4857 1790 4908 rcl
1818 4866 2052 4925 argentea
2094 4860 2212 4926 qni-

635 4920 760 4992 libet
786 4921 901 4992 vilis
926 4920 1164 4975 emundet
1188 4920 1337 4992 atque
1361 4926 1644 4990 despectus.
1699 4926 1832 4989 Quid
1879 4920 2046 4978 autem
2091 4920 2210 4978 s'unt

633 4991 792 5064 corda
819 4991 1092 5046 electorum
1118 4994 1170 5046 in
1199 4991 1374 5048 sancta
1405 4995 1655 5060 Ecclesia,
1687 5012 1838 5063 quam
1866 4997 2123 5064 qua’dam,
2154 5007 2208 5050 ut

633 5065 709 5116 ita
733 5063 970 5126 dixerim,
1003 5079 1123 5118 rasa
1153 5067 1366 5132 regalia,
1397 5079 1498 5124 etc.
1535 5067 1657 5119 llzcc
1691 5063 1904 5119 humilia
1947 5082 2204 5132 nusquam

635 5133 779 5202 typis
808 5134 1016 5204 vulgata
1045 5143 1149 5198 est,
1183 5137 1258 5188 uti
1289 5151 1388 5191 nec
1415 5138 1533 5189 alia:
1558 5137 1698 5203 dum,
1738 5152 1870 5205 quas
1906 5151 2062 5188 manu
2112 5137 2207 5190 de-

633 5205 862 5273 scriptas
891 5206 1164 5268 habemus,
1195 5220 1354 5260 unam
1382 5206 1450 5260 de
1477 5206 1866 5269 Purilicatione,
1902 5207 2116 5258 alteram
2141 5207 2206 5261 de

634 5276 1016 5346 Assumptione
1059 5276 1117 5346 Β.
1161 5275 1361 5330 Mariae.
1414 5276 1603 5330 Prima:
1649 5277 1923 5346 inscriptio
1955 5285 2009 5327 et
2044 5291 2204 5330 exor-

633 5344 780 5397 dium
809 5343 879 5398 ita
909 5355 987 5398 est
1019 5361 1034 5401 :
1067 5343 1249 5400 Sermo
1271 5347 1335 5399 de
1363 5347 1572 5399 lectione
1611 5347 1672 5401 S.
1713 5345 1998 5414 Evangelii.
2041 5346 2204 5400 editus

635 5431 667 5466 α
699 5415 889 5486 domno
906 5416 1137 5486 iAuberto
1173 5417 1461 5486 presbytero
1489 5426 1639 5485 atque
1666 5415 1844 5468 abbate
1869 5419 1919 5467 in
1945 5414 2202 5482 Puri/ica-

633 5489 770 5558 tione
799 5484 862 5558 S.
895 5485 1096 5558 Moriar.
1125 5484 1184 5541 Si
1208 5484 1452 5539 subtiliter
1478 5502 1509 5538 a
1539 5484 1770 5558 ﬁdelibus
1799 5502 1910 5554 qua!
1944 5487 2008 5538 sit
2052 5489 2201 5558 hujus

634 5555 736 5627 diei
793 5556 1036 5623 festivitas
1085 5558 1441 5627 perpendetur,
1481 5567 1584 5611 etc.
1627 5557 1858 5609 Alterius
1904 5572 2029 5610 Vt'l‘O
2076 5555 2198 5613 sic:

635 5625 815 5679 Sermo
857 5625 1092 5682 Autberti
1129 5625 1400 5696 presbyteri
1433 5629 1486 5680 in
1516 5629 1868 5693 Assumplione
1901 5628 1973 5682 S.-
1998 5627 2197 5683 .llarite.

635 5696 808 5758 Adest,
860 5694 1169 5750 dilectissimi
1223 5694 1426 5765 fratres,
1478 5699 1774 5752 venerabilis
1823 5699 1929 5751 dies
1974 5694 2234 5752 omninm’

633 5775 926 5817 sanctorum
961 5769 1300 5821 solemnitates
1347 5768 1659 5837 prchlens,
1691 5778 1794 5822 etc.
1827 5771 1942 5836 Quo
1981 5769 2034 5820 in
2083 5784 2199 5823 ser-

636 5848 793 5885 umne
825 5849 940 5904 quae
972 5837 1126 5893 luerit
1155 5841 1390 5907 Autyetti
1430 5841 1690 5894 sententia
1722 5838 1786 5894 de
1818 5839 2194 5908 Assumptionc

2318 4658 2524 4696 rursum
2550 4644 2833 4710 desperatio
2857 4645 2910 4695 in
2937 4645 3182 4712 profundi
3211 4647 3500 4714 voraginem
3528 4644 3743 4714 mergat.

2394 4717 2442 4768 7.
2476 4717 2587 4778 Qua
2620 4713 2824 4765 ratione
2852 4714 2917 4765 ad
2947 4714 3284 4767 scribendum
3315 4713 3572 4782 impulsus
3623 4716 3722 4780 sit,
3773 4716 3885 4783 ipse

2315 4784 2490 4851 aperit
2519 4784 2568 4835 in
2598 4786 2712 4851 ipso
2740 4784 2857 4837 libri
2883 4799 2896 4836 ι
2927 4784 3146 4838 exordio
3181 4801 3193 4837 :
3230 4784 3380 4848 Quod
3403 4785 3450 4837 si
3474 4800 3506 4836 a
3536 4801 3615 4838 me
3639 4787 3883 4847 queritur

2313 4868 2403 4905 cur
2430 4864 2694 4922 postquam
2737 4868 2908 4906 omnes
2939 4855 3266 4907 ecclesiastici
3310 4855 3581 4921 scriptores
3608 4855 3880 4923 siluerunt,

2313 4925 2407 4976 hoc
2435 4939 2586 4991 agere
2609 4939 2880 4994 prtesumo,
2911 4939 3025 4976 cum
3069 4924 3371 4977 humilitatis
3399 4925 3746 4989 satisfactione
3781 4927 3880 4980 cito

2310 4994 2594 5061 respondeo
2621 5010 2640 5047 :
2664 4995 2782 5060 quia
2821 4997 2887 5045 ad
2912 4994 3004 5045 hoc
3027 4994 3192 5060 ipsum
3220 4994 3388 5046 divina
3411 4996 3579 5063 gratia
3606 4996 3879 5064 impulsum

2311 5081 2390 5116 me
2417 5080 2522 5116 esse
2544 5081 2813 5132 cognosco.
2842 5063 2900 5116 Si
2946 5075 3114 5115 autem
3145 5065 3208 5114 de
3235 5065 3336 5115 vita
3362 5069 3645 5117 tractatoris
3667 5063 3878 5134 indigna

2308 5135 2648 5202 conqueritur,
2681 5135 2844 5198 potius
2883 5149 2974 5201 ego
2999 5150 3152 5200 quam
3183 5134 3270 5186 alii
3294 5135 3344 5185 in
3375 5134 3470 5185 hac
3498 5145 3640 5203 parte
3684 5152 3762 5188 me
3799 5154 3878 5190 re-

2309 5204 2582 5272 prehendo.
2617 5204 2722 5258 Sed
2752 5219 2852 5256 non
2877 5214 2948 5255 est
2999 5207 3106 5256 Deo
3148 5204 3432 5272 indignum,
3484 5221 3570 5272 per
3599 5205 3876 5270 hominem,

2305 5275 2400 5328 etsi
2447 5283 2792 5343 peccatorem,
2841 5283 3007 5327 tamen
3048 5283 3301 5342 utcunque
3349 5274 3693 5326 Christianum
3720 5316 3734 5339 ,
3780 5293 3876 5329 sna

2305 5347 2454 5398 verba
2483 5345 2796 5414 depromere,
2827 5345 2914 5413 qui
2943 5343 3139 5396 dudum
3181 5360 3268 5414 per
3297 5344 3568 5412 sacrilegos
3612 5356 3659 5398 et
3688 5347 3870 5413 impios

2306 5413 2642 5484 prophetarit.
2661 5414 2726 5467 Et
2755 5414 2805 5466 in
2831 5419 2934 5468 line
2958 5415 3073 5467 lihri
3091 5431 3117 5467 ι
3140 5413 3276 5468 :Sed
3300 5415 3523 5473 obsecro.
3547 5417 3614 5467 mi
3638 5413 3870 5478 Domine,

2303 5483 2480 5539 doctor
2527 5487 2827 5555 angelorum
2857 5494 2901 5537 et
2942 5486 3224 5543 hominum.
3253 5501 3316 5538 ne
3359 5491 3411 5537 in
3441 5483 3616 5537 talium
3663 5502 3872 5538 numero

2301 5565 2557 5626 computes
2595 5571 2711 5608 eum
2757 5559 2843 5623 qui
2893 5557 3290 5626 etm‘ndatiorem
3341 5556 3491 5608 vitam
3534 5571 3648 5607 cum
3682 5559 3871 5609 salubri

2301 5625 2533 5678 doctrina
2589 5629 2816 5692 arripere
2859 5627 3059 5695 quierit.
3089 5625 3156 5678 Et
3209 5628 3327 5692 quia
3373 5628 3465 5678 hoc
3496 5629 3663 5692 ipsum
3711 5627 3811 5678 nisi
3841 5645 3870 5678 a

2257 5691 2272 5704 '
2300 5705 2347 5747 te
2369 5697 2636 5766 acceperit,
2675 5698 2842 5765 facere
2871 5691 2971 5748 non
3017 5691 3228 5762 potest,
3261 5696 3347 5765 qui
3385 5691 3604 5749 tribuisti
3649 5697 3870 5750 scientia

2300 5768 2509 5827 donum,
2556 5781 2727 5831 quwso
2765 5778 2819 5818 ut
2863 5767 3056 5819 tribuas
3096 5767 3247 5819 etiam
3289 5767 3614 5831 voluntatem,
3646 5771 3869 5820 studnun

2300 5848 2448 5909 a'q'tc
2474 5838 2704 5892 virtutem
2727 5838 2969 5906 operandi
2989 5837 3192 5890 bonum.
3226 5839 3376 5904 Quod
3404 5839 3446 5891 si
3477 5837 3726 5905 voluntas,
3758 5849 3868 5893 stu-
