4090 6408
238 366 257 419 l
267 362 372 423 269

1377 362 1532 419 νην.
1568 362 1627 419 S.
1670 363 1990 420 AMBROSII
2032 364 2396 420 AUTPERTI.

3358 366 3490 422 1278

234 456 421 551 dium,
477 474 737 551 virtusque
800 475 1045 551 operandi
1108 477 1294 551 bonum
1318 493 1418 551 non
1490 478 1807 551 prosequitur
1834 482 1882 539 Α
1913 479 2010 551 niis
2032 493 2160 551 verte
2179 479 2299 545 ﬁdei
2318 480 2703 547 congruentibus
2731 480 2956 551 roborati
2997 492 3161 543 erant,
3191 485 3309 547 quia
3354 500 3482 551 pra:-

234 548 458 602 scientite
484 547 711 611 donum;
746 547 869 600 satis
896 547 1021 599 mihi
1056 554 1150 608 est,
1201 546 1432 609 Domine,
1474 546 1687 601 stultum
1715 549 1807 602 hec

234 619 492 699 belemque
533 632 663 699 esse;
685 614 903 699 ⁴ἐνείμω-⁸
926 618 1057 699 enim
1086 618 1201 699 ide?
1230 618 1448 698 patriam
1476 625 1807 699 parentesque

236 685 441 753 reliqui,
488 695 547 737 ut
572 685 697 738 mihi
727 686 951 740 scientia!
988 685 1127 739 dona
1168 686 1449 756 largireris.
1482 687 1569 740 sed
1594 696 1647 739 ut
1685 703 1809 756 per-

237 757 454 810 fectione
474 755 716 808 virtutum
744 756 809 807 ad
837 756 988 809 vitam
1030 755 1269 809 teternam
1312 756 1633 825 perduceres.
1668 755 1807 810 Nolo

232 835 367 880 certe
391 825 523 879 hanc
549 826 1012 880 commutationem.
1062 826 1211 889 Quod
1251 827 1295 878 si
1332 835 1542 891 utraque
1569 842 1675 879 non
1704 842 1811 879 me-

235 911 373 959 reor,
418 895 703 965 doctrinam
740 895 931 949 scilicet
984 904 1134 964 alque
1182 897 1525 959 operationem
1570 910 1590 949 :
1636 897 1806 965 aufer,

232 978 427 1032 quiusa,
455 964 763 1035 doctrinam,
794 972 992 1016 tantum
1022 974 1087 1035 ut
1115 966 1306 1017 tribuas
1339 966 1683 1035 Operationem
1711 964 1810 1018 vir-

235 1043 424 1089 tutum.
461 1034 671 1088 Utinam
715 1037 747 1087 ii
792 1035 881 1102 qui
916 1033 1107 1088 studiis
1164 1036 1330 1087 sacris
1362 1033 1643 1088 intendunt
1696 1035 1812 1088 ani-

236 1120 408 1169 mum,
436 1102 597 1158 simili
635 1104 886 1158 instinctu
929 1112 1242 1159 moveantur
1277 1105 1513 1158 omnes!
1544 1105 1694 1170 Quod
1722 1119 1811 1158 ve-

233 1173 643 1298 llm‘praecipue
692 1173 969 1229 attendant
1024 1174 1190 1230 nostri
1240 1174 1330 1243 qui
1369 1174 1559 1230 litteris
1604 1175 1813 1231 incum-

274 1259 342 1298 un
371 1281 389 1297 .

274 1252 389 1298 unt.

307 1312 363 1366 8.
387 1312 556 1379 Quam
576 1313 773 1369 sanctis
792 1312 1036 1368 Patribus
1058 1312 1216 1368 fuerit
1234 1312 1476 1367 addictus
1498 1313 1809 1381 Autpertus,

241 1383 487 1450 pluribus
508 1383 560 1437 in
595 1383 724 1438 locis
751 1392 1054 1448 attestatur,
1099 1385 1367 1450 praecipue
1396 1382 1447 1435 in
1479 1382 1583 1436 line
1630 1382 1748 1436 libri
1778 1400 1808 1437 χ

238 1453 322 1507 his
350 1453 528 1507 verbis
553 1470 566 1506 :
597 1455 858 1519 Quantum
896 1454 1063 1521 itaque
1087 1453 1165 1506 ad.
1188 1453 1309 1521 ﬁdei
1335 1453 1512 1506 attinet
1550 1454 1813 1505 rectitudi-

235 1539 375 1588 nem,
400 1522 477 1594 ita
503 1523 555 1576 in
583 1524 796 1594 singulis
826 1525 1085 1594 sententiis
1111 1534 1259 1594 cauta
1288 1531 1515 1594 servatur
1541 1523 1809 1594 expositio,

235 1602 291 1644 ut
315 1594 360 1645 si
386 1592 513 1661 forte
540 1609 618 1648 me
639 1592 851 1646 voluerit
870 1594 923 1646 in
948 1593 1026 1647 his
1053 1592 1417 1661 reprehendere
1443 1631 1458 1655 ,
1503 1592 1811 1661 reprenhen-

235 1662 328 1715 dat
365 1660 519 1733 etiam
545 1663 625 1733 (ut
648 1664 715 1717 de
740 1663 914 1717 multis
960 1660 1154 1730 paucas
1181 1660 1589 1731 commemorem)
1622 1660 1811 1733 I_Iiero-

235 1730 844 1803 nymum,_Augustinum,
861 1734 1202 1803 Ambrosinus,
1218 1741 1369 1797 atque
1380 1730 1607 1803 nostrum
1622 1730 1815 1801 Grego-

1910 549 2189 601 cedentium
2212 558 2543 602 tractatorum
2558 567 2704 603 sensu
2734 550 2992 617 vigebant;
3015 551 3296 604 humilitati
3317 549 3485 606 tamen

1913 620 2366 697 mea-prospiciens
2405 632 2540 697 peto,
2556 630 2619 697 _u_t
2642 629 2807 697 oestro
2828 621 2981 697 etiam
3003 622 3201 674 decreto
3226 622 3486 697 profuturi

1914 687 2049 753 firmi
2080 696 2336 749 maneant,
2365 690 2499 756 quod
2519 689 2747 759 videlicet
2779 690 2978 741 nullum
3020 700 3294 759 prreterme
3311 687 3491 744 'aliutu

1915 764 2238 809 tractatorem
2266 760 2423 825 fuisse
2446 760 2659 825 reperio.
2682 758 2787 813 Sed
2809 775 2910 811 non
2933 758 3043 811 ideo
3073 760 3275 813 libertas
3305 777 3489 813 succu—

1914 826 2061 898 buit,
2118 828 2239 898 quia
2292 828 2588 898 humilitas
2623 829 2942 895 semetipsum
2993 830 3145 883 libere
3198 832 3489 898 prostravit.

1915 895 1998 960 Qu
2023 896 2118 950 bus
2164 897 2216 967 in
2247 896 2441 967 verbis
2469 897 2595 951 illud
2627 900 2908 967 observant
2962 898 3179 967 dignum
3201 895 3208 898 ⁷
3230 908 3333 961 est,
3366 901 3494 955 Aut-

1917 974 2125 1031 pertum
2176 965 2350 1036 fuisse
2399 968 2627 1033 primum
2675 966 2763 1035 qui
2811 965 3042 1022 Romani
3091 968 3353 1036 pontiﬁcis
3393 970 3494 1024 de-

1914 1044 2140 1115 cretum
2174 1034 2224 1087 in
2278 1049 2496 1090 suorum
2560 1034 2812 1090 librorum
2880 1034 3341 1093 conﬁrmationem
3402 1053 3486 1095 re-

1918 1108 2190 1172 quisierit.

2008 1173 2095 1229 Io.
2153 1176 2433 1232 Postremo
2494 1174 2629 1229 adeo
2688 1190 2792 1229 non
2848 1175 3142 1245 refugiebat
3200 1178 3496 1233 studiorum

1916 1238 2147 1312 vigilias,
2202 1254 2257 1299 ut
2306 1245 2467 1299 etiam
2506 1246 2621 1312 ipse
2670 1238 3186 1309 susciperet'notarii
3232 1246 3489 1302 laborem.

1916 1313 2005 1384 Sic
2053 1316 2197 1368 enim
2251 1315 2325 1367 ait
2368 1318 2419 1368 in
2461 1315 2701 1368 oratione
2744 1313 2811 1367 ad
2848 1314 3011 1367 Deum
3061 1331 3073 1366 :
3138 1312 3205 1367 Et
3254 1317 3376 1384 quia
3438 1318 3491 1369 in

1917 1382 2012 1435 hoc
2060 1392 2164 1436 tant
2222 1384 2473 1437 laborioso
2527 1398 2678 1453 apere
2717 1384 3039 1437 notariorum
3087 1382 3275 1437 solatia
3318 1386 3497 1439 deesse

1917 1453 2040 1506 mihi
2085 1455 2352 1515 videntur;
2390 1452 2624 1520 obsecro,
2651 1452 2882 1515 Domine.
2910 1464 2965 1506 ut
3010 1469 3103 1508 nec
3150 1469 3333 1508 manus
3374 1470 3494 1509 ver-

1918 1522 2093 1574 borum
2139 1526 2450 1577 characteres
2496 1523 2748 1589 formans,
2802 1531 2891 1576 ant
2940 1524 3077 1578 visus
3105 1526 3325 1577 exterior
3350 1526 3498 1579 verba

1919 1590 2102 1645 litteris
2139 1594 2358 1659 [armata
2404 1592 2736 1658 conspiciens,
2781 1593 3199 1660 impedimentum
3251 1602 3494 1661 priestent

1917 1661 2061 1713 cordi
2087 1663 2221 1715 intus
2246 1672 2439 1716 secreta
2479 1664 2835 1730 mysteriorum
2856 1663 3060 1715 rimanti
3091 1679 3112 1716 :
3132 1664 3300 1730 sicque
3320 1665 3495 1717 cordis

1919 1731 2130 1784 intentio
2177 1734 2346 1803 vigilet
2400 1734 2722 1803 intrinsecus.
2770 1741 3016 1803 quatenus
3057 1732 3275 1801 oﬂicium
3317 1749 3497 1803 manus

238 1806 390 1879 rium.
441 1801 814 1879 Ubi_'obs_e_rv_a
868 1802 1184 1879 Gregorium
1216 1804 1283 1855 ab
1329 1816 1395 1857 eo
1418 1801 1523 1855 dici
1565 1812 1812 1879 nostrum,
1848 1801 2274 1879 Bnequaquam__
2296 1810 2493 1870 torpeat
2548 1802 2883 1879 extrinsecus.
2931 1802 3077 1879 lde_m
3128 1803 3320 1879 repetit
3347 1802 3500 1879 initio

240 1871 343 1926 hoc
392 1880 478 1941 est
528 1871 925 1926 Benedictinum
956 1871 1165 1941 {quod
1213 1881 1335 1925 ante
1384 1886 1468 1924 mc
1513 1871 1817 1941 adverterat

238 1940 537 2021 litterisque
577 1941 708 1994 mihi
756 1940 1151 2011 signiﬁcaverat
1184 1941 1248 1995 ν.
1278 1941 1339 1995 C.
1397 1940 1673 1995 Emericus
1730 1941 1815 1994 lli-

238 2020 433 2078 guttus.

310 2079 366 2134 9.
399 2079 512 2148 Etsi
561 2080 605 2133 is
646 2088 761 2135 erat
793 2083 1099 2148 Autpertus,
1132 2095 1237 2134 non
1276 2090 1450 2134 tamen
1490 2079 1702 2134 invidiae
1726 2095 1818 2133 cx-

238 2164 362 2218 pcrs
391 2147 511 2203 fuit.
543 2148 673 2203 Cum
704 2151 845 2204 enim
887 2147 1154 2218 vulgasset
1205 2151 1367 2202 libros
1398 2165 1522 2204 suos
1571 2151 1622 2203 in
1677 2152 1817 2218 Apo-

237 2219 501 2289 calypsin,
535 2219 789 2273 continuo
822 2236 1007 2289 passus
1038 2232 1121 2274 est
1166 2219 1580 2286 obtrectatores,
1615 2221 1809 2289 quibus

238 2288 441 2358 objecit
483 2289 737 2355 Stephani
788 2288 935 2358 [tapm
983 2291 1393 2352 auctoritatem,
1448 2304 1546 2356 qua
1600 2288 1659 2343 se
1703 2292 1815 2355 ipse

242 2358 456 2413 munire
483 2368 705 2414 conatus
731 2371 832 2415 est.
874 2362 1059 2414 Exstat
1086 2375 1151 2413 ea
1178 2360 1244 2413 de
1269 2374 1327 2414 re
1356 2361 1470 2426 ejus
1493 2359 1715 2421 epistola
1747 2359 1815 2413 ad

241 2428 593 2498 Stephanum,
645 2429 697 2482 in
726 2446 828 2499 qua
871 2430 1105 2484 defendit
1145 2432 1297 2482 totius
1345 2429 1585 2483 Ecclesia:
1610 2429 1816 2482 liberta-

240 2508 364 2563 tem,
396 2507 459 2551 ut-
481 2499 685 2553 scilicet
710 2500 1073 2567 unusquisque
1106 2508 1261 2566 prout
1307 2499 1539 2564 desuper
1588 2499 1812 2566 accepit,

244 2570 359 2622 sine
388 2567 606 2621 alterius
660 2573 1023 2624 controversia
1076 2571 1344 2623 volumina
1399 2569 1634 2623 ciindat:
1670 2584 1817 2622 eum-

245 2652 349 2702 que
375 2638 607 2692 affirmat
633 2642 982 2693 damnandum
1003 2640 1234 2703 censeri,
1263 2640 1487 2709 quisquis
1514 2640 1642 2693 hanc
1669 2640 1819 2693 liber-

246 2718 400 2762 tatem
444 2708 655 2773 spiritus
704 2711 903 2762 abolere
946 2724 1175 2762 conatur.
1212 2708 1281 2764 Et
1310 2710 1441 2761 infra
1477 2728 1488 2761 :
1538 2710 1720 2775 Nuper
1765 2710 1819 2762 in

246 2776 605 2847 .‘tpoca’ypsint
628 2776 847 2847 Joannis
877 2779 1046 2829 decem
1082 2780 1221 2831 edidi
1248 2779 1433 2839 libros;
1458 2790 1505 2830 et
1525 2794 1829 2847 quanqumt

243 2848 490 2915 suﬁiceret
511 2845 635 2897 mihi
658 2847 779 2915 quia
821 2858 1115 2899 sanctarum
1160 2845 1549 2914 Scriptururum
1596 2845 1819 2899 testimo-

1929 1870 2044 1923 libri
2100 1870 2149 1930 ν.
2208 1873 2398 1926 Mirum
2444 1880 2525 1926 est
2572 1886 2740 1935 sane,
2791 1878 2939 1924 tanto
2986 1871 3101 1925 viro
3129 1871 3293 1939 (quod
3337 1872 3501 1926 etiam

1927 1942 2213 1994 venerabili
2267 1942 2422 1995 Bedre
2464 1952 2517 1995 et
2570 1941 2734 1995 Paulo
2788 1941 3018 1994 Diacono
3064 1940 3324 1995 accidisse
3373 1942 3505 2009 legi-

1926 2013 2066 2081 mus)
2099 2010 2334 2065 defuisse
2392 2010 2631 2081 sodalem
2680 2011 2762 2081 vel
2809 2025 2993 2074 unum,
3038 2011 3125 2079 qui
3173 2011 3513 2081 excipiendisr

1924 2078 2042 2147 ejus
2068 2082 2344 2137 sententiis
2386 2095 2450 2135 ac
2486 2079 2641 2136 dictis
2671 2080 2939 2134 calamum
2968 2094 3032 2134 ac
3058 2078 3275 2134 manum
3294 2078 3495 2149 ’μοιτί-

1924 2158 2095 2217 geret.

1998 2220 2085 2272 lt.
2120 2218 2244 2273 litec
2271 2220 2392 2275 ideo
2433 2218 2598 2274 fusius
2643 2220 3018 2288 prtemisimus,
3050 2221 3188 2288 quod
3234 2233 3339 2272 non
3372 2220 3507 2274 satis

1925 2296 2082 2343 notus
2136 2289 2392 2345 hactenus
2436 2290 2592 2344 fuerit
2647 2290 2957 2343 Ambrosius
3011 2291 3331 2357 Autpertus;
3405 2304 3505 2344 nec

1924 2359 2160 2426 subjecta
2201 2360 2601 2427 Chronographi
2648 2359 2835 2412 relatio
2873 2357 3103 2413 sufﬁciat
3137 2358 3204 2412 ad
3241 2358 3506 2414 factorum

1925 2428 2038 2497 ejus
2067 2429 2609 2484 commendationem.

2006 2496 2091 2550 l2.
2143 2500 2257 2563 Quo
2286 2508 2526 2567 tempore
2574 2499 2858 2566 Autpertus
2910 2497 2960 2551 in
2997 2497 3346 2552 Vincentiauo
3388 2512 3504 2551 mo-

1928 2569 2161 2622 nasterio
2190 2568 2432 2635 ﬂorebat,
2467 2569 2534 2623 ibi
2574 2572 2734 2621 etiam
2768 2569 2990 2636 degebat
3019 2567 3239 2636 Magnus
3268 2608 3284 2632 ,
3332 2567 3513 2621 doctus

1928 2647 1974 2692 ct
2022 2641 2164 2692 miras
2204 2640 2643 2701 conversationis,
2695 2649 2751 2691 ut
2805 2637 2993 2707 legitur
3044 2637 3096 2691 in
3142 2640 3289 2692 Actis
3338 2639 3514 2691 sancti

1932 2706 2179 2777 ﬂalfridi
2208 2710 2416 2764 abbatis
2450 2708 2688 2762 Palatioli
2735 2706 2891 2777 supra
2924 2708 2990 2761 ad
3041 2723 3238 2761 annum
3268 2708 3393 2770 765,
3423 2710 3510 2760 cui

1931 2775 2189 2897 aiataith
2218 2778 2267 2829 in
2302 2779 2551 2832 ittS‘iluett
2576 2782 2625 2831 to
2654 2775 2903 2831 coenobio
2934 2792 3032 2831 suo
3055 2779 3267 2846 adjutor
3305 2777 3511 2832 exstitit

1931 2881 1941 2897 .
1983 2861 2169 2897 annus.

1930 2861 2169 2913 magnus.

1616 3080 1903 3142 INCIPIT
1952 3082 2135 3141 VITA

326 3234 377 3288 l.
420 3232 547 3300 Qua:
583 3230 648 3286 dc
680 3229 1018 3286 sanctissimo
1060 3228 1252 3284 abbate
1289 3229 1548 3298 Autperto
1602 3243 1831 3298 sequun-
1859 3228 1906 3292 c
1938 3242 2055 3281 rum
2087 3243 2207 3283 cum
2236 3228 2499 3295 puellares
2539 3234 2721 3297 ageret
2748 3238 2937 3292 annos,
2983 3224 3279 3280 litterarum
3332 3227 3519 3286 studiis

251 3331 372 3389 tur,
419 3336 596 3391 opera:
657 3320 883 3389 pretium
941 3334 1064 3374 rcor
1125 3319 1511 3399 aliquantulum
1569 3317 1833 3387 prolixius

248 3427 523 3469 enarrare.
560 3410 818 3480 Equidem
850 3427 955 3464 non
1001 3410 1215 3479 ambigo
1268 3424 1353 3463 me
1409 3408 1617 3463 meritis
1664 3409 1833 3477 ipsius

247 3502 389 3572 apud
419 3501 582 3555 Deum
628 3515 780 3568 posse
805 3499 998 3569 juvari.
1021 3498 1185 3569 Cujus
1223 3500 1509 3569 originem,
1541 3507 1713 3565 actus,
1748 3499 1831 3552 vel

248 3592 536 3647 adventum
565 3589 619 3642 in
649 3589 749 3643 hoc
776 3603 930 3643 sacro
960 3588 1210 3645 coenobio
1241 3588 1444 3642 Christi
1472 3588 1672 3642 Levita:
1703 3587 1833 3640 Vin-

246 3679 430 3747 eentii,
469 3678 657 3749 partim
685 3687 838 3732 vetus
868 3680 1131 3748 scriptura
1183 3678 1441 3744 tradidit;
1483 3677 1674 3747 partim
1705 3692 1833 3732 vero

248 3771 779 3830 sicutvenerabilium
803 3770 1018 3825 Patrum
1039 3769 1163 3824 ﬁdei
1183 3770 1443 3824 relatione
1463 3768 1620 3823 didici
1637 3770 1834 3837 pariter

247 3864 734 3936 comprehenderis,
770 3872 822 3919 et
848 3863 914 3917 ad
942 3862 1151 3917 laudem
1182 3862 1273 3916 Dei
1300 3861 1468 3917 nostri
1494 3861 1836 3929 omnipoten-

252 3960 321 4018 tis
358 3961 620 4028 scribens,
652 3962 885 4030 posteris
931 3957 1323 4030 perfectionem
1374 3964 1532 4011 rectae
1562 3953 1834 4024 religionis

258 4068 323 4108 ac
361 4054 668 4121 exemplum
700 4052 1014 4119 proferimus
1044 4046 1454 4119 perseverantiae
1479 4046 1608 4116 justi
1637 4046 1833 4100 laboris

254 4160 352 4214 pro
377 4136 471 4197 Dei
499 4156 683 4195 amore
719 4142 1117 4195 decertantibus
1147 4141 1199 4195 in
1242 4140 1380 4195 sacri
1411 4136 1641 4194 coenobii
1684 4135 1838 4189 iusti-

254 4240 421 4296 tutis:
453 4246 512 4291 ut
540 4236 844 4306 quicunque
892 4236 1181 4303 aSpiciens,
1238 4234 1398 4305 hujus
1448 4231 1837 4302 contempletur

259 4332 633 4394 nobilitatem,
695 4342 859 4395 seque
908 4329 1277 4393 quantociusa
1325 4326 1508 4382 saeculi
1563 4330 1840 4380 convertat

257 4422 530 4486 Vanitate;
565 4420 720 4487 hujus
742 4415 1024 4471 attendens
1055 4417 1387 4486 prudentiam
1420 4426 1474 4472 ct
1501 4416 1835 4479 charitatem,

256 4516 460 4573 avidius
487 4512 684 4567 Christi
725 4521 960 4567 sectetur
990 4510 1343 4564 humilitatem
1371 4528 1385 4575 ;
1418 4520 1471 4566 ct
1492 4525 1557 4565 eo
1584 4512 1752 4578 magis
1794 4507 1837 4561 si

1942 3316 2188 3383 traditus,
2237 3317 2360 3372 totis
2408 3315 2608 3371 viribus
2665 3316 2978 3370 innocenter
3029 3313 3228 3369 Christi
3273 3316 3520 3372 mandata

1937 3407 2266 3474 custodiens,
2300 3416 2405 3461 tam
2436 3406 2631 3461 divinas
2660 3420 2816 3475 quam
2848 3404 3132 3458 mundanae
3170 3403 3522 3475 philosophia:

1936 3511 2093 3551 verus
2115 3496 2322 3551 Christi
2356 3496 2706 3566 philoSOphus
2734 3495 2971 3549 efﬁcacia
3002 3494 3222 3562 adeptus
3262 3503 3364 3549 est.
3398 3495 3523 3550 Ροει

1941 3588 2081 3657 quod
2115 3589 2166 3641 iu
2198 3588 2360 3658 regali
2383 3587 2501 3643 aula
2528 3587 2663 3642 diva:
2686 3587 2958 3641 memoriae
2986 3585 3162 3640 Caroli
3188 3584 3522 3655 imperatoris

1937 3692 2262 3751 assumptus,
2287 3694 2409 3735 cum
2435 3696 2462 3733 a
2492 3678 2698 3735 cunctis
2726 3677 3058 3748 diligeretur,
3082 3675 3418 3746 maximeque
3454 3675 3523 3729 ab

1937 3773 2125 3828 eodem
2179 3774 2503 3843 imperatore
2558 3770 2771 3836 Carolo,
2820 3771 2933 3825 sive
2980 3770 3094 3838 ejus
3141 3770 3380 3839 genitore
3425 3769 3515 3839 pio

1940 3863 2184 3933 Pippino,
2210 3864 2374 3932 coepit
2406 3864 2645 3931 ejusdem
2691 3861 3028 3929 imperatoris
3069 3859 3321 3928 magister
3346 3867 3401 3914 et
3441 3859 3525 3913 in-

1939 3958 2154 4010 stitutor
2207 3967 2325 4008 esse
2370 3950 2853 4022 prudentissimus,
2899 3950 3172 4019 ipsiusque
3233 3948 3523 4016 imperialis

1937 4048 2070 4100 aula:
2103 4044 2600 4099 archicanccllarius
2633 4052 2657 4079 ει
2684 4056 2848 4109 supra
2878 4050 3101 4096 caeteros
3148 4038 3335 4095 haberi
3385 4046 3523 4094 stre-

1946 4136 2252 4191 nuissimus.
2286 4138 2349 4190 Iit.
2377 4150 2499 4189 cum
2549 4150 2578 4187 a
2606 4134 2816 4188 cunctis
2856 4138 3204 4187 veneraretur
3249 4138 3407 4200 atque
3438 4138 3517 4184 at-

1954 4228 2233 4283 tolleretur
2280 4225 2381 4281 sibi
2424 4226 2547 4296 jure
2601 4223 2773 4293 dignis
2829 4221 3077 4277 laudibus
3129 4220 3521 4290 praecipuisque

1940 4318 2249 4389 obsequiis;
2305 4326 2481 4371 tamen
2527 4315 2615 4369 ille
2646 4314 2715 4383 pii
2767 4312 2995 4382 pectoris
3023 4309 3421 4380 simplicitatem
3470 4314 3524 4362 et

1941 4430 2089 4485 purae
2140 4412 2418 4469 charitatis
2465 4408 2826 4465 sinceritatem
2870 4406 3204 4462 custodiebat
3248 4404 3525 4459 attentius.

2015 4509 2071 4562 5.
2113 4505 2221 4561 Sed
2271 4519 2392 4558 cum
2432 4501 2515 4557 his
2566 4501 2896 4568 temporibus
2935 4497 3321 4553 monasterium
3381 4496 3525 4551 beati

256 4609 439 4665 sreculi
467 4606 680 4662 divitias
706 4603 953 4658 alacriter
984 4601 1188 4656 studuit
1218 4602 1447 4667 calcare,
1480 4603 1550 4657 de
1580 4575 1834 4669 sibi'pro-
1865 4575 1919 4636 Β
1946 4595 2193 4664 martyris
2225 4593 2491 4648 Vincentii
2543 4605 2703 4659 super
2739 4588 2975 4642 Vulturni
3008 4586 3239 4641 ﬂuminis
3270 4585 3467 4638 fontem
3495 4600 3524 4637 a

257 4701 421 4756 missa
458 4699 511 4752 in
541 4696 694 4751 caelis
731 4709 760 4747 a
790 4693 1014 4747 Domino
1044 4693 1274 4760 gaudeat
1297 4692 1574 4746 felicitate.
1610 4693 1664 4748 Si
1709 4706 1836 4760 pau-

256 4806 354 4863 per
400 4803 527 4844 vero
581 4785 850 4857 propriam
919 4782 1303 4837 abrenuntians
1356 4781 1684 4836 voluntatem
1739 4780 1838 4834 sub

252 4882 384 4952 iugo
425 4887 625 4935 sancta:
670 4875 867 4946 regulae
918 4874 1025 4929 Deo
1053 4888 1113 4929 se
1144 4871 1414 4942 professus
1455 4880 1535 4927 est
1581 4872 1837 4936 militare,

257 4969 466 5028 noverit
485 4968 672 5039 sejam
712 4982 816 5022 non
839 4968 917 5022 de
949 4965 1185 5021 crastino
1212 4963 1412 5018 debere
1440 4963 1675 5031 cogitare
1699 4979 1713 5016 :
1744 4963 1837 5016 sed

260 5060 563 5117 meminerit
606 5056 856 5127 quoniam
908 5066 964 5111 et
1031 5054 1258 5110 humiles
1314 5052 1509 5122 spiritu
1577 5051 1836 5107 Dominus

260 5151 564 5224 dignabitur
607 5149 833 5205 salvare.

335 5242 394 5296 2.
419 5239 516 5295 ilic
536 5237 749 5306 quidem
779 5234 1150 5291 sanctissimus
1174 5234 1351 5299 Pater,
1383 5231 1674 5289 Galliarum
1718 5247 1842 5300 pro-

253 5331 451 5387 vinciis
478 5327 762 5395 ortundus,
813 5326 1122 5396 parentibus
1148 5324 1442 5379 admodum
1473 5322 1667 5378 Christi
1714 5323 1842 5377 reli-

253 5420 418 5492 gione
443 5429 496 5477 et
516 5417 696 5474 suculi
721 5416 979 5486 dignitate
1009 5413 1361 5479 clarissimus,
1395 5422 1451 5467 ut
1475 5410 1684 5466 luciferi
1714 5410 1845 5464 solis

195 5568 203 5589 λ
256 5511 443 5569 radius
494 5505 899 5565 Christianitate
943 5504 1262 5575 conspicuus
1306 5502 1519 5559 enituit.
1544 5502 1644 5569 Qui
1684 5498 1841 5555 nimi-

333 5632 360 5662 ει
385 5621 458 5679 Ut
484 5620 659 5677 Caroli
705 5615 863 5674 fuerit
905 5626 1221 5688 prmeeptqr,
1270 5622 1417 5688 certe
1452 5607 1835 5688 rarchicancel-

262 5694 427 5749 larius
452 5706 558 5747 non
611 5690 709 5745 fuit
760 5682 1178 5757 Autpertus,qui
1209 5686 1353 5754 prius
1381 5682 1673 5757 monachus
1714 5688 1833 5733 erat

267 5779 421 5835 quam
451 5762 672 5816 Carolus
708 5753 1013 5829 capesseret
1063 5753 1385 5813 Francorum
1431 5753 1735 5823 imperium.
1772 5758 1829 5803 ut

1941 4688 2141 4742 sanctis
2177 4684 2424 4741 Patribus
2468 4682 2720 4744 Paldone,
2764 4680 2969 4734 Tatone
3022 4685 3077 4731 et
3129 4676 3342 4730 'l‘asone
3381 4684 3526 4728 esset

1942 4784 2328 4841 constructum,
2382 4786 2678 4843 magnaque
2724 4770 2793 4824 ibi
2840 4778 3143 4824 sanctorum
3194 4765 3303 4820 Deo
3334 4762 3518 4817 famu-

1947 4867 2169 4921 lantium
2220 4863 2558 4934 congregatio
2614 4866 2993 4929 permaneret,
3042 4871 3159 4926 quae
3232 4851 3515 4923 praecipuis

1947 4972 2084 5025 pene
2112 4966 2237 5011 tunc
2263 4942 2708 5024 temporisltalias
2750 4949 3087 5005 monasteriis
3138 4946 3478 5015 praaferretur
3505 4985 3520 5009 ,

1951 5046 2145 5101 factum
2185 5053 2269 5100 est
2312 5052 2372 5099 ut
2405 5058 2591 5098 eorum
2618 5050 2815 5098 sancta:
2843 5036 3114 5107 religionis
3154 5033 3336 5103 opinio
3364 5032 3521 5103 longe

1950 5137 2163 5205 lateque
2210 5135 2490 5205 fragrans,
2533 5134 2692 5188 etiam
2761 5130 2927 5199 ipsius
2978 5124 3376 5183 clementissimi
3426 5123 3525 5175 im-

1951 5228 2212 5297 peratoris
2255 5226 2433 5283 Caroli
2486 5223 2793 5293 perveniret
2843 5222 2910 5276 ad
2959 5234 3134 5275 aures.
3186 5216 3285 5283 Qui
3331 5214 3556 5270 ductus.

1949 5319 2130 5374 divino
2176 5334 2381 5385 amore,
2426 5317 2796 5387 prmeipueque
2847 5325 3038 5369 suasus
3085 5311 3152 5366 ab
3189 5309 3378 5365 eodem
3424 5322 3525 5362 suo

1949 5410 2239 5465 venerabili
2301 5408 2556 5479 magistro
2616 5414 2672 5461 et
2735 5401 3202 5459 archicancellario
3243 5401 3520 5467 Autperto,

1952 5496 2197 5568 primitus
2218 5497 2432 5569 quidem
2453 5495 2610 5566 hujus
2635 5492 2900 5564 opinionis
2931 5492 3204 5548 veritatem
3248 5488 3527 5557 explorare

1944 5613 2238 5731 constatlex
2257 5605 2496 5663 clausula
2523 5600 2884 5675 Expositionis
2908 5600 2961 5657 in
2980 5597 3336 5671 Apocalypsin
3379 5604 3531 5662 super

1949 5682 2059 5731 rius
2087 5691 2143 5731 re
2166 5687 2273 5731 ata.

1949 5682 2059 5733 rius
2087 5682 2273 5732 relata.
