4090 6464
554 340 684 395 ηπ

1307 343 1364 397 S.
1405 341 1796 399 AMBROSIUS
1838 338 2253 396 AUTPEBTUS
2292 342 2846 402 BENEVENTANUS
2884 344 3127 403 ABBAS.

3672 349 3811 406 12Ἱὲ

551 454 745 516 voluit,
780 451 945 507 misso
972 450 1041 507 ad
1069 451 1210 506 idem
1265 454 1647 508 monasterium
1692 468 1790 508 suo
1836 452 2124 523 apocrisia-
2153 455 2205 511 Δ
2233 455 2410 509 multis
2438 456 2622 514 eﬁusis
2644 459 2907 530 iacrymis
2936 473 3035 530 pro
3060 458 3348 516 devotione
3377 462 3509 526 viri,
3544 462 3670 518 licet
3698 479 3813 518 ma-

553 547 655 612 rio,
681 546 876 601 dehinc
915 560 1105 615 magna
1161 547 1386 616 stipatus
1432 556 1646 602 caterva
1702 557 1976 616 potentum
2022 547 2133 600 Ro-

555 653 700 692 mam
722 639 958 703 veniens,
984 640 1048 693 ad
1081 640 1237 707 primi
1274 641 1530 710 principis
1570 640 1713 696 Petri
1744 641 1924 696 limina
1952 649 2131 696 oratu-

558 743 672 793 rus,
714 736 854 783 etut
900 729 1264 785 Ecolesiarum
1305 732 1485 801 populi
1531 742 1585 787 et
1624 732 1810 800 patrias
1862 731 2129 787 excidium

552 819 903 875 ulcisceretur
925 838 939 887 ;
963 822 1195 892 peractis
1216 822 1532 878 necessariis
1554 822 1868 887 rebus,cum
1893 823 2130 877 maxima

554 912 899 967 multitudine
928 921 1035 966 tam
1056 895 1427 982 religiosorum
1454 915 1826 982 episc0porum
1853 913 1938 967 vel
1967 912 2133 967 abba-

555 1017 690 1071 tum,
744 1019 905 1075 quam
951 1004 1289 1074 sequentium
1320 1004 1573 1059 comitum
1632 1018 1695 1059 ac
1740 1003 2132 1067 marehionum,

518 1096 622 1149 ’ad
655 1096 796 1152 idem
840 1097 1088 1168 dignatus
1133 1108 1221 1153 est
1266 1098 1523 1153 accedere
1568 1098 1948 1152 monasterium
1976 1137 1990 1162 ,
2043 1098 2133 1151 ubi

555 1185 790 1252 qualiter
831 1188 1150 1256 dignissime
1205 1202 1236 1243 a
1291 1189 1491 1243 sanctis
1538 1188 1783 1242 Patribus
1827 1197 2131 1256 susceptus,

555 1292 819 1347 quamque
850 1277 967 1346 ipse
1014 1278 1211 1334 ibidem
1242 1279 1514 1333 humiliter
1538 1279 1610 1333 sit
1647 1278 1943 1348 ingressus,
1989 1278 2043 1332 in
2076 1278 2136 1333 li-

558 1371 657 1423 bro
680 1377 706 1406 ι
738 1369 872 1423 Viue
899 1385 1086 1425 eorum
1116 1371 1327 1439 plenius
1353 1372 1656 1426 continetur
1682 1388 1698 1426 z
1728 1371 1869 1439 quod
1898 1386 1963 1425 es
1993 1385 2135 1440 prte-

554 1475 711 1531 cepto
739 1464 1161 1522 domniTasonis
1192 1468 1401 1521 abbatis
1430 1482 1460 1521 a
1488 1467 1777 1522 venerabili
1806 1467 1966 1523 Petro
1987 1481 2138 1535 pres-

554 1554 747 1624 bytero
778 1566 831 1610 et
860 1557 1125 1613 monacho
1153 1558 1290 1617 sacri
1330 1556 1561 1614 cmnobii
1588 1556 1717 1611 satis
1744 1556 1918 1612 lucide
1934 1555 2136 1612 descri-

562 1654 713 1712 ptum
736 1655 840 1700 est.

635 1737 691 1791 4.
745 1741 815 1792 At
864 1751 984 1792 cum
1042 1738 1182 1793 idem
1239 1739 1620 1793 serenissimus
1674 1741 1963 1806 imperator
2017 1747 2136 1805 post

2239 548 2358 615 guis
2388 551 2507 619 ejus
2537 550 2815 606 videretur
2843 551 3062 608 destitui
3092 551 3382 619 subsidiis,
3417 562 3595 607 tamen
3627 563 3818 623 postu-

2238 635 2375 689 latus
2421 652 2450 691 a
2501 639 2683 692 multis
2728 641 2914 695 annuit
2963 640 3289 709 impetratis.
3343 638 3514 710 Hujus
3561 642 3814 711 exemplo

2237 727 2453 798 plurimi
2485 746 2556 786 ex
2586 731 2707 785 aula
2736 733 2882 802 regia
2910 733 3115 788 militia:
3140 734 3414 802 cingulum
3443 734 3775 803 deponentes
3796 774 3816 798 .

2240 819 2291 873 in
2340 828 2529 874 sancto
2579 822 2875 890 proposito
2909 824 3185 892 religionis
3231 827 3284 878 ei
3330 824 3705 892 adhaeserunt,
3760 835 3819 880 et

2240 912 2418 965 omnia
2449 927 2569 981 quas
2600 913 2802 969 habere
2848 914 3193 981 videbantur,
3223 928 3283 970 ac
3311 915 3356 970 si
3385 930 3492 974 non
3536 917 3649 971 visa
3672 956 3689 982 ,
3722 931 3821 986 pro

2240 1000 2337 1055 Dei
2367 1016 2555 1057 amore
2584 1004 2798 1071 penitus
2828 1003 3174 1061 dimiserunt.

2309 1091 2364 1147 6.
2404 1090 2619 1148 Sancta:
2645 1094 2803 1163 igitur
2830 1095 3111 1165 religionis
3156 1097 3398 1152 habitum
3426 1098 3510 1152 vir
3537 1099 3634 1155 Dei
3663 1099 3822 1154 indu-

2240 1191 2326 1237 tus
2350 1221 2365 1245 .
2397 1183 2647 1238 omnibus
2675 1198 2738 1240 se
2769 1184 3083 1241 inferiorem
3125 1186 3201 1241 ita
3243 1188 3431 1244 intimo
3457 1188 3710 1246 credebat
3735 1191 3819 1245 sul

2236 1271 2414 1326 cordis
2440 1273 2634 1329 aﬁectu
2667 1316 2682 1339 ,
2716 1284 2773 1329 ut
2804 1276 2935 1330 nihil
2962 1279 3182 1332 omnino
3211 1279 3351 1335 scire
3377 1278 3397 1349 [
3421 1280 3543 1349 AL,
3574 1279 3820 1354 habere]

2239 1363 2443 1428 vellet,
2472 1374 2670 1433 praiter
2699 1382 2821 1436 qua:
2860 1368 2931 1422 ab
2976 1369 3173 1425 abbate
3216 1370 3481 1427 dabantur
3521 1373 3821 1443 quotidiani

2239 1455 2412 1510 victus
2442 1458 2743 1513 necessaria
2765 1497 2783 1526 ,
2814 1474 2937 1529 quae
2967 1463 3181 1531 quidem
3212 1472 3266 1519 et
3307 1463 3425 1533 ipsa
3469 1466 3681 1521 caeteris
3724 1481 3821 1536 pa-

2240 1546 2391 1601 ribus
2419 1561 2643 1605 sumere
2674 1551 2977 1611 videbatur.
3023 1552 3089 1608 Et
3115 1568 3241 1608 cum
3271 1565 3416 1611 esset
3444 1557 3495 1611 in
3528 1558 3646 1612 aula
3676 1556 3822 1627 regia

2238 1636 2527 1693 admodum
2559 1638 2823 1696 delicatus
2843 1683 2860 1709 ,
2894 1642 2968 1697 ita
2999 1644 3234 1713 seipsum
3261 1645 3452 1701 divinis
3481 1647 3824 1716 mancipabat

2239 1727 2515 1796 obsequiis
2545 1768 2561 1794 ,
2593 1740 2649 1784 ut
2690 1732 2836 1787 nulla
2871 1733 2948 1788 illi
2980 1733 3112 1788 hora
3141 1750 3305 1790 vacua
3346 1738 3684 1805 praeteriret,
3712 1753 3820 1807 qua

562 1828 701 1881 dona
760 1828 1040 1897 magniﬁca
1097 1843 1217 1898 quae
1270 1829 1467 1884 ibidem
1520 1795 1857 1894 contulerat,
1910 1837 2136 1897 postque
2173 1795 2326 1870 Bvel
2360 1819 2631 1875 insisteret
2659 1823 2923 1891 orationi,
2959 1824 3045 1880 vel
3092 1826 3147 1879 in
3195 1826 3426 1883 lectione
3472 1826 3653 1884 divina
3696 1828 3821 1899 eius

562 1918 791 1973 ﬁrmatis
855 1918 1018 1988 regali
1087 1928 1358 1989 prmcepto
1422 1922 1581 1990 longe
1642 1923 1852 1990 lateque
1917 1933 2134 1988 posses-

560 2008 841 2072 sionibus,
890 2018 1199 2063 sanctorum
1250 2011 1465 2065 Patrum
1516 2011 1754 2079 veStigiis
1802 2020 2131 2080 prostratus,

566 2099 786 2155 illorum
819 2113 879 2153 se
908 2099 1109 2155 diutius
1140 2102 1481 2157 orationibus
1519 2102 1936 2167 commendans,
1981 2116 2137 2156 sum-

558 2189 670 2256 ptis
713 2189 1177 2247 benedictionibus
1222 2192 1537 2248 festinanter
1580 2193 1743 2248 vellet
1788 2193 2023 2255 reverti;
2055 2193 2138 2246 vir

564 2282 777 2335 Domini
812 2282 1108 2352 Autpertus
1137 2286 1534 2353 contemplatus
1573 2287 1675 2354 pia:
1713 2285 2138 2339 conversationis

560 2372 807 2441 exempla
854 2373 908 2427 in
953 2374 1155 2428 sanctis
1206 2375 1456 2429 Patribus
1498 2376 1787 2429 admodum
1821 2376 2135 2436 mirabatur,

558 2464 780 2532 jamque
808 2464 925 2541 ejus
948 2465 1158 2520 animus
1188 2465 1335 2521 hisce
1356 2467 1587 2522 similem
1614 2468 1727 2522 ﬁeri
1750 2468 2135 2524 delectabatur.

559 2554 672 2609 Hoc
700 2556 935 2626 denique
965 2558 1184 2612 evoluto
1217 2568 1463 2627 tempore
1493 2556 1544 2624 δ,
1580 2558 1803 2613 Carolus
1850 2561 2139 2628 imperator

565 2645 925 2700 Beneventum
952 2662 1235 2716 aggressus
1262 2648 1467 2702 diutina
1499 2648 1781 2704 obsidione
1810 2651 1955 2704 cives
1981 2665 2141 2705 vesa-

564 2735 689 2802 bat,
742 2735 836 2789 sed
883 2735 931 2791 ei
980 2737 1045 2789 ad
1095 2736 1413 2809 capiendum
1466 2738 1686 2792 omnino
1731 2740 1859 2797 urbs
1904 2738 2140 2794 difﬁcilis

563 2837 697 2881 erat.
754 2827 957 2882 Interea
1008 2827 1222 2883 Arichis
1272 2829 1441 2898 ipsius
1483 2831 1714 2886 civitatis
1759 2832 2009 2902 princeps
2054 2834 2140 2900 pia

558 2919 991 2975 consideratione
1020 2920 1215 2974 civium
1257 2921 1418 2975 saluti
1457 2923 1783 2987 consulens,
1815 2923 1953 2977 datis
1995 2922 2141 2977 obsi-

563 3008 719 3064 dibus
764 3008 971 3064 duobus
1016 3010 1201 3066 liberis
1245 3025 1367 3065 cum
1416 3026 1482 3065 eo
1534 3013 1840 3079 paciscitur.
1881 3012 2010 3066 inde
2051 3027 2139 3067 re-

2240 1909 2450 1962 animus
2482 1921 2807 1967 versaretur.

2318 2000 2371 2051 7.
2415 1998 2684 2071 Denique,
2718 2012 2775 2058 ut
2800 2004 3195 2074 comperimus,
3228 2007 3484 2077 plurimos
3512 2017 3821 2064 sanctarum

2238 2087 2639 2157 Scripturarum
2668 2093 2836 2149 libros
2859 2097 3125 2164 exposuit.
3159 2098 3289 2152 Nam
3308 2098 3606 2153 Leviticum
3627 2099 3822 2169 Moysi,

2239 2181 2458 2236 Cantica
2512 2183 2844 2252 Salomonis,
2895 2187 3142 2244 Psalterii
3198 2190 3358 2245 ﬁores
3413 2190 3661 2245 melliﬁua
3692 2205 3820 2245 sua-

2241 2274 2438 2337 vitate,
2489 2291 2608 2344 qua:
2661 2278 2713 2330 in
2769 2278 2852 2332 his
2899 2280 3078 2334 divina
3127 2290 3377 2336 maneant
3418 2295 3610 2336 arcana
3637 2294 3819 2335 sacraa

2242 2373 2585 2433 mentorum,
2636 2383 2821 2437 quaeve
2867 2371 3281 2442 uniuscujusque
3327 2372 3498 2428 ﬁdelis
3539 2371 3821 2442 disciplina

2242 2473 2492 2527 morum,
2525 2461 2644 2515 sive
2685 2462 2881 2517 Christi
2915 2451 3223 2519 observatio
3252 2465 3623 2520 mandatorum
3644 2507 3659 2533 ,
3693 2477 3822 2519 suo-

2243 2564 2362 2603 rum
2394 2551 2704 2606 edisserens
2745 2552 2999 2620 patefecit
3042 2553 3363 2608 documento
3392 2555 3702 2609 verborum.
3734 2553 3823 2609 Li-

2241 2642 2397 2697 brum
2427 2659 2637 2713 quoque
2666 2642 2736 2699 de
2763 2644 3025 2699 Conﬁictu
3055 2645 3301 2699 vitiorum
3330 2644 3379 2711 ά,
3413 2646 3509 2699 sed
3549 2655 3606 2699 et
3647 2644 3824 2699 homi-

2244 2731 2343 2788 lias
2393 2735 2601 2803 aliquas
2651 2733 3069 2805 Evangeliorum
3121 2737 3342 2807 pulchra
3388 2751 3605 2791 suorum
3651 2735 3822 2791 edidit

2242 2825 2608 2882 declaratione
2638 2842 2977 2885 sermonum.
3009 2827 3182 2883 Vitam
3215 2832 3374 2883 etiam
3405 2828 3681 2882 beatorum
3709 2825 3815 2880 Pa-

2243 2928 2385 2974 trum
2418 2919 2698 2985 Paldouis,
2732 2920 2986 2985 Tatonis,
3025 2932 3079 2975 et
3124 2920 3384 2989 Tasonis,
3430 2934 3551 2974 cum
3596 2916 3821 2974 historia

2243 3011 2326 3063 sui
2359 3011 2668 3065 monasterii
2716 3012 2871 3079 plena
2918 3011 3178 3066 relatiOne
3228 3011 3570 3075 describens,
3615 3009 3821 3064 cunctis

567 3100 726 3155 diens
769 3102 1078 3172 imperator,
1129 3102 1190 3156 Β.
1226 3102 1501 3157 Benedicti
1532 3103 1919 3157 monasterium
1950 3103 2136 3171 petiit,
2169 3140 2216 3204 ρ
2250 3099 2302 3154 in
2332 3102 2633 3170 exemplum
2660 3102 2939 3157 monachis
2967 3104 3039 3158 ita
3074 3102 3354 3170 proponit,
3389 3110 3443 3154 ut
3471 3100 3668 3155 divina:
3694 3115 3818 3153 ntu-

564 3191 898 3249 orationibus
936 3207 1215 3248 servorum
1249 3192 1343 3247 Dei
1372 3208 1431 3247 se
1460 3194 1877 3257 commendans,
1911 3194 2139 3262 plurima

567 3282 642 3336 ibi
674 3282 813 3345 dona
846 3282 1071 3352 largitus
1104 3295 1220 3351 eet,
1250 3293 1304 3338 et
1332 3283 1595 3353 imperiali
1624 3295 1891 3353 praecepto
1916 3300 2142 3354 quaeque

562 3378 920 3447 possederant
964 3379 1304 3434 conﬁrmavit
1328 3420 1343 3447 ,
1394 3380 1695 3450 adjungens
1727 3390 1782 3435 et
1811 3381 1913 3435 alia
1948 3381 2143 3441 multa.

565 3468 649 3529 Ad
682 3471 1069 3528 monasterium
1099 3486 1315 3542 quoque
1347 3469 1546 3526 Christi
1591 3472 1842 3543 martyris
1874 3473 2142 3529 Vincentii

562 3561 702 3619 datis
726 3577 791 3616 ex
820 3571 970 3631 parte
998 3577 1093 3621 sua
1125 3563 1333 3631 magnis
1364 3564 1696 3630 muneribus,
1721 3575 1828 3618 tam
1858 3565 2143 3623 venerabi-

566 3654 672 3707 lem
708 3654 879 3709 virum
911 3656 1235 3723 Autpertum
1259 3699 1274 3720 ,
1307 3671 1465 3725 quam
1493 3665 1549 3712 et
1578 3656 1916 3727 magniﬁcum
1947 3656 2139 3712 Ethe-

566 3743 703 3798 rium
730 3750 752 3778 ο
796 3742 1093 3806 imperialis
1120 3759 1273 3811 mque
1296 3745 1431 3800 aulae
1462 3745 1794 3815 Magistrum,
1831 3754 2143 3800 reverenter

570 3834 889 3899 transmisit,
922 3836 1014 3905 qui
1045 3849 1140 3891 sua
1177 3837 1261 3905 pia
1293 3846 1417 3891 vota
1467 3836 1693 3893 ﬁdeliter
1725 3836 1821 3895 Dei
1847 3837 2017 3892 servis
2050 3839 2143 3892 de-

552 3921 786 3983 ferrent.
1756 3914 1759 3917 ’

631 4016 683 4071 5.
726 4015 878 4071 Tunc
916 4031 1046 4088 ergo
1090 4016 1422 4075 venerabilis.
1443 4019 1532 4073 Dei
1570 4018 1797 4073 famulus
1828 4020 2137 4087 Autpertus,

560 4104 759 4159 ductus
787 4120 974 4161 amore
1004 4115 1205 4161 sanctae
1235 4109 1539 4179 religionis,
1572 4107 1944 4177 imperialibus
1976 4109 2141 4163 vesti-

559 4196 666 4266 giis
714 4197 1063 4267 semetipsum
1110 4209 1493 4268 prosternens,
1523 4209 1646 4255 orat
1670 4216 1729 4254 se
1758 4200 1868 4269 jam
1905 4200 2011 4254 Deo
2045 4200 2145 4255 mi-

561 4288 841 4343 litalurum
892 4288 1097 4344 relictis
1146 4284 1430 4346 mundanis
1476 4292 1788 4347 tumultibus
1832 4292 1884 4346 in
1921 4291 1977 4348 Β.
2017 4292 2145 4347 Vin-

561 4379 727 4433 centii
756 4381 1086 4435 monasterio
1118 4397 1286 4451 usque
1315 4383 1383 4437 ad
1412 4381 1573 4437 ﬁnem
1620 4382 1743 4436 vita:
1786 4382 2144 4440 libentissime

2248 3208 2378 3249 nere
2425 3191 2702 3248 Trinitatis
2732 3232 2747 3257 ,
2810 3201 2917 3246 tam
2974 3194 3244 3261 prmeipue
3297 3193 3613 3257 charitatis,
3664 3205 3827 3259 quam

2245 3298 2433 3345 amore
2485 3299 2584 3353 pro
2629 3282 2846 3337 Christo
2894 3285 3255 3353 paupertatis,
3290 3294 3398 3337 tres
3442 3282 3564 3337 illos
3608 3282 3830 3342 Fratres

2244 3376 2521 3444 speculum
2551 3374 2806 3436 ostendat
2834 3389 2956 3428 esse
2985 3389 3345 3443 normamque
3372 3373 3605 3428 vivendi.
3640 3370 3825 3428 Testa-

2245 3474 2333 3520 tur
2365 3464 2468 3519 hoc
2497 3467 2657 3520 etiam
2683 3464 3018 3519 venerandus
3042 3465 3245 3521 Paulus
3276 3465 3547 3520 Diaconus
3575 3465 3629 3520 in
3658 3464 3827 3518 histo-

2244 3558 2321 3610 ria
2353 3571 2511 3624 quam
2542 3556 2611 3615 de
2637 3556 3113 3627 Longobardorum
3138 3557 3374 3615 adventu
3406 3565 3533 3612 tunc
3565 3556 3823 3625 temporis

2243 3646 2298 3701 in
2332 3647 2532 3701 Italiam
2563 3647 2886 3716 descripsit,
2922 3648 3010 3703 ubi
3041 3648 3291 3705 eumdem
3320 3648 3491 3702 virum
3523 3647 3827 3703 eruditissi-

2244 3753 2391 3792 mum
2432 3741 2749 3808 Autpertum
2774 3780 2790 3807 ,
2838 3748 2892 3795 et
2938 3739 3180 3809 ejusdem
3232 3739 3545 3795 monasterii
3581 3737 3831 3793 abbatem

2244 3828 2414 3885 fuisse
2440 3833 2799 3887 commendat.

2317 3922 2372 3977 8.
2414 3921 2607 3977 Fertur
2651 3932 2909 3991 praeterea
2953 3922 3077 3991 quia
3122 3935 3241 3975 cum
3288 3920 3516 3989 quadam
3558 3920 3647 3975 die
3686 3919 3831 3975 idem

2245 4014 2593 4073 ﬁdelissimus
2631 4014 2789 4069 Pater
2827 4017 3118 4081 Autpertus
3160 4012 3214 4067 in
3255 4011 3479 4067 ecclesia
3526 4010 3699 4065 beatae
3727 4010 3829 4065 Dei

2245 4106 2524 4177 genitricis
2570 4106 2753 4160 Maria:
2794 4105 3002 4172 prolixe
3044 4105 3273 4159 Domino
3317 4118 3504 4171 preces
3547 4102 3831 4167 funderet,

2247 4203 2302 4248 et
2330 4193 2571 4248 eamdem
2605 4193 2696 4247 Dei
2727 4192 3043 4262 genitricem
3090 4193 3276 4247 sedulo
3317 4192 3682 4261 interpellaret
3711 4206 3833 4246 ora—

2250 4295 2342 4350 tu,
2392 4294 2452 4339 ut
2496 4284 2597 4338 sibi
2645 4285 2839 4356 linguae
2884 4284 3235 4339 dissertitudo
3281 4284 3567 4353 largiretur
3612 4283 3833 4354 (fuerat

2247 4376 2445 4447 quippe
2491 4374 2878 4446 aliquantulum
2910 4374 3259 4444 impeditioris
3288 4372 3543 4443 linguas),
3576 4384 3703 4427 tunc
3742 4387 3831 4428 su-

560 4470 860 4538 persistere
903 4471 1070 4538 velle,
1118 4487 1181 4526 ac
1225 4488 1325 4542 pro
1372 4473 1539 4542 ipsius
1585 4474 1924 4540 imperatoris
1969 4476 2141 4533 salute
2175 4498 2229 4559 Β
2253 4465 2367 4519 hilo
2397 4476 2681 4537 δοροηῑυε
2721 4472 2850 4559 ³11ῐῆ
2871 4479 3085 4559 530ml“
3115 4463 3316 4529 auare.
3348 4464 3541 4559 δόξεθδρ
3567 4464 3676 4559 εξῖὶήΔ
3699 4479 3833 4519 0οη·-

562 4561 673 4618 Deo
702 4577 762 4619 se
792 4563 979 4619 donari
1010 4565 1310 4634 proposuit.
1359 4563 1511 4629 Quod
1543 4563 1835 4633 imperator
1865 4567 2092 4623 audiens
2122 4614 2139 4639 ,

630 4702 657 4730 ⁸
688 4694 791 4750 lste
820 4695 974 4758 liber,
1001 4705 1059 4749 ut
1088 4695 1305 4762 quidem
1334 4704 1602 4762 putamus,
1627 4696 1800 4752 adhuc
1825 4700 1875 4751 in
1905 4702 2141 4755 tenebris

557 4762 714 4827 latet;
746 4781 903 4839 quem
926 4766 1127 4817 utinam
1151 4765 1345 4834 aliquis
1374 4767 1459 4820 vel
1502 4768 1641 4837 typis
1667 4768 1926 4839 vulgaret,
1958 4773 2041 4826 vel
2071 4774 2142 4827 ad

555 4848 653 4888 nos
682 4837 1088 4888 transmitteret.

601 4902 654 4941 δ
696 4903 791 4956 llic
834 4913 1134 4974 temporum
1178 4906 1419 4960 ordinem
1461 4910 1738 4974 perturbat
1783 4918 1990 4964 auctor.
2037 4911 2141 4964 Ca-

553 4974 703 5047 {olus
746 4972 1234 5047 testeﬂginltardo
1277 4972 1581 5032 Arichisum
1626 4980 1952 5047 impugnavit
1996 4995 2139 5034 anno

551 5041 658 5114 786
682 5088 697 5111 ,
740 5051 796 5097 et
833 5042 915 5114 (si
948 5043 1109 5114 Leoni
1141 5044 1437 5101 Marsicano
1467 5047 1516 5100 in
1544 5041 1803 5105 Chronic‘i'
1826 5051 2137 5103 Casinensis

555 5112 648 5166 lib.
683 5112 1028 5185 1,7ca'p.‘i2,
1073 5116 1391 5181 credimus)
1440 5116 1690 5175 Casinum
1743 5121 2013 5185 proiectus
2058 5128 2144 5173 est

552 5196 695 5255 anno
724 5183 851 5237 774.
896 5183 1209 5253 Quanquam
1262 5188 1441 5255 potius
1487 5190 1686 5249 accedo
1719 5183 1884 5243 Paulo
1915 5188 2141 5241 Warne—

551 5250 672 5328 [ridi
705 5269 801 5307 seu
830 5256 996 5328 cuivis
1025 5250 1116 5328 alii
1146 5250 1354 5328 auctori
1380 5298 1394 5322 ,
1423 5259 1578 5325 cujus
1605 5260 2038 5328 supplementum
2069 5259 2137 5312 ad

551 5323 838 5397 l_listoriatn
871 5324 1345 5397 Longobardorum
1387 5323 1565 5381 exstat
1592 5323 1730 5395 apud
1764 5328 2141 5397 Marquardum

554 5392 848 5467 Freherum
880 5394 931 5447 in
962 5392 1192 5467 corpore
1244 5392 1640 5451 llistoricorum'
1680 5392 1916 5463 Francf,
1949 5398 2000 5451 in
2033 5416 2139 5467 quo

553 5463 668 5539 lucc
696 5466 856 5517 verba
888 5466 1085 5539 :Anno
1114 5464 1220 5539 7_87
1251 5467 1470 5539 carolus
1503 5484 1594 5521 rea:
1635 5467 1858 5522 Romam
1896 5463 2099 5523 veniens
2122 5514 2137 5539 ,

549 5531 603 5606 in
647 5541 833 5606 terram
880 5530 1149 5606 Beneuenti
1192 5537 1457 5606 profectus
1498 5549 1609 5601 est,
1657 5541 2022 5593 monasterium
2071 5530 2135 5596 S.

552 5598 816 5679 benedicti
843 5604 992 5657 adiit.
1027 5598 1346 5679 Lambertus
1370 5598 1871 5679 Δδωῐιηιὶηινεθιιείε
1911 5625 2141 5667 consen-

552 5670 637 5723 tit.
684 5670 975 5745 Et_tamen
1020 5675 1316 5741 Autpertus
1364 5676 1470 5743 jam
1523 5670 1763 5745 plurib'us
1811 5692 1938 5738 ante
1983 5683 2138 5740 annis

554 5743 897 5797 monasticam
932 5744 1089 5800 vitam
1124 5748 1404 5818 amplexus
1437 5743 1585 5815 erat,
1622 5764 1682 5803 cx
1716 5749 1897 5808 dictis.

2252 4556 2412 4627 Spicit
2467 4560 2520 4611 in
2574 4557 2783 4612 visione
2837 4555 3205 4610 beatissimam
3272 4563 3327 4610 et
3384 4556 3831 4624 gloriosissimam

2286 4740 2287 4743 η
2324 4708 2345 4734 ο
2389 4696 2445 4748 In
2489 4693 2735 4758 exemplo
2783 4693 2849 4746 ad
2879 4707 2977 4764 nos
3000 4694 3320 4748 transmisso
3347 4693 3622 4764 legebatur
3651 4695 3831 4748 Alcai-

2249 4780 2412 4825 num;
2442 4773 2495 4815 at
2527 4763 2857 4830 praeferenda
2889 4763 3005 4817 haec
3034 4765 3252 4819 Chesuii
3282 4763 3458 4819 lectio.
3511 4764 3565 4817 In
3599 4766 3829 4832 epistola
3914 4766 3921 4769 ’

2248 4834 2392 4888 Pauli
2442 4848 2590 4900 papae
2635 4832 2701 4886 ad
2742 4834 2991 4887 Carolum
3035 4835 3315 4902 Magnum,
3348 4850 3467 4900 quae
3495 4836 3635 4901 apud
3679 4835 3825 4889 Che-

2246 4904 2420 4957 snium
2453 4903 2505 4956 in
2538 4913 2682 4957 tomo
2712 4904 2780 4958 Ill
2813 4906 2947 4958 Ilist.
2984 4904 3173 4957 Fraue.
3202 4913 3285 4957 est
3324 4904 3517 4959 ordine
3548 4904 3651 4969 44,
3683 4905 3821 4958 dici-

2250 4982 2336 5026 tur
2359 4992 2371 5026 :
2406 4972 2634 5027 ltherius
2664 4990 2781 5027 cum
2808 4979 2916 5029 suis
2941 4975 3305 5028 concomitibus
3333 4985 3381 5027 et
3408 4973 3617 5042 reliquis
3648 4974 3826 5028 Caroli

2248 5043 2413 5097 missis
2460 5060 2551 5111 pro
2581 5046 2911 5112 exsequendis
2935 5044 3285 5112 faciendisque
3301 5046 3543 5112 justitiis,
3574 5045 3627 5098 in
3656 5053 3830 5115 partes

2247 5110 2591 5186 Beneventani
2619 5118 2836 5170 ducatus
2865 5118 3123 5186 profectus
3152 5129 3292 5169 esse.
3427 5185 3430 5186 ν

2295 5129 2591 5168 eueventant
2619 5129 2836 5170 ducatus
2866 5129 3123 5170 nrotectus
3152 5129 3292 5169 esse.

2325 5134 2591 5168 uevemant
2619 5134 2836 5170 aucams
2865 5134 3123 5186 protenus
3152 5134 3292 5169 esse.

2321 5183 2349 5222 ά
2388 5187 2471 5239 Au
2500 5186 2589 5239 ille
2618 5188 2706 5252 qui
2735 5186 2874 5242 inter
2902 5184 3179 5241 subdititia
3210 5185 3492 5253 Augustini
3525 5199 3692 5252 opera
3726 5200 3828 5239 ex-

2248 5265 2352 5310 stat
2384 5256 2484 5309 hoc
2516 5258 2730 5309 nomine
2780 5259 2832 5311 in
2884 5267 3029 5311 tomo
3075 5253 3179 5321 IX,
3211 5256 3301 5323 qui
3349 5257 3509 5309 etiam
3559 5258 3610 5310 in
3662 5256 3832 5325 pluri-

2250 5327 2348 5381 bus
2402 5340 2532 5380 mss.
2595 5326 2883 5381 Codicibus
2942 5328 3002 5382 S.
3052 5326 3336 5380 Ambrosio
3380 5327 3833 5381 tribuitur?tLi-

2248 5397 2400 5455 brum
2445 5396 2561 5464 ejus
2608 5398 2675 5450 de
2720 5398 2884 5466 gestis
2929 5396 3217 5459 l’aldonis,
3248 5407 3352 5451 etc.
3386 5396 3634 5452 dedimus
3662 5413 3829 5465 supra

2248 5469 2313 5543 ad
2339 5482 2542 5543 _an_nu_m_
2574 5466 2698 5543 729,
2731 5469 2819 5543 qui
2852 5468 2989 5543 liber
3032 5467 3276 5543 laudatur
3318 5482 3346 5543 a
3394 5467 3563 5522 Paulo
3595 5466 3831 5543 Warne-

2249 5538 2369 5591 fridi
2405 5536 2457 5590 in
2490 5537 2582 5591 lib.
2617 5537 2684 5590 Vl
2722 5536 2792 5592 de
2839 5540 3003 5607 gestis
3035 5537 3540 5605 Longobardorum,
3575 5553 3694 5606 cap.
3728 5538 3822 5601 40,

2247 5608 2337 5662 ubi
2358 5611 2669 5676 Autpertum
2687 5609 3089 5663 eruditissimum
3108 5608 3271 5663 virum
3290 5610 3543 5677 appellat.
3570 5609 3645 5663 De
3673 5623 3824 5663 com-

2248 5681 2509 5733 mentario
2530 5678 2646 5747 ejus
2671 5679 2725 5734 in
2748 5680 3105 5749 Apocalypsin
3129 5688 3184 5734 et
3205 5681 3273 5749 de
3300 5678 3517 5733 humilia
3542 5679 3595 5735 iu
3620 5677 3824 5734 Trans-

2249 5751 2560 5819 tiguratione
2583 5750 2757 5805 habita
2782 5748 2977 5806 dictum
3005 5765 3184 5819 supra.
3204 5748 3408 5805 Caetera
3435 5752 3607 5808 adhuc
3636 5751 3823 5807 latent.
