4090 6426
267 329 290 382 Ι
303 329 409 386 ξῖδ

1387 328 1541 386 νιτΑ
1579 329 1636 382 S.
1679 326 2000 384 AMBROSII
2041 330 2409 388 AUT‘PERTI.

3382 329 3518 385 1974

261 439 448 498 mundi
491 437 770 492 Dominam
803 406 1112 509 perpetuam
1143 441 1402 510 virginem
1432 440 1680 504 Mariam,
1715 439 1833 493 laeta
1862 439 2094 497 A-Melfa
2126 460 2141 508 ;
2174 453 2229 497 et
2257 443 2710 513 quemadmodum
2742 441 2986 498 decurrit
3015 442 3130 512 ipsa
3159 440 3316 500 Mella
3346 455 3519 514 usque

262 531 400 586 lacie
454 539 508 584 et
562 528 700 582 ultra
750 529 879 583 solis
930 531 1270 598 splendorem
1321 532 1670 599 rutilantem,
1718 546 1837 599 quae

259 621 416 691 quasi
448 634 692 674 annuens
736 619 1082 688 deprecanti,
1117 623 1290 691 tetigit
1319 622 1456 675 labia
1495 620 1614 690 ejus
1641 640 1653 674 :
1685 636 1839 677 eum-

261 728 365 779 que
414 711 484 764 de
536 711 840 779 pavimento
887 726 1106 780 surgere
1152 712 1379 781 jubens,
1421 712 1677 780 deinceps
1725 726 1838 764 sua:

262 804 435 858 laudis
485 815 609 858 vota
665 807 1002 873 persolvere,
1035 820 1098 859 ac
1143 805 1407 873 prmconia
1455 806 1732 870 attollere,
1779 813 1839 856 ut.

261 897 373 962 ipsa
400 895 512 964 jam
557 895 994 962 desideraverat,
1037 907 1252 961 monet,
1302 912 1468 968 seque
1508 897 1584 952 illi
1624 911 1838 964 semper

261 996 586 1055 praesentem
620 988 810 1042 adesse
842 990 1104 1057 promisit.
1153 989 1332 1044 Laetus
1361 1005 1490 1058 ergo
1519 989 1589 1044 de
1632 989 1840 1042 visione

259 1093 521 1148 surgens,
577 1096 698 1148 quae
756 1082 933 1136 luerat
976 1082 1193 1151 jussus,
1245 1098 1339 1137 ore
1393 1081 1625 1138 facundo
1677 1082 1842 1151 erepit

261 1175 571 1240 persolvere
611 1175 829 1242 laudes,
871 1185 927 1231 et
967 1176 1207 1230 carmina
1246 1177 1406 1247 digna
1437 1175 1698 1232 reddebat
1727 1175 1840 1229 ala-

259 1268 336 1320 cri
367 1267 550 1320 corde.

331 1358 388 1414 9.
427 1360 524 1414 llic
570 1359 728 1414 Pater
779 1369 998 1414 sanctus
1040 1376 1162 1415 cum
1210 1360 1263 1414 in
1308 1359 1497 1414 eodem
1545 1358 1839 1414 venerabili

261 1452 588 1506 monasterio
632 1450 852 1520 pretiosi
901 1451 1152 1521 martyris
1197 1451 1396 1504 Christi
1440 1450 1700 1504 Vincentii
1744 1465 1841 1518 per

259 1542 446 1612 plures
487 1555 658 1596 annos
691 1541 916 1596 Domino
947 1543 1273 1608 deserviret,
1303 1542 1521 1610 jamque
1547 1541 1754 1596 cunctis
1783 1541 1838 1596 in

259 1635 565 1704 exemplum
614 1635 754 1689 foret
800 1644 952 1689 recte
998 1635 1251 1698 vivendi;
1301 1633 1552 1689 deluneto
1599 1633 1838 1702 ejusdem

257 1735 464 1780 sanctze
518 1726 952 1794 congregationis
1013 1725 1306 1781 venerabili
1357 1725 1550 1782 abbate
1598 1725 1834 1790 Joanne,

1941 533 2049 598 ibi,
2082 533 2514 602 conjungiteum
2548 548 2714 602 parvo
2743 533 2964 588 ﬂumine
2993 533 3084 602 qui
3115 533 3309 588 dicitur
3337 534 3519 590 Mella-

1939 623 2118 687 rinus,
2151 634 2204 678 et
2231 624 2428 680 abhinc
2458 625 2510 678 in
2558 625 2813 679 verticem
2857 626 3052 679 montis
3093 626 3183 694 qui
3227 633 3312 678 est
3353 639 3520 695 super

1940 715 2125 770 urbem
2145 754 2162 779 ,
2193 725 2248 770 et
2275 729 2431 770 mons
2475 715 2591 784 ipse
2627 715 2928 785 appellatur
2957 715 3180 769 Barbola
3201 755 3218 780 ,
3247 727 3301 771 et
3330 731 3521 784 super-

1940 807 2120 862 cilium
2151 808 2390 876 ejusdem
2437 808 2636 862 montis
2666 823 2832 876 usque
2879 809 2931 862 in
2980 809 3216 863 Montem
3249 809 3516 862 Arcanum

1940 909 1991 953 et
2021 898 2252 952 Montem
2283 897 2505 953 Marthae
2534 906 2874 967 montemque
2903 897 3116 962 Casale,
3148 913 3351 967 eosque
3380 898 3517 951 ultra

1941 1000 2152 1045 montes
2172 990 2512 1065 extrinsecus
2540 992 2942 1048 eireumdantes
2971 1032 2985 1054 ,
3019 991 3072 1044 in
3106 992 3317 1045 hortum
3352 1005 3518 1059 usque

1941 1083 2166 1152 riaginis
2191 1097 2308 1151 quze
2336 1082 2640 1136 nominatur
2667 1083 2972 1136 Bavennola
2996 1081 3132 1154 [Al.,
3159 1081 3514 1152 Ravennola],

1940 1181 1995 1226 ct
2024 1172 2473 1242 quemadmodum
2502 1172 2741 1228 decurrit
2775 1173 2889 1239 ipsa
2925 1173 3226 1227 Bavennola
3258 1187 3426 1241 usque
3459 1171 3514 1224 in

1941 1265 2158 1318 ﬂuvium
2191 1263 2508 1316 Vulturnum
2527 1305 2540 1328 ,
2571 1273 2624 1318 et
2665 1263 2932 1330 quomodo
2961 1261 3264 1316 Vulturnus
3293 1260 3521 1330 conjun-

1941 1355 2017 1424 git
2045 1370 2167 1408 eum
2197 1355 2358 1408 ﬂuvio
2385 1353 2609 1418 Vautra,
2632 1364 2686 1407 et
2705 1354 2842 1408 sicut
2866 1352 3064 1407 Vantra
3094 1353 3369 1423 conjungit
3395 1369 3518 1407 cum

1940 1446 2105 1500 ﬂuvio
2127 1445 2304 1500 Foruli
2331 1486 2345 1509 ,
2373 1453 2426 1498 et
2447 1445 2715 1512 quomodo
2743 1444 2969 1499 Forulos
2993 1446 3253 1512 percurrit
3275 1459 3440 1512 usque
3466 1446 3517 1497 in

1943 1544 2080 1596 viam
2111 1544 2382 1612 antiquam
2403 1582 2416 1606 ,
2449 1551 2503 1596 et
2530 1540 2655 1594 inde
2687 1541 3118 1609 conjungit'cum
3156 1540 3336 1592 Biurio
3371 1538 3476 1608 [ΑΙ.
3501 1579 3516 1601 ,

1944 1632 2116 1704 Βίνίο]
2161 1633 2252 1703 qui
2303 1633 2606 1686 nominatur
2644 1631 2882 1697 Gizzoli,
2923 1641 2976 1685 et
3006 1630 3126 1684 inde
3159 1630 3302 1683 vadit
3343 1631 3394 1684 in
3446 1632 3522 1684 ri-

1946 1739 2066 1777 vum
2087 1764 2101 1788 ,
2133 1723 2185 1778 in
2217 1737 2321 1794 quo
2352 1739 2456 1776 non
2486 1738 2699 1792 semper
2727 1737 2862 1792 aqua
2890 1723 3127 1777 decurrit
3155 1739 3170 1786 ;
3220 1731 3275 1776 et
3321 1723 3398 1776 sic
3429 1738 3544 1782 vas

255 1817 384 1872 licet
426 1817 622 1873 invitus
649 1829 705 1874 et
735 1819 1005 1885 renitens,
1034 1819 1176 1872 sacri
1210 1819 1485 1887 regiminis
1514 1818 1686 1872 locum
1718 1824 1841 1885 post
1871 1796 1914 1854 Β
1943 1813 2019 1866 dit
2050 1827 2216 1882 usque
2248 1812 2300 1865 in
2333 1812 2622 1881 Sangrum.
2657 1812 2723 1866 Et
2752 1812 2930 1865 omnia
2977 1812 3198 1866 castella
3242 1809 3375 1865 intra
3419 1811 3521 1865 hos

258 1918 504 1964 sanetum
549 1909 838 1964 Paldonem
888 1911 1150 1976 septimus
1179 1919 1206 1948 ι
1237 1911 1352 1979 ipse
1393 1913 1648 1978 suscepit.
1679 1909 1834 1964 Nam-

231 2014 364 2069 .que
388 2016 452 2055 ex
481 2009 609 2055 tunc
635 2011 936 2070 susceptam
966 2004 1142 2072 gregis
1170 2017 1354 2058 curam
1388 2002 1459 2056 ita
1489 2002 1649 2071 digne
1677 2016 1838 2070 agere

257 2091 569 2158 satagebat,
598 2101 656 2144 ut
683 2092 892 2146 cunctis
919 2103 1106 2160 aperto
1133 2093 1367 2147 ccclesiis
1395 2093 1553 2160 Regis
1585 2093 1838 2146 thesauro

259 2197 418 2237 veras
468 2184 682 2237 divitias
731 2185 1018 2238 mundanis
1067 2184 1258 2254 opibus
1307 2184 1666 2252 praeferendas
1713 2183 1836 2237 ﬁdei

261 2276 547 2330 devotione
589 2276 1052 2344 agiliuseapere,
1097 2293 1203 2330 non
1247 2278 1423 2330 solum
1453 2277 1833 2340 sermonibus,

260 2364 352 2417 sed
398 2366 559 2417 etiam
602 2365 704 2419 sibi
747 2364 1016 2434 subjectos
1059 2365 1172 2420 suis
1207 2367 1426 2419 doceret
1469 2365 1742 2429 moribus,
1783 2372 1837 2418 et

257 2453 432 2509 l'orma
482 2455 637 2510 ﬁeret
688 2457 874 2526 gregi,
919 2460 1057 2512 sicut
1100 2459 1286 2512 beatus
1329 2459 1487 2512 docet
1529 2457 1832 2528 Apostolus.

256 2545 357 2603 llic
405 2561 635 2617 namque
673 2563 703 2602 a
749 2549 924 2618 dignm
968 2549 1246 2604 memoriae
1288 2550 1485 2603 Carolo
1514 2550 1837 2619 imperatore

259 2636 518 2706 inclytum
566 2639 650 2692 sui
695 2637 1004 2692 monasterii
1048 2647 1381 2708 praeceptum
1411 2636 1439 2676 δ
1469 2638 1700 2694 obtinuit
1739 2638 1838 2692 bu-

253 2727 488 2797 jnsmodi
515 2743 532 2780 ε

332 2839 353 2873 ‹
387 2821 442 2875 In
478 2817 694 2875 nomine
723 2820 936 2875 Domini
978 2821 1074 2876 Dei
1118 2821 1285 2875 nostri
1316 2821 1443 2875 Jesu
1473 2819 1704 2884 Christi,
1735 2821 1843 2874 Οτι-ι

255 2912 406 2968 rolus
449 2912 628 2967 divina
673 2912 958 2966 ordinante
1003 2911 1293 2966 clementia
1339 2911 1669 2965 Francorum
1717 2925 1829 2964 rex.

257 3003 393 3058 Cum
437 3003 787 3072 petitionibus
827 3002 1168 3057 sacerdotum
1200 3010 1256 3056 et
1283 3015 1560 3056 servorum
1592 2999 1685 3055 Dei
1714 3014 1835 3068 quae

259 3095 328 3149 ad
377 3104 589 3148 nostras
637 3108 793 3148 sures
843 3093 1230 3148 insinuaverint
1275 3091 1598 3154 adnuimus,
1645 3101 1700 3145 et
1741 3105 1834 3144 cas

260 3200 382 3239 cum
418 3185 508 3238 Dei
539 3183 738 3239 auxilio
777 3185 843 3238 ad
889 3185 1141 3238 eﬂ‘ectnm
1183 3183 1566 3252 perducimus;
1608 3196 1713 3236 non
1741 3194 1833 3236 so-

261 3279 374 3331 lum
419 3279 620 3348 regiam
664 3277 1105 3332 consuetudinem
1154 3291 1502 3340 exercemus,
1534 3274 1629 3329 sed
1678 3273 1838 3329 etiam

260 3380 366 3424 tam
396 3369 462 3421 ad
497 3367 778 3436 praesentis
806 3369 928 3421 vitae
959 3369 1372 3436 prosperitatum
1402 3405 1418 3430 ,
1451 3363 1718 3433 quam'ad
1761 3365 1840 3417 lu-

263 3471 399 3514 tura:
425 3459 810 3513 beatitudinem
837 3472 944 3512 non
974 3458 1180 3512 minimi
1205 3457 1550 3512 emolumenti
1572 3455 1837 3510 addimus.

260 3552 468 3628 Idcirco
501 3563 690 3606 netum
722 3552 792 3605 sit
821 3551 1074 3606 omnibus
1104 3551 1350 3605 ﬁdelibus
1387 3557 1587 3604 sancta
1617 3548 1709 3602 Dei
1740 3549 1843 3603 Ec-

255 3643 470 3709 clesiae,
516 3650 572 3698 et
614 3643 815 3697 nostris
861 3642 1217 3711 praesentibus
1264 3641 1470 3695 scilicet
1498 3655 1562 3694 ac
1607 3639 1836 3707 tuturis,

256 3735 384 3803 quia
413 3736 496 3788 vir
525 3735 850 3790 venerabilis
880 3735 1193 3804 Autpertns,
1223 3745 1405 3788 orator
1435 3744 1640 3801 noster,
1673 3734 1840 3789 abbas

255 3827 314 3881 S.
347 3825 615 3882 Vincentii
659 3827 836 3882 levita:
864 3836 918 3882 et
951 3827 1199 3898 martyris
1229 3825 1463 3891 Christi,
1493 3826 1634 3896 quod
1677 3827 1839 3880 situm

259 3926 344 3971 est.
372 3919 422 3971 in
455 3919 727 3972 territorio
758 3919 1136 3974 Beneventano
1164 3935 1326 3989 super
1369 3919 1588 3974 ﬂuvium
1625 3918 1844 3973 Vultur-

266 4025 394 4064 num
419 4049 433 4074 ,
464 4024 492 4060 a
523 4009 679 4063 nobis
712 4010 836 4063 illnc
863 4011 1161 4064 destinatus
1192 4021 1429 4064 nostram
1461 4011 1703 4064 exoravit
1731 4009 1845 4063 cle-

258 4101 554 4162 mentiam,
588 4107 645 4150 ut
675 4109 937 4165 praecepta
970 4115 1154 4168 regum
1199 4113 1261 4152 ac
1299 4099 1493 4153 ducum
1525 4099 1842 4167 Longobar—

262 4193 452 4245 dorum
502 4189 764 4259 Aystulﬁ,
814 4189 1111 4253 Desiderii,
1159 4197 1322 4259 atque
1367 4189 1596 4255 Gisulﬁ,
1644 4196 1842 4243 nostra;

256 4279 684 4336 conﬁrmationis
732 4289 1002 4348 praecepto
1032 4280 1508 4345 conﬁrmaremus,
1543 4279 1843 4349 adjungen-

262 4381 345 4427 tes
392 4372 464 4425 illi
518 4371 775 4441 quidquid
826 4372 980 4425 nobis
1033 4383 1214 4438 aptum
1263 4381 1318 4426 et
1366 4386 1660 4440 congruum
1719 4385 1842 4426 esse

1943 1907 2110 1970 lines,
2159 1915 2214 1959 et
2257 1905 2444 1970 villas,
2493 1914 2548 1958 et
2591 1904 2754 1958 silvas
2799 1906 3001 1973 positas
3043 1920 3164 1958 cum
3197 1903 3420 1957 ecclesia
3458 1904 3517 1956 Β.

1942 1995 2083 2050 1⁷οιτί
2129 1994 2354 2064 apostoli
2402 1995 2570 2064 posita
2614 1995 2667 2049 in
2719 1996 2836 2049 loco
2877 1995 3025 2050 'l‘rite
3073 2007 3095 2033 ε
3124 2038 3138 2060 ,
3181 1995 3408 2049 ecclesia
3457 1996 3520 2049 S.

1941 2084 2120 2140 Maria:
2168 2085 2221 2139 in
2266 2086 2563 2153 Apianice;
2613 2086 2836 2140 ecclesia
2884 2084 2942 2140 S.
2993 2085 3170 2138 Mariae
3216 2086 3267 2137 in
3315 2083 3522 2138 duabus

1939 2178 2182 2232 Basilicis
2207 2194 2221 2243 ;
2253 2187 2308 2232 et
2335 2179 2562 2232 ecclesia
2594 2178 2652 2234 S.
2681 2178 2856 2231 Maria:
2887 2179 2938 2230 in
2963 2176 3206 2231 Canneto
3241 2175 3352 2249 [AL
3374 2213 3392 2240 ,
3414 2173 3522 2228 Ca-

1939 2269 2140 2340 meto],
2187 2271 2411 2328 ecclesia
2463 2272 2522 2325 S.
2572 2271 2752 2324 Mariae
2802 2271 2854 2324 in
2907 2270 3109 2324 Palene
3138 2287 3152 2334 ;
3186 2269 3411 2324 ecclesia
3458 2268 3518 2322 S.

1938 2362 2116 2416 Maria:
2168 2364 2221 2417 in
2272 2363 2515 2430 Quinque
2571 2361 2764 2429 Millia,
2818 2377 2942 2416 eum
2995 2361 3244 2414 omnibus
3301 2360 3518 2414 illorum

1939 2455 2316 2524 pertinentiis:
2361 2469 2424 2508 ea
2473 2454 2718 2509 videlicet
2771 2455 3012 2518 ratione,
3067 2463 3332 2523 quatenus
3379 2467 3524 2521 pre-

1938 2542 2240 2599 nontinatus
2296 2545 2461 2599 abbas
2511 2553 2566 2598 et
2618 2543 2700 2598 sui
2754 2557 3096 2598 successores
3149 2542 3215 2597 de
3267 2541 3522 2595 omnibus

1936 2637 2045 2705 jam
2094 2636 2323 2705 praelatis
2373 2645 2478 2689 tam
2510 2637 2564 2690 in
2597 2637 2699 2690 hoc
2747 2646 3050 2704 prmcepto,
3095 2650 3254 2704 quam
3302 2636 3355 2689 in
3400 2635 3524 2688 aliis

1940 2729 2362 2796 seriptionibus,
2412 2728 2646 2783 habeant
2701 2736 3019 2797 potestatem
3072 2727 3334 2791 tenendi,
3382 2728 3526 2795 jnste

1940 2818 2334 2880 commutandi,
2389 2818 2710 2886 ordinandi,
2759 2818 3088 2882 instruendi,
3138 2819 3222 2872 vel
3270 2818 3524 2887 quidquid

1935 2913 2138 2981 justum
2167 2911 2330 2964 fuerit
2357 2911 2602 2965 faciendi.
2633 2912 2702 2964 Et
2729 2910 2890 2965 nullis
2916 2911 2985 2964 sit
3013 2911 3270 2978 deinceps
3305 2910 3522 2965 licentia

1941 3002 2078 3056 infra
2136 3001 2423 3071 prtedictos
2475 3001 2608 3056 ﬁnes
2657 2999 2890 3071 aliquam
2945 3001 3380 3055 contrarietatem
3427 3015 3524 3056 seu

1941 3091 2219 3146 molestias
2263 3091 2504 3160 partibus
2546 3090 2746 3145 inferre
2796 3091 2994 3159 praelati
3038 3090 3270 3144 cmnobii
3312 3105 3408 3159 per
3437 3091 3526 3145 in-

1943 3183 2112 3253 elytos
2156 3181 2388 3253 [Forte,
2422 3180 2658 3252 inditos]
2717 3181 2890 3247 ﬂues,
2955 3195 3128 3252 neque
3173 3195 3269 3250 per
3313 3194 3525 3248 posses-

1943 3275 2129 3330 siones
2177 3283 2490 3344 parentum,
2536 3288 2632 3328 seu
2678 3287 2774 3342 per
2817 3272 2976 3326 aliam
3024 3271 3318 3341 quamlibet
3362 3273 3526 3325 ratio-

1944 3381 2102 3429 nem,
2133 3376 2357 3434 excepto
2387 3381 2481 3434 per
2509 3366 2816 3420 verissimae
2847 3365 3139 3431 chartulas,
3173 3378 3295 3417 cum
3324 3363 3522 3432 quibus

1946 3473 2007 3513 se
2036 3467 2345 3512 causalores
2375 3456 2620 3527 legaliter
2647 3457 2931 3511 defendere
2975 3463 3216 3525 queant,
3245 3453 3526 3523 justasque

1945 3549 2385 3619 consignationes
2409 3549 2614 3602 utiliter
2635 3547 2996 3617 consignatas.
3025 3545 3370 3613 Prmeipimus
3392 3559 3528 3612 pra:-

1953 3651 2101 3698 tcrea
2134 3642 2409 3711 prmlatum
2441 3642 2823 3696 monasterium
2853 3655 2974 3708 cu_m
3006 3637 3258 3695 omnibus
3281 3637 3518 3707 [it-alatis

1945 3731 2284 3788 monasteriis
2313 3747 2375 3786 ac
2406 3732 2587 3797 cellis,
2619 3731 2778 3786 rebus
2807 3744 3019 3799 quoque
3064 3743 3125 3783 ac
3174 3726 3391 3782 lamiliis
3423 3726 3524 3781 ibi-

1946 3825 2068 3880 dem
2123 3825 2533 3893 aspicientibus,
2586 3832 2640 3878 et
2691 3838 2811 3876 eum
2860 3821 3114 3874 fratribus
3151 3829 3207 3871 et
3249 3818 3526 3872 monachis

1946 3917 2144 3970 ibidem
2173 3916 2284 3968 Deo
2303 3912 2700 3977 famulantibus,
2727 3910 2826 3962 sub
2860 3920 3058 3962 nostrae
3091 3907 3334 3961 tuitiouis
3367 3923 3528 3961 mun-

1945 4003 2168 4058 burdnm
2198 4003 2344 4055 omni
2376 4012 2615 4068 tempore
2644 4014 2980 4068 permanere.
3010 3999 3161 4066 Quod
3189 4003 3232 4052 si
3263 3999 3517 4067 quislibet

1945 4103 2131 4146 contra
2163 4092 2301 4145 hanc
2331 4100 2568 4145 nostram
2600 4091 3006 4145 concessionem
3039 4091 3123 4144 vel
3154 4091 3519 4146 conﬁrmatio-

1946 4197 2068 4237 nem
2124 4181 2440 4250 insurgere,
2502 4181 2584 4236 vel
2636 4181 2910 4236 molestias
2959 4180 3163 4235 inferre
3206 4180 3524 4246 tentaverit,

1945 4274 2081 4328 sciat
2127 4287 2187 4327 se
2233 4273 2655 4338 compositurum
2700 4273 2816 4326 anri
2865 4272 3178 4339 purissimas
3224 4271 3388 4326 libras
3415 4271 3523 4327 duo

1947 4365 2138 4429 millia,
2166 4364 2505 4419 medietatem
2530 4377 2682 4418 sacro
2712 4371 2900 4417 nostro
2927 4362 3143 4432 palatio,
3167 4371 3218 4417 et
3249 4363 3518 4418 medieta-

258 4461 556 4515 videretur.
607 4461 768 4531 Cujus
817 4463 1056 4530 petitioni
1091 4471 1308 4531 propter
1352 4476 1597 4515 amorem
1629 4461 1840 4522 Domini
1874 4495 1928 4558 Β
1953 4466 2060 4513 tem
2093 4457 2269 4513 eidem
2299 4455 2593 4512 venerabili
2621 4455 2970 4511 monasterio.
3017 4456 3084 4510 Et
3114 4465 3172 4510 ut
3200 4456 3317 4511 huic
3345 4465 3526 4512 nostra

265 4551 437 4606 nostri
467 4550 592 4605 Jesu
625 4551 819 4605 Christi
851 4561 902 4606 et
937 4566 1033 4621 pro
1081 4554 1378 4606 animarum
1410 4561 1713 4607 nostrarum
1758 4568 1844 4606 re-

264 4643 475 4705 medio,
513 4642 663 4708 juxta
693 4643 834 4708 quod
881 4651 1198 4710 rogaverat,
1248 4642 1498 4711 praedicta
1541 4650 1838 4711 prtzeeepta,

271 4731 624 4801 scriptiones,
656 4733 742 4785 vel
772 4730 1083 4786 ollertioues
1107 4733 1453 4788 concedimus
1479 4743 1532 4788 et
1560 4731 1845 4786 conﬁrma-

271 4838 411 4888 mus,
442 4824 779 4877 declarantes
806 4823 949 4892 ipsas
976 4823 1316 4878 haereditates
1347 4825 1681 4878 nominative
1708 4822 1844 4878 infra

267 4917 367 4969 hos
397 4914 531 4968 lines
562 4932 576 4969 :
609 4914 678 4968 de
733 4913 847 4981 ipsa
890 4913 1063 4968 Zitula
1111 4913 1271 4985 [Al.,
1303 4913 1490 4968 Zetula
1517 4912 1539 4983 l
1577 4914 1846 4984 quomodo

263 5005 504 5060 ascendit
554 5019 651 5074 per
698 5006 874 5074 ipsum
925 5007 1230 5077 Sangrum,
1283 5021 1452 5077 usque
1497 5007 1564 5061 ad
1611 5007 1846 5062 Montem

267 5096 503 5164 Malunt,
538 5107 590 5151 et
617 5099 890 5166 quomodo
915 5099 1192 5170 conjungit
1219 5116 1342 5156 cum
1374 5108 1558 5156 monte
1587 5103 1759 5166 Acze,
1792 5108 1848 5156 et

268 5189 589 5244 revolvente
637 5189 827 5245 eodem
875 5199 1060 5246 monte
1109 5192 1254 5247 Acze
1303 5207 1473 5262 usque
1521 5192 1574 5247 in
1627 5191 1845 5246 ﬂuvium

335 5335 362 5362 ιι
403 5326 670 5381 Nimirum
704 5327 928 5382 Paldoni
959 5314 1271 5386 successere
1301 5329 1463 5394 Tato,
1495 5328 1659 5394 Taso,
1692 5329 1841 5394 Atto,

266 5395 678 5466 llerempertus,
722 5408 790 5468 et
841 5398 1105 5464 Joannes,
1179 5400 1373 5468 quibus
1415 5398 1671 5454 sull'ectus
1713 5403 1848 5453 Aut-

266 5475 450 5540 pertus
497 5483 639 5522 anno
680 5467 786 5522 776
811 5512 824 5537 ,
877 5478 1157 5540 postquam
1200 5467 1376 5538 plures
1419 5485 1580 5524 annos
1613 5469 1842 5524 Domino

263 5537 384 5591 iStic
413 5538 757 5593 deservierat.

336 5603 364 5644 δ
409 5607 562 5681 Istius
605 5610 911 5681 diplomatis
942 5611 999 5664 ﬁt
1029 5611 1230 5681 mentio
1256 5611 1311 5666 in
1338 5611 1590 5681 praedicta
1625 5619 1835 5681 marty-

264 5690 382 5798 r‘um
415 5678 633 5802 gissgoria
655 5718 670 5744 ,
703 5679 986 5737 referenda
1014 5679 1304 5740 in'saeculo
1342 5678 1593 5754 proximo
1635 5681 1701 5737 ad
1741 5678 1838 5736 an-

265 5761 392 5801 tum
422 5779 434 5799 ι
491 5755 510 5775 θ
531 5788 544 5802 .

265 5759 392 5801 uu'n
422 5755 544 5804 88⁸2.

1951 4550 2166 4619 largitio
2197 4549 2492 4604 ﬁrmiorem
2522 4548 2768 4604 obtinere
2797 4547 2966 4617 possit
3011 4547 3248 4616 vigorem
3270 4589 3284 4613 ,
3333 4559 3387 4602 et
3435 4563 3530 4615 per

1947 4641 2214 4698 curricula
2259 4657 2522 4696 annorum
2565 4640 2928 4694 invtolabilem
2971 4649 3131 4708 atque
3169 4639 3524 4692 incommuta-

1945 4734 2107 4789 bilem
2138 4734 2379 4790 obtineat
2411 4735 2751 4797 ﬁrmitatem,
2781 4743 2834 4788 et
2863 4748 2894 4787 a
2927 4732 3172 4787 ﬁdelibus
3199 4742 3401 4788 sanctae
3429 4732 3526 4788 Dei

1948 4827 2207 4880 Ecclesiae
2238 4825 2492 4881 credatur
2520 4835 2578 4879 et
2609 4825 2914 4895 diligentius
2953 4834 3321 4890 conservetur,
3370 4838 3530 4879 manu

1949 4917 2162 4986 propria
2206 4917 2730 4986 subterscripsimus,
2763 4923 2818 4970 et
2858 4915 3040 4969 annuli
3087 4914 3254 4970 nostri
3300 4916 3526 4984 impres-

1957 5010 2108 5064 sione
2138 5008 2339 5078 signari
2367 5008 2646 5078 jussimus.
2678 5008 2898 5076 Signum
2931 5005 3132 5060 domini
3162 5004 3339 5059 Caroli
3371 5019 3524 5060 sere-

1948 5102 2155 5156 nissimi
2205 5099 2368 5168 regis.
2422 5100 2550 5153 Data
2603 5114 2677 5152 xu
2725 5096 2846 5152 Kal.
2898 5096 3055 5161 Maii,
3103 5097 3396 5153 indictione
3427 5095 3528 5164 15,

1947 5207 2088 5247 anno
2115 5190 2398 5246 dominicae
2426 5189 2806 5245 incarnationis
2847 5202 2945 5244 nec
2976 5203 3128 5242 Lxxv
3159 5185 3208 5242 ιι.
3251 5241 3253 5244 .

2024 5342 2046 5369 ο
2097 5327 2328 5402 Chesnio
2357 5329 2632 5402 mendose,
2667 5327 2836 5402 Iritaz.
2863 5329 2920 5384 In
2952 5328 3172 5402 historia
3222 5339 3515 5402 martyrum

1950 5399 2218 5466 praecitata
2267 5400 2570 5454 Desiderius
2621 5415 2712 5454 rex
2747 5399 3220 5468 Longobardorum
3255 5399 3426 5454 fertur
3457 5416 3526 5458 ea:

1948 5471 2176 5534 iussione
2195 5471 2437 5538 principis
2460 5471 2810 5538 apostolorum
2833 5468 2976 5524 Petri
2997 5472 3358 5525 monasterium
3399 5472 3533 5526 mdi-

1951 5539 2130 5612 ﬁcqsse
2159 5547 2213 5594 tu
2240 5541 2488 5612 honorem
2512 5541 2735 5595 nominis
2753 5541 2916 5610 ipsius
2931 5543 2985 5595 in
3014 5542 3146 5596 valle
3177 5541 3390 5595 Tritona
3404 5543 3536 5612 jus-

1953 5619 2002 5662 ια
2025 5609 2164 5665 Siler
2189 5611 2422 5679 ﬂuuium,
2448 5621 2551 5666 etc.
2776 5609 2782 5610 ί
3406 5609 3421 5612 ⁷
3535 5628 3537 5630 ·

2027 5682 2051 5716 ά
2081 5680 2267 5750 Neque
2297 5680 2534 5753 indictio,
2589 5698 2686 5739 nec
2717 5699 2890 5738 annus
2921 5683 3306 5738 incarnationis
3328 5683 3524 5753 apponi

1958 5760 2066 5806 tum
2090 5754 2316 5816 solebat,
2352 5752 2442 5807 sed
2469 5767 2641 5810 annus
2670 5757 2838 5827 regni.
2880 5753 2996 5811 Alia
3018 5763 3280 5824 suspectae
3304 5752 3523 5811 omnino
