4090 6416
512 335 652 391 1975

1318 327 1378 388 S.
1420 326 1743 387 AHBROSII
1781 326 2129 386 AU’I'PERTI
2168 325 2652 384 BENEVENTANI
2694 325 2988 384 ABBATIS

3652 323 3794 386 1276

588 443 680 500 lo.
699 443 928 514 Expleto
950 442 1130 514 itaque
1152 405 1209 498 in.
1232 449 1418 498 sancto
1465 441 1730 512 regimine
1754 440 2096 498 venerandus
2130 443 2180 506 Α
2205 441 2683 510 septingentesimo
2712 439 3107 512 septuagesimo
3134 447 3349 506 octavo,
3382 440 3674 498 indictione
3703 457 3793 499 se-

520 534 690 591 abbas
720 537 1010 605 Autpcrtus
1040 547 1182 590 anno
1208 547 1338 600 uno,
1370 533 1646 588 mensibus
1676 533 1888 588 duobus
1912 541 1968 588 et
1986 534 2098 589 die-

514 626 619 680 bus
648 640 782 692 xxv,
810 625 940 694 justi
988 623 1165 693 operis
1221 622 1449 690 palmam
1493 622 1794 692 percipiens
1827 665 1841 690 ,
1873 621 2100 677 feliciter

520 716 770 786 migravit
795 715 864 771 ad
915 715 1192 772 Christum
1224 731 1367 771 anno
1394 716 1774 771 incarnationis
1816 715 2100 771 dominica:

517 844 643 900 ﬁdei
686 847 975 915 diplomata
1006 847 1091 901 hic
1121 845 1317 901 inserta
1345 847 1647 912 omisimus,
1679 847 1973 902 Chesnium
1999 863 2092 903 se-

515 916 644 988 cuti.
675 916 847 971 Unum
899 925 1007 988 erat
1033 916 1208 972 Caroli
1235 915 1436 988 Magni,
1487 920 1530 971 si
1560 920 1666 988 Deo
1693 918 1886 984 placet,
1917 921 1971 971 in
1996 933 2103 986 quo

518 985 774 1042 recitatur
801 987 1038 1042 inventio
1083 985 1414 1057 corporis'S.
1447 987 1716 1057 Peregrini
1753 989 1956 1042 monitu
1991 985 2102 1043 cae-

2201 533 2374 589 cunda
2399 534 2531 606 [Al.,
2567 533 2781 607 prima],
2828 533 2916 590 die
2968 535 3177 589 decimo
3206 549 3347 589 nono
3369 533 3523 602 Julii,
3568 537 3622 590 in
3643 533 3789 592 beati

2208 625 2350 680 Petri
2380 625 2612 682 ecclesia
2647 626 2810 697 digno
2833 625 3083 694 sepulcro
3112 626 3340 680 locatus.

2209 856 2330 930 lcsti
2361 857 2427 911 ab
2460 858 2575 930 ipso
2617 856 2776 926 facta,
2805 873 2924 926 qua:
2977 858 3360 930 carologtertio
3389 858 3498 930 regi
3539 855 3796 913 tribuitur

2207 926 2262 980 in
2295 937 2439 982 tomo
2473 927 2536 981 V'l
2563 929 2726 982 Italia:
2753 944 2940 988 sacrm.
2967 929 3072 982 col.
3101 927 3202 983 159
3232 938 3288 983 et
3322 929 3424 985 MO

1944 1264 2384 1328 APPENDIX.

609 1522 688 1578 De
713 1521 948 1590 Autperti
972 1516 1132 1585 obitu,
1161 1517 1565 1590 translationeet
1588 1534 1820 1575 sermone
1846 1519 2052 1590 infesto

1162 1589 1558 1659 Assumptionis.

598 1686 653 1738 l.
693 1681 1006 1750 Hadrianus,
1033 1679 1210 1750 papal
1239 1680 1291 1734 in
1349 1679 1578 1749 epistola
1609 1681 1675 1734 ad
1707 1679 1956 1735 Carolum
2003 1680 2112 1735 Ma-

532 1769 719 1824 gnum,
738 1764 870 1824 quas
893 1745 1084 1824 ordine
1098 1749 1175 1824 _7_2
1205 1757 1300 1824 est
1313 1745 1450 1824 inter
1469 1751 1774 1824 ιιοιῃίίίοἰειςΔ
1802 1751 2116 1824 intomolll
2147 1745 2196 1805 Β

529 1817 781 1888 Chesnii,
799 1819 1038 1874 meminit
1063 1819 1237 1873 obitus
1266 1817 1326 1874 S.
1358 1817 1598 1887 Autperti
1629 1834 1722 1874 seu
1750 1821 1994 1876 Autberti
2030 1821 2114 1875 his

531 1894 709 1950 verbis
738 1910 751 1946 :
782 1889 861 1944 Ad
891 1889 1395 1959 nostrumjudicium
1423 1891 1663 1944 canonice
1684 1890 1941 1957 simulque
1957 1907 2115 1960 regu-

531 1963 708 2018 lariter
761 1961 1107 2014 contentiones
1137 1961 1267 2012 inter
1297 1960 1576 2014 monachos
1606 1961 1906 2015 venerabilis
1935 1978 2114 2016 mana-

532 2034 672 2088 sterii
701 2031 762 2085 S.
791 2029 1046 2083 Vincentii
1071 2038 1120 2082 et
1148 2029 1352 2083 abbates
1406 2031 1638 2098 eiusdem
1663 2033 1975 2096 monasterii,
2008 2033 2113 2084 sci-

537 2105 659 2156 licet
686 2101 988 2154 Autbertum
1016 2107 1062 2152 et
1094 2098 1400 2170 Pollionem,
1449 2101 1638 2153 discuti
1658 2109 1809 2170 atque
1836 2102 2122 2155 examinari

531 2184 698 2228 vestra
725 2169 1390 2241 direxitprtecelsaregalis
1414 2169 1736 2241 excellentia.
1776 2171 1901 2238 Ipse
1913 2173 2117 2241 quippe

534 2243 780 2314 praefatus
805 2239 1080 2314 Autbertus
1105 2239 1261 2292 abbas
1291 2241 1416 2293 dum
1441 2240 1850 2314 callemritineris
1873 2239 2121 2314 peragra-

535 2311 947 2382 ret,irepentina
973 2321 1133 2363 morte
1153 2379 1162 2382 Α
1182 2320 1481 2382 occupatus,
1517 2313 1728 2365 minime
1759 2313 1944 2365 nostris
1970 2311 2121 2382 apos-

537 2381 707 2435 tolicis
734 2379 894 2434 caluit
920 2395 976 2433 se
1023 2379 1352 2447 manifestare
1402 2383 1702 2449 prwsentiis.
1763 2379 2124 2437 Prmcesscrat

535 2452 678 2506 hanc
728 2451 828 2503 alia
879 2449 1130 2504 Hadriani
1170 2451 1392 2517 epistola
1427 2494 1442 2514 ,
1473 2453 1658 2506 ordine
1688 2463 1865 2507 tamen
1895 2452 1984 2514 79,
2046 2468 2119 2507 ex

535 2538 640 2590 qua
669 2520 925 2590 discimus
947 2519 1240 2574 Pothoncm
1256 2519 1388 2573 falso
1420 2522 1561 2576 ltcsrn
1585 2522 1879 2588 majestatis
1906 2536 2121 2575 accusa-

539 2589 650 2646 tum
693 2591 832 2658 apud
878 2589 1146 2641 Carolum.
1180 2589 1479 2658 lladriauus
1529 2603 1626 2656 pro
1655 2605 1720 2642 eo
1759 2593 2119 2656 deprecatur:

538 2671 652 2714 tum
685 2656 934 2712 a‘Carolo
961 2672 1137 2710 causa:
1163 2657 1362 2710 arbiter
1385 2656 1575 2727 factus,
1602 2668 1811 2712 actores
1833 2661 2124 2727 ipsumque

543 2731 844 2784 Pothonem
906 2727 1129 2779 Romam
1172 2725 1484 2780 advocavit.
1519 2726 1694 2780 Mirari
1721 2728 1865 2780 subit
1891 2741 1986 2781 cur
2017 2725 2124 2783 duo

544 2810 674 2854 tunc
697 2798 950 2864 temporis
967 2797 1019 2849 in
1048 2797 1373 2851 monasterio
1390 2797 1448 2849 S.
1470 2795 1735 2851 Vincentii
1759 2798 1981 2852 abhates
2008 2799 2120 2853 fue-

541 2869 670 2932 rint,
703 2866 992 2935 Autpertus
1016 2875 1075 2936 et
1106 2864 1318 2919 Potho?
1365 2868 1448 2920 An
1494 2867 1783 2934 Autpertm
1809 2867 1921 2936 jam
1944 2870 2124 2923 senior

546 2938 859 3008 dignitatem
912 2935 1136 2990 Pothoni
1165 2945 1444 3008 cesserat,
1503 2950 1570 2990 an
1601 2939 1779 3007 potius
1812 2935 2018 3006 ’Potho,
2054 2939 2122 2994 ob

544 3007 902 3076 iniquaslicet
921 3008 1161 3060 abbatum
1191 3007 1597 3060 criminationes
1621 3009 1859 3076 deiectus
1881 3017 1992 3074 est,
2022 3009 2116 3063 ei-

2223 1526 2447 1592 transiit,
2479 1527 2640 1582 imber
2663 1527 2790 1582 abiit
2818 1537 2864 1584 et
2917 1529 3138 1583 recessit.
3166 1528 3357 1601 Surge,
3393 1530 3625 1597 proxima
3665 1547 3799 1598 mea,

2223 1631 2413 1682 sponsa
2438 1633 2571 1684 mea,
2603 1619 2834 1673 columba
2856 1636 2993 1684 mea,
3027 1627 3073 1673 et
3118 1620 3250 1674 veni.
3285 1621 3414 1675 llrec
3443 1621 3641 1676 ideirco
3669 1622 3805 1678 dici-

2223 1721 2365 1769 mus,
2394 1706 2607 1773 fratres,
2640 1709 2759 1777 quia
2781 1709 2922 1764 sicut
2959 1709 3067 1778 jam
3095 1712 3147 1764 in
3176 1710 3568 1766 consuetudine
3594 1711 3799 1769 Christi

2219 1798 2457 1868 suscepit
2493 1797 2730 1856 Ecclesia
2757 1841 2774 1866 ,
2818 1801 3071 1856 hodierna
3123 1802 3212 1858 die
3247 1803 3314 1857 ad
3345 1803 3512 1858 ccelos
3533 1815 3810 1874 assumpta

2221 1887 2386 1944 fuisse
2434 1890 2661 1944 traditur
2694 1891 2844 1960 virgo
2894 1892 3075 1946 Maria.
3107 1893 3213 1948 Sed
3239 1909 3344 1964 quo
3373 1895 3560 1950 ordine
3586 1896 3709 1950 hinc
3740 1899 3815 1950 ad

2219 1993 2449 2046 superna
2483 1981 2772 2045 transierit,
2819 1983 2960 2048 nulla
3015 1983 3278 2038 catholica
3331 1992 3516 2039 narras
3566 1985 3812 2041 historia.

2221 2069 2338 2124 Non
2369 2071 2542 2126 solum
2565 2081 2746 2127 autem
2776 2088 3034 2141 reSpuere
3057 2075 3384 2144 apocrypha,
3407 2092 3590 2130 verum
3621 2079 3784 2132 etiam

2226 2163 2477 2231 ignorare
2509 2164 2622 2220 hazc
2648 2165 2834 2221 eadem
2866 2167 3083 2239 [SuppL
3117 2167 3278 2239 solet]
3315 2169 3406 2224 Dei
3443 2170 3707 2224 Ecclesia.
3745 2171 3807 2225 Et

2225 2252 2438 2319 quidem
2461 2263 2585 2309 sunt
2615 2256 2869 2310 nonnulla
2902 2255 3018 2312 sine
3057 2259 3292 2312 auctoris
3341 2259 3556 2314 nomine
3584 2259 3653 2314 de
3681 2259 3800 2329 ejus

2233 2344 2615 2412 Assumptione
2643 2347 2966 2415 conscripta,
2995 2363 3134 2417 quas,
3168 2357 3224 2401 ut
3251 2348 3358 2403 dixi
3388 2390 3403 2414 ,
3437 2350 3506 2403 ita
3536 2359 3812 2412 caventur,

2226 2443 2280 2486 ut
2309 2433 2374 2487 ad
2403 2435 2828 2491 conﬁrmandam
2875 2438 2950 2491 rei
2983 2439 3262 2491 veritatem
3293 2440 3392 2507 legi
3419 2439 3640 2494 minime
3689 2454 3810 2507 per-

2232 2525 2530 2579 mittantur.
2566 2526 2697 2580 llinc
2727 2542 2860 2581 sane
2911 2527 3195 2595 pulsantur
3225 2529 3469 2582 nonnulli
3502 2571 3518 2594 ,
3552 2530 3678 2599 quia
3715 2545 3814 2584 nec

2231 2626 2425 2681 corpus
2448 2613 2564 2681 ejus
2613 2615 2666 2668 in
2697 2623 2839 2668 terra
2888 2616 3177 2678 invenitur,
3210 2632 3308 2670 nec
3354 2620 3666 2686 Assumptio
3697 2619 3816 2688 ejus

2231 2716 2352 2756 cum
2387 2717 2569 2770 carne,
2600 2706 2726 2759 utin
2755 2709 3060 2777 apocrypha
3099 2709 3290 2778 legitur
3309 2753 3324 2776 ,
3355 2710 3407 2763 in
3437 2711 3700 2765 catholica
3732 2727 3822 2768 re~

2227 2796 2435 2863 peritur
2466 2796 2709 2850 historia.
2753 2797 2955 2862 Quibus
2995 2799 3278 2854 dicendum
3301 2807 3385 2854 est
3414 2801 3537 2869 quia
3576 2802 3621 2856 si
3647 2801 3814 2872 Moysi

2227 2900 2420 2954 corpus
2448 2886 2518 2940 ab
2577 2887 2792 2942 homine
2821 2903 2927 2942 non
2961 2889 3228 2944 invenitur
3255 2892 3306 2944 in
3337 2892 3518 2959 terris,
3553 2907 3675 2946 cum
3697 2908 3818 2962 quo-

2228 2985 2438 3041 locutus
2462 2995 2544 3041 est
2568 2987 2710 3042 Deus
2742 2987 2876 3043 facie
2901 2987 2966 3041 ad
3000 2988 3188 3044 faciem
3216 3005 3230 3053 ;
3263 2989 3407 3043 illius
3435 3004 3678 3058 quaerere
3709 2989 3808 3044 de-

541 3075 650 3160 que
670 3075 922 3160 subactus
943 3076 1275 3160 {\tttpertus?
1307 3079 1360 3130 In
1391 3077 1572 3160 lodice
1607 3075 1779 3132 relato
1827 3080 1964 3160 apud
1995 3081 2123 3160 ξος·
2157 3099 2200 3160 C
2238 3077 2435 3132 mcutia
2463 3086 2568 3144 est,
2609 3093 2704 3148 per
2731 3092 2889 3146 quam
2911 3079 3048 3133 idem
3078 3078 3374 3148 majestatis
3405 3079 3545 3134 Deus
3568 3081 3814 3134 incarna-

543 3146 833 3203 dinandum
867 3146 1170 3216 Ughellum,
1205 3149 1424 3216 Auperti
1455 3162 1741 3202 successor
1757 3146 1970 3217 ponitur
2001 3151 2130 3205 llai-

543 3218 766 3344 illartllus,
808 3227 861 3271 et
887 3217 1046 3285 hujus
1093 3227 1210 3285 post
1239 3231 1408 3271 annos
1449 3225 1557 3272 tres
1597 3229 1651 3273 et
1695 3235 1904 3275 menses
1944 3221 2133 3276 decem

590 3301 639 3343 ot
667 3303 742 3343 ιο.

590 3301 639 3343 οι
651 3289 742 3343 ho.

615 3359 672 3413 2.
706 3360 830 3413 Post
859 3357 1091 3411 ultimam
1108 3358 1475 3413 desolationem
1495 3359 1760 3422 Ecclesiaz,
1784 3361 1955 3428 inquit
1978 3363 2136 3416 chro-

550 3429 887 3502 nographus,
924 3429 1028 3502 _ubi
1078 3429 1145 3482 de
1175 3429 1323 3502 obitu
1370 3431 1535 3502 Josue
1566 3433 1803 3502 abbatis,
1848 3447 1964 3484 cum
1997 3435 2140 3502 [ante

546 3501 640 3552 εειρ
659 3500 734 3551 bri
778 3497 1159 3572 didicissemus
1185 3500 1386 3572 aliquos
1436 3501 1500 3553 ad
1530 3517 1716 3572 corpus
1771 3501 1930 3555 Iosue
1962 3497 2139 3557 divina

546 3584 684 3643 stupe
711 3568 1368 3643 sansissejeneﬁciadllius
1390 3587 1504 3623 ossa
1521 3581 1570 3643 et
1597 3568 1895 3626 venerabilis
1922 3573 2138 3643 Autper-

548 3641 587 3690 ti
608 3650 654 3692 cl
675 3638 898 3690 aliorum
924 3636 1140 3708 Patrum
1161 3641 1488 3708 antiquorum
1509 3642 1604 3694 hoc
1631 3645 1684 3695 in
1705 3645 1816 3696 loco
1841 3636 2130 3707 attulimus,

548 3718 698 3777 atque
721 3709 777 3778 in
809 3707 1140 3778 sarcOpltago
1171 3707 1356 3778 grandi
1382 3714 1667 3776 posuimus,
1696 3731 1812 3766 cum
1839 3716 2014 3766 damni
2047 3716 2140 3767 ab-

549 3776 679 3830 batis
717 3776 919 3902 lI'iilarii
948 3776 1188 3848 corpore.
1210 3780 1447 3834 llilarius
1477 3783 1679 3836 devixit
1702 3799 1845 3837 anno
1879 3785 2041 3850 10M,
2072 3785 2140 3838 de

551 3862 658 3902 duo
682 3863 710 3901 a
738 3862 833 3902 tas.

551 3862 658 3917 quo
682 3862 833 3902 altas.

621 3918 676 3970 5.
706 3920 821 3992 lloc
869 3917 985 3992 loco
1013 3919 1233 3992 referre
1256 3921 1413 3992 juvat
1463 3922 1819 3992 fragmentum
1853 3922 2136 3978 Sermonis

551 3990 717 4044 sancti
739 3988 987 4060 Autperti
997 3989 1064 4044 de
1091 3988 1268 4044 beatas
1292 3991 1472 4047 Maria:
1496 3988 1883 4060 assumptione,
1904 3996 1992 4059 qui
2025 4009 2142 4048 ser-

555 4073 644 4114 mo
667 4061 719 4112 in
734 4059 928 4113 Codice
954 4059 1290 4116 Cluniacensi
1324 4061 1460 4116 hanc
1478 4059 1696 4132 praefert
1715 4064 2136 4134 inscriptionem.

630 4168 818 4241 Incipit
840 4171 1022 4227 Sermo
1045 4172 1276 4227 Autberti
1301 4174 1580 4246 presbyteri
1605 4177 1667 4230 de
1698 4177 2066 4246 Assumptiane

1147 4255 1339 4299 sancta:
1366 4242 1572 4300 Maria'.

627 4357 816 4424 Adest,
834 4357 1165 4414 dilectissimi
1179 4359 1389 4425 fratres,
1412 4361 1736 4416 venerabilis
1760 4361 1877 4416 dies
1889 4361 2129 4416 omnium

2240 3176 2324 3222 tus
2353 3167 2554 3223 efl‘ulsit
2583 3171 2635 3224 in
2667 3169 2844 3225 terris.
2881 3169 3060 3237 Neque
3087 3170 3229 3224 enim
3259 3169 3476 3240 dignum
3505 3170 3675 3226 estde
3696 3185 3821 3225 cor-

2238 3260 2380 3328 poris
2406 3259 2523 3328 ejus
2553 3261 2737 3314 notitia
2800 3260 3083 3316 sollicitum
3117 3262 3421 3329 quempiam
3453 3275 3576 3316 esse
3603 3302 3616 3326 ,
3641 3275 3815 3330 quam.

2240 3367 2346 3407 non
2381 3352 2588 3406 dubitat
2610 3367 2773 3420 super
2801 3353 3019 3419 angelos
3055 3351 3317 3406 elcvatam
3343 3365 3462 3406 cum
3493 3351 3710 3408 Christo
3733 3366 3820 3408 re-

2239 3459 2430 3514 gnare.
2455 3444 2715 3500 Sufﬁcere
2741 3443 2903 3497 debet
2926 3451 3130 3497 tantum
3145 3443 3346 3496 notitia:
3372 3440 3642 3506 humanae,
3675 3443 3814 3496 hanc

2239 3549 2364 3589 vere
2399 3533 2552 3589 fateri
2579 3535 2818 3604 reginam
2847 3533 3181 3602 angvlorum,
3237 3549 3332 3600 pro
3355 3548 3420 3587 eo
3450 3533 3596 3602 quod
3622 3534 3821 3601 [legem

2240 3627 2447 3693 peperit
2507 3626 2838 3695 angelorum.
2881 3624 2987 3680 Sed
3018 3639 3116 3679 uec
3149 3625 3418 3678 invenitur
3444 3626 3582 3694 apud
3612 3625 3827 3681 Latinos

2239 3718 2429 3784 aliquis
2485 3725 2837 3771 tractatorum
2870 3716 2938 3770 de
2962 3717 3080 3782 ejus
3118 3726 3294 3770 morte
3337 3715 3608 3784 quidpiam
3637 3725 3827 3784 aperte

2239 3807 2460 3861 dixisse.
2496 3807 2626 3860 Nam
2671 3823 2792 3860 cum
2877 3807 3026 3860 illum
3076 3794 3348 3874 Evangelii
3391 3808 3730 3876 versiculum,
3775 3808 3828 3862 in

2241 3913 2344 3966 quo
2361 3896 2582 3952 Simcou
2613 3897 2744 3951 dicit
2771 3896 2839 3950 ad
2871 3895 3082 3950 Domini
3126 3909 3372 3960 matrem,
3406 3895 3471 3948 Et
3493 3907 3633 3950 tuam
3664 3898 3840 3965 ipsius.

2241 3992 2466 4044 animam
2496 3989 2821 4060 pertransibit
2843 3989 3068 4058 gladius,
3107 3988 3274 4042 beata:
3299 3986 3685 4044 recordationis
3716 3999 3827 4042 tra-

2247 4091 2420 4137 ctaret
2449 4083 2787 4144 Ambrosius,
2816 4081 2892 4135 ait
2929 4098 2941 4132 :
2972 4079 3082 4134 Nec
3113 4079 3362 4144 historia,
3393 4093 3492 4132 nec
3521 4078 3700 4132 littera
3731 4078 3829 4133 do-

2243 4185 2329 4230 cet
2369 4174 2589 4229 Mariam
2622 4173 2799 4243 gladio
2849 4174 3012 4226 vitam
3043 4170 3245 4226 (inisse.
3299 4170 3430 4224 llinc
3451 4178 3506 4223 et
3552 4168 3782 4224 Isidorus
3814 4187 3828 4222 :

2247 4265 2510 4320 Incertum
2535 4273 2640 4330 est,
2667 4263 2856 4333 inquit,
2885 4277 2979 4330 per
3005 4263 3109 4316 hoc
3135 4260 3361 4322 dictum.
3388 4268 3564 4314 utrum
3594 4259 3828 4328 gladium

2243 4355 2482 4424 spiritus,
2517 4371 2582 4409 an
2607 4355 2844 4426 gladium
2873 4354 3078 4407 dixerit
3123 4351 3535 4419 persecutionis.
3568 4350 3674 4404 Sed
3705 4350 3830 4420 quid

555 4458 863 4504 sanctorum
877 4450 1244 4508 solemnitates
1257 4453 1592 4523 praecellens,
1607 4454 1750 4509 adest
1772 4455 2008 4523 inquam,
2028 4454 2146 4509 dies
2181 4458 2227 4517 Ι)
2257 4451 2324 4504 de
2355 4449 2457 4514 his,
2488 4449 2555 4503 de
2581 4447 2774 4517 quibus
2805 4447 3012 4515 loquor,
3064 4442 3287 4498 dicam?
3315 4457 3436 4497 cum
3472 4457 3571 4498 nec
3595 4443 3711 4513 ipse
3740 4445 3829 4511 qui

557 4539 815 4608 praeclara
835 4577 852 4605 ,
885 4539 1000 4596 dies
1024 4540 1371 4612 inclyta,dies
1402 4543 1452 4597 in
1480 4558 1582 4612 qua
1606 4559 1637 4598 e
1661 4545 1859 4599 mundo
1883 4546 2143 4614 migrasse

555 4629 793 4685 creditur
813 4630 959 4700 virgo
985 4632 1166 4686 Maria.
1185 4633 1251 4686 Et
1279 4634 1401 4687 ideo
1429 4649 1548 4687 cum
1579 4650 1767 4703 magna
1789 4637 2147 4693 exsultatione

557 4720 741 4775 laudes
772 4720 982 4777 insonet
998 4722 1241 4776 universa
1263 4731 1421 4790 terra,
1448 4731 1610 4778 tantm
1640 4725 1860 4795 virginis
1879 4726 2147 4783 illustrata

554 4824 801 4874 excessu,
818 4811 942 4881 quia
967 4822 1022 4866 ct
1048 4811 1318 4880 indignum
1340 4813 1495 4868 valdc
1533 4823 1616 4868 est
1658 4825 1715 4870 ut
1736 4817 1875 4873 illius
1896 4819 2151 4874 recorda-

557 4901 720 4961 tionis
737 4901 1046 4957 solemnitas
1068 4917 1174 4956 non
1199 4902 1271 4959 sit
1292 4905 1344 4958 in
1369 4906 1609 4960 maximo
1637 4907 1841 4963 honore
1869 4923 1964 4977 per
1984 4923 2147 4978 quam

556 4990 851 5046 meruimus
881 4991 1158 5060 suscipere
1207 4993 1331 5048 vita:
1360 4994 1646 5051 Auctorem
1679 5017 1694 5062 ;
1748 4999 1983 5068 satisque
2011 5013 2149 5068 prte-

555 5089 832 5150 posterum
851 5081 1199 5150 judieandnm
1222 5093 1326 5151 est,
1347 5096 1400 5140 ut
1418 5101 1538 5141 cum
1560 5097 1870 5143 sanctorum
1893 5090 2140 5144 celebra-

559 5188 679 5228 mus
706 5175 954 5230 victorias
1003 5186 1301 5246 martyrum
1325 5220 1341 5242 ,
1374 5179 1588 5234 illorum
1635 5181 2035 5236 solemnitatem
2067 5182 2146 5237 illi

558 5279 663 5320 non
722 5267 1067 5335 praeferamus
1088 5285 1206 5340 quae
1241 5269 1367 5325 huic
1411 5271 1615 5325 mundo
1637 5273 1807 5327 edidit
1839 5274 2143 5350 principem

560 5368 874 5430 martyrum.
904 5360 959 5414 In
990 5360 1089 5413 hac
1112 5361 1376 5431 siquidem
1405 5362 1493 5418 die
1513 5375 1886 5435 competenter
1919 5366 2141 5435 Sponso

560 5450 639 5506 illi
673 5453 878 5508 caelesti
905 5454 1205 5523 proclamat
1227 5455 1376 5522 virgo
1407 5457 1572 5511 Maria
1599 5475 1612 5510 :
1677 5457 1907 5513 Tenuisti
1937 5475 2148 5513 manum

561 5545 824 5599 dexteram
845 5562 1035 5614 meam,
1099 5555 1145 5600 et
1173 5548 1228 5601 in
1258 5549 1516 5602 voluntate
1545 5559 1633 5605 tua
1682 5550 1949 5605 deduxisti
1971 5569 2071 5620 me,
2103 5561 2152 5608 et

565 5651 681 5688 cum
702 5637 864 5704 gloria
908 5640 1234 5710 assumpsisti
1267 5657 1366 5694 me.
1403 5641 1596 5710 llodie,
1627 5642 1866 5712 inquam,
1897 5653 1951 5699 et
1973 5645 2083 5714 ipsa
2109 5658 2140 5700 a

561 5743 781 5799 sponso,
813 5729 946 5795 tilio,
975 5741 1031 5788 et
1088 5732 1311 5789 Domino
1343 5748 1574 5801 congrue
1595 5735 1743 5790 audit
1771 5753 1781 5787 :
1807 5733 1929 5790 lam
1979 5735 2145 5792 hiems

2250 4547 2389 4600 hanc
2410 4554 2536 4599 ante
2575 4557 2790 4596 crucem
2828 4539 3039 4595 Domini
3085 4538 3297 4607 accepit
3335 4539 3386 4592 in
3432 4551 3606 4604 suam,
3659 4538 3708 4592 id
3749 4547 3832 4593 est

2246 4638 2482 4694 Joannes
2512 4635 2859 4703 evangelista,
2901 4631 2968 4687 de
2990 4631 3092 4685 hoc
3117 4631 3343 4697 posteris
3373 4630 3570 4700 aliquid
3599 4631 3834 4684 retinenc

2248 4729 2378 4782 dum
2432 4725 2648 4793 scriptis
2707 4722 2994 4779 mandarit.
3053 4721 3240 4776 Nullus
3270 4722 3412 4776 enim
3467 4722 3571 4775 hoc
3629 4720 3834 4776 fidelius

2252 4817 2508 4873 mandare
2538 4817 2729 4884 potuit,
2759 4815 2808 4869 si
2837 4813 2968 4869 illud
3000 4813 3141 4869 Deus
3169 4813 3511 4867 manifestare
3541 4813 3825 4876 voluisset,

2249 4921 2408 4979 quam
2434 4905 2528 4961 ille
2557 4906 2740 4974 utique
2785 4908 2876 4974 qui
2905 4905 3042 4958 hanc
3064 4902 3403 4957 nutriendam
3430 4902 3689 4970 suscepit,
3725 4917 3824 4956 nec

2252 5009 2437 5055 contra
2459 5012 2667 5053 morem
2691 4997 2829 5052 lilius
2854 5004 3080 5050 matrem
3108 4993 3343 5064 reliquit.
3377 4994 3565 5049 Restat
3609 5007 3737 5064 ergo
3767 5002 3825 5047 ut

2253 5093 2416 5148 homo
2447 5091 2778 5147 mendaciter
2801 5105 2906 5144 non
2941 5089 3107 5158 ﬁngat
3133 5097 3377 5155 apertum
3392 5085 3533 5155 quod
3549 5086 3685 5141 Deus
3716 5101 3833 5139 ma-

2252 5200 2381 5241 nere
2415 5184 2581 5239 voluit
2601 5182 2888 5239 occultum.
2913 5180 3047 5236 Vera
3065 5189 3244 5235 autem
3261 5179 3327 5233 de
3347 5179 3464 5247 ejus
3494 5178 3834 5246 Assumptio-

2254 5293 2322 5333 ne
2341 5277 2600 5334 sententia
2632 5277 2746 5330 lucc
2770 5289 2890 5330 esse
2915 5273 3190 5344 probatur,
3215 5284 3272 5326 ut
3288 5272 3580 5327 secundum
3606 5273 3834 5339 Aposto-

2254 5369 2384 5435 lum,
2418 5367 2534 5422 sive
2564 5367 2887 5436 incorpore,
2920 5365 3033 5420 sive
3080 5374 3229 5420 extra
3261 5378 3456 5433 corpus
3499 5367 3831 5434 ignorantes,

2254 5468 2585 5528 assumptam
2607 5472 2768 5526 super
2788 5457 2958 5512 cmlos
2983 5455 3284 5512 credamus.
3303 5455 3393 5509 llis
3410 5456 3568 5523 igitur
3598 5456 3839 5522 praarnis-

2257 5551 2332 5606 sis
2370 5551 2648 5619 loquamur
2673 5547 2872 5615 aliquid
2903 5549 2954 5600 in
2988 5546 3232 5600 laudibus
3262 5546 3634 5599 sacratissima:
3662 5543 3840 5614 Virgi-

2255 5644 2358 5696 nis.
2387 5639 2492 5697 Sed
2511 5639 2638 5710 quid
2671 5652 2770 5693 nos
2792 5637 2998 5704 tantilli,
3020 5637 3143 5706 quid
3173 5637 3381 5700 actione
3406 5636 3608 5706 pusilli,
3635 5635 3758 5703 quid
3786 5635 3838 5689 in

2253 5732 2374 5803 ejus
2397 5731 2640 5788 laudibus
2655 5729 2971 5795 referamus,
2991 5743 3110 5783 cum
3144 5727 3245 5783 ctsi
3264 5729 3500 5782 omnium
3531 5738 3840 5782 nostrorum
