4090 6430
357 380 490 438 ΙὶἹῚ

1568 377 1798 438 SERMO
1837 374 1924 435 DE
1961 378 2396 436 CUPIDITATE.

3462 376 3601 435 1278

351 496 587 548 membra
613 499 950 548 verterentur
978 492 1033 548 in
1061 493 1286 563 linguas,
1310 508 1430 548 eam
1459 493 1675 548 laudare
1693 493 1918 548 snﬂlcev
1943 497 1990 550 Α
2018 491 2239 546 Auctrix
2299 489 2499 558 peccati
2528 489 2684 558 Eva‘,
2716 487 2922 544 auctrix
2965 485 3155 543 'meriti
3192 486 3482 543 Matia.....
3523 488 3600 560 (et

352 593 432 638 ret
465 582 691 636 nullus?
719 583 889 639 Altior
908 586 1048 639 enim
1075 586 1211 640 caelo
1240 595 1322 640 est
1345 625 1363 653 ,
1385 585 1451 640 tle
1481 600 1582 654 qua
1617 585 1919 655 loquimur;

291 695 293 697 ί
353 676 548 745 abysso
576 674 906 743 prolundior,
937 676 1019 730 cui
1044 676 1228 731 laudes
1253 677 1430 732 dicere
1446 691 1724 732 conamur.
1750 677 1918 732 Deum

353 766 496 819 enim
541 780 697 833 quem
727 766 902 820 omnis
937 774 1180 822 creatura
1207 782 1310 822 non
1339 769 1504 836 capit,
1528 769 1640 836 ipsa
1668 769 1924 822 immacu-

369 853 478 906 lato
506 864 657 908 utero
684 855 922 910 clausum
949 857 1198 926 gestavit.
1229 857 1353 913 Haec
1377 866 1462 914 est
1488 861 1630 913 enim
1685 873 1804 928 quas
1834 872 1925 913 so-

357 941 408 995 ls
435 945 629 998 meruit
650 945 822 1000 Mater
853 954 908 1000 et
935 947 1140 1016 Sponsa
1168 949 1369 1003 vocari.
1413 949 1537 1004 ﬂare
1566 950 1752 1016 primae
1779 965 1925 1004 mor-

356 1033 423 1087 tis
435 1033 627 1089 damna
643 1036 1009 1106 resolvit,ihtec
1030 1037 1229 1092 homini
1248 1039 1457 1108 perdito
1482 1039 1915 1109 redemptionem

359 1121 602 1178 adduxit.
647 1125 814 1180 Mater
857 1128 1000 1181 enim
1024 1130 1235 1198 generis
1279 1131 1446 1184 nostri
1506 1145 1718 1198 pinnam
1748 1131 1927 1184 intulit

358 1212 580 1279 mundo,
611 1213 781 1269 Mater
801 1215 1010 1270 Domini
1035 1217 1200 1273 nostri
1224 1218 1473 1288 gaudium
1491 1221 1671 1274 attulit
1700 1222 1920 1275 mundo.

2028 589 2209 634 calere
2233 579 2338 647 fere
2362 595 2425 634 ea:
2450 581 2734 649 Augustino
2752 581 2808 634 in
2828 594 3059 634 sermone
3093 579 3160 631 18
3187 579 3250 632 de
3270 577 3538 648 Sanctis).

2101 673 2178 725 Ex
2224 672 2323 726 hac
2371 671 2587 727 homilia
2637 673 2930 741 colligimus
2987 670 3176 738 primo,
3219 669 3598 741 Assumptionis

2028 742 2340 812 vocabulum
2359 752 2594 812 tempore
2607 737 2846 812 Autperti
2864 742 2974 809 jam
2992 737 3186 812 tumin
3218 753 3317 790 usu
3344 737 3596 812 Ecclesia:

2029 811 2213 864 fuisse.
2235 806 2502 874 Secundo,
2529 806 2796 865 auctorem
2817 806 2881 863 ita
2899 810 3216 864 sententiam
3229 820 3377 858 suam
3406 806 3594 860 mode-

2031 880 2158 943 rari,
2190 890 2243 932 ut
2270 881 2395 932 nihil
2422 881 2488 934 de
2512 894 2771 948 corporea
2802 880 3039 946 Deiparai
3068 877 3442 944 Assumptioue
3465 874 3598 928 del]-

2033 949 2143 1001 niat
2167 965 2182 1002 :
2212 950 2305 1004 sed
2330 958 2385 1002 ttt
2407 950 2509 1002 sive
2529 950 2583 1002 in
2613 965 2842 1016 corpore,
2871 951 2973 1002 sive
2991 959 3134 1001 extra
3176 962 3378 1014 corpus,
3396 958 3595 1016 assunt-

2032 1028 2350 1087 ptamsuper
2376 1019 2526 1071 artos
2561 1013 2842 1087 credamus.
2866 1019 2992 1084 Qum
3019 1017 3175 1071 etiam
3207 1013 3598 1087 sententialuit

2030 1081 2323 1140 Adatunani
2342 1087 2498 1139 inlib.
2523 1089 2614 1140 ide
2629 1085 2781 1140 Locis
2797 1081 3024 1147 sanctis;
3048 1095 3098 1136 et
3115 1081 3597 1152 Anonymipmiltif

2034 1157 2299 1208 nerarium
2317 1155 2370 1209 S.
2388 1155 2676 1209 Willibaldi
2697 1155 2887 1210 litteris
2911 1154 3192 1213 mandavit.
3208 1154 3361 1214 intra,
3387 1151 3596 1205 tametsi

2032 1224 2186 1278 aliter
2210 1227 2374 1278 sensit
2399 1225 2814 1279 sanctimonialis
2839 1223 3080 1292 ejusdem
3112 1223 3366 1276 ltinerarii
3388 1229 3568 1274 auctor
3586 1255 3602 1272 .

358 1371 3604 1398 ———__——____________—___________________‘

901 1499 1052 1612 S-
1122 1498 2017 1617 AMBBOSII
2087 1504 3041 1618 AUTPEBTI

1600 1688 1722 1738 BEN
1729 1687 2040 1740 EVENTANI
2077 1689 2346 1741 ABBATIS

556 1822 1306 1950 SCRIPTA
1387 1830 1775 1986 QUE
1862 1831 2681 1958 EXSTANT
2767 1831 3390 1956 OMNIA.

441 2147 643 2209 Plura
674 2147 1055 2229 scriptorum
1084 2150 1152 2210 S.
1179 2148 1502 2229 Ambrosio
1531 2150 1834 2226 Autperto
1865 2150 2317 2211 attributorum
2349 2168 2667 2229 nunquam
2696 2157 2820 2211 tam
2847 2149 3158 2210 evidenter
3182 2148 3453 2229 genuina
3483 2166 3606 2209 esse

353 2225 489 2307 visa
521 2234 669 2285 sunt
703 2228 856 2307 quin
885 2227 1032 2285 aliis
1061 2227 1427 2307 auctoribus
1459 2225 1735 2304 ascripta
1768 2230 2005 2306 fuerint
2050 2237 2108 2288 et
2143 2245 2278 2288 cum
2328 2225 2550 2290 horum
2598 2229 2890 2307 operibus
2941 2228 3377 2307 data._1‘alerr_t
3399 2229 3602 2307 vicem

354 2302 1197 2383 habuerunt’Commt-ntaria
1228 2307 1289 2363 in
1315 2306 1570 2366 Cantica
1594 2302 1653 2365 et
1683 2307 1745 2365 in
1768 2302 2244 2383 Apocalypsim,
2270 2324 2517 2367 necnon
2544 2302 2853 2368 tractatus
2876 2307 2952 2366 de
2971 2305 3278 2367 Conflictu
3307 2305 3602 2383 vitiorum

355 2387 419 2440 et
449 2381 796 2463 virtutum._
820 2381 973 2463 IIth
1001 2385 1207 2463 omnia
1239 2401 1359 2463 nos
1387 2384 1508 2459 ipsi
1530 2385 1664 2460 jam
1690 2386 1887 2444 variis
1935 2381 2089 2446 locis
2142 2385 2528 2463 protulimus
2554 2406 2576 2446 :
2607 2387 2878 2463 primum
2906 2384 3140 2445 scilicet
3169 2382 3424 2463 tomo_S.
3461 2383 3602 2463 Au—

355 2459 597 2536 gustini
632 2460 834 2542 _t_ertio
863 2461 1286 2542 _in_.:1_pp_end.
1341 2459 1612 2542 (Patrol.
1672 2463 1867 2522 XXX
1885 2464 1986 2542 ν),
2034 2459 2377 2542 secundum,
2415 2473 2580 2524 tomo
2608 2459 2710 2524 ις.
2749 2463 3060 2524 Ambrosii
3113 2459 3603 2542 Mediolanensis

357 2537 1198 2620 quarto_(131tr_ol.__XVl_l),
1256 2541 1508 2620 tertium
1547 2540 1804 2620 denique
1848 2537 2008 2600 tomo
2041 2541 2176 2619 jam
2229 2541 2475 2603 laudati
2531 2543 2601 2603 S.
2635 2543 2973 2620 Augustini
3007 2549 3184 2600 sexto
3215 2540 3285 2602 in
3315 2539 3600 2616 Append.

357 2613 628 2690 (Patrol.
662 2615 852 2695 XL).
891 2617 1053 2677 Illuc
1102 2613 1306 2694 igitur
1335 2618 1620 2678 lectorem
1651 2613 1829 2679 nobis
1862 2613 2151 2680 revocare
2181 2621 2478 2698 sufﬁciat.

358 2769 772 2788 *οισι-*κ

1201 2883 1633 2987 SERMO
1709 2884 1868 2987 DE
1942 2879 2755 2990 CUPIDITATE.

638 3141 731 3202 (Ex
755 3153 847 3191 ms.
871 3140 976 3191 eod.
1003 3140 1150 3190 illast.
1172 3141 1303 3191 dom.
1323 3140 1608 3204 Cliauvelin,
1627 3149 1740 3192 ante
1764 3153 1916 3192 annos
1930 3144 2022 3193 800
2048 3149 2277 3200 exarata,
2302 3140 2428 3202 apud
2453 3139 2674 3189 Martene
2695 3137 2898 3200 Amplls.
2923 3135 3043 3186 Coll.
3068 3141 3185 3186 tom.
3210 3132 3318 3196 IX.)

735 3333 1171 3390 OBSERVATIO
1210 3333 1512 3389 PRAEVIA.

428 3448 747 3503 Ambrosius
771 3447 1255 3518 Autbertus,quem
1281 3449 1518 3502 nonnulli
1544 3447 1721 3502 Caroli
1752 3449 1926 3518 Magni

352 3518 669 3587 magistrum
714 3528 769 3573 et
803 3517 1332 3572 archicanecllarium
1363 3534 1644 3586 perperam
1704 3517 1926 3584 faciunt,

355 3601 423 3640 ex
447 3587 738 3657 Galliarum
767 3589 1038 3657 provincia
1065 3597 1236 3652 ortus,
1261 3590 1398 3641 intra
1422 3588 1619 3642 Samnii
1655 3589 1925 3657 regionem

1958 3252 2028 3265 Μ

1962 3319 2011 3376 Β
2038 3315 2091 3367 in
2133 3312 2347 3367 Cantica
2379 3313 2698 3377 Salomonis,
2726 3312 2780 3366 in
2819 3311 3132 3367 Psalterium
3157 3350 3175 3377 ,
3206 3310 3398 3366 librum
3444 3309 3605 3364 etiam

2039 3385 2106 3438 de
2130 3383 2388 3437 Conﬂictu
2440 3383 2684 3436 vitiorum
2717 3423 2733 3447 ,
2791 3391 2846 3437 et
2893 3381 3137 3434 liomilias
3167 3421 3182 3445 ,
3219 3391 3409 3448 praeter
3455 3394 3608 3433 cont-

2041 3456 2358 3508 mentarium
2408 3454 2458 3506 in
2490 3452 2884 3520 Apocalypsim,
2929 3451 3066 3519 quod
3126 3447 3444 3520 prtccipuum
3492 3447 3607 3517 ejus

2036 3537 2168 3591 opus
2195 3531 2295 3586 est,
2355 3519 2593 3576 doctrina
2637 3519 2916 3591 et’pictate
2941 3535 3045 3591 non
3077 3520 3278 3591 vulgari
3311 3519 3602 3591 conditum.

2036 3587 2131 3646 llis
2174 3608 2291 3659 cap.
2323 3593 2386 3647 91
2420 3587 2733 3660 Sigebertus
2753 3600 2806 3646 et
2834 3587 3377 3660 Trithemiusaddunt
3417 3587 3606 3660 librum

352 3655 494 3731 apud
524 3655 908 3731 monasterium
943 3658 1001 3712 S.
1041 3657 1310 3731 Vincentii
1334 3659 1400 3731 de
1426 3655 1928 3731 _Vu_ltnrno'mona-
2033 3662 2097 3715 de
2127 3655 2433 3731 Cupiditate,
2463 3655 2617 3729 quem
2657 3662 2923 3716 excidisse
2966 3667 3122 3731 putat
3168 3658 3439 3731 Philippus
3467 3657 3602 3711 Lab-

353 3726 748 3797 chum_induit.
776 3729 908 3781 Cum
942 3736 1086 3780 esset
1118 3727 1468 3794 impeditioris
1501 3728 1711 3797 linguae,
1739 3744 1919 3796 prom-

352 3795 786 3866 ptamloqnendi
823 3797 1129 3866 facultatem
1162 3799 1368 3850 meritis
1399 3795 1716 3851 beatissima
1744 3795 1919 3866 Virgi-

352 3864 434 3917 nis
476 3864 658 3920 Maria:
707 3867 980 3934 recepisse
1033 3865 1203 3921 fertur
1235 3907 1250 3927 .
1302 3869 1458 3936 idque
1511 3867 1646 3922 adeo
1695 3864 1918 3921 feliciter

349 3946 670 4001 conseemus
717 3947 800 3990 est
831 3978 846 4001 ,
892 3945 950 3989 ut
999 3937 1094 3988 viri
1143 3938 1472 3990 eruditissimi
1512 3940 1662 3990 titulo
1693 3953 1720 3988 a
1753 3937 1916 3990 Paulo

350 3999 680 4057 Warnelridi
732 3999 1034 4058 decoretur.
1070 4007 1127 4056 In
1172 4007 1496 4058 monasterio
1525 4007 1600 4057 sie
1636 4006 1806 4067 vixit,
1865 4015 1920 4057 ut

351 4072 492 4125 inter
513 4074 881 4125 sanctissimos
911 4073 1204 4125 monachos
1235 4074 1594 4134 adnumerari,
1620 4088 1679 4125 ac
1705 4073 1919 4126 demum

349 4141 414 4192 ad
447 4141 768 4194 abbatialem
801 4141 1113 4208 dignitatem
1145 4143 1447 4209 promoveri
1472 4143 1748 4196 meruerit.
1780 4144 1938 4202 Obiit,

348 4222 491 4262 anno
521 4210 647 4264 779.

423 4279 600 4344 Plura,
629 4295 748 4347 qua:
779 4289 1024 4334 recenset
1068 4280 1372 4334 Chronicon
1404 4281 1460 4335 S.
1500 4281 1757 4335 Vincenlii
1791 4327 1806 4348 ,
1843 4283 1925 4336 in-

2035 3733 2165 3788 beus
2198 3727 2247 3784 in
2281 3727 2662 3786 Dissertatioue
2709 3731 2961 3785 historica
3016 3730 3082 3783 de
3108 3727 3469 3795 Scriptoribus
3514 3741 3606 3780 ec-

2031 3802 2365 3856 clesiasuicis.
2410 3802 2600 3855 Verum
2645 3803 2730 3870 qui
2782 3803 2868 3854 diu
2922 3800 3069 3870 latuit
3100 3798 3151 3851 in
3185 3797 3437 3870 tenebris,
3483 3811 3604 3870 ope

2031 3874 2319 3939 pervetusu
2375 3872 2586 3924 Codieis
2618 3865 2961 3922 illustrissimi
3003 3867 3220 3939 domini
3264 3865 3601 3939 Chauvelin,

2026 3934 2284 3993 annorum
2315 3942 2526 3993 circiter
2549 3940 2654 3990 800
2686 3978 2702 4002 ,
2733 3939 2906 4002 prodit
2962 3937 3174 3988 tandem
3206 3935 3257 3987 in
3289 3937 3480 3995 lucem,
3514 3934 3604 3988 ubi

2029 4009 2294 4062 Sermonis
2343 4023 2446 4060 non
2497 4006 2635 4060 Libri
2695 4009 2906 4060 titulum
2947 4006 3122 4060 liabet.
3179 4005 3276 4073 Ipsi
3331 4003 3604 4073 subjiciam

2025 4091 2327 4130 sermonem
2357 4079 2405 4128 in
2441 4077 2812 4130 Purilicatione
2844 4077 2899 4127 Β.
2958 4074 3171 4140 Maria),
3207 4072 3277 4126 et
3333 4072 3602 4125 borniliani

2028 4148 2080 4200 in
2111 4146 2596 4215 'l‘ransliguratione
2629 4145 2853 4198 Domini.
2909 4145 3056 4198 Illum
3089 4159 3154 4197 ex
3184 4145 3421 4215 mssss.
3468 4140 3605 4215 _Ger-

2031 4217 2171 4270 mani
2198 4231 2230 4269 a
2263 4212 2431 4268 Pratis
2457 4229 2518 4269 ac
2545 4213 2867 4269 Floriacensi
2897 4215 3120 4267 invicem
3170 4213 3375 4266 collatis
3401 4252 3416 4276 ,
3467 4212 3601 4264 hanc

2034 4301 2160 4340 vero
2197 4300 2265 4339 ex
2296 4285 2504 4339 duobus
2534 4285 2904 4352 mauuSCriptis
2940 4283 3270 4338 bibliotheca:
3311 4281 3602 4335 Corbeicn-

349 4348 494 4414 genii
523 4351 605 4403 sui
639 4360 982 4404 monumenta
1014 4351 1249 4420 reliquit.
1292 4349 1344 4403 ln
1378 4353 1666 4406 Leriticum
1700 4354 1924 4418 scilicet,
1957 4366 2004 4428 ο
2041 4356 2116 4409 sis
2147 4356 2455 4408 monasterii
2484 4355 2568 4409 hic
2595 4348 2928 4410 exhibemus.

350 4513 440 4529 ~

3517 4514 3601 4528 ..α

1572 4646 1966 4726 INCIPIT
2024 4650 2380 4726 SERMO.

419 4823 474 4878 l.
505 4820 818 4876 Sanctorum
853 4819 1169 4887 Ecclesium,
1201 4821 1392 4879 fratres
1435 4828 1758 4893 charissimi,
1796 4840 1918 4882 esse

352 4917 449 4973 Dei
477 4933 662 4988 agrum
694 4917 813 4988 quis
859 4918 1106 4973 dubitet?
1155 4934 1276 4972 cum
1327 4919 1614 4986 Apostolus
1674 4919 1918 4973 clamet:

351 5009 446 5064 Dei
473 5007 790 5078 agricultura
820 5011 936 5063 estis
966 5007 1021 5080 (I
1057 5008 1178 5064 Cor.
1234 5025 1289 5063 ιιι
1315 5049 1332 5073 ,
1383 5008 1461 5074 9),
1495 5018 1548 5062 et
1580 5007 1838 5064 Dominus
1870 5009 1920 5060 in

353 5097 640 5169 Evangetio
691 5099 758 5153 de
797 5099 946 5166 jacto
989 5101 1193 5154 semine
1242 5109 1504 5164 testatur,
1556 5101 1700 5152 aliud
1743 5102 1922 5153 cecidit

346 5189 402 5242 in
441 5197 628 5241 terram
659 5191 880 5252 bonam,
914 5197 960 5242 et
985 5201 1149 5242 artum
1197 5189 1315 5253 fecit
1368 5193 1589 5258 fructum
1629 5189 1923 5256 centuplum

350 5281 508 5350 (Luc.
539 5295 651 5341 vni.
682 5279 760 5350 8).
786 5280 838 5332 Si
871 5294 998 5348 ergo
1028 5293 1159 5348 ager
1187 5288 1268 5332 est
1288 5322 1302 5343 ,
1338 5289 1395 5331 ut
1425 5279 1710 5346 Apostolus
1737 5279 1915 5344 docet,

345 5371 553 5426 cultura
585 5369 784 5440 indiget
818 5387 832 5422 :
864 5370 1068 5424 cultura
1110 5378 1285 5422 autem
1319 5385 1424 5422 non
1457 5369 1764 5436 indigeret,
1815 5368 1914 5422 nisi

347 5462 528 5529 spinas
558 5460 807 5515 vitiorum
840 5460 1184 5529 germinaret.
1219 5457 1286 5512 Et
1335 5459 1550 5526 quidem
1605 5467 1724 5526 apta
1768 5473 1917 5512 com-

348 5555 553 5622 paratio
583 5553 649 5608 de
678 5568 807 5620 agro
838 5552 904 5604 ad
934 5551 1092 5605 corda
1143 5550 1415 5604 hominum
1470 5551 1696 5605 trahitur
1717 5591 1732 5616 ,
1784 5551 1908 5620 quia

345 5644 606 5700 sicutille
633 5642 964 5710 corporales,
1015 5643 1082 5696 ita
1142 5643 1256 5698 huic
1303 5643 1570 5712 Spiritales
1624 5651 1805 5698 sentes
1860 5655 1914 5698 et

345 5736 570 5793 tribulos
605 5732 706 5804 εἰει
734 5745 845 5789 unt.
885 5733 1032 5789 Unde
1064 5745 1114 5788 et
1148 5734 1195 5788 in
1235 5736 1398 5804 prima
1452 5733 1824 5790 tnalvdictienc
1854 5736 1912 5789 li-

1951 5517 1998 5575 D

2027 4829 2284 4899 guraliter
2306 4840 2614 4894 expressum
2636 4836 2740 4895 est,
2761 4825 2951 4896 Spinas
2978 4833 3024 4877 et
3056 4822 3266 4877 tribulos
3297 4820 3594 4893 gerntinabit

2029 4920 2116 4972 tibi
2158 4918 2330 4986 ('Gen.
2365 4934 2442 4983 Ill,
2475 4917 2584 4988 l8).
2625 4917 2728 4973 Sed
2763 4918 2861 4970 hoc
2885 4916 3078 4971 habent
3114 4915 3250 4969 inter
3279 4928 3337 4968 se
3363 4911 3594 4966 dissimi-

2033 5009 2273 5063 litudinis
2303 5009 2442 5078 quod
2475 5009 2526 5062 in
2558 5007 2772 5061 ruribus
2805 5015 2960 5061 terra:
2990 5022 3056 5060 ex
3099 5005 3277 5058 multis
3324 5003 3590 5057 radicibus

2030 5099 2210 5164 plures
2235 5100 2601 5168 gerniinenlur
2644 5097 2916 5166 Spinarnm
2960 5095 3152 5155 aculei,
3183 5093 3234 5147 in
3265 5105 3598 5147 terrenarum

2028 5203 2156 5242 vero
2184 5188 2438 5242 cordibus
2469 5187 2706 5241 omnium
2740 5187 2994 5240 vitiorum
3030 5185 3344 5254 punctiones
3381 5198 3444 5236 ex
3498 5197 3598 5233 una

2034 5280 2298 5347 prodeunt
2327 5279 2506 5333 radice
2535 5277 2861 5345 CUpIdIlﬂlIS.
2895 5276 3027 5330 Cum
3056 5275 3196 5328 enim
3234 5273 3375 5326 aliud
3411 5273 3598 5323 vitium

2027 5371 2162 5440 gula:
2192 5370 2580 5438 gastrimargize
2607 5409 2622 5434 ,
2655 5367 2798 5422 aliud
2828 5365 3194 5421 fornicationis
3220 5405 3232 5428 ,
3277 5363 3417 5416 aliud
3469 5358 3604 5412 invi-

2026 5459 2149 5523 dise,
2184 5461 2324 5513 aliud
2355 5460 2449 5514 ira:
2476 5499 2492 5525 ,
2524 5459 2664 5514 aliud
2694 5457 2919 5512 tristitiae
2947 5499 2960 5521 ,
3008 5455 3147 5510 aliud
3177 5469 3326 5508 vanae
3373 5453 3555 5526 gloriae
3584 5493 3598 5517 ,

2023 5549 2164 5603 aliud
2207 5549 2518 5604 cenodoxite
2541 5589 2557 5615 ,
2604 5547 2745 5601 aliud
2790 5546 3051 5616 superbia:
3083 5589 3096 5614 ,
3123 5545 3288 5598 multa
3317 5557 3381 5598 ex
3413 5541 3600 5610 seipsis

2026 5650 2183 5708 atque
2213 5641 2488 5694 innumera
2523 5637 2798 5706 proferant
2827 5636 3091 5708 germina,
3128 5650 3193 5688 ex
3242 5649 3342 5687 una
3397 5641 3597 5694 tamen,

2035 5743 2088 5785 ut
2121 5731 2318 5786 dictum
2348 5739 2455 5798 est,
2486 5729 2744 5801 pullulant
2769 5728 3070 5798 cupiditatis
3113 5726 3310 5792 radice,
3341 5723 3604 5797 Apostolo
