4090 6420
449 377 545 430 1‘27

1229 366 1286 420 S.
1326 362 1644 421 MIBBOSII
1682 359 2030 418 AUTPERTI
2073 357 2555 415 BENEVENTANI
2597 357 2883 415 ABBATIS
3273 364 3303 417 ’1

3579 357 3714 413 1280

446 493 755 547 attestante,
782 481 868 551 qui
892 481 964 533 ait
991 498 1001 531 :
1029 478 1197 531 Radix
1221 478 1450 529 omnium
1477 475 1735 528 malorum
1762 473 2023 542 cupiditas
2052 465 2101 523 A
2130 468 2439 525 ebrietatem
2468 490 2481 537 ;
2515 472 2602 527 ille
2630 472 2953 535 castitatem,
2986 470 3095 525 iste
3126 469 3540 525 fornicationem
3573 489 3588 537 ;
3617 473 3713 528 llle

447 578 500 648 (1
527 576 663 630 Tim.
713 587 790 635 vi,
828 572 916 639 ltl)
944 586 956 635 ;
986 583 1143 633 qitam
1191 566 1440 619 videlicet
1492 566 1658 619 sancti
1704 564 1797 618 Dei
1844 563 2032 617 Eccle-

448 671 541 722 sia:
575 664 973 734 praedicatores,
1004 660 1115 712 sive
1139 659 1190 710 in
1224 656 1399 709 Veteri
1428 656 1542 709 sive
1584 655 1636 708 in
1667 653 1816 707 Novo
1844 652 2033 706 Testa-

453 767 662 821 mento,
693 763 944 820 tanquam
1001 750 1161 802 fortes
1207 746 1478 816 agricolze,
1522 745 1681 799 modo
1710 745 2032 811 increpatio-

467 847 625 900 nibus
653 886 669 909 ,
720 844 884 898 modo
930 839 1301 900 suasionibus,
1336 837 1499 890 modo
1531 835 1844 898 terroribus,
1871 833 2030 888 modo

453 934 834 990 blandimentis
865 977 878 999 ,
911 930 1063 1000 quasi
1096 928 1415 995 quibusdam
1445 926 1639 980 aratris
1665 964 1680 990 ,
1744 924 1989 978 fossoriis
2015 963 2032 987 ,

454 1027 662 1091 rastris,
692 1023 923 1079 sarculis
953 1023 1133 1075 conati
1166 1029 1291 1073 sunt
1333 1033 1363 1070 a
1414 1026 1748 1071 terrenorum
1782 1014 2035 1069 cordibus

452 1119 692 1172 funditus
743 1114 1011 1175 evellere;
1069 1109 1163 1164 sed
1217 1124 1321 1161 non
1398 1116 1657 1175 potuere,
1704 1107 1863 1159 etiam
1910 1119 2032 1158 cum

453 1211 676 1263 multum
703 1209 755 1259 in
786 1205 890 1259 hoc
922 1216 1086 1270 Opere
1111 1199 1459 1254 desudarent.
1478 1196 1857 1252 [inextricabile
1885 1194 2027 1249 enim

452 1310 634 1366 atque,
662 1306 719 1350 ut
746 1298 815 1349 ita
843 1294 1093 1356 dixerim,
1120 1288 1499 1343 ineradicabile
1529 1288 1729 1340 malum
1754 1296 1857 1351 est,
1883 1285 2037 1353 cujus

452 1404 631 1445 ramos
652 1402 755 1455 quo
767 1384 933 1455 magis
956 1380 1544 1451 ampularequaasieris,
1569 1393 1634 1431 eo
1651 1376 1879 1445 amplius
1904 1378 2039 1430 mul-

455 1480 716 1548 tipliciora
747 1476 918 1546 gignit
946 1472 1175 1542 virgulta
1207 1485 1326 1539 qua:
1349 1478 1615 1538 amputes.
1648 1466 2033 1533 Quamobrem,

452 1568 574 1637 quia
603 1567 839 1621 funditus
866 1562 1128 1618 eradicari
1162 1576 1266 1615 non
1293 1567 1494 1627 potest,
1524 1573 1739 1626 semper
1764 1571 2036 1611 ramorum

454 1660 572 1728 ejus
600 1657 749 1725 copia
780 1653 1100 1710 succidenda
1133 1662 1233 1705 cst.
1260 1652 1326 1704 Et
1346 1650 1467 1719 quia
1492 1650 1691 1703 nostris
1714 1647 1877 1701 modo
1900 1656 2037 1701 tem-

456 1749 676 1819 poribus
698 1747 807 1817 jam
835 1762 972 1815 pene
998 1743 1432 1799 totummundum
1458 1755 1751 1810 occupasse
1774 1738 2038 1804 cernitur,

456 1843 587 1895 libet
608 1856 705 1909 pro
724 1840 931 1897 viribus
962 1839 1189 1905 desuper
1218 1835 1453 1903 acceptis
1483 1848 1582 1888 nos
1613 1846 1827 1902 quoque
1848 1832 1900 1885 in
1922 1830 2041 1900 ejus

455 1932 838 2001 cxstirpatione
884 1944 1095 1999 quoquo
1126 1926 1448 1981 valuerimus
1478 1926 1690 1994 ingenio
1722 1923 2004 1980 desudare.

523 2025 580 2079 2.
622 2025 725 2078 Sed
774 2022 1007 2076 occurrit
1054 2020 1207 2073 nobis
1246 2020 1459 2074 interim
1492 2018 1721 2087 quaestio
1748 2016 2040 2086 quomodo,

453 2128 512 2172 ut
538 2118 606 2172 de
632 2117 843 2170 caeteris
876 2125 1165 2179 taceamus,
1198 2127 1262 2166 ex
1319 2110 1612 2180 cupiditate
1641 2108 1889 2177 superbia
1922 2123 2043 2176 pro-

454 2209 570 2263 dire
618 2208 894 2269 credatur,
935 2221 1055 2258 cum
1105 2204 1208 2256 alia
1257 2203 1529 2270 Scriptura
1577 2208 1761 2269 aperte
1800 2206 2041 2265 testatur,

456 2305 673 2358 Initium
711 2304 873 2355 ontnis
924 2300 1113 2368 peccati
1142 2298 1382 2368 superbia
1411 2306 1483 2350 est
1515 2296 1705 2367 (Eccli.
1742 2310 1797 2363 ι,
1840 2293 1950 2363 15).
1984 2294 2043 2350 Si

456 2396 597 2449 cnim
632 2395 837 2446 initium
860 2392 1038 2445 omnis
1066 2389 1266 2459 peccati
1294 2388 1570 2455 superbia,
1592 2384 1862 2455 quomodo
1892 2385 2044 2439 radix

455 2485 693 2538 omnium
718 2483 978 2536 malorum
1006 2490 1089 2537 est
1110 2479 1405 2550 cupiditas?
1425 2479 1525 2533 nisi
1554 2479 1676 2548 quia
1706 2493 1870 2532 unum
1895 2485 2041 2543 sunt,

456 2588 509 2630 et
540 2586 765 2644 utraque
793 2576 859 2629 ab
892 2574 1118 2628 invicem
1173 2575 1459 2642 prodeunt,
1504 2588 1623 2627 cum
1678 2580 1732 2625 et
1778 2570 2045 2639 cupiditas
2104 2564 2107 2569 ’

456 2665 787 2732 superbiam,
818 2674 873 2717 et
905 2664 1159 2731 superbia
1190 2662 1536 2730 cupiditatem
1577 2662 1780 2731 gignit:
1818 2659 1961 2728 quod
1992 2659 2044 2712 in

458 2758 633 2826 primo
664 2766 885 2825 parente
911 2755 1159 2809 evenisse
1188 2754 1584 2823 cognoscimus,
1617 2754 1671 2807 in
1700 2768 1805 2823 quo
1839 2752 2047 2807 scilicet

456 2851 559 2903 nisi
593 2849 854 2918 cupiditas
882 2849 972 2902 illa
1005 2847 1383 2915 praecessisset,
1407 2861 1513 2915 qua
1552 2846 1663 2902 Deo
1706 2846 1900 2900 similis
1927 2845 2041 2901 fieri

456 2942 644 3006 voluit,
670 2930 943 3009 nunquam
975 2955 1032 2993 se
1063 2947 1248 2994 contra
1279 2944 1552 2992 auctorem
1585 2952 1737 2991 suum
1768 2937 1821 2991 in
1852 2950 2044 3007 super-

459 3033 600 3086 biam
648 3034 945 3096 erexisset;
984 3039 1039 3085 et
1080 3040 1255 3085 tamen
1304 3030 1403 3084 nisi
1435 3029 1684 3099 superbia
1736 3029 2042 3094 tumulsset,

2138 560 2512 628 lmmilitatem,
2547 565 2646 618 istc
2688 563 3025 633 superbiam;
3071 563 3161 617 ille
3202 564 3570 629 concordiam,
3604 565 3709 619 iste

2135 652 2498 719 discordiam;
2531 654 2619 709 ille
2646 670 2852 721 pacem,
2887 655 2987 709 iste
3013 654 3194 719 litem;
3228 656 3317 708 ille
3345 656 3715 709 mansuetudi-

2150 758 2294 806 nem,
2329 744 2429 798 iste
2455 745 2812 810 iracundiam;
2844 744 2933 800 ille
2964 745 3328 811 dilectionem,
3362 747 3463 799 iste
3493 747 3713 813 odium;

2137 832 2227 886 ille
2255 834 2574 902 largitatem,
2599 837 2699 889 iste
2726 835 2989 891 tenaciam
3012 853 3026 901 ;
3052 836 3142 890 ille
3168 837 3589 907 eleemosynam,
3616 840 3716 891 iste

2139 924 2415 990 rapinam;
2456 925 2547 979 ille
2576 926 2882 991 veritatem,
2917 925 3024 978 iste
3064 925 3445 991 mendacium;
3493 927 3581 979 ille
3610 942 3716 980 non

2131 1015 2454 1083 jurandum,
2495 1017 2595 1069 iste
2640 1015 2893 1085 periuriis
2939 1015 3334 1081 insistendum;
3388 1016 3477 1071 ille
3524 1016 3713 1073 fraude

2140 1106 2536 1170 abstinendum,
2590 1108 2690 1160 iste
2740 1105 2886 1159 falsis
2944 1106 3263 1160 testimoniis
3308 1106 3713 1173 inhaerendum;

2142 1197 2231 1251 ille
2268 1197 2483 1251 mandat
2509 1198 2572 1250 de
2597 1198 2736 1267 ligno
2759 1198 2983 1250 scientiae
3012 1197 3130 1250 boni
3163 1208 3208 1250 et
3237 1199 3361 1251 mali
3391 1214 3453 1251 ne
3479 1201 3713 1253 comeda-

2140 1290 2224 1353 tis,
2253 1291 2351 1344 iste
2377 1305 2407 1343 e
2432 1300 2617 1344 contra
2644 1308 2655 1343 :
2690 1290 2755 1342 In
2779 1305 3078 1359 quacunque
3096 1290 3177 1343 die
3198 1290 3518 1344 comederitis
3540 1306 3602 1343 ea:
3633 1306 3711 1355 eo,

2141 1380 2431 1449 aperientur
2458 1380 2595 1432 oculi
2623 1381 2792 1446 vestri,
2824 1390 2871 1432 et
2910 1380 3051 1432 eritis
3087 1379 3219 1432 sicut
3256 1379 3350 1444 dii,
3375 1380 3590 1433 scientes
3631 1379 3715 1434 bo-

2142 1487 2264 1525 num
2291 1482 2337 1525 et
2367 1472 2560 1525 malum
2591 1471 2745 1541 (Gen.
2775 1488 2834 1539 n,
2870 1472 2983 1541 17).
3021 1471 3113 1526 llle
3144 1472 3333 1541 jubet:
3371 1471 3489 1525 Non
3528 1489 3720 1526 concu-

2143 1553 2303 1633 pisces
2334 1580 2541 1617 uxorem
2580 1565 2803 1631 proximi
2852 1567 2945 1629 tui,
2978 1581 3078 1618 non
3110 1564 3335 1630 domum,
3382 1581 3484 1619 non
3513 1582 3718 1635 agrum,

2144 1670 2247 1707 non
2279 1670 2495 1720 servum,
2544 1671 2644 1707 non
2673 1656 2937 1721 ancillam,
2969 1671 3071 1708 non
3108 1656 3300 1720 bovem,
3348 1671 3450 1709 non
3497 1657 3725 1721 asinum,

2145 1760 2246 1796 non
2277 1746 2510 1798 universa
2531 1761 2642 1813 qua!
2668 1744 2812 1799 illius
2839 1754 2955 1799 sunt
2993 1743 3174 1816 (Deut.
3205 1762 3259 1813 v,
3286 1745 3418 1817 2|);
3464 1747 3564 1802 iste
3596 1762 3726 1802 vero

2146 1834 2371 1888 Suadet:
2407 1835 2537 1889 [hac
2575 1836 2749 1890 omnia
2791 1836 2878 1890 tibi
2926 1836 3084 1902 dabo,
3122 1838 3167 1890 si
3203 1837 3389 1891 cadens
3430 1837 3725 1893 adoraveris

2146 1942 2245 1980 me.
2276 1928 2387 1995 Age
2422 1943 2561 1982 nunc
2596 1928 2868 1982 videamus
2897 1928 3049 1995 cujus
3088 1927 3263 1982 cultor
3301 1929 3458 1983 homo
3506 1918 3726 1996 existat,

2094 2082 2097 2083 ν
2144 2025 2197 2069 et
2218 2016 2303 2068 cui
2333 2016 2499 2070 verbo
2526 2018 2796 2071 mentitur.
2829 2020 2910 2073 An
2943 2018 3084 2072 illius
3113 2020 3266 2087 cujus
3298 2021 3582 2090 imperium
3607 2036 3725 2089 per-

2147 2105 2307 2161 ficere
2337 2108 2593 2162 videtur?
2630 2110 2695 2163 Et
2735 2111 2853 2178 quis
2876 2126 2979 2165 non
3011 2111 3205 2176 videat,
3235 2112 3359 2180 quia
3390 2112 3502 2180 ipse
3549 2112 3722 2166 homi-

2149 2199 2234 2252 nis
2268 2197 2553 2253 famulatus
2597 2202 2854 2255 cultorem
2885 2216 3007 2255 eum
3049 2200 3207 2255 faciat
3236 2201 3321 2255 cui
3366 2202 3636 2257 deservit?
3667 2203 3724 2257 In

2151 2290 2344 2359 quibus
2388 2293 2642 2346 nimirum
2694 2295 2874 2347 verbis
2919 2303 3160 2360 patenter
3210 2294 3466 2359 iunuitur,
3508 2310 3604 2349 eos
3633 2296 3724 2364 qui

2147 2381 2428 2451 cupiditati
2483 2385 2744 2449 student,
2803 2386 3107 2439 dzemonum
3163 2386 3396 2441 cultores
3447 2388 3724 2451 existere,

2145 2473 2355 2529 etiamsi
2388 2477 2490 2529 hoc
2519 2477 2708 2530 beatus
2736 2477 2932 2530 Paulus
2963 2492 3066 2530 non
3094 2477 3412 2533 affirmaret.

2215 2565 2269 2618 4.
2300 2564 2465 2633 Hujus
2492 2566 2799 2635 cupiditatis
2823 2568 3044 2634 malum,
3075 2567 3213 2637 quod
3245 2577 3433 2622 cuncta
3472 2569 3729 2636 prmcellit

2144 2666 2200 2713 et
2227 2667 2463 2727 superat,
2495 2668 2549 2713 et
2573 2674 2602 2712 a
2632 2676 2739 2729 quo
2786 2662 2966 2714 omnia
2999 2661 3132 2714 mala
3166 2661 3449 2729 pullulant,
3481 2661 3604 2715 alibi
3636 2678 3722 2717 sa-

2144 2766 2236 2807 cra
2290 2752 2562 2821 Scriptura
2598 2753 2670 2807 ita
2716 2753 3034 2807 detestando
3082 2755 3261 2822 prodit
3291 2754 3514 2808 dicens:
3552 2755 3722 2810 Avaro

2145 2842 2275 2898 nihil
2291 2853 2365 2896 est
2383 2843 2677 2905 scelestius;
2702 2858 3020 2914 rursumque
3042 2860 3054 2896 ε
3079 2843 3228 2897 Nihil
3242 2854 3313 2898 est
3334 2845 3551 2913 iniquius
3572 2863 3735 2916 quam

2143 2951 2320 2989 amare
2351 2937 2620 3004 pecuniam
2650 2934 2842 3007 (Eccli.
2873 2953 2924 3002 x,
2955 2937 2987 2991 9
3015 2944 3069 2990 et
3097 2934 3210 3007 10).
3254 2936 3394 3001 Quid
3441 2938 3637 2992 mirum
3681 2941 3725 2993 si

2145 3026 2394 3081 eamdem
2423 3027 2770 3096 cupiditatem
2799 3027 3067 3083 idolorum
3116 3029 3382 3083 culturam
3432 3028 3725 3100 Apostolus

463 3140 795 3194 nequaquam
831 3124 960 3177 talia
998 3134 1252 3193 appetere
1291 3125 1741 3191 prmsumpsissct.
1787 3122 1918 3189 Quae
1960 3122 2039 3175 ni-
2071 3155 2118 3218 Ο
2148 3118 2343 3173 vocet?
2368 3119 2511 3188 quod
2528 3120 2777 3174 videlicet
2798 3119 3103 3187 cupiditatis
3124 3120 3499 3175 multimodum
3525 3122 3723 3175 malum

464 3214 654 3269 tnirum
679 3216 783 3268 duo
813 3215 1126 3283 principalia
1158 3214 1283 3267 vitia
1316 3213 1386 3267 ita
1416 3212 1715 3282 conjungit,
1741 3214 1810 3267 ita
1841 3212 2043 3267 descri-

462 3305 538 3358 bit
570 3304 800 3359 Joannes
828 3305 1127 3373 apostolus,
1151 3313 1208 3358 ut
1244 3304 1557 3374 postpositis
1586 3306 1725 3370 aliis,
1750 3305 1900 3374 quasi
1932 3305 2048 3360 hinc

462 3395 577 3448 sola
611 3395 664 3448 in
699 3395 900 3449 mundo
932 3410 1052 3449 esse
1085 3394 1330 3459 fateatur,
1366 3410 1431 3449 ex
1481 3393 1674 3463 quibus
1727 3395 1813 3449 illa
1864 3396 2044 3450 omnia

463 3487 725 3555 originem
754 3484 952 3540 ducere
980 3489 1291 3553 probantur.
1322 3484 1409 3539 Ait
1432 3486 1574 3540 enim
1604 3505 1618 3541 :
1650 3486 1814 3540 Omne
1833 3488 2047 3556 quodin

463 3577 653 3631 mundo
682 3587 776 3641 est,
802 3578 1215 3644 concupiscentia
1242 3577 1409 3628 carnis
1432 3585 1523 3641 est,
1558 3586 1605 3629 et
1632 3577 2048 3645 concupiscentia

466 3669 756 3733 oculorum,
787 3677 831 3720 et
858 3668 1096 3735 superbia
1123 3669 1238 3721 vita:
1270 3666 1320 3735 (l
1350 3667 1505 3721 Juan.
1545 3684 1606 3733 ll,
1642 3666 1758 3736 16).

538 3759 593 3812 5.
632 3757 947 3827 Quanquam
976 3766 1154 3811 autem
1207 3759 1297 3812 ubi
1345 3759 1835 3828 concupiscentiam
1869 3765 2046 3822 sonat,

466 3850 537 3903 11›1
571 3858 963 3916 consequenter
1009 3856 1064 3902 et
1104 3847 1350 3916 superbia
1383 3847 1732 3917 intelligatur,
1775 3845 1928 3898 nobis
1970 3854 2048 3897 ta-

467 3955 587 3994 tncn
636 3954 774 3993 nunc
820 3939 885 3991 de
927 3953 1030 3992 una
1064 3937 1433 3994 disserendum
1482 3949 1596 4004 est;
1652 3944 1837 3991 contra
1885 3948 2046 3987 unam

468 4032 811 4100 cupiditatem
845 4030 1221 4099 disputandum
1252 4048 1267 4084 :
1297 4046 1413 4099 qua:
1444 4029 1694 4084 nimirum
1719 4027 1871 4095 cujus
1899 4040 2048 4078 men-

470 4137 575 4180 tem
609 4125 763 4193 plene
796 4124 1119 4191 possederit,
1151 4138 1268 4177 eam
1302 4124 1540 4193 protinus
1571 4123 1835 4177 idolorum
1861 4119 2043 4175 cultri-

471 4230 585 4268 cem
616 4214 796 4269 elﬁcit.
827 4214 1161 4269 Occidendus
1185 4230 1298 4267 sum
1323 4216 1446 4267 talia
1479 4212 1699 4279 docens,
1732 4210 2050 4279 lapidandus

470 4322 588 4362 sum
609 4308 729 4360 talia
752 4323 1020 4376 promens,
1039 4306 1139 4360 nisi
1170 4308 1285 4359 lucc
1307 4306 1493 4359 eadem
1517 4305 1789 4373 apostolus
1811 4303 2049 4371 gentium

471 4407 713 4454 testctur.
750 4398 864 4467 Ipse
894 4398 1036 4452 enim
1067 4399 1143 4450 ait
1176 4414 1187 4449 :
1223 4395 1289 4451 Et
1318 4396 1533 4449 avaritia
1559 4411 1673 4465 qua:
1698 4404 1769 4448 cst
1796 4394 2051 4446 idolorum

2150 3210 2384 3281 nequius
2413 3211 2638 3265 divitum
2668 3210 2852 3276 corda,
2906 3226 3063 3279 quam
3118 3227 3409 3282 pauperum
3440 3214 3685 3270 devastat
3712 3232 3727 3280 ;

2150 3303 2271 3370 quia
2307 3301 2407 3356 etsi
2437 3304 2601 3356 multa
2643 3303 2697 3356 in
2727 3302 2827 3356 hoc
2858 3303 3055 3357 saeculo
3084 3319 3347 3373 pauperes
3371 3306 3571 3362 habere
3600 3322 3732 3362 con-

2151 3391 2454 3460 cupiscunt,
2487 3405 2592 3445 non
2624 3400 2804 3445 tamen
2838 3392 3001 3445 multa
3034 3395 3245 3463 assequi
3268 3404 3514 3464 possunt,
3545 3410 3607 3450 ac
3635 3411 3729 3463 per

2153 3482 2253 3537 hoc
2287 3498 2409 3537 cum
2459 3482 2538 3537 eis
2566 3482 2790 3538 ell'ectus
2820 3485 3271 3553 concupiscentiae
3320 3487 3502 3541 minor
3553 3487 3732 3542 reddi-

2151 3584 2253 3639 tur,
2278 3575 2503 3630 nocendi
2526 3591 2741 3646 quoque
2764 3577 2964 3631 malitia
2993 3588 3342 3645 temperatur.
3377 3578 3579 3634 Divitcs
3600 3594 3739 3633 vero

2150 3668 2275 3737 quia
2308 3667 2460 3737 plura
2507 3667 2731 3737 adipisci
2775 3678 3017 3735 possunt,
3051 3680 3108 3721 ut
3156 3669 3386 3735 pluriora
3434 3669 3729 3731 inveniant,

2155 3758 2532 3827 multipliciora
2563 3759 2819 3828 peccandi
2871 3770 3179 3827 argumenta
3228 3759 3521 3827 inquirunt.
3564 3761 3728 3825 Quasi

2151 3850 2292 3904 enim
2318 3849 2535 3917 quidam
2562 3850 2697 3917 ignis
2727 3860 2811 3904 est
2837 3852 3117 3920 cupiditas,
3152 3868 3269 3917 qum
3298 3862 3353 3905 et
3387 3854 3439 3905 in
3468 3854 3586 3906 aliis
3615 3869 3728 3907 ma-

2151 3941 2251 4011 gis,
2284 3940 2334 3994 in
2365 3940 2481 3993 aliis
2526 3955 2658 3997 vero
2698 3943 2873 3997 minus
2925 3942 3111 4005 ardet;
3160 3941 3248 3995 tibi
3302 3950 3478 3997 tamen
3535 3942 3728 3996 ardere

2152 4032 2357 4102 incipit,
2399 4048 2670 4103 nunquam
2709 4033 2839 4088 dicit
2865 4051 2878 4089 :
2910 4033 3141 4100 Sufficit,
3171 4034 3416 4103 exemplo
3447 4034 3585 4104 ignis
3610 4051 3726 4090 cor-

2153 4126 2370 4193 poralis,
2400 4125 2489 4194 qui
2517 4136 2661 4180 tanto
2690 4126 3061 4181 Vehementius
3109 4126 3354 4180 flammas
3385 4126 3727 4194 multiplicat,

2152 4225 2353 4281 quanto
2392 4215 2745 4271 abundantius
2774 4216 3166 4272 multitudinem
3198 4216 3461 4285 lignorum
3493 4232 3729 4287 accepe-

2156 4307 2246 4360 rit.
2284 4308 2417 4363 llinc
2459 4310 2602 4364 enim
2653 4312 2911 4379 scriptum
2941 4318 3069 4366 est:
3104 4312 3297 4365 Avarus
3350 4312 3575 4381 pecuniis
3629 4328 3733 4365 non

2154 4400 2396 4466 impletur
2418 4400 2601 4470 (Eccli.
2634 4418 2689 4468 v,
2719 4402 2795 4472 9).

470 4493 680 4543 servitus
710 4488 919 4559 (Ephes.
956 4506 1006 4556 v,
1041 4492 1119 4560 5).
1146 4491 1276 4557 Quis
1308 4499 1506 4554 autem,
1541 4503 1689 4557 rogo,
1716 4487 2049 4540 Cliristiano-
2081 4502 2133 4562 ι)
2182 4526 2199 4545 .
2231 4488 2282 4541 5.
2328 4490 2451 4543 Haec
2473 4501 2618 4545 certe
2642 4491 2787 4545 radis
2816 4492 3053 4546 omnium
3086 4494 3341 4548 malorum
3365 4496 3594 4564 primum
3625 4498 3729 4551 vir-

469 4598 587 4635 rum
620 4582 909 4648 quamlibet
935 4584 1112 4635 audiat
1146 4597 1350 4646 vocem,
1396 4582 1439 4633 si
1473 4594 1593 4633 eum
1629 4579 1822 4647 aliquis
1855 4577 2046 4634 inlide-

472 4674 572 4726 lcm
604 4683 656 4727 et
687 4674 987 4727 simulacris
1011 4673 1244 4727 deditum
1274 4675 1463 4725 vocet?
1490 4671 1554 4725 Et
1583 4684 1760 4725 tamen
1789 4671 1938 4739 cupit
1962 4686 2051 4725 es-

471 4777 552 4828 se,
586 4763 748 4830 quod,
780 4766 899 4832 quia
941 4763 1030 4823 sit,
1075 4777 1179 4815 non
1213 4765 1325 4814 vult
1374 4761 1581 4817 audire.
1634 4763 1770 4816 Dicit
1819 4761 2052 4817 fortasse

473 4854 697 4923 quilibet
721 4870 786 4907 ex
826 4854 980 4922 ipsis,
1020 4851 1289 4921 quomodo
1320 4851 1474 4907 idolis
1502 4853 1719 4919 serviat,
1752 4854 1843 4923 qui
1874 4864 2049 4909 terre-

475 4949 555 5001 nis
585 4945 866 5002 desideriis
896 4945 1134 4998 :nstuat?
1165 4945 1328 5009 Audi,
1379 4946 1618 5015 quisquis
1647 4945 1734 5001 ille
1761 4962 1841 5014 es,
1887 4948 2053 5001 ratio-

473 5057 596 5097 nem
628 5041 865 5095 breviter
892 5054 909 5093 :
941 5039 1081 5094 Deus
1115 5039 1219 5093 fide
1273 5039 1531 5095 colendus
1578 5049 1682 5107 est,
1713 5039 1845 5094 fides
1874 5049 2049 5093 autem

475 5131 780 5201 cognitione
823 5128 917 5184 Dei
968 5130 1234 5197 consistit,
1282 5131 1515 5200 cognitio
1546 5146 1676 5187 vero
1706 5129 1800 5184 Dei
1830 5131 1881 5183 in
1915 5131 2054 5184 obe-

474 5222 673 5277 dientia
714 5230 1100 5290 prmceptorum
1144 5222 1480 5291 intelligitur,
1514 5221 1636 5290 quia
1665 5231 1719 5274 et
1759 5219 1953 5273 Paulus
1984 5219 2053 5273 de

476 5312 795 5382 quibusdam
837 5310 1006 5365 dicit:
1039 5312 1357 5380 Conﬁtentur
1400 5328 1454 5363 se
1495 5326 1641 5364 nosse
1684 5309 1875 5376 Deum,
1907 5310 2056 5379 {actis

478 5412 645 5455 autem
676 5410 864 5471 negant
888 5399 1015 5469 (Tit.
1047 5415 1085 5465 ι,
1113 5399 1225 5470 16).
1261 5401 1325 5454 Et
1350 5401 1585 5455 Joannes
1616 5400 1666 5452 in
1693 5400 1931 5468 Epistola
1958 5413 2053 5452 sua

480 5492 595 5545 lucc
622 5493 807 5548 eadem
842 5501 1163 5547 attestatur:
1208 5490 1309 5557 Qui
1352 5492 1475 5545 dicit
1506 5509 1559 5546 se
1587 5508 1735 5545 nosse
1780 5491 1966 5557 Deum,
2011 5500 2057 5545 et

482 5586 727 5638 mundata
766 5587 877 5656 ejus
912 5602 1009 5637 non
1041 5585 1280 5647 custodit,
1312 5586 1533 5638 mendax
1562 5596 1634 5640 est
1665 5584 1848 5657 (Ιοαη.
1882 5600 1942 5654 ιι,
1979 5584 2053 5656 4).

484 5678 626 5733 Deus
653 5680 826 5746 itaque
847 5679 995 5747 jubet
1018 5678 1421 5744 abstinentiam,
1453 5682 1706 5751 antiquus
1738 5680 1908 5735 hostis
1940 5697 2059 5748 per—

483 5766 666 5820 suade!
709 5772 1087 5837 vorac'itatcm;
1141 5770 1231 5826 ille
1278 5772 1505 5841 imperat
1550 5772 1919 5838 sobrietatem,
1961 5773 2059 5828 iste

2154 4577 2356 4647 gultum
2390 4578 2643 4631 invidiam
2682 4578 2871 4648 gignit,
2908 4578 3108 4634 Jacobo
3138 4591 3445 4651 attestante,
3474 4586 3564 4653 qui
3607 4586 3680 4639 ait
3712 4604 3725 4639 :

2152 4671 2231 4723 An
2262 4673 2450 4739 putatis
2474 4674 2597 4740 quia
2620 4673 2840 4724 inaniter
2863 4673 3136 4737 Scriptura
3172 4674 3293 4727 dicit
3324 4690 3343 4729 :
3382 4676 3463 4729 Ad
3486 4677 3728 4729 invidiam

2152 4762 2463 4830 concupiscit
2503 4762 2713 4830 spiritus
2758 4763 2845 4829 qui
2875 4761 3070 4816 habitat
3092 4765 3143 4817 in
3188 4764 3326 4818 vobis
3358 4764 3497 4836 (Jac.
3526 4781 3599 4832 IV,
3628 4765 3733 4836 5)?

2158 4855 2290 4908 llinc
2340 4869 2433 4921 per
2463 4853 2814 4926 _Salomonem
2864 4854 3064 4909 dicitur
3114 4873 3127 4909 :
3186 4853 3568 4926 Contemplatus
3620 4874 3732 4911 sum

2155 4958 2324 4995 omnes
2354 4924 2548 4996 labo‘rcs
2573 4944 2856 5009 hominum,
2885 4954 2933 4998 et
2968 4945 3277 5008 industrias,
3311 4955 3355 4999 et
3389 4947 3728 5000 animadverti

2155 5041 2327 5103 patere
2346 5032 2552 5086 incidite
2581 5034 2801 5101 proximi
2829 5033 2998 5104 (Eccl.
3030 5050 3103 5100 tv,
3132 5035 3211 5105 4).
3246 5034 3465 5090 Constat
3494 5052 3723 5105 namque

2155 5134 2211 5180 et
2238 5140 2420 5180 verum
2465 5129 2695 5195 estquia
2725 5127 2777 5181 in
2828 5127 2929 5180 lioc
2977 5127 3098 5181 aliis
3145 5128 3444 5183 invidemus
3474 5144 3580 5198 quo
3607 5130 3726 5185 illos

2156 5219 2270 5273 sive
2313 5221 2365 5273 in
2399 5219 2558 5274 rebus
2590 5220 2994 5288 temporalibus,
3025 5221 3137 5274 sive
3181 5222 3232 5274 in
3275 5223 3460 5276 mundi
3509 5223 3733 5277 honori-

2157 5311 2257 5366 bus
2304 5312 2504 5380 :equari
2546 5312 2811 5366 volumus.
2847 5311 3001 5367 Unde
3034 5312 3121 5383 qui
3156 5314 3489 5369 mortiferum
3522 5314 3729 5368 invidia

2159 5402 2303 5457 virus
2329 5403 2521 5471 quaerit
2550 5401 2909 5473 exstinguere,
2941 5406 3153 5458 studeat
3196 5419 3417 5461 necesse
3439 5416 3523 5461 est
3550 5409 3599 5461 in
3632 5408 3731 5461 lioc

2158 5492 2357 5548 saeculo
2397 5492 2525 5545 nihil
2573 5491 2715 5561 quod
2756 5501 2995 5547 transeat
3043 5510 3109 5547 ex
3154 5494 3420 5550 desiderio
3449 5511 3693 5564 quaerere
3721 5540 3733 5563 ,

2159 5587 2341 5641 audiat
2385 5587 2615 5655 denique
2663 5587 2817 5654 cujus
2869 5587 3165 5642 membrum
3217 5590 3286 5642 sit
3331 5590 3573 5657 quisquis
3633 5589 3732 5644 hoc

2160 5678 2345 5732 vitium
2370 5692 2557 5733 cavere
2588 5677 2821 5748 negligit.
2852 5677 3121 5747 Scriptum
3145 5681 3340 5749 quippe
3369 5692 3451 5736 est
3484 5700 3495 5735 :
3532 5682 3731 5736 Invidia

2167 5769 2360 5825 diaboli
2390 5786 2525 5825 mors
2554 5771 2777 5826 introivit
2802 5770 2852 5823 in
2879 5772 3045 5825 orbem
3070 5779 3320 5827 terrarum
3342 5769 3499 5845 (Sap.
3530 5790 3594 5842 It,
3615 5773 3731 5845 2‘).
