4090 6430
321 361 452 417 1281

1531 359 1758 418 SERMO
1799 359 1885 414 DE
1925 357 2010 415 ϐυ
2021 359 2366 416 PlDlTATE.

3447 364 3588 421 1283

314 471 596 526 Imitantur
624 475 799 525 autem
829 469 979 526 illum
1009 470 1099 541 qui
1130 477 1346 526 suntex
1380 479 1532 541 parte
1569 471 1706 540 ejus.
1747 471 1893 525 Inter
1923 471 2127 530 Alium
2167 473 2344 542 populi
2387 472 2506 536 mei,
2562 480 2616 524 ut
2667 467 2829 526 essent
2877 473 3043 528 vidule
3085 475 3263 544 prada
3312 491 3486 530 eorum
3533 487 3583 530 et

315 563 431 617 haec
458 570 636 616 autem
679 561 954 617 sciendum
986 562 1140 617 nobis
1183 571 1268 617 est
1316 563 1438 632 quia
1481 572 1609 616 sunt
1656 562 1896 616 nonnulli

313 657 403 722 qui
432 655 482 706 in
508 653 709 709 divitiis
743 655 826 708 vel
857 654 1151 709 honoribus
1182 655 1316 708 alios
1355 653 1570 724 quidem
1617 654 1898 724 praecelle-

314 763 376 802 re
407 749 614 814 volunt,
641 747 735 802 sed
766 757 940 802 tamen
972 763 1068 803 eos
1096 763 1229 816 quos
1261 754 1385 800 ante
1415 747 1493 800 ire
1522 762 1630 800 non
1678 755 1901 816 possunt

313 840 537 893 minime
558 840 948 908 insequuntur:
983 838 1223 892 nonnulli
1258 852 1389 892 vero
1414 846 1559 891 tanta
1587 837 1899 892 invidentia:

316 932 526 986 llamma
573 933 830 987 adversus
859 947 954 987 eos
993 932 1394 996 accenduntur,
1425 943 1483 986 ut
1525 947 1679 1001 aequo
1720 933 1900 986 animo

311 1025 394 1077 vel
439 1027 600 1079 rectis
627 1027 803 1080 oculis
834 1039 1166 1094 nequaquam
1211 1025 1334 1077 illos
1365 1023 1635 1093 respicere
1666 1024 1897 1088 possint.

291 1112 447 1180 ‘liiinc
497 1117 656 1168 etiam
711 1117 950 1169 exoritur
1002 1114 1274 1169 homicidii
1331 1114 1632 1181 meditatio,
1684 1125 1739 1169 et
1799 1114 1900 1168 nisi

310 1204 533 1259 elTectus
573 1205 926 1274 perpetrat.di
979 1205 1238 1259 divinitus
1266 1205 1632 1270 subtrahatur,
1667 1213 1759 1258 aut
1811 1219 1903 1259 oc-

310 1295 453 1347 culte
496 1297 685 1348 veneni
715 1294 1088 1360 suliocatione,
1121 1296 1204 1348 vel
1258 1295 1499 1364 quolibet
1531 1294 1768 1361 ingenio,
1809 1305 1901 1346 aut

311 1393 494 1452 aperte
541 1386 643 1439 isto
681 1386 939 1440 materiali
998 1385 1175 1453 gladio
1217 1385 1322 1438 vita
1379 1385 1682 1453 perimitur.
1743 1383 1900 1448 Quod

311 1477 564 1531 videlicet
592 1477 790 1530 idcirco
811 1476 1025 1544 quidam
1059 1485 1336 1546 peragunt,
1365 1485 1423 1529 ut
1452 1475 1554 1529 illis
1577 1475 1896 1544 peremptis,

311 1568 546 1637 qualibet
575 1578 688 1621 arte
719 1567 857 1622 bona
882 1568 1093 1621 illorum
1125 1569 1210 1622 vel
1239 1570 1468 1622 honores
1499 1567 1695 1636 injuste
1725 1566 1898 1635 prori-

311 1659 501 1726 piant;
532 1657 745 1726 quidam
778 1673 904 1711 vero
934 1673 1038 1711 non
1073 1666 1130 1711 ut
1153 1657 1324 1714 aliena
1356 1658 1502 1713 lucra
1535 1661 1619 1712 vel
1655 1657 1899 1711 ministe-

303 1749 390 1802 ria
420 1757 793 1817 assequamur,
825 1748 920 1803 sed
949 1759 1153 1802 tantum
1199 1757 1256 1803 ut
1303 1749 1378 1803 illi
1426 1749 1622 1818 quibus
1653 1749 1899 1804 invident

314 1840 504 1896 eadem
529 1841 806 1906 amittant;
830 1841 968 1910 quod
998 1841 1042 1894 si
1073 1841 1230 1895 etiam
1264 1840 1478 1894 illorum
1502 1841 1661 1893 vitam
1691 1843 1899 1896 exstin-

320 1945 491 1999 guere
535 1941 820 1998 nequeant,
857 1940 1105 1985 tenentur
1135 1939 1308 1983 tamen
1348 1928 1458 1998 jam
1515 1930 1788 1985 homicidii
1821 1932 1896 1987 rei

313 2033 380 2073 ex
413 2021 526 2089 ipsa
557 2023 661 2076 odii
695 2022 1058 2079 meditatione.
1091 2019 1240 2076 Unde
1283 2020 1518 2075 Joannes
1568 2037 1783 2092 quoilue
1843 2025 1895 2077 in

311 2109 550 2178 Epistola
578 2126 673 2166 sua
705 2112 842 2166 dicit
871 2129 884 2164 :
922 2111 1100 2165 Omnis
1129 2113 1213 2181 qui
1243 2114 1350 2164 odit
1380 2116 1594 2180 fratrem
1622 2129 1769 2167 suum
1801 2114 1897 2167 Ito-

311 2201 502 2254 micida
524 2211 614 2255 est.
663 2201 728 2255 Et
755 2202 897 2259 scitis
935 2202 1055 2270 quia
1086 2204 1252 2255 omnis
1301 2203 1558 2256 homicida
1593 2221 1697 2257 non
1747 2204 1898 2257 habet

316 2291 664 2345 hazreditatem
695 2293 745 2345 in
791 2309 946 2364 regno
981 2293 1170 2348 Christi
1215 2303 1263 2347 et
1313 2292 1403 2346 Dei
1448 2293 1630 2362 (Joan.
1665 2309 1746 2359 ιιι,
1780 2293 1890 2364 15).

317 2383 418 2439 Ubi
465 2392 641 2438 autem
669 2383 811 2454 jugis
860 2385 968 2439 odii
1019 2384 1300 2440 meditatio
1340 2385 1616 2452 insederit,
1671 2385 1896 2440 nocendi

316 2490 528 2546 quoque
557 2478 758 2532 malitia
789 2493 894 2532 non
921 2479 1111 2533 deerit.
1161 2479 1381 2549 lnquirit
1435 2493 1662 2548 namque
1691 2491 1900 2545 semper

312 2565 498 2623 infelix
524 2569 576 2622 in
608 2585 714 2638 quo
743 2570 1009 2625 viventem
1041 2572 1237 2628 laedere
1270 2569 1459 2639 possit,
1491 2585 1650 2639 quem
1694 2579 1753 2623 ut
1799 2583 1897 2621 vc-

313 2659 413 2714 luit
435 2663 700 2730 perimere
719 2662 954 2717 funditus
986 2678 1091 2716 non
1117 2663 1305 2732 potuit.
1340 2662 1523 2732 Jungit
1547 2663 1897 2729 semetipsum

316 2756 564 2810 amicitiis
615 2756 831 2810 inimico
871 2757 953 2810 vel
999 2757 1270 2810 causidico
1309 2755 1474 2822 illius,
1522 2755 1607 2808 cui
1653 2755 1899 2808 fortassis

319 2847 524 2914 pridem
574 2862 674 2902 nec
703 2848 878 2916 eloqui
925 2847 1168 2912 volebat;
1201 2857 1257 2900 et
1290 2861 1410 2900 cum
1454 2861 1551 2914 pro
1588 2857 1736 2900 certo
1764 2846 1900 2900 sciat

316 2939 458 3007 quod
481 2938 597 2992 sinc
623 2953 783 2994 causa
815 2938 1084 2992 calumnia
1115 2937 1262 2992 illum
1299 2945 1565 3006 torqueat,
1598 2950 1704 2990 non
1736 2950 1896 2991 vere-

313 3041 399 3082 tur
433 3040 630 3093 tamen,
665 3029 793 3083 dum
824 3037 1010 3083 contra
1043 3045 1204 3083 unum
1230 3029 1402 3094 swvit,
1450 3042 1546 3095 pro
1573 3027 1743 3082 altero
1770 3041 1896 3096 per-

305 3118 507 3188 jurinm
539 3120 622 3175 vel
656 3120 849 3175 falsum
882 3121 1250 3176 testimonium
1284 3129 1609 3190 perpetrare,
1660 3133 1756 3174 nec
1806 3133 1896 3172 re-

316 3210 565 3264 cordatur
593 3209 736 3265 illius
784 3211 1064 3265 sententia:
1094 3227 1196 3280 qua
1239 3210 1434 3265 dicitur
1462 3228 1475 3263 :
1508 3224 1666 3279 neque
1695 3209 1897 3279 perjuri

209 3350 217 3357 .
311 3317 525 3372 regnum
573 3299 668 3355 Dei
722 3302 1052 3371 possidebunt
1106 3301 1153 3372 (l
1207 3301 1327 3356 Cor.
1377 3317 1462 3365 xv,
1513 3298 1590 3370 5).
1627 3300 1694 3353 Ει
1725 3297 1897 3354 illud:

312 3389 477 3445 Testis
507 3392 670 3460 falsus
700 3407 800 3445 non
824 3394 920 3446 erit
948 3393 1226 3460 impunitus
1257 3388 1444 3462 (Prov.
1473 3405 1584 3456 XIX,
1615 3390 1694 3461 9).

387 3484 442 3538 6.
474 3483 590 3538 iam
609 3499 737 3538 vero
751 3485 978 3554 qualiter
1000 3498 1259 3554 pauperes
1277 3499 1305 3537 a
1320 3483 1574 3538 divitibus
1595 3483 1900 3552 oppriman-

314 3574 700 3642 tur,quibusve
723 3573 895 3628 modis
907 3582 1064 3642 atque
1082 3573 1307 3643 ingeniis
1329 3573 1600 3626 laboribus
1623 3570 1736 3624 suis
1757 3571 1902 3624 frau-

317 3665 533 3729 dentur,
552 3665 755 3732 plenius
778 3665 862 3718 vel
888 3665 960 3717 illi
990 3663 1078 3733 qui
1102 3672 1285 3732 agunt,
1313 3663 1394 3717 vel
1414 3662 1491 3716 illi
1514 3662 1604 3732 qui
1630 3661 1902 3730 patiuntur

315 3757 515 3820 sciunt,
540 3769 697 3824 quam
727 3769 824 3808 nos
845 3755 932 3824 qui
955 3753 1070 3808 [nec
1093 3756 1284 3823 partim
1311 3771 1377 3810 ex
1401 3755 1594 3810 divinis
1619 3755 1900 3811 volumini-

316 3845 433 3907 bus,
464 3845 654 3914 partim
678 3859 745 3900 ex
777 3846 1191 3914 opprimentium
1221 3847 1624 3914 erumpentibus
1647 3848 1795 3902 foras
1817 3863 1905 3903 ne-

315 3936 590 4005 quissimis
619 3936 1073 3991 machinationum
1098 3938 1264 4006 signis
1287 3939 1564 3993 addiscere
1587 3940 1900 4006 quatrimus.

315 4025 418 4079 Alii
449 4040 702 4095 namque,
728 4037 779 4078 et
807 4027 1040 4079 maxime
1065 4026 1224 4094 hujus
1261 4029 1441 4080 saeculi
1475 4027 1766 4095 principes,
1801 4025 1902 4080 hu-

315 4133 473 4171 mana
525 4125 730 4170 tantum
783 4115 951 4184 gratia
1001 4115 1352 4185 quorumdam
1422 4117 1681 4186 justitiam
1737 4131 1901 4187 pravo

321 4208 526 4278 judicio
585 4207 934 4270 subvertant,
987 4221 1056 4261 ne
1101 4207 1362 4276 judicium
1415 4223 1632 4262 suorum
1691 4209 1902 4265 animos

321 4300 565 4356 olTendat
592 4317 606 4367 ;
640 4302 829 4355 timent
849 4303 1009 4355 etiam
1039 4300 1317 4355 seditionis
1353 4316 1516 4356 causa
1549 4305 1902 4372 temporalem

315 4393 571 4449 amittere
601 4393 881 4459 honorem,
917 4395 1018 4448 nisi
1054 4394 1207 4464 juxta
1258 4396 1624 4449 ministrorum
1678 4411 1899 4451 suorum

1924 3168 1972 3231 C

2001 561 2230 632 pupillos
2276 563 2554 630 diriperent
2577 561 2710 633 (lsa.
2743 579 2796 630 x,
2836 564 2911 631 1).
2944 565 3116 636 Leges
3141 566 3342 622 etenim
3371 566 3580 636 iniquas

2001 655 2258 718 condunt,
2289 665 2344 708 et
2381 655 2678 710 scribentes
2701 655 3016 724 injustitiam
3052 659 3314 723 scribunt,
3362 658 3456 727 qui
3501 658 3585 712 lo-

2001 744 2232 798 cutionis
2261 759 2370 798 sua:
2395 746 2534 814 ston
2560 753 2685 799 ante
2707 745 2969 800 humanos
2999 746 3184 801 oculos
3215 761 3378 816 prave
3407 749 3582 802 disse-

2002 843 2124 888 runt
2163 834 2305 904 quod
2353 834 2498 888 intus
2535 835 2591 888 in
2628 835 2882 890 cordibus
2925 835 3036 890 suis
3083 846 3230 892 recte
3272 846 3582 901 noverunt;

2001 924 2068 977 ad
2106 939 2241 993 quos
2291 925 2534 993 profecto
2581 925 2904 979 lamentabili
2955 940 3088 981 voce
3133 926 3273 980 idem
3325 926 3586 995 propheta

2003 1027 2315 1067 sermonem
2361 1013 2542 1082 dirigit
2585 1027 2706 1066 cum
2751 1012 3069 1084 subiungit:
3114 1015 3252 1080 Quid
3299 1017 3502 1086 facietis
3533 1017 3588 1070 in

2005 1101 2088 1154 die
2125 1101 2431 1154 uisitationis
2458 1110 2502 1153 et
2533 1101 2846 1155 calamitatis
2898 1103 2961 1156 de
3005 1101 3154 1172 longe
3200 1105 3490 1158 venientis?
3518 1103 3588 1158 ad

2004 1194 2151 1263 cujus
2181 1192 2388 1262 fugietis
2419 1192 2720 1245 auxilium?
2756 1201 2805 1246 et
2851 1193 2939 1246 ubi
2982 1193 3344 1265 derelinquetis
3367 1195 3589 1266 gloriam

2002 1294 2219 1336 vestram
2266 1280 2425 1350 (Ibid.
2459 1282 2552 1354 5)?
2603 1282 2806 1349 Quibus
2854 1284 3015 1338 etiam
3061 1287 3441 1342 comminando
3492 1303 3589 1356 per

2003 1375 2288 1445 quemdam
2318 1376 2613 1445 sapientem
2638 1389 2820 1430 sermo
2841 1375 3064 1430 divinus
3093 1377 3545 1447 loquitur,dicens
3573 1397 3587 1432 :

2004 1467 2191 1518 Audite
2221 1481 2360 1534 reges
2383 1475 2429 1518 et
2459 1465 2744 1535 intelligite,
2769 1465 2950 1520 discite
2965 1468 3170 1537 judices
3193 1469 3375 1536 ﬁnium
3406 1477 3584 1536 terrae,

2006 1561 2220 1630 praebete
2249 1576 2400 1614 aures
2428 1576 2514 1614 vos
2542 1560 2628 1626 qui
2660 1562 2926 1615 continetis
2956 1564 3329 1631 multitudines,
3379 1575 3427 1620 et
3467 1567 3585 1637 pla-

2005 1651 2126 1704 cetis
2174 1651 2310 1704 vobis
2351 1651 2404 1703 in
2445 1650 2605 1704 turbis
2637 1651 2950 1705 nationum:
2982 1655 3226 1723 quoniam
3271 1659 3397 1709 data
3439 1667 3514 1711 est
3558 1675 3590 1711 a

2009 1740 2231 1794 Domino
2252 1751 2472 1812 potestas
2497 1742 2661 1806 vobis,
2684 1752 2732 1794 et
2754 1744 2910 1797 virtus
2941 1744 3005 1796 ab
3028 1746 3308 1811 Altissimo,
3325 1748 3412 1814 qui
3438 1749 3591 1802 inter-

1939 1817 1979 1874 Β
2008 1832 2208 1901 rogabit
2237 1847 2390 1900 Opera
2422 1843 2606 1898 vestra,
2633 1843 2677 1886 et
2703 1835 3035 1903 cogitationes
3063 1837 3378 1892 scrutabitur
3410 1853 3431 1893 :
3463 1856 3588 1907 quo-

2004 1923 2144 1976 niam
2173 1939 2287 1976 cum
2317 1922 2540 1975 ministri
2568 1925 2743 1977 essetis
2768 1925 2911 1994 regni
2939 1925 3101 1993 illius,
3144 1943 3246 1979 non
3274 1937 3407 1982 recte
3441 1929 3588 1998 judi-

2001 2017 2176 2082 castis,
2208 2031 2369 2084 neque
2397 2015 2695 2069 custodistis
2743 2015 2906 2086 legem
2939 2018 3174 2086 justitiw,
3207 2034 3366 2081 neque
3411 2035 3590 2074 secun-

2003 2108 2124 2160 dum
2172 2108 2483 2161 voluntatem
2535 2107 2630 2160 Dei
2682 2108 3004 2163 antbulastis.
3062 2109 3332 2164 Horrende
3386 2121 3434 2165 et
3487 2115 3587 2165 cito

2002 2198 2271 2269 apparebit
2298 2198 2440 2252 vobis
2466 2214 2484 2251 :
2513 2201 2755 2267 quoniam
2791 2201 3048 2270 judicium
3078 2203 3408 2255 durissimum
3432 2204 3482 2255 in
3510 2204 3590 2256 his

2001 2293 2088 2362 qui
2117 2299 2344 2361 prwsunt
2371 2293 2478 2358 ﬁet,
2501 2299 2550 2343 et
2579 2300 2806 2359 potentes
2830 2301 3058 2360 potenter
3097 2302 3349 2348 tormenta
3380 2297 3584 2364 patien-

2003 2393 2108 2448 tur,
2155 2393 2201 2437 et
2240 2381 2535 2454 fortioribus
2567 2367 2766 2453 'fortior
2806 2384 2965 2436 instat
3011 2385 3257 2438 cruciatio
3284 2386 3302 2455 (
3330 2386 3458 2455 Sap.
3506 2404 3580 2454 vn,

2001 2471 2036 2525 2
2062 2473 2218 2542 seq.).

2021 2574 2031 2581 '
2077 2562 2132 2618 7.
2176 2565 2281 2619 Alii
2329 2579 2460 2620 vero
2498 2564 2614 2619 sola
2656 2580 2838 2621 rerum
2885 2567 3254 2636 temporalium
3301 2567 3596 2638 cupiditate

1998 2655 2260 2725 judicium
2289 2667 2495 2712 rectum
2513 2657 2672 2711 modo
2697 2667 3032 2726 pervertunt,
3058 2658 3220 2714 modo
3243 2670 3587 2722 conservant,

2002 2751 2123 2816 quia
2155 2757 2209 2803 et
2261 2749 2353 2802 ttni
2393 2749 2651 2816 justitiam
2691 2753 3030 2819 subtrahunt,
3064 2761 3119 2807 et
3148 2752 3393 2808 eamdem
3435 2755 3586 2809 alteri

2002 2837 2256 2892 vendunt.
2302 2838 2424 2892 Dies
2454 2839 2544 2893 ille
2573 2840 2769 2894 etenim
2803 2840 2952 2912 [Leg.
2981 2842 3056 2896 De
3085 2841 3193 2896 illis
3243 2842 3465 2914 etenim]
3497 2845 3588 2914 qui

2001 2929 2240 2981 muneris
2293 2928 2606 2997 acceptione
2635 2939 2839 2984 rectum
2872 2939 3182 2998 pervertunt
3205 2931 3466 3002 judicium
3497 2951 3591 3004 per

2008 3019 2197 3073 Isaiam
2250 3019 2564 3088 prophetam
2623 3021 2824 3076 Judaaa:
2879 3021 3078 3076 dicitur
3124 3039 3135 3074 :
3188 3021 3456 3092 Principes
3519 3027 3591 3078 tui

2002 3111 2260 3180 inﬁdeles,
2319 3112 2448 3165 socii
2490 3113 2685 3181 furum,
2747 3123 2919 3166 omnes
2964 3112 3189 3186 diligunt
3231 3130 3459 3182 munera,
3510 3132 3590 3170 se-

2004 3215 2235 3271 quuntur
2264 3205 2619 3259 retributiones
2643 3221 2664 3260 :
2693 3207 2894 3276 pupillo
2919 3222 3020 3260 non
3055 3207 3316 3276 jndicant,
3349 3216 3395 3261 et
3436 3223 3591 3261 causa

2001 3301 2170 3354 vidua:
2198 3316 2302 3354 non
2333 3300 2620 3370 ingreditur
2645 3301 2712 3353 ad
2741 3318 2824 3354 eos
2849 3299 2984 3372 (lsa.
3019 3316 3053 3365 t,
3088 3300 3206 3372 23),
3240 3315 3303 3355 ac
3326 3303 3389 3354 de
3415 3301 3591 3369 quoli-

2002 3391 2091 3445 bet
2142 3405 2328 3445 eorum
2378 3391 2606 3458 Spiritus
2634 3399 2852 3444 sanctus
2897 3405 2991 3458 per
3020 3391 3361 3443 Salomonem
3408 3391 3582 3445 dicit:

2006 3483 2106 3547 Qui
2135 3483 2396 3553 cognoscit
2433 3484 2486 3536 in
2508 3482 2713 3553 judicio
2756 3482 2960 3551 facient,
2990 3499 3090 3534 non
3131 3483 3254 3550 facit
3296 3481 3438 3536 bene.
3483 3479 3591 3535 Iste

1980 3576 2048 3627 et
2076 3589 2168 3643 pro
2199 3572 2428 3627 buccella
2476 3573 2623 3640 panis
2653 3573 2840 3626 deserit
2879 3573 3138 3626 veritatem
3175 3571 3358 3642 (Prov.
3400 3587 3590 3635 xxvm,

1999 3663 2119 3735 21).
2171 3665 2237 3718 Ει
2286 3679 2496 3718 rursum
2527 3682 2540 3718 :
2572 3663 2812 3732 Accipere
2861 3679 3132 3730 personam
3169 3664 3314 3730 impii
3363 3679 3466 3716 non
3515 3673 3591 3717 est

2004 3755 2211 3820 bonum,
2242 3765 2298 3809 ut
2324 3755 2548 3809 declines
2580 3773 2610 3809 a
2647 3757 2858 3809 veritate
2879 3755 3070 3824 judicii
3100 3753 3281 3826 (Prov.
3321 3770 3476 3821 xmt,
3510 3753 3588 3823 5).

2002 3844 2163 3900 Tales
2203 3845 2453 3899 nimirum
2493 3846 2737 3898 vitandos
2769 3860 2910 3907 esse,
2944 3846 2996 3896 in
3046 3844 3234 3898 eodem
3293 3843 3430 3898 libro
3471 3844 3584 3897 elo-

2003 3937 2183 4004 quium
2217 3936 2310 3987 Dei
2342 3936 2614 3997 admonet,
2647 3951 2768 3987 cum
2805 3933 2972 3987 dicit:
3012 3933 3094 3986 Ne
3122 3934 3582 3998 temulerismalos,

2003 4040 2093 4077 nec
2123 4023 2383 4076 desideres
2431 4039 2540 4076 esse
2588 4039 2704 4075 cum
2755 4024 2848 4075 eis.
2876 4023 3010 4087 Quia
3062 4021 3272 4090 rapinas
3316 4023 3590 4075 meditatur

2003 4129 2143 4167 mens
2174 4129 2368 4179 eorum,
2400 4123 2446 4166 et
2479 4113 2691 4184 fraudes
2723 4112 2860 4166 labia
2885 4130 3061 4167 eorum
3092 4114 3368 4182 loquuntur
3401 4111 3584 4184 (Prov.

2005 4219 2156 4270 xxtv,
2191 4204 2267 4272 1).
2298 4204 2481 4270 Qualis
2522 4214 2702 4258 autem
2733 4203 3017 4259 retributio
3047 4205 3165 4258 illos
3203 4204 3575 4273 subsequitur,

2007 4299 2077 4352 ibi
2109 4297 2481 4352 manifestatur
2506 4312 2626 4351 cum
2655 4296 2855 4352 dicitur
2888 4315 2902 4352 :
2938 4297 3142 4368 Rapina
3181 4297 3459 4368 impiorum
3490 4299 3585 4352 de-

2006 4391 2170 4443 trahet
2199 4405 2306 4456 eos,
2335 4389 2455 4457 quia
2478 4389 2747 4442 noluerunt
2781 4395 2948 4458 facere
2969 4390 3223 4459 judicium
3256 4388 3435 4460 (Prov.
3470 4407 3582 4456 xm,

317 4495 482 4556 agant
508 4489 858 4541 voluntatem.
894 4486 1479 4541 Derivantsublilitatis
1510 4487 1724 4555 ingenio
1756 4489 1902 4557 leges
1923 4481 1983 4583 ὐ
2006 4479 2086 4552 7)-
2117 4480 2320 4535 Horum
2352 4481 2790 4549 oppressionibus
2820 4482 2886 4535 ad
2919 4483 3211 4536 vindiclam
3233 4482 3443 4552 'judicii
3478 4483 3584 4538 D0-

319 4593 454 4648 quas
485 4579 569 4632 vel
600 4578 699 4646 ipsi
732 4579 816 4632 vel
841 4577 933 4633 alii
965 4580 1458 4648 promulgaverunt,
1489 4580 1554 4633 ad
1587 4579 1729 4634 aliud
1761 4581 1902 4649 quod

322 4668 454 4736 ipsa:
497 4683 601 4722 non
636 4680 856 4734 sonant,
899 4681 950 4724 ct
979 4670 1162 4724 tandiu
1194 4669 1541 4725 calliditatem
1575 4671 1904 4740 argumentis

317 4763 594 4822 insistunt.
622 4777 790 4830 usque
812 4777 899 4829 luo
921 4764 1060 4832 quod
1082 4765 1284 4832 justum
1314 4775 1398 4820 est
1425 4763 1576 4836 quasi
1603 4775 1749 4819 recte
1781 4781 1905 4833 per-

316 4862 550 4909 vertant.
587 4852 662 4908 lta
689 4868 920 4924 namque
951 4856 1224 4922 prastatam
1252 4856 1412 4910 edicti
1442 4857 1610 4925 legem
1647 4866 1760 4910 arte
1788 4855 1906 4910 dia-

317 4947 490 5002 bolica
514 4948 796 5013 rimantur,
821 4950 1058 5003 utetiam
1082 4959 1466 5017 repugnantem
1490 4959 1728 5017 apertam
1744 4948 1904 5018 justi-

319 5041 446 5094 tiam
471 5038 539 5093 ad
561 5041 703 5108 quod
731 5037 827 5110 [F.
853 5040 917 5093 ad
945 5037 1127 5110 quem]
1150 5039 1413 5094 voluerint
1437 5039 1729 5109 iniquitatis
1752 5055 1904 5095 erro-

321 5150 434 5186 rem
476 5132 770 5186 infleCtant.
822 5132 1025 5199 Quibus
1057 5131 1306 5186 nimirum
1357 5141 1502 5186 recte
1535 5146 1628 5200 per
1652 5131 1840 5185 Isaiam
1875 5145 1904 5183 a

319 5225 546 5280 Domino
559 5225 754 5278 dicitur
775 5242 788 5277 :
807 5222 893 5278 Va:
921 5224 1008 5291 qui
1033 5224 1201 5278 dicitis
1225 5224 1413 5277 malum
1437 5222 1624 5276 bonum
1647 5232 1691 5275 et
1714 5223 1903 5276 bonum

321 5319 533 5380 malum,
562 5331 804 5386 ponentes
828 5318 1056 5372 tenebras
1080 5319 1267 5382 lucem,
1295 5326 1339 5370 et
1363 5317 1524 5371 lucem
1544 5316 1794 5384 tenebras,
1811 5332 1907 5386 po-

325 5422 496 5464 nentes
521 5427 756 5464 antarum
787 5411 838 5463 in
879 5411 1048 5475 dulce,
1094 5421 1140 5463 et
1169 5409 1318 5463 dulce
1344 5410 1398 5462 in
1428 5399 1662 5463 amarum
1691 5407 1822 5482 (Isa.
1853 5425 1905 5473 v,

321 5502 434 5568 20).
470 5504 532 5556 Et
558 5503 626 5556 de
669 5502 862 5571 quibus
905 5517 1116 5557 rursum
1169 5516 1262 5570 per
1305 5501 1552 5555 eumdem
1594 5501 1906 5569 pmphetatn

325 5593 581 5648 Dominus
610 5595 840 5664 loquitur
883 5593 1068 5646 dicens
1096 5612 1107 5644 :
1143 5590 1235 5646 Vw
1255 5593 1344 5662 qui
1375 5591 1598 5646 condunt
1647 5581 1783 5662 leges
1810 5585 1909 5646 itii-

324 5701 473 5755 quas,
506 5684 774 5739 scribentes
815 5684 1137 5755 injustitiam.
1188 5677 1518 5753 Scripserunt
1556 5691 1609 5736 ut
1641 5667 1910 5753 opprime-

327 5786 436 5832 rent
465 5792 713 5848 pauperes
739 5777 790 5830 in
809 5776 1032 5847 judicio,
1075 5789 1117 5831 et
1147 5777 1244 5828 vim
1277 5776 1501 5845 facerent
1529 5791 1699 5832 causa
1741 5776 1912 5830 humi-

2008 4573 2186 4627 minus
2219 4581 2564 4641 provocatur,
2594 4572 2732 4628 sicut
2760 4572 2877 4642 ipse
2923 4586 3017 4641 per
3047 4571 3384 4626 Psalmistam
3419 4581 3586 4628 testa-

2008 4676 2116 4731 tur,
2169 4666 2394 4722 dicens:
2428 4665 2649 4736 Propter
2697 4667 2959 4720 miseriam
3003 4666 3214 4736 inopum
3257 4675 3302 4718 et
3341 4667 3584 4737 gemitum

2005 4773 2290 4828 pauperum
2318 4773 2457 4809 nunc
2485 4773 2776 4828 exsurgam,
2811 4758 2936 4811 dicit
2969 4755 3220 4810 Dominus
3251 4755 3368 4826 (Ps.
3404 4772 3477 4820 xi,
3502 4756 3584 4821 6).

2008 4853 2050 4907 0
2094 4850 2245 4905 dives
2271 4850 2285 4904 l
2318 4863 2350 4903 ο
2380 4849 2673 4919 cupiditate
2699 4866 2873 4904 caecus
2903 4850 2915 4902 ε
2942 4863 2974 4902 ο
3005 4848 3180 4918 judex'
3201 4849 3514 4918 pervorsus!
3545 4850 3586 4901 si

2008 4957 2292 5011 pauperem
2314 4941 2582 5012 jacentem
2615 4939 2715 4995 sub
2746 4940 2968 5008 pedibus
3002 4940 3106 4994 tuis
3129 4939 3382 5008 despicis,
3416 4938 3589 4990 domi-

2007 5050 2135 5090 num
2163 5034 2278 5102 eius
2327 5042 2380 5086 (ιι
2425 5041 2571 5087 tuum
2615 5038 2986 5100 exsurgentem
3019 5030 3278 5083 adversus
3308 5037 3358 5082 te
3389 5027 3581 5080 iratum

2007 5143 2104 5185 Cur
2133 5141 2238 5180 non
2271 5123 2628 5194 expavescis?
2657 5123 2807 5178 Solet
2829 5121 2969 5176 enim
3004 5122 3317 5189 plerumque
3341 5120 3409 5173 de
3436 5119 3588 5172 vobis

2009 5219 2243 5274 vindicta
2275 5217 2451 5271 subita
2505 5215 2641 5282 lieri,
2694 5229 2815 5268 ossa
2863 5214 3026 5268 etiam
3060 5224 3234 5266 vestra
3278 5221 3331 5263 et
3377 5223 3567 5264 carnes

2008 5313 2145 5366 sicut
2181 5309 2394 5364 cuidam
2424 5321 2591 5377 nuper
2617 5306 2911 5374 contigisse
2939 5299 3206 5367 narratur,
3241 5304 3294 5355 in
3323 5299 3587 5369 sepulcris

2009 5406 2132 5474 igne
2193 5402 2456 5456 consumi.
2517 5398 2624 5454 Sed
2684 5413 2805 5452 cum
2864 5410 3001 5451 unus
3067 5395 3131 5449 ad
3188 5391 3587 5447 damnationem

2009 5494 2294 5561 subtrahit,
2325 5509 2447 5548 cum
2486 5491 2746 5559 gehennae
2794 5485 3058 5542 incendiis
3087 5484 3275 5556 spiritu
3319 5483 3590 5551 mancipa-

2012 5598 2117 5654 tus,
2144 5588 2306 5642 etiam
2355 5586 2407 5640 in
2453 5592 2805 5639 monumento
2835 5594 3064 5649 corpore
3107 5585 3416 5642 crematur;
3451 5576 3590 5630 alter

2011 5680 2074 5735 ad
2106 5678 2508 5748 Oppressionem
2562 5674 2789 5744 nequius
2823 5672 3208 5726 inflammatur.
3241 5667 3378 5721 Audi
3415 5681 3584 5722 terre-

2012 5776 2094 5830 nis
2124 5770 2464 5829 felicitatibus
2492 5767 2660 5834 dives,
2685 5762 2993 5821 coelestibus
3028 5761 3180 5817 bonis
3207 5775 3431 5831 egenus,
3463 5756 3584 5811 audi
