4090 6426
518 359 539 412 l
552 351 658 410 285

1319 349 1376 403 S.
1421 343 1746 402 AMBROSH
1785 339 2133 398 AUTPERTI
2173 335 2650 392 DENEVEN'I'ANI
2690 334 2972 392 ABBA'I'IS

3638 330 3774 388 1864

515 465 644 536 quid
669 463 760 520 tibi
782 461 940 532 judex
965 458 1201 514 omnium
1226 457 1369 512 Deus
1393 456 1520 511 dicit
1545 473 1560 507 :
1594 454 1715 508 Non
1740 454 1897 524 facies
1913 451 2096 506 viobcn-
2121 453 2172 511 Α
2200 448 2456 517 acquiris,
2484 448 2612 516 quid
2653 457 2735 502 est
2763 446 2904 515 quod
2933 445 3176 501 amittis?
3205 461 3289 502 res
3319 446 3500 516 utique
3531 447 3775 515 peritura

517 561 644 613 tiam
678 554 914 628 pauperi,
936 551 1058 621 quia
1080 565 1278 620 pauper
1301 557 1376 602 est
1401 565 1420 614 ;
1443 563 1600 618 neque
1627 556 1858 600 conteres
1885 557 2098 614 egenum

509 650 563 701 in
593 657 762 719 porta,
781 643 904 711 quia
930 640 1183 694 Dominus
1189 638 1444 710 judicabit
1469 652 1678 690 causam
1711 639 1847 706 ejus,
1867 643 1914 688 et
1935 633 2100 697 conﬁ-

517 747 599 810 σοι
624 753 707 792 eos
735 735 821 803 qui
849 732 1170 802 conﬁxerunt
1197 730 1426 782 animam
1449 730 1560 798 ejus
1592 725 1775 796 (Prov.
1814 739 1945 791 xin,
1978 721 2096 792 22).

590 829 652 885 8.
689 828 755 884 At
783 833 967 880 contra
1000 823 1054 878 hi
1083 823 1174 892 qui
1203 836 1421 877 causam
1471 821 1602 875 recti
1643 817 1828 888 judicii
1878 815 2100 886 prmmio

524 933 631 973 non
659 925 888 980 mutant,
918 912 1015 968 sed
1044 911 1303 975 vendunt,
1335 910 1471 965 nihil
1497 924 1556 964 se
1584 909 1678 962 tali
1705 907 1758 961 in
1790 903 1932 960 facto
1959 903 2099 960 deli-

523 1010 706 1080 quisse
755 1005 1106 1071 existima-nt;
1138 1010 1443 1073 proponunt
1497 999 1640 1054 enim
1687 998 1790 1052 sibi
1840 995 2097 1066 quasdam

522 1099 658 1156 risui
706 1096 896 1166 dignas
927 1093 1157 1158 fabulas,
1187 1102 1244 1146 et
1285 1091 1470 1144 dicunt
1501 1107 1513 1142 :
1544 1088 1772 1142 Causam
1812 1085 2104 1155 cujuslibet

517 1190 699 1246 facere
727 1196 784 1242 et
812 1199 1008 1241 munus
1031 1198 1136 1237 non
1186 1181 1432 1249 accipere
1457 1177 1755 1247 angelicum
1785 1186 1889 1243 est,
1923 1175 2101 1230 facere

517 1288 576 1338 et
601 1279 846 1348 accipere
885 1277 1174 1330 humanum
1223 1281 1352 1328 est:
1382 1287 1486 1325 non
1529 1268 1707 1325 facere
1749 1279 1803 1324 et
1853 1268 2098 1336 accipere

517 1372 838 1430 diabolicum
861 1378 973 1426 est.
1008 1370 1153 1434 Quos
1180 1381 1279 1436 ego
1308 1367 1641 1435 interrogare
1668 1361 1883 1428 studeo,
1917 1371 2096 1416 utrum

519 1465 626 1520 hoc
671 1463 813 1533 quod
863 1462 1156 1516 humanum
1185 1459 1394 1524 dicunt,
1426 1466 1701 1527 peccatum
1731 1456 1822 1520 sit,
1848 1469 1916 1510 an
1950 1455 2096 1509 non?

519 1553 717 1618 Dicite,
748 1565 952 1622 quaeso,
982 1551 1026 1605 si
1073 1550 1322 1605 mandata
1371 1548 1466 1603 Dei
1497 1548 1698 1602 violare
1731 1556 2007 1616 peccatum
2033 1547 2103 1600 sit

524 1659 595 1699 an
637 1658 744 1698 non
786 1643 896 1698 sit?
925 1642 993 1696 Et
1015 1650 1161 1696 certe
1191 1641 1244 1695 in
1292 1641 1472 1696 verbis
1504 1639 1622 1705 Dei,
1679 1640 1730 1692 in
1767 1639 1882 1708 lege
1924 1638 2102 1693 divina

527 1737 854 1810 generaliter
883 1736 1090 1792 cunctis
1109 1736 1208 1791 sub
1234 1750 1340 1790 uno
1367 1733 1669 1803 prmcipitur
1695 1751 1706 1785 :
1742 1731 1864 1786 Non
1883 1733 2102 1800 accipies

519 1843 755 1894 munera,
801 1828 923 1896 quia
968 1842 1180 1880 munera
1200 1835 1456 1880 exerceant
1502 1824 1677 1878 oculos
1705 1824 2010 1892 sapientum,
2053 1832 2100 1876 et

519 1927 717 1972 mutant
737 1920 887 1972 verba
900 1920 1165 1989 justorum
1187 1917 1364 1988 (Deut.
1392 1931 1504 1981 xvi,
1531 1915 1642 1986 19).
1671 1918 1846 1984 Atque
1869 1917 2059 1970 iterum
2084 1933 2096 1968 :

520 2009 670 2063 Iuste
693 2008 828 2077 quod
846 2007 1047 2078 justum
1075 2016 1146 2062 est
1171 2007 1458 2078 exsequeris
1485 2005 1532 2075 (1
1543 2006 1648 2059 bid.
1670 2005 1794 2076 20).
1823 2007 2102 2072 Quomodo

524 2099 667 2158 enim
715 2099 857 2168 juste
903 2099 1043 2168 quod
1093 2099 1294 2168 justum
1340 2108 1421 2153 est
1475 2099 1804 2167 exsequitur,
1853 2099 1941 2168 qui
1995 2115 2100 2154 non

521 2200 740 2258 propter
763 2188 1046 2258 justitiam,
1075 2187 1169 2243 sed
1209 2195 1429 2258 propter
1473 2187 1755 2256 pecuniam
1802 2187 1856 2241 in
1899 2187 2101 2256 judicio

522 2292 721 2337 rectam
764 2281 1080 2336 sententiam
1130 2279 1374 2350 proferre
1406 2279 1652 2335 videtur?
1680 2279 1789 2335 Cur
1816 2293 1925 2335 non
1954 2279 2103 2335 vide-

525 2373 614 2439 tis,
649 2371 855 2438 miseri,
883 2371 936 2425 in
986 2376 1241 2440 quantum
1272 2379 1448 2424 vestra
1492 2369 1720 2438 desipiat
1765 2369 1984 2435 locutio,
2014 2369 2102 2438 qui

525 2465 652 2519 dum
701 2463 966 2518 malorum
1013 2463 1327 2532 angelorum
1377 2459 1514 2515 facta
1545 2462 1708 2515 verbo
1737 2459 2103 2525 deteStamini,

526 2556 900 2624 bonorumque
929 2555 1072 2611 dicta
1102 2553 1352 2618 laudatis,
1381 2553 1635 2622 operibus
1682 2551 2105 2621 hlasphematis?

526 2646 632 2700 Cur
660 2645 800 2720 quod
831 2643 1060 2699 laudatis
1087 2659 1194 2698 non
1225 2643 1698 2706 imitamini,_sicut
1723 2641 1867 2710 quod
1897 2641 2106 2710 vitupe-

525 2736 656 2790 ratis
687 2735 1058 2789 detestamini!
1085 2736 1166 2789 An
1198 2735 1335 2790 torte
1362 2748 1460 2789 nec
1488 2733 1554 2787 ad
1585 2733 1846 2788 bonorum
1887 2733 2105 2802 angelo-

530 2842 648 2881 rum
681 2839 781 2880 nee
809 2824 878 2879 ad
907 2825 1167 2880 malorum
1199 2825 1468 2894 pertinere
1495 2838 1776 2878 numerum
1806 2838 1901 2879 vos
1931 2823 2106 2878 credi.

527 2915 616 2982 tis,
660 2914 750 2985 qui
789 2928 889 2968 nec
936 2915 1075 2980 illos,
1105 2928 1204 2969 nec
1247 2915 1381 2969 istos
1437 2914 1634 2969 imitari
1662 2913 1962 2970 conamini?
1998 2913 2104 2970 Sed

529 3007 696 3061 nolite
739 3019 836 3058 vos
863 3003 1067 3071 fallere,
1094 3005 1415 3061 diaholicum
1442 3015 1526 3059 est
1551 3005 1770 3060 omnino
1791 3004 2049 3074 quidquid
2075 3019 2106 3057 a

528 3095 806 3164 ιιι-ωοθμίε
849 3094 944 3150 Dei
986 3095 1194 3151 videtur
1219 3095 1457 3151 deviare.
1485 3096 1600 3162 Quo
1629 3107 1814 3151 contra
1867 3095 1936 3151 de
1960 3094 2105 3165 justo

2203 553 2360 608 quam
2408 538 2664 606 acquiris,
2698 552 2784 592 res
2811 551 3024 605 semper
3069 550 3315 592 mansura
3345 552 3505 607 quam
3553 536 3776 592 amittis.

2204 626 2320 692 Dic,
2339 627 2578 696 inquam,
2609 626 2749 695 quod
2776 626 2868 682 tibi
2901 625 3074 695 majus
3097 627 3378 694 prmmium
3401 629 3782 696 rapi-omittere

2202 718 2395 786 potuit,
2425 733 2580 787 quam
2610 726 2666 771 ut
2698 727 2748 773 te
2777 731 2874 786 pro
2898 719 3017 773 solo
3040 719 3156 787 ejus
3180 732 3363 773 amore
3394 730 3567 774 rectas
3584 717 3780 788 judicii

2200 812 2496 866 sententias
2538 810 2897 880 proferentcm
2941 811 2995 866 in
3021 811 3187 866 tilium
3231 825 3534 878 assumens,
3561 826 3669 867 non
3693 827 3781 867 so-

2202 899 2312 955 lum
2339 912 2589 971 tanquam
2621 913 2792 956 mater
2836 901 3035 970 foveat,
3082 917 3266 956 verum
3299 903 3456 957 etiam
3499 904 3780 976 plusquam

2203 999 2373 1046 mater
2393 991 2619 1047 internis
2640 992 2934 1047 visceribus
2956 993 3029 1047 tui
3047 993 3402 1049 misereatur?
3423 994 3512 1061 At,
3537 995 3784 1066 inquiunt

2200 1081 2376 1148 multi,
2423 1097 2528 1136 non
2558 1082 2850 1152 accipimus
2894 1083 2962 1139 de
2992 1085 3076 1138 his
3106 1085 3194 1152 qni
3239 1085 3418 1154 inopia
3453 1087 3780 1156 paupertatis

2202 1171 2465 1240 laborant,
2517 1173 2612 1230 sed
2660 1173 2725 1229 de
2761 1173 2842 1229 his
2889 1176 2978 1246 qui
3006 1175 3205 1232 divitiis
3248 1177 3556 1243 abundant;
3585 1177 3781 1248 quibus

2203 1271 2421 1317 econtra
2463 1279 2563 1318 nos
2607 1263 2837 1318 dicimus
2877 1265 3130 1334 quoniam
3160 1264 3291 1320 nihil
3333 1263 3560 1320 interest
3599 1275 3777 1322 ntrmn

2204 1353 2353 1407 diviti
2398 1369 2464 1407 an
2515 1355 2732 1423 pauperi
2777 1354 3034 1424 justitiam
3067 1355 3160 1410 Dei
3191 1357 3310 1426 quis
3351 1357 3578 1412 vendat.
3605 1358 3780 1414 Simili

2204 1442 2344 1496 enim
2377 1459 2441 1498 ex
2472 1452 2700 1513 utroque
2725 1459 2883 1512 pmna
2906 1446 3185 1514 plectetur,
3210 1445 3256 1500 si
3285 1446 3425 1516 quod
3458 1446 3550 1500 Dei
3571 1459 3656 1504 est
3676 1463 3780 1503 non

2205 1533 2372 1604 gratis
2401 1535 2712 1600 exsolverit,
2745 1534 2839 1590 sed
2883 1536 2998 1590 suis
3041 1536 3246 1602 usibus,
3275 1536 3436 1591 lucris
3490 1547 3652 1606 atque
3690 1554 3784 1593 ne-

2205 1627 2368 1695 gotiis
2397 1625 2766 1695 applicaverit.
2797 1626 2984 1682 Solent
3012 1642 3226 1696 quoque
3256 1627 3308 1682 hi
3353 1629 3590 1684 muneris
3617 1629 3784 1698 ipsius

2207 1731 2401 1770 nomen
2433 1717 2724 1778 immutari,
2746 1727 2801 1770 et
2826 1716 3010 1772 dicunt
3039 1732 3098 1771 se
3128 1733 3233 1772 non
3267 1735 3459 1775 munus
3483 1721 3781 1790 accepisse,

2134 1797 2179 1856 Β
2206 1808 2300 1864 sed
2342 1808 2715 1862 salutationem
2744 1825 2756 1860 :
2789 1823 2921 1876 quos
2951 1809 3133 1878 utique
3175 1810 3356 1864 nescio
3388 1819 3564 1865 utrum
3611 1810 3780 1881 magis

2202 1900 2414 1966 stultos,
2437 1911 2506 1951 an
2534 1899 2692 1952 etiam
2718 1908 2959 1952 versutos
2981 1900 3244 1968 appellem
3269 1916 3283 1966 ;
3312 1901 3506 1969 quibus
3527 1900 3781 1957 nimirum

2203 1989 2484 2046 dicendum
2515 1999 2597 2043 est
2628 1999 2683 2043 ut
2710 1988 2988 2043 attendant
3019 1989 3233 2059 quidem
3262 1991 3403 2060 quod
3439 2000 3784 2061 acceperunt,

2212 2093 2268 2138 et
2300 2097 2403 2136 non
2433 2081 2535 2136 sibi
2566 2081 2885 2150 applaudant
2915 2097 2980 2136 ex
3007 2095 3072 2136 eo
3099 2082 3240 2152 quod
3270 2098 3463 2138 novum
3488 2082 3561 2138 illi
3589 2098 3783 2139 nomen

2205 2174 2593 2255 imposuerunt.
2625 2173 2713 2241 At,
2737 2173 2999 2243 inquiunt,
3024 2190 3124 2230 nos
3153 2174 3425 2230 dationem
3451 2189 3556 2230 non
3587 2177 3784 2246 quatri-

2207 2280 2350 2330 mus,
2374 2263 2473 2333 ipsi
2502 2263 2655 2319 nobis
2683 2275 2873 2334 Sponte
2893 2280 2988 2320 sua
3011 2267 3268 2333 tribuunt,
3293 2265 3420 2336 quid
3446 2267 3514 2322 ad
3544 2281 3640 2322 nos
3668 2282 3787 2337 per-

2210 2354 2342 2409 tinet
2370 2353 2416 2408 si
2447 2353 2746 2410 voluntarie
2785 2356 2984 2409 donum
3019 2355 3368 2425 impendunt?
3396 2356 3601 2422 Quibus
3628 2369 3788 2410 econ-

2209 2453 2289 2498 tra
2310 2458 2410 2499 nos
2432 2443 2816 2512 reijondemus
2835 2462 2846 2496 :
2864 2441 3058 2498 Verum
3080 2453 3160 2500 est
3180 2445 3398 2499 omnino
3421 2445 3564 2514 quod
3587 2445 3784 2511 dicitis,

2210 2543 2401 2601 Sponte
2429 2549 2525 2588 sua
2579 2533 2842 2600 tribuunt,
2875 2532 2970 2587 sed
3016 2532 3135 2588 ideo
3154 2542 3348 2602 sponte
3401 2534 3642 2589 tribuunt
3667 2536 3791 2605 quia

2209 2625 2364 2680 aliter
2400 2624 2659 2694 justitiam
2714 2639 2818 2678 non
2867 2624 3164 2679 inveniunt.
3193 2624 3323 2678 Nam
3373 2625 3580 2680 nollent
3607 2627 3791 2694 utique

2211 2715 2362 2780 dare,
2392 2717 2439 2770 si
2481 2715 2643 2770 aliter
2670 2715 2738 2769 ad
2779 2714 3040 2783 justitiam
3072 2715 3366 2784 potuissent
3394 2716 3695 2784 pervenire,
3727 2733 3792 2772 ac

2212 2819 2306 2873 per
2328 2805 2431 2860 hoc
2449 2814 2502 2860 et
2525 2805 2804 2859 voluntarii
2828 2804 3058 2875 quodam
3082 2806 3241 2861 modo
3260 2815 3313 2861 et
3334 2805 3484 2860 inviti
3513 2806 3787 2862 dationem

2212 2896 2364 2952 vobis
2388 2896 2690 2951 exsolvunt.

2281 2988 2335 3043 9.
2381 2986 2623 3056 Dumque
2649 2986 2732 3041 his
2757 2995 2808 3041 et
2835 2986 3238 3056 quamplurimis
3265 2988 3661 3058 Scripturarum
3688 2997 3794 3047 tes-

2216 3079 2449 3134 timoniis
2497 3077 2630 3132 tales
2678 3078 3065 3148 convincimus,
3119 3095 3224 3134 non
3275 3095 3368 3136 eos
3414 3095 3534 3138 esse
3571 3083 3793 3152 debere,

528 3142 804 3164 ..-πηνα
849 3142 944 3150 ---
996 3142 1185 3151 -.----_-
1222 3142 1457 3151 --η-η.
1491 3142 1598 3162 κ--
1633 3142 1814 3151 ---..._
1869 3142 1936 3151 ..-
1960 3142 2102 3165 ,----

527 3185 700 3253 iudice
729 3194 872 3239 recte
899 3185 1024 3239 alibi
1057 3185 1253 3240 dicitur
1285 3203 1298 3239 :
1335 3185 1439 3252 Qui
1469 3188 1657 3240 excutit
1687 3203 1869 3241 manus
1895 3202 2015 3240 suas
2043 3185 2105 3238 ab

2217 3165 2454 3238 qualibet
2475 3179 2612 3235 arte,
2637 3168 2875 3236 quolibet
2899 3142 3112 3239 ingenio
3136 3184 3328 3225 munus
3350 3170 3431 3226 vel
3452 3142 3798 3228 salutationes

527 3277 666 3328 omni
686 3292 916 3342 munere,
943 3277 1037 3330 iste
1057 3278 1109 3329 in
1131 3276 1342 3330 excelsis
1365 3275 1612 3330 habitabit
1642 3275 1773 3347 (Isa.
1804 3293 1965 3341 xxxv,
1993 3277 2106 3347 15).

541 3363 640 3418 Ubi
669 3365 1092 3420 subaudiendum
1137 3377 1241 3432 cst,
1266 3366 1391 3436 quia
1419 3368 1463 3423 si
1496 3369 1539 3421 is
1565 3369 1654 3436 qui
1680 3382 1868 3422 manus
1895 3381 2019 3422 suas
2043 3367 2110 3422 ab

529 3454 676 3508 omni
707 3469 928 3509 munere
957 3456 1174 3522 excutit,
1220 3456 1271 3509 in
1321 3457 1548 3510 excelsis
1575 3455 1855 3523 habitabit,
1885 3458 1976 3526 qui
2009 3457 2113 3512 hoc

530 3561 635 3599 non
669 3545 816 3613 facit,
847 3561 953 3602 non
986 3548 1038 3600 in
1068 3546 1293 3602 excelsis
1319 3548 1603 3615 caelorum,
1633 3548 1728 3604 sed
1760 3549 1811 3603 in
1842 3548 2113 3605 interiori-

531 3639 630 3692 bus
679 3648 857 3706 terrm,
909 3639 1100 3709 quibus
1125 3639 1280 3694 inferi
1331 3640 1698 3706 declarantur,
1728 3641 1988 3696 manebit.
2033 3641 2115 3696 Ah

532 3727 632 3781 hac
661 3729 897 3783 muneris
926 3729 1240 3798 acceptione
1270 3729 1564 3784 immunem
1590 3744 1648 3785 se
1677 3730 1896 3786 Samuel
1926 3742 2111 3787 osten-

531 3821 706 3887 debat,
741 3835 860 3876 cum
888 3821 956 3876 de
996 3821 1296 3891 principatu
1328 3821 1497 3889 plebis
1527 3820 1833 3877 Israelitica:
1873 3822 2112 3892 dejeetus

532 3910 745 3967 dicebat
771 3928 783 3962 ε
811 3911 997 3981 Itaque
1023 3919 1344 3965 conversatus
1375 3926 1548 3963 coram
1574 3911 1712 3966 vobis
1740 3911 1802 3965 ab
1825 3913 2118 3966 adolescen-

531 4003 604 4056 tia
631 4017 742 4057 mea
782 4017 937 4070 usque
961 4001 1028 4054 ad
1060 4002 1195 4055 diem
1239 4002 1392 4067 hanc,
1424 4017 1536 4056 ecce
1562 4014 1749 4072 praesto
1780 4020 1917 4070 sum,
1948 4003 2112 4073 loqui-

535 4094 663 4148 mini
693 4093 754 4146 de
782 4108 863 4146 me
891 4109 1064 4147 coram
1092 4092 1331 4159 Domino,
1376 4103 1423 4148 et
1461 4110 1634 4148 coram
1663 4094 1852 4148 christo
1900 4097 2033 4164 ejus,
2077 4095 2124 4147 si

535 4187 598 4238 de
629 4199 785 4238 manu
806 4183 1105 4254 cujusquam
1133 4200 1321 4236 munus
1350 4185 1543 4253 accepi,
1571 4193 1617 4237 et
1642 4193 1957 4237 contemnam
1986 4182 2120 4236 illud

537 4274 709 4343 hodie,
741 4273 1106 4343 restituamque
1152 4273 1287 4327 vobis
1317 4269 1370 4344 (1
1399 4271 1531 4344 Reg.
1561 4289 1654 4339 xu,
1682 4273 1764 4342 ‘2).
1799 4273 1863 4325 Et
1889 4287 1954 4325 ne
1986 4271 2122 4326 forte

537 4369 582 4422 is
607 4366 698 4438 qui
747 4365 863 4421 sine
907 4364 1127 4434 praemio
1151 4363 1479 4430 donationis,
1506 4365 1681 4434 legum
1716 4361 1948 4432 justitias
1979 4372 2122 4416 recte

2212 3267 2500 3329 appetere;
2528 3257 2723 3312 amissa
2750 3258 2925 3313 fronte
2953 3260 3194 3327 pudoris,
3225 3258 3279 3314 in
3308 3261 3584 3330 querelam
3625 3262 3800 3332 prosi-

2215 3351 2348 3407 liunt
2370 3350 2612 3406 dicentes
2643 3367 2658 3406 :
2692 3349 2748 3407 Si
2780 3354 2893 3406 haec
2920 3351 2992 3405 ita
3020 3368 3079 3406 se
3106 3351 3326 3419 habent,
3350 3337 3624 3422 quomodo
3653 3355 3798 3421 pala-

2217 3445 2287 3499 tia
2309 3441 2559 3500 stabunt?
2581 3442 2849 3512 quomodo
2867 3442 3072 3512 judices
3088 3443 3321 3498 dominis
3340 3446 3450 3497 suis
3475 3444 3798 3514 placebunt?

2217 3537 2334 3602 Quo
2377 3544 2565 3591 contra
2597 3549 2696 3590 nos
2740 3537 3000 3590 veraciter
3046 3535 3276 3591 dicimus
3321 3537 3446 3607 quia
3475 3537 3600 3592 inde
3629 3539 3798 3606 magis

2219 3628 2413 3698 palatia
2465 3636 2632 3683 ruunt
2657 3626 2819 3693 unde,
2853 3627 3145 3681 secundum
3176 3636 3411 3683 vestram
3453 3629 3798 3695 sententiam,

2219 3721 2372 3790 quasi
2400 3728 2544 3775 stare
2571 3717 2846 3773 videntur.
2878 3716 3007 3773 Inde
3048 3718 3194 3772 enim
3235 3733 3364 3788 gens
3393 3732 3555 3787 super
3582 3727 3798 3790 gentem

2221 3810 2386 3879 venit,
2413 3811 2536 3866 inde
2565 3826 2785 3880 regnum
2811 3809 3066 3864 adversus
3097 3825 3320 3879 regnum
3353 3811 3644 3880 consurgit,
3677 3810 3802 3865 inde

2223 3921 2326 3960 una
2359 3906 2501 3959 natio
2527 3919 2706 3960 coram
2739 3904 2841 3957 alia
2869 3903 3033 3971 cadit,
3064 3901 3190 3956 inde
3215 3901 3415 3968 clades,
3448 3901 3574 3956 inde
3605 3901 3800 3971 fames,

2223 3998 2351 4052 inde
2385 3997 2615 4064 excidia,
2666 3995 2791 4051 inde
2820 3995 3061 4050 oriuntur
3084 3994 3392 4049 discrimina
3411 4035 3426 4060 ,
3457 4004 3512 4049 et
3541 3993 3681 4048 unde
3707 3993 3804 4048 do-

2225 4088 2399 4142 minus
2445 4097 2689 4142 terrenus
2717 4089 2976 4156 placatur,
3004 4085 3128 4140 inde
3171 4084 3429 4140 Dominus
3475 4084 3707 4140 cmlestis
3736 4084 3805 4138 ad

2232 4181 2560 4235 iracundiam
2607 4192 2953 4250 provocatur.
2991 4180 3101 4234 llac
3131 4180 3199 4232 de
3239 4193 3398 4234 causa
3428 4179 3612 4234 beatus
3660 4179 3809 4247 Apo~

2225 4272 2394 4327 stolus
2419 4273 2554 4328 dicit
2585 4289 2597 4325 :
2636 4271 2736 4337 Qui
2768 4271 2942 4326 volunt
2968 4271 3146 4326 divites
3175 4271 3311 4338 ﬁeri,
3342 4270 3572 4322 incidunt
3601 4269 3654 4322 in
3702 4279 3812 4323 ten-

2226 4365 2468 4418 tationem
2507 4375 2554 4418 et
2587 4365 2639 4417 in
2685 4367 2920 4434 laqueum
2947 4362 3159 4428 diaboli,
3191 4371 3246 4415 et
3284 4361 3546 4416 desideria
3572 4363 3733 4416 multa
3760 4370 3808 4414 et

541 4459 803 4525 defendit,
855 4459 972 4513 sine
1015 4456 1194 4512 divina
1241 4457 1740 4527 recompensatione
1777 4454 1932 4522 ino;as
1959 4455 2121 4523 Spiri-
2154 4457 2435 4553 I)inutilia
2465 4466 2513 4510 et
2540 4455 2737 4521 nociva,
2767 4470 2881 4523 quae
2922 4463 3155 4524 mergunt
3193 4453 3423 4506 homines
3464 4453 3517 4505 in
3555 4453 3809 4506 interitum

543 4551 768 4607 tualium
813 4563 1092 4604 munerum
1124 4549 1354 4604 existere
1380 4546 1714 4611 crederetur,
1755 4544 1991 4599 occurrit
2024 4546 2126 4598 Do-

547 4643 746 4710 minus,
777 4652 830 4698 ct
853 4641 1111 4711 propheta
1141 4640 1480 4695 admonendo
1509 4640 1523 4710 l
1549 4637 1908 4710 admonente]
1950 4654 2130 4708 repro-

545 4734 920 4797 mittit,dicens
945 4751 958 4786 :
988 4733 1209 4798 Qucerite
1246 4731 1526 4802 judicium,
1572 4731 1825 4785 subvenite
1866 4747 2131 4801 oppresso,

541 4826 778 4898 judicate
810 4823 1034 4894 pupillo,
1079 4821 1335 4890 defendite
1364 4821 1590 4887 viduam,
1624 4833 1728 4876 etc.
1761 4839 1776 4888 ;
1806 4831 1854 4876 et
1883 4823 1925 4875 si
1947 4825 2135 4892 fuerint

549 4925 757 4983 peccata
775 4923 939 4966 vestra
955 4921 1009 4965 ut
1031 4912 1312 4978 coccinum,
1326 4912 1470 4980 quasi
1488 4913 1576 4965 uix
1594 4911 1998 4980 dealbabuntur;
2023 4923 2068 4967 et
2089 4915 2136 4968 si

550 5006 745 5076 fuerint
775 5001 932 5057 rubra
971 5003 1120 5072 quasi
1162 5002 1485 5072 vermiculus,
1529 5004 1661 5057 velut
1703 5002 1825 5056 lana
1850 5003 1968 5057 alba
1991 5012 2135 5057 erunt

549 5096 683 5166 (lsa.
710 5113 748 5163 ι,
766 5094 882 5166 i7).
909 5095 1044 5151 llinc
1071 5109 1162 5164 per
1176 5093 1518 5152 Salomonem
1544 5095 1896 5152 inaestimabili
1921 5096 2132 5166 pietatis

548 5187 740 5242 allectu
767 5187 1000 5256 loquitur
1028 5196 1082 5242 et
1106 5185 1236 5240 dicit
1263 5204 1275 5240 :
1311 5185 1376 5240 In
1399 5187 1690 5259 judicando
1721 5197 1828 5242 (διο
1853 5187 2136 5240 misericors

552 5277 766 5350 pupillis
790 5288 842 5330 ut
870 5286 1035 5349 pater,
1061 5286 1108 5331 et
1132 5293 1223 5345 pro
1239 5278 1344 5332 viro
1367 5279 1519 5332 matri
1545 5277 1771 5344 illorum,
1802 5289 1849 5333 et
1875 5277 1972 5332 eris
1999 5279 2136 5330 velut

555 5371 693 5438 filius
709 5368 958 5426 Altissimi
980 5372 1285 5438 obaudiens,
1304 5381 1349 5424 et
1374 5371 1697 5426 miserebitur
1720 5372 1794 5424 tui
1811 5373 1972 5442 magis
1988 5386 2138 5440 quam

555 5471 713 5514 mater
744 5459 934 5532 (Eccli.
968 5477 1041 5525 Iv,
1074 5461 1185 5532 lO).
1212 5461 1316 5517 Sed
1353 5471 1466 5522 tu,o
1497 5461 1684 5516 fornax
1719 5475 1977 5516 succensa
2010 5475 2138 5515 ava-

555 5550 690 5604 ritiae
719 5553 937 5607 testibus
968 5567 1119 5607 mens
1149 5551 1498 5619 inﬂammata,
1536 5553 1704 5625 magis
1733 5553 1984 5624 stipulam
2014 5569 2134 5625 qua:

561 5649 612 5695 te
641 5645 946 5712 succendat,
973 5661 1133 5716 quam
1161 5645 1506 5700 abolitionem
1536 5659 1902 5715 peccatorum,
1930 5663 2049 5718 qua:
2083 5657 2136 5704 te

556 5733 626 5788 ab
671 5734 791 5803 igne
835 5737 1088 5795 defendat
1130 5739 1369 5810 inquiris.
1405 5739 1542 5808 Quid
1589 5749 1687 5809 est,
1743 5755 1943 5810 quaeso,
1991 5741 2134 5812 quod

2233 4555 2282 4598 et
2326 4545 2655 4614 perditionem
2693 4542 2775 4612 (I.
2820 4543 2952 4597 Tim.
2986 4558 3059 4612 vt,
3094 4542 3189 4613 9),
3219 4558 3283 4597 ac
3329 4558 3422 4612 per
3469 4542 3810 4598 Salomonem

2233 4630 2469 4691 dicitur:
2504 4637 2603 4700 Qui
2633 4636 2839 4705 festinat
2879 4635 3056 4698 ditari,
3090 4651 3192 4688 non
3235 4635 3330 4688 erit
3355 4636 3596 4689 innocens
3627 4635 3810 4705 (Prov.

2237 4743 2430 4793 XXHH,
2459 4726 2576 4796 20).
2610 4728 2674 4780 Ει
2700 4742 2909 4781 rursum
2947 4745 2958 4779 :
2994 4727 3058 4782 Si
3088 4728 3224 4781 dives
3261 4728 3440 4799 fueris,
3473 4744 3573 4782 non
3601 4729 3700 4783 eris
3720 4729 3816 4781 im-

2236 4818 2400 4871 muuis
2428 4835 2460 4869 a
2486 4817 2672 4872 delicto
2706 4817 2897 4888 (Eccli.
2931 4835 3003 4884 XI,
3033 4819 3143 4890 ίθ).
3177 4819 3286 4874 Hac
3310 4819 3377 4876 de
3405 4834 3562 4874 causa
3589 4819 3816 4874 difﬁcul-

2239 4915 2401 4962 tatem
2447 4905 2679 4964 intrandi
2730 4923 2953 4978 regnnm
3008 4910 3266 4965 caelorum
3317 4910 3508 4964 talibus
3562 4910 3815 4964 Dominus

2239 4997 2694 5068 proponit,dicens
2724 5019 2735 5052 :
2768 4999 2983 5070 Difﬁcile
3003 5000 3094 5070 qui
3115 5001 3361 5072 pecunias
3382 4999 3572 5055 habent
3601 5016 3816 5072 regnum

2237 5091 2478 5145 cartorum
2502 5091 2764 5146 intrabunt
2789 5091 3004 5163 (Matth.
3039 5108 3150 5160 xix,
3182 5091 3295 5163 25).
3325 5093 3389 5148 Et
3418 5108 3629 5148 rursum
3660 5111 3673 5148 :
3704 5093 3815 5148 Fa-

2239 5185 2388 5238 cilius
2440 5194 2513 5238 est
2550 5188 2799 5241 camelum
2841 5203 2930 5256 per
2971 5189 3199 5257 foramen
3237 5202 3361 5240 acus
3393 5187 3626 5252 transire,
3667 5202 3820 5256 quam
3872 5255 3879 5263 .

2240 5279 2449 5332 divitem
2478 5295 2690 5351 regnum
2719 5280 3164 5335 cwlorumintrare
3188 5279 3340 5351 (Luc.
3370 5295 3517 5345 M’llt,
3549 5277 3660 5344 25).
3692 5279 3820 5344 Qua:

2239 5368 2489 5424 videlicet
2519 5368 2917 5437 Scripturarnm
2963 5369 3265 5424 testimonia
3293 5367 3417 5424 dum
3451 5367 3700 5422 hesterna
3732 5367 3820 5422 die

2240 5461 2451 5518 cuidam
2475 5461 2634 5535 hujus
2661 5460 2845 5516 saeculi
2870 5460 3277 5532 opulentissimo
3305 5459 3529 5530 principi
3554 5474 3822 5529 propone-

2241 5567 2380 5619 rem,
2411 5551 2686 5622 respondit
2715 5551 2848 5606 mihi
2884 5570 2896 5606 :
2929 5567 3034 5607 non
3081 5552 3147 5606 de
3173 5547 3515 5606 substantivis
3559 5548 3818 5618 pecuniis,

2241 5645 2338 5703 sed
2361 5646 2430 5702 de
2455 5645 2651 5702 divitiis
2673 5645 2895 5716 intelligi
2922 5644 3137 5701 debere.
3161 5645 3266 5700 Sed
3297 5658 3454 5713 parce
3478 5642 3596 5709 tibi,
3622 5656 3818 5711 quaeso.

2243 5739 2446 5810 optime
2496 5738 2684 5806 amice,
2731 5737 2906 5794 adimc
2947 5751 3134 5791 vanam
3189 5733 3568 5803 securitatem;
3617 5734 3822 5788 intuere
