4090 6420
265 392 400 449 1285

1499 391 1731 449 SEllMO
1770 389 1858 445 DE
1894 389 2326 448 CUPIDITATE.

3371 397 3510 453 ηδε

260 506 385 576 quid
417 505 469 559 in
498 504 579 558 his
598 501 971 574 Hieronymus,
993 498 1119 572 quid
1143 502 1476 568 Ambrosius,
1509 502 1632 572 quid
1659 504 1832 572 Augu-
1861 507 1907 565 Α
1937 501 2132 572 privata
2184 503 2290 572 fetu
2343 519 2454 556 suo.
2506 502 2846 572 Egrediuntur
2895 505 3044 573 quasi
3085 521 3258 577 greges
3314 506 3488 575 paraui

259 591 450 659 stinus,
482 591 609 662 quid
661 591 933 661 scripserit
959 593 1015 646 Β.
1045 592 1330 661 Gregorius
1364 609 1375 644 :
1410 593 1510 646 illis
1548 592 1708 648 crede
1740 593 1827 659 qui

259 684 574 754 Apostolum
603 693 886 749 sequentes
913 683 1147 738 radicem
1173 683 1408 736 omnium
1437 683 1697 737 malorum
1728 699 1828 737 cu-

260 773 532 844 piditatem
578 786 698 828 esse
724 773 1059 841 pecuniarum
1089 772 1355 840 dixerunt,
1384 788 1490 827 non
1519 772 1710 827 divites
1738 788 1828 828 ac-

259 873 525 930 cusantes,
556 863 650 918 sed
697 862 985 932 appetitum
1025 863 1327 916 divitiarum
1377 862 1824 917 condemnantes.

261 956 399 1012 Vera
427 957 567 1010 enim
610 964 694 1010 est
724 955 1012 1021 Scripturae
1041 954 1304 1008 sententia
1343 954 1540 1023 Spiritu
1572 953 1666 1008 Dei
1698 969 1832 1022 pro-

259 1048 385 1114 lata,
440 1062 542 1116 qua
588 1047 781 1101 dicitur
815 1063 826 1099 :
865 1045 1011 1098 Nihil
1061 1054 1134 1099 est
1180 1045 1406 1114 iniquius
1453 1060 1606 1112 quant
1658 1061 1832 1098 amare

257 1137 522 1209 pecuniam
549 1134 744 1206 (Eccli.
771 1150 826 1202 ι,
851 1133 962 1203 10).
989 1134 1103 1200 Quo
1131 1144 1316 1188 contra
1340 1135 1524 1189 beatus
1546 1136 1832 1203 Apostolus

261 1226 516 1281 dilectum
538 1224 856 1294 discipulum
885 1223 1133 1278 admonet
1155 1224 1337 1277 dicens
1361 1240 1374 1275 :
1401 1223 1650 1277 Divitibus
1674 1223 1831 1293 huius

254 1316 430 1370 swculi
466 1315 686 1383 prccipe
714 1330 816 1368 non
855 1314 1068 1367 sublime
1097 1328 1298 1380 sapere,
1331 1329 1420 1364 nec
1447 1329 1652 1380 sperare
1672 1315 1722 1366 in
1753 1315 1831 1366 in-

257 1414 393 1458 certo
419 1405 729 1468 diuitiarum,
747 1403 836 1458 sed
859 1404 908 1456 in
941 1403 1160 1455 Dontino
1190 1387 1318 1467 vivo,
1347 1404 1434 1471 qui
1463 1415 1665 1470 pra-stat
1689 1403 1831 1456 nobis

261 1496 432 1548 omnia
476 1494 796 1547 abundanter
839 1494 907 1545 ad
951 1493 1222 1561 fruendam
1274 1491 1348 1561 (1
1392 1491 1526 1545 Tim.
1592 1507 1665 1559 vi,
1702 1494 1759 1545 Π
1785 1494 1829 1560 ),

255 1585 600 1649 benefacere,
641 1585 832 1638 divites
883 1574 1016 1637 fieri
1050 1585 1101 1637 in
1149 1585 1405 1650 operibus
1445 1585 1629 1652 bonis,
1673 1584 1827 1636 facile

259 1675 510 1740 tribuere,
541 1675 955 1742 communicare,
985 1675 1349 1729 thesaurizare
1377 1676 1476 1727 sibi
1509 1675 1824 1728 fundamen-

259 1775 368 1818 tum
401 1765 594 1818 bouum
625 1766 678 1818 in
711 1763 966 1830 futurum,
999 1775 1058 1817 ut
1090 1764 1497 1832 apprehendaut
1545 1778 1722 1817 veram
1750 1763 1826 1816 vi-

257 1864 360 1909 tam
368 1895 383 1910 .

327 1941 417 1997 10.
461 1943 568 2010 Ego
595 1949 771 1998 autem
800 1952 855 1997 ut
883 1951 1113 2012 emptum
1141 1942 1501 2013 exstirpanda:
1525 1942 1828 2012 cupiditatis

251 2047 362 2088 non
389 2032 643 2102 refugiant
675 2032 940 2099 laborem,
982 2048 1128 2102 ecce,
1163 2048 1197 2086 ο
1222 2033 1423 2102 cupidi,
1455 2033 1678 2087 multum
1701 2048 1829 2100 qua-

253 2120 384 2177 libet
415 2131 530 2178 arte
565 2123 890 2192 acquisistis,
925 2125 1147 2178 multum
1178 2125 1416 2193 quolibet
1463 2125 1674 2194 ingenio
1703 2138 1830 2178 coa-

249 2211 540 2277 cervastis;
571 2213 666 2268 sed
715 2214 948 2282 nunquid
990 2213 1264 2268 Salomoni
1295 2229 1388 2268 vos
1418 2215 1687 2284 aquuari
1728 2229 1829 2282 po-

253 2302 464 2355 tuistis?
498 2301 625 2372 quid
677 2317 816 2357 nunc
863 2303 952 2358 ille
999 2306 1237 2372 possidet
1285 2321 1353 2359 ex
1394 2305 1477 2358 his
1531 2307 1583 2360 in
1637 2306 1829 2374 quibus

251 2389 553 2445 laboravit?
582 2393 818 2461 nunquid
862 2408 988 2460 nou,
1033 2403 1089 2447 ut
1139 2395 1228 2448 ille
1273 2395 1425 2462 dixit,
1476 2404 1643 2450 totum
1685 2395 1826 2464 quod

254 2485 513 2540 laboravit
562 2487 769 2550 vanitas
814 2488 931 2540 est?
977 2490 1090 2554 ipse
1139 2488 1280 2542 enim
1328 2489 1446 2541 ait:
1498 2487 1828 2557 Magniﬁcari

251 2591 407 2644 opera
435 2590 567 2641 mea,
591 2575 842 2645 aedificavi
872 2576 996 2628 mihi
1022 2577 1218 2642 domos,
1255 2576 1483 2646 plantavi
1513 2579 1702 2642 vineas,
1727 2577 1830 2645 feci

253 2665 424 2718 hortos
451 2675 497 2718 et
521 2667 767 2734 pomeria,
798 2675 843 2720 et
873 2669 1102 2738 consepsi
1131 2684 1187 2721 ea
1215 2669 1380 2720 cuncti
1410 2669 1608 2736 generis
1633 2666 1826 2720 arbori-

253 2759 368 2812 bus.
429 2755 676 2811 Exstruasi
727 2759 851 2810 mihi
897 2761 1115 2826 piscinas
1159 2773 1428 2827 aquarum,
1461 2767 1514 2810 ut
1559 2758 1828 2827 irrigarent

251 2848 430 2904 silvam
459 2849 714 2917 lignorum
744 2849 1156 2918 germinantium.
1189 2847 1403 2902 Possedi
1456 2863 1625 2901 servos
1655 2856 1701 2899 et
1734 2864 1828 2899 an-

250 2938 418 3004 cillas,
454 2940 766 3008 multamque
799 2940 1054 3008 familiam
1093 2939 1268 2992 habui.
1296 2940 1534 2992 Armenta
1561 2955 1758 3008 quoque
1779 2949 1826 2992 et

251 3047 462 3102 magnos
493 3032 661 3084 ovium
688 3047 886 3101 greges,
908 3033 1044 3085 ultra
1071 3047 1241 3084 omnes
1268 3033 1353 3100 qui
1378 3030 1584 3098 fuerunt
1609 3041 1726 3084 ante
1750 3046 1827 3083 me

249 3139 304 3176 tn
329 3121 640 3175 Jerusalem.
674 3122 976 3176 Coacervavi
1016 3123 1138 3175 mihi
1168 3101 1434 3192 argentum
1481 3130 1526 3174 et
1555 3137 1755 3184 auram,
1781 3128 1827 3174 et

251 3215 560 3269 substantias
581 3231 757 3286 regum
785 3231 846 3268 ac
875 3217 1250 3286 prouinciarum
1278 3230 1297 3268 :
1326 3216 1421 3284 feci
1449 3212 1568 3266 milu
1596 3224 1825 3265 cantores

250 3317 299 3361 et
328 3308 647 3373 cantatrices,
677 3317 724 3360 et
775 3308 984 3361 delicias
1033 3308 1260 3376 filiorum
1285 3306 1561 3359 ltominum.
1597 3303 1828 3373 Scyphos

251 3408 302 3452 et
351 3413 526 3452 urceos
569 3399 622 3451 in
652 3397 992 3451 rninisurium
1016 3399 1085 3451 ad
1128 3399 1246 3450 vina
1273 3398 1552 3466 fundenda,
1578 3406 1623 3448 et
1651 3409 1828 3464 super-

249 3506 454 3559 gressus
502 3506 614 3544 sunt
659 3491 838 3558 opibus
894 3506 1065 3544 omnes
1119 3490 1206 3559 qui
1256 3491 1461 3557 fuerunt
1508 3501 1624 3541 ante
1661 3503 1739 3540 me
1776 3487 1828 3540 in

253 3583 556 3650 Jerusalem,
589 3594 634 3638 et
658 3586 971 3653 omnia‘qua:
1007 3586 1414 3638 desideraverunt
1437 3583 1570 3636 oculi
1599 3585 1700 3636 mei
1726 3598 1828 3637 non

252 3674 432 3743 negavi
459 3676 553 3743 eis,
586 3691 676 3728 nec
721 3675 956 3744 prohibui
1001 3689 1086 3727 cor
1114 3690 1301 3740 meum,
1332 3675 1450 3742 quin
1482 3675 1620 3727 ovnni
1646 3673 1826 3743 volup.

253 3773 354 3814 tate
385 3763 660 3830 fruentur,
688 3773 733 3816 et
757 3763 1087 3816 oblectaretur
1105 3747 1164 3816 se.
1181 3764 1233 3817 in
1257 3764 1358 3816 illis
1381 3780 1488 3832 qua!
1508 3778 1824 3833 paraveram.

252 3850 322 3904 Et
350 3853 480 3904 hanc
510 3864 649 3905 ratus
677 3869 789 3906 sum
814 3865 1008 3925 partem
1042 3870 1224 3919 meam,
1250 3856 1291 3907 si
1314 3864 1476 3908 uterer
1503 3854 1674 3908 labore
1696 3870 1828 3911 meo.

252 3940 480 4011 Cumque
520 3955 744 3998 reversus
789 3961 948 3998 essem
996 3949 1063 3998 ad
1093 3947 1324 3999 universa
1360 3961 1516 4015 opera
1553 3961 1667 4013 quae
1699 3947 1830 4013 fece-

251 4044 368 4086 rant
394 4051 573 4086 manus
605 4050 745 4098 metu,
769 4045 814 4087 et
843 4039 910 4088 ad
937 4036 1156 4100 labores,
1181 4037 1235 4087 in
1258 4037 1434 4102 quibus
1467 4037 1657 4105 frustra
1679 4036 1830 4088 suda-

252 4139 440 4189 veram,
469 4124 572 4176 vidi
595 4127 646 4176 in
675 4126 902 4177 omnibus
923 4129 1191 4179 vanitatem
1213 4135 1260 4178 et
1286 4126 1604 4196 afflictioneru
1643 4127 1827 4190 animi,

252 4226 297 4269 et
319 4214 450 4267 nihil
486 4229 778 4282 permanere
820 4217 912 4268 sub
939 4215 1044 4268 sole
1080 4201 1274 4284 (Ερειεῖ
1300 4231 1359 4281 ιι,
1381 4217 1459 4285 4).
1491 4216 1626 4282 Quid
1655 4217 1830 4284 itaque

254 4307 489 4362 vanitate
526 4307 758 4375 plenius,
782 4321 938 4376 quam
970 4307 1042 4360 ibi
1076 4307 1349 4362 hominem
1380 4315 1492 4360 toto
1517 4306 1709 4361 mentis
1737 4307 1830 4360 de-

254 4397 454 4450 siderio
501 4396 639 4452 velle
685 4397 898 4450 divitias
926 4409 1273 4466 congregare,
1309 4396 1398 4450 ubi
1423 4410 1544 4450 eum
1574 4410 1684 4450 non
1712 4395 1831 4450 licet

1857 1845 1905 1903 B

1923 608 2121 659 eorum,
2143 593 2394 648 exsultant
2416 595 2628 660 lusibus,
2645 603 2811 649 tenent
2834 603 3126 665 tympanum
3149 605 3193 649 et
3215 598 3507 667 cytharam,

1930 691 1978 736 et
2029 683 2251 748 gaudent
2296 683 2366 735 ad
2410 685 2631 736 sonitum
2680 684 2880 753 organi,
2915 685 3108 738 ducunt
3137 686 3188 738 in
3231 688 3368 741 but-is
3398 688 3503 741 dies

1930 790 2068 838 suos,
2089 784 2138 828 et
2161 775 2214 828 in
2234 785 2476 844 punctum
2496 777 2564 829 ad
2585 777 2786 847 inferna
2807 780 3115 832 descendunt
3131 777 3271 849 (Job.
3289 796 3401 845 nt,
3424 782 3503 850 7).

1935 864 2069 919 llinc
2117 865 2373 920 Dominus
2422 868 2470 919 in
2525 866 2810 936 Evangelio
2855 868 3219 922 lucreditatem
3271 869 3503 924 dividere

1929 956 2292 1023 cupientibus,
2325 964 2384 1009 ut
2411 957 2476 1009 ab
2503 957 2646 1009 onnii
2677 958 2891 1010 avaritia
2916 968 3164 1013 caverent
3197 958 3269 1012 ait
3300 957 3504 1027 duobus

1931 1043 2231 1098 fratribus:
2267 1044 2509 1099 flaminis
2557 1047 2827 1116 cujusdam
2872 1046 3039 1100 divitis
3089 1049 3259 1101 uberes
3314 1050 3505 1117 fructus

1931 1147 2052 1202 ager
2081 1133 2274 1201 attulit,
2306 1144 2352 1186 et
2380 1136 2630 1205 cogitabat
2656 1136 2878 1202 intrase,
2893 1136 3065 1190 dicens
3092 1152 3111 1189 :
3138 1136 3273 1201 Quid
3296 1139 3502 1208 faciam,

1929 1223 2064 1290 quod
2080 1237 2179 1275 non
2199 1221 2357 1276 habeo
2381 1239 2478 1289 quo
2503 1239 2797 1295 congregem
2826 1228 3025 1294 fructus
3052 1242 3188 1280 meos
3205 1226 3230 1278 ?
3260 1226 3322 1280 Et
3345 1227 3505 1282 dixit:

1931 1313 2050 1366 Hoc
2071 1315 2280 1382 faciam,
2305 1315 2565 1368 destruant
2593 1315 2776 1368 horrea
2808 1332 2939 1381 mra,
2968 1325 3018 1370 et
3064 1318 3262 1387 majora
3292 1319 3505 1387 faciam,

1917 1417 1979 1459 et
2004 1407 2128 1458 illuc
2157 1408 2473 1476 congregabo
2496 1406 2665 1459 omnia
2693 1422 2806 1472 qua:
2835 1417 2954 1459 nata
2973 1419 3088 1460 sunt
3117 1408 3270 1474 mihi,
3300 1417 3344 1462 et
3373 1409 3505 1462 bona

1930 1511 2075 1548 mea:
2110 1504 2156 1549 et
2187 1497 2353 1549 dicam
2376 1498 2561 1550 animte
2585 1512 2706 1550 mea:
2728 1512 2746 1549 :
2771 1497 2974 1564 Anima,
3007 1497 3157 1552 habes
3196 1500 3324 1552 bona
3345 1502 3506 1554 multa

1930 1587 2095 1656 posita
2139 1587 2190 1638 in
2234 1602 2398 1639 annos
2429 1587 2694 1656 plurimos,
2727 1588 3002 1656 requiesce,
3059 1590 3280 1656 comede,
3324 1591 3433 1644 bibe
3461 1601 3506 1644 et

1930 1679 2158 1747 epulare.
2195 1677 2338 1730 Dixit
2363 1691 2529 1731 au'em
2558 1679 2633 1731 illi
2674 1677 2808 1732 Deus
2832 1693 2852 1732 :
2884 1679 3074 1743 Stulte,
3106 1681 3203 1734 hac
3235 1691 3380 1734 nocte
3428 1699 3506 1734 re-

1931 1781 2106 1841 petunt
2154 1773 2377 1825 animam
2429 1783 2569 1825 tuam
2614 1789 2644 1824 a
2671 1781 2718 1826 te
2745 1788 2763 1826 :
2795 1788 2904 1838 gnte
2931 1783 3098 1826 autem
3123 1775 3338 1843 parasti,
3361 1775 3506 1844 cujus

1936 1872 2082 1914 erunt
2112 1861 2261 1934 (Luc.
2291 1877 2384 1926 xu,
2420 1861 2550 1930 l9)?
2580 1863 2712 1928 Quid
2756 1878 2963 1932 quoque
3001 1863 3299 1918 dementius
3342 1880 3499 1931 quam

1935 1952 1988 2006 in
2013 1952 2368 2022 acquisitione
2409 1953 2569 2008 etiam
2613 1954 2774 2007 totius
2813 1953 2996 2006 mundi
3032 1953 3218 2020 laetari,
3255 1961 3310 2007 et
3346 1953 3502 2008 unius

1935 2045 2129 2099 anitme
2160 2045 2510 2112 perditionem
2544 2045 2819 2117 incurrere
2844 2044 2867 2097 τ
2895 2043 3044 2117 Unde
3064 2054 3117 2098 et
3152 2043 3412 2098 Dominus
3450 2045 3502 2098 in

1935 2134 2226 2203 Evangelio
2276 2133 2407 2187 dicit
2452 2150 2465 2186 :
2515 2133 2649 2198 Quid
2679 2115 2881 2202 prodest
2910 2115 3102 2186 homini
3128 2133 3171 2185 si
3215 2133 3502 2186 universum

1933 2227 2181 2277 mundum
2213 2227 2455 2290 lucretur,
2486 2235 2533 2278 et
2563 2227 2747 2279 anima:
2770 2241 2876 2279 suta
2897 2225 3250 2278 detrimentum
3279 2226 3506 2292 patiatur

1933 2316 2145 2386 (Matth.
2182 2331 2289 2381 xvi,
2319 2315 2454 2383 26)?
2479 2315 2544 2368 Et
2573 2330 2782 2370 rursum
2820 2311 3014 2376 :Ouam
3035 2315 3174 2367 dabit
3197 2315 3344 2367 homo
3371 2329 3505 2368 com-

1932 2407 2262 2459 mutationem
2315 2421 2408 2475 pro
2455 2407 2628 2458 anima
2667 2421 2762 2458 sua
2809 2403 3047 2475 (Ibid.)‘t
3097 2405 3175 2458 Tu
3219 2414 3436 2472 autem,
3473 2421 3506 2458 0

1939 2494 2226 2564 Babylonis
2250 2495 2583 2560 incendium,
2626 2496 2857 2552 animam
2903 2504 3047 2548 tuam
3078 2495 3310 2548 terrenis
3354 2507 3503 2548 como

1934 2585 2106 2639 modis
2145 2585 2460 2650 venditans,
2508 2585 2729 2652 pauperi
2778 2581 2954 2638 dicis:
3002 2583 3111 2649 Da,
3161 2583 3226 2637 da
3269 2582 3373 2636 hoc
3420 2584 3504 2637 vel

1935 2674 2088 2738 illud,
2116 2675 2236 2743 quia
2263 2675 2307 2727 si
2342 2688 2482 2727 nunc
2509 2674 2637 2726 dare
2673 2672 2930 2735 uolueris,
2957 2671 3212 2740 gaudebis
3242 2680 3425 2739 postea
3457 2671 3502 2725 si

1931 2763 2060 2818 dare
2091 2764 2348 2829 potueris.
2382 2763 2764 2829 lleuitentique
2809 2762 3012 2815 crimen
3051 2761 3322 2830 impingis,
3354 2775 3510 2829 repu-

1933 2863 2182 2922 gnantem
2216 2853 2444 2907 vinculis
2465 2852 2738 2920 astringis,
2768 2852 3018 2903 verberas
3043 2859 3097 2904 et
3120 2852 3304 2914 caadis,
3354 2859 3407 2904 et
3431 2851 3510 2904 sic

1933 2957 2150 3013 quoquo
2174 2953 2328 3010 pacto
2356 2941 2420 2995 ad
2462 2954 2575 2995 rem
2603 2940 2960 2994 desideratam
2992 2939 3272 3008 pertingis.
3303 2938 3394 2994 Va:
3422 2940 3510 2994 in-

1935 3035 2196 3087 satiabilis
2218 3033 2349 3097 lues,
2389 3046 2518 3086 ecce
2538 3039 2790 3100 quantum
2821 3031 3142 3099 concupisti,
3177 3030 3317 3086 forte
3342 3040 3509 3086 totum

1935 3123 2247 3192 aequisisti,
2295 3131 2447 3190 putas
2509 3123 2632 3189 quia
2690 3119 2954 3174 somnium
3008 3118 3216 3187 vidisti,
3275 3134 3380 3174 non
3430 3129 3512 3174 est

1936 3223 2080 3267 tuum
2103 3213 2242 3282 quod
2268 3209 2579 3280 possedisti,
2597 3211 2721 3279 quia
2743 3211 2880 3262 sicut
2903 3211 3033 3264 nihil
3080 3211 3132 3264 in
3174 3211 3314 3265 hunc
3355 3225 3510 3264 mun-

1931 3304 2056 3358 dum
2078 3303 2298 3356 veniens
2321 3303 2517 3365 defers,
2535 3303 2612 3354 sic
2633 3315 2734 3355 iiec
2755 3301 2972 3354 rediens
2995 3301 3061 3354 de
3085 3299 3287 3354 mundo
3309 3299 3509 3369 aliquid

1933 3395 2095 3449 tollis.
2128 3394 2278 3448 Pauli
2304 3391 2401 3446 tibi
2430 3407 2530 3444 vox
2556 3391 2830 3458 convenit,
2853 3390 2982 3443 nihil
3007 3390 3275 3444 intulimus
3300 3390 3354 3442 in
3379 3389 3514 3444 hunc
3601 3408 3604 3412 '

1930 3489 2198 3550 ntundum,
2229 3486 2314 3540 sed
2345 3500 2434 3538 nec
2485 3486 2690 3554 auferre
2723 3484 2847 3553 quid
2889 3498 3156 3550 possumus
3184 3479 3240 3551 (1
3268 3481 3405 3535 Tim.
3435 3495 3509 3546 vr,

1932 3581 2009 3648 7).
2054 3577 2156 3634 Job
2178 3591 2389 3646 quoque
2433 3576 2730 3630 similiter:
2783 3572 2974 3627 Nudus
3012 3589 3243 3644 egressus
3293 3587 3406 3627 sum
3448 3571 3513 3626 de

1929 3683 2071 3727 utero
2101 3671 2278 3724 matris
2300 3685 2443 3730 mete,
2489 3668 2658 3722 nudus
2691 3677 2915 3721 revertar
2953 3666 3082 3720 illuc
3107 3663 3252 3734 (Job.
3295 3677 3335 3730 t,
3397 3663 3511 3731 12).

1930 3763 2065 3818 lline
2089 3763 2229 3817 idem
2253 3761 2320 3815 de
2343 3760 2582 3830 quolibet
2602 3759 2857 3828 apulento
2885 3773 2950 3811 ac
2980 3757 3153 3811 futura
3175 3771 3281 3811 uon
3305 3754 3512 3824 prospi-

1913 3854 2104 3910 -~cieute
2125 3853 2252 3908 dicit
2281 3870 2294 3906 :
2325 3851 2476 3904 Dives
2500 3866 2614 3903 cum
2641 3851 2960 3925 dor-inierit“
2978 3848 3108 3899 nihil
3140 3851 3360 3916 auferet,
3389 3861 3512 3914 ape—

1930 3948 2030 3999 riet
2059 3946 2232 3996 oculos
2277 3959 2396 3994 suos
2442 3951 2489 3994 et
2542 3939 2674 3993 nihil
2727 3938 2968 4003 inveniet,
3001 3937 3353 4006 apprehendet
3399 3953 3514 3989 euri:

1929 4035 2080 4103 quasi
2118 4047 2251 4099 aqua
2288 4030 2461 4096 inapia
2489 4069 2502 4092 ,
2549 4036 2692 4080 nocte
2743 4028 2992 4097 opprimet
3037 4041 3156 4079 eum
3201 4035 3507 4095 tempestas;

1930 4124 2068 4176 tollet
2094 4132 2263 4174 autem
2306 4135 2418 4172 eum
2467 4128 2643 4171 ventus
2691 4127 2864 4179 urens,
2899 4125 2946 4170 et
2975 4116 3112 4170 velut
3154 4117 3304 4170 turbo
3351 4118 3513 4186 rapiet
3571 4157 3575 4162 ι

1928 4232 2044 4270 eum
2070 4215 2133 4268 de
2159 4215 2268 4267 loco
2297 4229 2389 4266 suo
2417 4210 2540 4282 (Job
2565 4226 2734 4274 xxvu,
2763 4209 2874 4279 19).
2904 4209 3035 4263 [line
3063 4221 3158 4278 per
3183 4207 3512 4262 Psalmistam

1929 4306 2168 4361 dicitur:
2204 4301 2532 4355 Dormierunt
2570 4315 2802 4354 somnum
2823 4313 3000 4363 suum,
3048 4307 3095 4351 et
3120 4297 3250 4350 nihil
3297 4297 3514 4350 iuvenca-

1930 4404 2052 4448 runt
2084 4410 2257 4448 omnes
2307 4392 2402 4446 viri
2445 4392 2740 4445 divitiarum
2784 4389 2840 4442 in
2889 4386 3121 4440 trionibus
3167 4387 3271 4439 suis
3331 4384 3509 4455 (Psal.

255 4489 309 4542 in
349 4497 660 4557 perpetuum
714 4487 993 4544 habitare?
1023 4503 1129 4557 quo
1156 4497 1340 4543 contra
1364 4488 1619 4542 Dominus
1643 4489 1828 4542 adnm—
1856 4517 1908 4577 ο
1936 4503 2094 4553 Lxxv,
2117 4486 2194 4558 (ἱ).
2249 4485 2316 4539 Et
2340 4499 2552 4539 rursum
2587 4499 2602 4535 :
2647 4479 2732 4536 Ne
2759 4480 2987 4533 timueris
3029 4495 3142 4531 cum
3165 4478 3304 4530 dives
3347 4480 3513 4548 factus

255 4594 366 4640 uel.
389 4581 619 4636 dicens:
670 4579 846 4634 Nolite
897 4580 1246 4634 thesaurizare
1291 4580 1427 4634 vobis
1475 4578 1739 4634 thesauros
1775 4579 1830 4633 in

254 4685 410 4741 terra,
442 4673 525 4725 ubi
552 4687 726 4740 a'rugo
753 4681 798 4724 et
838 4673 973 4725 tinea
1001 4673 1290 4737 demolitur,
1319 4681 1366 4725 et
1408 4671 1494 4724 ubi
1523 4674 1662 4742 fares
1700 4669 1829 4739 ρηο-

255 4766 401 4818 diunt
443 4774 488 4818 et
511 4764 769 4833 furantur.
803 4761 1164 4816 Thesaurisate
1200 4773 1369 4816 autem
1397 4762 1540 4816 vobis
1569 4765 1831 4815 thesauros

254 4862 309 4914 in
353 4857 500 4926 celo,
532 4858 614 4910 ubi
665 4872 755 4910 nec
779 4871 972 4925 wrugo,
1020 4871 1110 4908 nec
1157 4856 1293 4908 tinea
1337 4856 1628 4919 demolitur,
1656 4867 1705 4910 et
1746 4854 1832 4908 ubi

255 4957 528 5024 furcs’non
569 4953 884 5020 fodiuntnec
931 4952 1172 5021 furantur
1203 4948 1418 5017 (Matth.
1453 4965 1524 5016 vr,
1562 4949 1673 5021 l9).
1696 4950 1832 5018 Quid

257 5046 420 5100 etiam
467 5042 734 5098 infelicius
765 5058 923 5111 quam
956 5057 1092 5110 pene
1118 5050 1358 5096 cunctam
1402 5043 1582 5096 mundi
1609 5043 1833 5099 felicita-

261 5147 367 5192 tem
393 5139 688 5207 acquirere,
713 5135 840 5190 etin
872 5145 1124 5204 punctum
1152 5135 1216 5188 ad
1242 5133 1447 5189 inferna
1471 5134 1834 5192 descendere?

259 5233 465 5287 Talium
489 5232 811 5286 dementiam
843 5228 1033 5282 beatus
1057 5229 1158 5284 Job
1181 5229 1546 5296 conquirendo
1569 5227 1856 5298 redarguit.

261 5326 444 5380 dicens
476 5341 487 5376 :
520 5324 688 5387 Quare
732 5321 877 5392 impii
923 5316 1327 5392 prosperantur?
1355 5321 1476 5374 bene
1503 5333 1577 5374 est
1617 5319 1722 5374 illis
1749 5321 1838 5390 qui

260 5417 393 5470 ntale
415 5425 591 5485 agunt,
613 5415 854 5466 sublevati
882 5422 1018 5478 sunt,
1043 5413 1414 5482 confortatique
1433 5411 1644 5476 divitiis,
1666 5427 1837 5465 semen

260 5523 434 5560 eorum
464 5513 720 5574 permanet
750 5520 921 5556 coram
950 5504 1045 5570 eis,
1074 5502 1471 5572 propinquorum
1502 5503 1650 5555 turba
1670 5510 1722 5556 et
1746 5517 1839 5554 rte-

263 5606 440 5666 potum
491 5597 544 5648 in
567 5605 834 5665 conspectu
860 5610 1054 5647 eorum.
1092 5589 1286 5646 Domus
1301 5608 1470 5645 eorum
1509 5603 1700 5646 secura:
1717 5601 1838 5646 sunt

263 5701 310 5744 et
337 5700 551 5758 pacatae,
589 5697 637 5742 et
671 5703 775 5741 non
801 5695 873 5741 est
895 5687 1037 5755 virga
1086 5685 1180 5739 Dei
1201 5700 1351 5753 super
1378 5684 1516 5738 illos.
1539 5682 1641 5737 Bos
1663 5698 1838 5738 eorum

263 5781 516 5847 concepit,
543 5789 588 5833 et
637 5795 740 5832 non
781 5777 1060 5841 abortivit;
1103 5793 1254 5831 vacca
1275 5777 1490 5848 peperit,
1526 5785 1574 5831 et
1614 5791 1716 5832 non
1763 5785 1839 5832 est

1933 4583 2091 4656 fuerit
2119 4584 2290 4648 homo,
2317 4589 2364 4632 et
2392 4593 2510 4633 cunt
2555 4574 2902 4645 multiplicata
2929 4571 3081 4640 fuerit
3115 4571 3284 4639 gloria
3330 4571 3513 4623 domus

1931 4677 2064 4747 ejus,
2109 4673 2356 4744 quoniam
2385 4686 2498 4724 cum
2530 4669 2778 4721 morietur
2825 4681 2930 4718 non
2957 4671 3122 4718 sumet
3165 4661 3274 4716 haec
3315 4661 3509 4726 munia,

1933 4781 2092 4836 neque
2119 4765 2272 4819 simul
2296 4762 2562 4816 descendet
2589 4775 2706 4813 cum
2745 4774 2804 4814 eo
2849 4757 3014 4826 gloria
3041 4757 3220 4808 domus
3249 4753 3361 4824 ejus
3390 4749 3509 4822 (Ps.

1934 4871 2118 4926 χινιιι,
2171 4855 2284 4923 l7).
2334 4851 2483 4907 Unde
2532 4851 2867 4920 praemiserat
2909 4867 2921 4902 :
2967 4848 3272 4917 Relinquent
3326 4845 3513 4899 alienis

1935 4949 2136 5003 divitias
2166 4963 2309 5013 suas,
2355 4944 2593 5014 sepulcra
2643 4958 2840 5004 eorum,
2868 4940 3051 4994 domus
3082 4953 3257 4992 eorum
3283 4938 3337 4992 in
3363 4948 3516 4993 teter-

1935 5056 2055 5093 nuut
2085 5037 2244 5108 (Ibid.
2283 5037 2378 5108 ut).

2010 5131 2096 5186 ll.
2139 5129 2245 5184 Cur
2294 5130 2492 5198 itaque,
2538 5139 2571 5180 o
2620 5123 2882 5191 infelices,
2916 5136 3023 5176 non
3070 5118 3344 5174 attenditis
3373 5115 3500 5185 quid

1939 5223 2163 5286 habetis,
2198 5219 2324 5287 quid
2354 5219 2504 5286 estis,
2535 5216 2660 5286 quid
2694 5222 2812 5282 post
2838 5213 3104 5268 modicum
3156 5209 3316 5263 futuri
3347 5205 3513 5261 estis?

1941 5317 2051 5371 lloc
2097 5320 2243 5369 certe
2292 5310 2432 5380 quod
2487 5305 2846 5375 ternporaliter
2896 5301 3098 5356 habetis
3145 5315 3248 5354 non
3295 5305 3377 5351 est
3421 5309 3513 5349 ve-

1938 5417 2133 5469 strum,
2162 5403 2284 5472 quia
2314 5414 2414 5455 vox
2449 5394 2700 5454 Veritatis
2746 5401 2832 5448 est
2872 5390 3098 5447 dicentis
3129 5405 3143 5441 :
3171 5388 3232 5442 Si
3266 5386 3320 5439 in
3353 5384 3512 5438 altero

1937 5499 2111 5567 ﬁdeles
2142 5513 2240 5550 non
2270 5493 2458 5566 fuistis,
2491 5489 2627 5561 quod
2666 5497 2889 5542 vestrum
2929 5493 3006 5538 est
3041 5482 3155 5548 quis
3192 5479 3331 5533 dabit
3374 5474 3512 5530 vobis

1941 5586 2094 5658 (Luc.
2125 5602 2235 5651 xvt,
2261 5581 2392 5654 12)?
2437 5581 2577 5648 Quid
2607 5586 2786 5633 autem
2815 5573 2944 5630 estis
2971 5573 3018 5628 si
3057 5569 3287 5658 sollicite
3329 5573 3514 5658 atten-

1938 5653 2086 5742 ditis,
2116 5689 2396 5745 vaporem,
2429 5678 2649 5728 ventum
2699 5678 2756 5724 et
2779 5665 3020 5722 umbram
3054 5674 3149 5714 vos
3197 5653 3510 5745 invenietis;

1939 5771 2058 5842 quia
2086 5777 2140 5825 et
2171 5742 2332 5824 lacob
2356 5765 2491 5822 dixit
2524 5780 2536 5818 :
2566 5761 2695 5828 Qua:
2742 5759 2876 5815 enim
2909 5764 2986 5811 est-
3013 5753 3116 5810 vita
3149 5749 3352 5806 vestra?
3399 5742 3510 5801 Va-
