  <div class='ocr_page' id='page_1' title='image "/cluster/home/n/w/nwhite01/storage/ocr_20150623/89/umn.31951002477382o/659.png"; bbox 0 0 4090 6416; ppageno 0'>
   <div class='ocr_carea' id='block_1_1' title="bbox 558 361 694 417">
    <p class='ocr_par' dir='ltr' id='par_1_1' title="bbox 558 361 694 417">
     <span class='ocr_line' id='line_1_1' title="bbox 558 361 694 417; baseline 0.015 -2"><span class='ocrx_word' id='word_1_1' title='bbox 558 361 694 417; x_wconf 62' lang='grc'><strong>1987</strong></span> 
     </span>
    </p>
   </div>
   <div class='ocr_carea' id='block_1_2' title="bbox 1349 356 3012 417">
    <p class='ocr_par' dir='ltr' id='par_1_2' title="bbox 1349 356 3012 417">
     <span class='ocr_line' id='line_1_2' title="bbox 1349 356 3012 417; baseline 0.004 -6"><span class='ocrx_word' id='word_1_2' title='bbox 1349 356 1406 411; x_wconf 91' lang='lat' dir='ltr'><strong>S.</strong></span> <span class='ocrx_word' id='word_1_3' title='bbox 1451 356 1778 414; x_wconf 81' lang='lat' dir='ltr'><strong>AMBROSII</strong></span> <span class='ocrx_word' id='word_1_4' title='bbox 1809 357 2156 414; x_wconf 76' lang='lat' dir='ltr'><strong>AUTPERTI</strong></span> <span class='ocrx_word' id='word_1_5' title='bbox 2199 357 2679 414; x_wconf 79' lang='lat' dir='ltr'><strong>BENEVENTANI</strong></span> <span class='ocrx_word' id='word_1_6' title='bbox 2719 357 3012 417; x_wconf 77' lang='lat' dir='ltr'><strong>ABBATIS</strong></span> 
     </span>
    </p>
   </div>
   <div class='ocr_carea' id='block_1_3' title="bbox 3693 356 3832 414">
    <p class='ocr_par' dir='ltr' id='par_1_3' title="bbox 3693 356 3832 414">
     <span class='ocr_line' id='line_1_3' title="bbox 3693 356 3832 414; baseline -0.007 0"><span class='ocrx_word' id='word_1_7' title='bbox 3693 356 3832 414; x_wconf 68' lang='grc'><strong>1288</strong></span> 
     </span>
    </p>
   </div>
   <div class='ocr_carea' id='block_1_4' title="bbox 557 464 3839 541">
    <p class='ocr_par' dir='ltr' id='par_1_4' title="bbox 557 464 3839 541">
     <span class='ocr_line' id='line_1_4' title="bbox 557 464 3839 541; baseline -0.001 -15"><span class='ocrx_word' id='word_1_8' title='bbox 557 488 649 539; x_wconf 82' lang='lat' dir='ltr'><strong>per</strong></span> <span class='ocrx_word' id='word_1_9' title='bbox 678 480 751 525; x_wconf 89' lang='lat' dir='ltr'><strong>est</strong></span> <span class='ocrx_word' id='word_1_10' title='bbox 781 469 852 524; x_wconf 91' lang='lat' dir='ltr'><strong>ad</strong></span> <span class='ocrx_word' id='word_1_11' title='bbox 879 468 1134 523; x_wconf 86' lang='lat' dir='ltr'><strong>modicum</strong></span> <span class='ocrx_word' id='word_1_12' title='bbox 1164 480 1348 535; x_wconf 82' lang='lat' dir='ltr'><strong>parens</strong></span> <span class='ocrx_word' id='word_1_13' title='bbox 1373 464 1515 537; x_wconf 83' lang='lat' dir='ltr'><strong><em>(Jac.</em></strong></span> <span class='ocrx_word' id='word_1_14' title='bbox 1559 482 1632 533; x_wconf 89' lang='lat' dir='ltr'><strong>tv,</strong></span> <span class='ocrx_word' id='word_1_15' title='bbox 1657 466 1770 536; x_wconf 66' lang='grc'><strong>14).</strong></span> <span class='ocrx_word' id='word_1_16' title='bbox 1798 466 1898 522; x_wconf 83' lang='lat' dir='ltr'><strong>Job</strong></span> <span class='ocrx_word' id='word_1_17' title='bbox 1926 481 2138 536; x_wconf 87' lang='lat' dir='ltr'><strong>quoque</strong></span> <span class='ocrx_word' id='word_1_18' title='bbox 2164 474 2212 531; x_wconf 79' lang='grc' dir='ltr'>Α</span> <span class='ocrx_word' id='word_1_19' title='bbox 2241 470 2467 521; x_wconf 85' lang='lat' dir='ltr'><strong>secunda</strong></span> <span class='ocrx_word' id='word_1_20' title='bbox 2502 478 2573 522; x_wconf 90' lang='lat' dir='ltr'><strong>est</strong></span> <span class='ocrx_word' id='word_1_21' title='bbox 2610 479 2847 539; x_wconf 90' lang='lat' dir='ltr'><strong>stagnum</strong></span> <span class='ocrx_word' id='word_1_22' title='bbox 2884 470 3022 539; x_wconf 86' lang='lat' dir='ltr'><strong>ignis</strong></span> <span class='ocrx_word' id='word_1_23' title='bbox 3061 470 3244 541; x_wconf 79' lang='lat' dir='ltr'><strong>(Apoc.</strong></span> <span class='ocrx_word' id='word_1_24' title='bbox 3290 484 3383 536; x_wconf 88' lang='lat' dir='ltr'><strong>xx,</strong></span> <span class='ocrx_word' id='word_1_25' title='bbox 3430 468 3540 537; x_wconf 70' lang='grc'><strong>11).</strong></span> <span class='ocrx_word' id='word_1_26' title='bbox 3617 471 3689 525; x_wconf 88' lang='lat' dir='ltr'><strong>De</strong></span> <span class='ocrx_word' id='word_1_27' title='bbox 3716 470 3839 524; x_wconf 59' lang='lat' dir='ltr'><strong>mae</strong></span> 
     </span>
    </p>
   </div>
   <div class='ocr_carea' id='block_1_5' title="bbox 556 554 2137 629">
    <p class='ocr_par' dir='ltr' id='par_1_5' title="bbox 556 554 2137 629">
     <span class='ocr_line' id='line_1_5' title="bbox 556 554 2137 629; baseline -0.004 -13"><span class='ocrx_word' id='word_1_28' title='bbox 556 560 899 629; x_wconf 78' lang='lat' dir='ltr'><strong>prosequitur</strong></span> <span class='ocrx_word' id='word_1_29' title='bbox 930 576 942 611; x_wconf 89' lang='lat'><strong>:</strong></span> <span class='ocrx_word' id='word_1_30' title='bbox 988 555 1244 611; x_wconf 78' lang='lat' dir='ltr'><strong>Memento</strong></span> <span class='ocrx_word' id='word_1_31' title='bbox 1269 556 1393 624; x_wconf 82' lang='lat' dir='ltr'><strong>quia</strong></span> <span class='ocrx_word' id='word_1_32' title='bbox 1422 565 1598 609; x_wconf 81' lang='lat' dir='ltr'><strong>ventus</strong></span> <span class='ocrx_word' id='word_1_33' title='bbox 1624 566 1695 610; x_wconf 89' lang='lat' dir='ltr'><strong>est</strong></span> <span class='ocrx_word' id='word_1_34' title='bbox 1722 558 1822 609; x_wconf 88' lang='lat' dir='ltr'><strong>vita</strong></span> <span class='ocrx_word' id='word_1_35' title='bbox 1850 572 1964 609; x_wconf 90' lang='lat' dir='ltr'><strong>mea</strong></span> <span class='ocrx_word' id='word_1_36' title='bbox 1996 554 2137 622; x_wconf 84' lang='lat' dir='ltr'><strong>(Job.</strong></span> 
     </span>
    </p>
   </div>
   <div class='ocr_carea' id='block_1_6' title="bbox 557 645 2143 718">
    <p class='ocr_par' dir='ltr' id='par_1_6' title="bbox 557 645 2143 718">
     <span class='ocr_line' id='line_1_6' title="bbox 557 645 2143 718; baseline -0.004 -14"><span class='ocrx_word' id='word_1_37' title='bbox 557 666 650 713; x_wconf 79' lang='lat' dir='ltr'><strong>vn,</strong></span> <span class='ocrx_word' id='word_1_38' title='bbox 685 650 762 718; x_wconf 84' lang='lat'><strong>&#39;7).</strong></span> <span class='ocrx_word' id='word_1_39' title='bbox 834 646 1031 700; x_wconf 88' lang='lat' dir='ltr'><strong>Baldat</strong></span> <span class='ocrx_word' id='word_1_40' title='bbox 1078 645 1241 699; x_wconf 89' lang='lat' dir='ltr'><strong>etiam</strong></span> <span class='ocrx_word' id='word_1_41' title='bbox 1290 645 1548 709; x_wconf 90' lang='lat' dir='ltr'><strong>occurrit,</strong></span> <span class='ocrx_word' id='word_1_42' title='bbox 1599 661 1831 715; x_wconf 90' lang='lat' dir='ltr'><strong>veraque</strong></span> <span class='ocrx_word' id='word_1_43' title='bbox 1878 646 2143 701; x_wconf 87' lang='lat' dir='ltr'><strong>sententia</strong></span> 
     </span>
    </p>
   </div>
   <div class='ocr_carea' id='block_1_7' title="bbox 557 736 2144 806">
    <p class='ocr_par' dir='ltr' id='par_1_7' title="bbox 557 736 2144 806">
     <span class='ocr_line' id='line_1_7' title="bbox 557 736 2144 806; baseline -0.003 -13"><span class='ocrx_word' id='word_1_44' title='bbox 557 740 685 793; x_wconf 87' lang='lat' dir='ltr'><strong>dicit</strong></span> <span class='ocrx_word' id='word_1_45' title='bbox 712 756 726 792; x_wconf 91' lang='lat'><strong>:</strong></span> <span class='ocrx_word' id='word_1_46' title='bbox 754 737 1065 806; x_wconf 87' lang='lat' dir='ltr'><strong>Ignoramus</strong></span> <span class='ocrx_word' id='word_1_47' title='bbox 1084 736 1330 806; x_wconf 85' lang='lat' dir='ltr'><strong>quoniam</strong></span> <span class='ocrx_word' id='word_1_48' title='bbox 1353 736 1484 788; x_wconf 90' lang='lat' dir='ltr'><strong>sicut</strong></span> <span class='ocrx_word' id='word_1_49' title='bbox 1506 736 1684 789; x_wconf 87' lang='lat' dir='ltr'><strong>untbra</strong></span> <span class='ocrx_word' id='word_1_50' title='bbox 1706 736 1814 790; x_wconf 87' lang='lat' dir='ltr'><strong>dies</strong></span> <span class='ocrx_word' id='word_1_51' title='bbox 1841 736 2003 790; x_wconf 94' lang='lat' dir='ltr'><strong>nostri</strong></span> <span class='ocrx_word' id='word_1_52' title='bbox 2025 744 2144 790; x_wconf 88' lang='lat' dir='ltr'><strong>sunt</strong></span> 
     </span>
    </p>
   </div>
   <div class='ocr_carea' id='block_1_8' title="bbox 557 826 2147 901">
    <p class='ocr_par' dir='ltr' id='par_1_8' title="bbox 557 826 2147 901">
     <span class='ocr_line' id='line_1_8' title="bbox 557 826 2147 901; baseline -0.004 -16"><span class='ocrx_word' id='word_1_53' title='bbox 557 845 710 900; x_wconf 84' lang='lat' dir='ltr'><strong>super</strong></span> <span class='ocrx_word' id='word_1_54' title='bbox 734 843 921 885; x_wconf 84' lang='lat' dir='ltr'><strong>terram</strong></span> <span class='ocrx_word' id='word_1_55' title='bbox 946 829 1090 901; x_wconf 84' lang='lat' dir='ltr'><strong>(Job.</strong></span> <span class='ocrx_word' id='word_1_56' title='bbox 1121 843 1232 892; x_wconf 88' lang='lat' dir='ltr'><strong>vnt,</strong></span> <span class='ocrx_word' id='word_1_57' title='bbox 1263 828 1344 897; x_wconf 88' lang='lat'><strong>9).</strong></span> <span class='ocrx_word' id='word_1_58' title='bbox 1376 828 1510 881; x_wconf 84' lang='lat' dir='ltr'><strong>Hinc</strong></span> <span class='ocrx_word' id='word_1_59' title='bbox 1531 844 1625 896; x_wconf 89' lang='lat' dir='ltr'><strong>per</strong></span> <span class='ocrx_word' id='word_1_60' title='bbox 1656 828 1991 882; x_wconf 87' lang='lat' dir='ltr'><strong>Psalmistam</strong></span> <span class='ocrx_word' id='word_1_61' title='bbox 2014 826 2147 882; x_wconf 92' lang='lat' dir='ltr'><strong>dici-</strong></span> 
     </span>
    </p>
   </div>
   <div class='ocr_carea' id='block_1_9' title="bbox 558 918 2143 989">
    <p class='ocr_par' dir='ltr' id='par_1_9' title="bbox 558 918 2143 989">
     <span class='ocr_line' id='line_1_9' title="bbox 558 918 2143 989; baseline -0.004 -12"><span class='ocrx_word' id='word_1_62' title='bbox 558 933 642 977; x_wconf 86' lang='lat' dir='ltr'><strong>tur</strong></span> <span class='ocrx_word' id='word_1_63' title='bbox 676 942 688 976; x_wconf 92' lang='lat'><strong>:</strong></span> <span class='ocrx_word' id='word_1_64' title='bbox 723 923 844 976; x_wconf 89' lang='lat' dir='ltr'><strong>Dies</strong></span> <span class='ocrx_word' id='word_1_65' title='bbox 866 923 963 974; x_wconf 87' lang='lat' dir='ltr'><strong>mei</strong></span> <span class='ocrx_word' id='word_1_66' title='bbox 991 923 1121 974; x_wconf 81' lang='lat' dir='ltr'><strong>sicut</strong></span> <span class='ocrx_word' id='word_1_67' title='bbox 1154 919 1332 972; x_wconf 88' lang='lat' dir='ltr'><strong>umbra</strong></span> <span class='ocrx_word' id='word_1_68' title='bbox 1360 920 1737 972; x_wconf 80' lang='lat' dir='ltr'><strong>declinaverunt</strong></span> <span class='ocrx_word' id='word_1_69' title='bbox 1772 918 1888 989; x_wconf 88' lang='lat' dir='ltr'><strong>(Ps.</strong></span> <span class='ocrx_word' id='word_1_70' title='bbox 1924 934 1999 982; x_wconf 81' lang='lat' dir='ltr'><strong>cr,</strong></span> <span class='ocrx_word' id='word_1_71' title='bbox 2029 918 2143 985; x_wconf 70' lang='lat'><strong>12),</strong></span> 
     </span>
    </p>
   </div>
   <div class='ocr_carea' id='block_1_10' title="bbox 559 1009 2146 1082">
    <p class='ocr_par' dir='ltr' id='par_1_10' title="bbox 559 1009 2146 1082">
     <span class='ocr_line' id='line_1_10' title="bbox 559 1009 2146 1082; baseline -0.005 -12"><span class='ocrx_word' id='word_1_72' title='bbox 559 1022 724 1082; x_wconf 81' lang='lat' dir='ltr'><strong>atque</strong></span> <span class='ocrx_word' id='word_1_73' title='bbox 754 1013 822 1067; x_wconf 90' lang='lat' dir='ltr'><strong>de</strong></span> <span class='ocrx_word' id='word_1_74' title='bbox 848 1012 1093 1082; x_wconf 90' lang='lat' dir='ltr'><strong>quolibet</strong></span> <span class='ocrx_word' id='word_1_75' title='bbox 1136 1009 1305 1077; x_wconf 86' lang='lat' dir='ltr'><strong>impio</strong></span> <span class='ocrx_word' id='word_1_76' title='bbox 1342 1010 1660 1063; x_wconf 88' lang='lat' dir='ltr'><strong>sententiam</strong></span> <span class='ocrx_word' id='word_1_77' title='bbox 1700 1010 1976 1078; x_wconf 89' lang='lat' dir='ltr'><strong>prolerens</strong></span> <span class='ocrx_word' id='word_1_78' title='bbox 2009 1009 2146 1062; x_wconf 90' lang='lat' dir='ltr'><strong>idem</strong></span> 
     </span>
    </p>
   </div>
   <div class='ocr_carea' id='block_1_11' title="bbox 564 1101 2148 1170">
    <p class='ocr_par' dir='ltr' id='par_1_11' title="bbox 564 1101 2148 1170">
     <span class='ocr_line' id='line_1_11' title="bbox 564 1101 2148 1170; baseline -0.004 -9"><span class='ocrx_word' id='word_1_79' title='bbox 564 1105 844 1161; x_wconf 83' lang='lat' dir='ltr'><strong>Psalmista</strong></span> <span class='ocrx_word' id='word_1_80' title='bbox 872 1104 992 1156; x_wconf 89' lang='lat' dir='ltr'><strong>ait:</strong></span> <span class='ocrx_word' id='word_1_81' title='bbox 1031 1101 1151 1155; x_wconf 83' lang='lat' dir='ltr'><strong>Vidi</strong></span> <span class='ocrx_word' id='word_1_82' title='bbox 1206 1101 1422 1168; x_wconf 86' lang='lat' dir='ltr'><strong>impium</strong></span> <span class='ocrx_word' id='word_1_83' title='bbox 1470 1102 1914 1170; x_wconf 76' lang='lat' dir='ltr'><strong>superexaltatum</strong></span> <span class='ocrx_word' id='word_1_84' title='bbox 1957 1110 2003 1154; x_wconf 90' lang='lat' dir='ltr'><strong>et</strong></span> <span class='ocrx_word' id='word_1_85' title='bbox 2050 1102 2148 1154; x_wconf 89' lang='lat' dir='ltr'><strong>elc-</strong></span> 
     </span>
    </p>
   </div>
   <div class='ocr_carea' id='block_1_12' title="bbox 559 1192 2147 1263">
    <p class='ocr_par' dir='ltr' id='par_1_12' title="bbox 559 1192 2147 1263">
     <span class='ocr_line' id='line_1_12' title="bbox 559 1192 2147 1263; baseline -0.001 -14"><span class='ocrx_word' id='word_1_86' title='bbox 559 1207 733 1251; x_wconf 85' lang='lat' dir='ltr'><strong>uatum</strong></span> <span class='ocrx_word' id='word_1_87' title='bbox 767 1211 920 1263; x_wconf 85' lang='lat' dir='ltr'><strong>super</strong></span> <span class='ocrx_word' id='word_1_88' title='bbox 942 1193 1123 1247; x_wconf 88' lang='lat' dir='ltr'><strong>cedros</strong></span> <span class='ocrx_word' id='word_1_89' title='bbox 1155 1192 1366 1258; x_wconf 87' lang='lat' dir='ltr'><strong>Libani,</strong></span> <span class='ocrx_word' id='word_1_90' title='bbox 1396 1192 1630 1257; x_wconf 77' lang='lat' dir='ltr'><strong>transivi,</strong></span> <span class='ocrx_word' id='word_1_91' title='bbox 1661 1202 1708 1246; x_wconf 91' lang='lat' dir='ltr'><strong>et</strong></span> <span class='ocrx_word' id='word_1_92' title='bbox 1737 1209 1850 1245; x_wconf 90' lang='lat' dir='ltr'><strong>ecce</strong></span> <span class='ocrx_word' id='word_1_93' title='bbox 1879 1209 1980 1245; x_wconf 90' lang='lat' dir='ltr'><strong>non</strong></span> <span class='ocrx_word' id='word_1_94' title='bbox 2008 1203 2147 1247; x_wconf 89' lang='lat' dir='ltr'><strong>erat:</strong></span> 
     </span>
    </p>
   </div>
   <div class='ocr_carea' id='block_1_13' title="bbox 563 1284 2147 1358">
    <p class='ocr_par' dir='ltr' id='par_1_13' title="bbox 563 1284 2147 1358">
     <span class='ocr_line' id='line_1_13' title="bbox 563 1284 2147 1358; baseline -0.003 -15"><span class='ocrx_word' id='word_1_95' title='bbox 563 1291 771 1358; x_wconf 75' lang='lat' dir='ltr'><strong>quwsivi</strong></span> <span class='ocrx_word' id='word_1_96' title='bbox 791 1305 928 1351; x_wconf 89' lang='lat' dir='ltr'><strong>eum,</strong></span> <span class='ocrx_word' id='word_1_97' title='bbox 953 1296 1001 1341; x_wconf 91' lang='lat' dir='ltr'><strong>et</strong></span> <span class='ocrx_word' id='word_1_98' title='bbox 1027 1304 1129 1340; x_wconf 89' lang='lat' dir='ltr'><strong>non</strong></span> <span class='ocrx_word' id='word_1_99' title='bbox 1157 1296 1226 1339; x_wconf 86' lang='lat' dir='ltr'><strong>est</strong></span> <span class='ocrx_word' id='word_1_100' title='bbox 1255 1287 1488 1339; x_wconf 82' lang='lat' dir='ltr'><strong>inventus</strong></span> <span class='ocrx_word' id='word_1_101' title='bbox 1518 1285 1661 1339; x_wconf 86' lang='lat' dir='ltr'><strong>locus</strong></span> <span class='ocrx_word' id='word_1_102' title='bbox 1688 1287 1798 1355; x_wconf 82' lang='lat' dir='ltr'><strong>ejus</strong></span> <span class='ocrx_word' id='word_1_103' title='bbox 1822 1284 1939 1351; x_wconf 88' lang='lat' dir='ltr'><strong><em>(Ps.</em></strong></span> <span class='ocrx_word' id='word_1_104' title='bbox 1966 1301 2147 1353; x_wconf 77' lang='lat' dir='ltr'><strong>xxxw,</strong></span> 
     </span>
    </p>
   </div>
   <div class='ocr_carea' id='block_1_14' title="bbox 564 1375 2150 1452">
    <p class='ocr_par' dir='ltr' id='par_1_14' title="bbox 564 1375 2150 1452">
     <span class='ocr_line' id='line_1_14' title="bbox 564 1375 2150 1452; baseline -0.006 -15"><span class='ocrx_word' id='word_1_105' title='bbox 564 1383 675 1452; x_wconf 80' lang='grc'><strong>55).</strong></span> <span class='ocrx_word' id='word_1_106' title='bbox 723 1382 859 1436; x_wconf 90' lang='lat' dir='ltr'><strong>lline</strong></span> <span class='ocrx_word' id='word_1_107' title='bbox 890 1394 1055 1447; x_wconf 83' lang='lat' dir='ltr'><strong>supra</strong></span> <span class='ocrx_word' id='word_1_108' title='bbox 1102 1386 1433 1433; x_wconf 86' lang='lat' dir='ltr'><strong>memoratus</strong></span> <span class='ocrx_word' id='word_1_109' title='bbox 1482 1375 1677 1430; x_wconf 85' lang='lat' dir='ltr'><strong>.lob....</strong></span> <span class='ocrx_word' id='word_1_110' title='bbox 1708 1375 2021 1429; x_wconf 75' lang='lat' dir='ltr'><strong>admirando</strong></span> <span class='ocrx_word' id='word_1_111' title='bbox 2068 1376 2150 1429; x_wconf 87' lang='lat' dir='ltr'><strong>lo-</strong></span> 
     </span>
    </p>
   </div>
   <div class='ocr_carea' id='block_1_15' title="bbox 564 1472 2147 1547">
    <p class='ocr_par' dir='ltr' id='par_1_15' title="bbox 564 1472 2147 1547">
     <span class='ocr_line' id='line_1_15' title="bbox 564 1472 2147 1547; baseline -0.003 -16"><span class='ocrx_word' id='word_1_112' title='bbox 564 1475 953 1547; x_wconf 88' lang='lat' dir='ltr'><strong>quitur,dicens</strong></span> <span class='ocrx_word' id='word_1_113' title='bbox 981 1493 993 1529; x_wconf 90' lang='lat'><strong>:</strong></span> <span class='ocrx_word' id='word_1_114' title='bbox 1021 1474 1192 1528; x_wconf 79' lang='grc' dir='ltr'><strong>Ποιηο</strong></span> <span class='ocrx_word' id='word_1_115' title='bbox 1219 1490 1335 1526; x_wconf 84' lang='lat' dir='ltr'><strong>cum</strong></span> <span class='ocrx_word' id='word_1_116' title='bbox 1364 1482 1597 1526; x_wconf 89' lang='lat' dir='ltr'><strong>mortuus</strong></span> <span class='ocrx_word' id='word_1_117' title='bbox 1622 1473 1796 1542; x_wconf 74' lang='lat' dir='ltr'><strong>fuerit,</strong></span> <span class='ocrx_word' id='word_1_118' title='bbox 1826 1482 1874 1526; x_wconf 93' lang='lat' dir='ltr'><strong>et</strong></span> <span class='ocrx_word' id='word_1_119' title='bbox 1903 1472 2147 1539; x_wconf 75' lang='lat' dir='ltr'><strong><em>nudatus,</em></strong></span> 
     </span>
    </p>
   </div>
   <div class='ocr_carea' id='block_1_16' title="bbox 565 1564 2152 1639">
    <p class='ocr_par' dir='ltr' id='par_1_16' title="bbox 565 1564 2152 1639">
     <span class='ocr_line' id='line_1_16' title="bbox 565 1564 2152 1639; baseline -0.004 -15"><span class='ocrx_word' id='word_1_120' title='bbox 565 1570 653 1624; x_wconf 89' lang='lat' dir='ltr'><strong>ubi</strong></span> <span class='ocrx_word' id='word_1_121' title='bbox 692 1585 861 1638; x_wconf 71' lang='lat' dir='ltr'><strong>quaeso</strong></span> <span class='ocrx_word' id='word_1_122' title='bbox 892 1577 963 1622; x_wconf 88' lang='lat' dir='ltr'><strong>est</strong></span> <span class='ocrx_word' id='word_1_123' title='bbox 995 1566 1142 1639; x_wconf 82' lang='lat' dir='ltr'><strong>(Job.</strong></span> <span class='ocrx_word' id='word_1_124' title='bbox 1175 1582 1285 1634; x_wconf 82' lang='lat' dir='ltr'><strong>xiv,</strong></span> <span class='ocrx_word' id='word_1_125' title='bbox 1320 1566 1450 1635; x_wconf 76' lang='lat'><strong>10)?</strong></span> <span class='ocrx_word' id='word_1_126' title='bbox 1496 1566 1633 1631; x_wconf 84' lang='lat' dir='ltr'><strong>Quid</strong></span> <span class='ocrx_word' id='word_1_127' title='bbox 1663 1580 1792 1619; x_wconf 90' lang='lat' dir='ltr'><strong>vero</strong></span> <span class='ocrx_word' id='word_1_128' title='bbox 1820 1575 1941 1634; x_wconf 88' lang='lat' dir='ltr'><strong>post</strong></span> <span class='ocrx_word' id='word_1_129' title='bbox 1982 1564 2152 1619; x_wconf 78' lang='lat' dir='ltr'><strong>modi-</strong></span> 
     </span>
    </p>
   </div>
   <div class='ocr_carea' id='block_1_17' title="bbox 566 1658 2151 1727">
    <p class='ocr_par' dir='ltr' id='par_1_17' title="bbox 566 1658 2151 1727">
     <span class='ocr_line' id='line_1_17' title="bbox 566 1658 2151 1727; baseline -0.004 -10"><span class='ocrx_word' id='word_1_130' title='bbox 566 1677 686 1717; x_wconf 89' lang='lat' dir='ltr'><strong>cum</strong></span> <span class='ocrx_word' id='word_1_131' title='bbox 715 1662 878 1716; x_wconf 85' lang='lat' dir='ltr'><strong>futuri</strong></span> <span class='ocrx_word' id='word_1_132' title='bbox 907 1662 1047 1725; x_wconf 87' lang='lat' dir='ltr'><strong>sitis,</strong></span> <span class='ocrx_word' id='word_1_133' title='bbox 1080 1669 1415 1715; x_wconf 91' lang='lat' dir='ltr'><strong>mortuorum</strong></span> <span class='ocrx_word' id='word_1_134' title='bbox 1469 1675 1593 1715; x_wconf 86' lang='lat' dir='ltr'><strong>ossa</strong></span> <span class='ocrx_word' id='word_1_135' title='bbox 1624 1667 1679 1713; x_wconf 94' lang='lat' dir='ltr'><strong>et</strong></span> <span class='ocrx_word' id='word_1_136' title='bbox 1707 1659 1844 1713; x_wconf 88' lang='lat' dir='ltr'><strong>cinis</strong></span> <span class='ocrx_word' id='word_1_137' title='bbox 1892 1660 1945 1713; x_wconf 91' lang='lat' dir='ltr'><strong>in</strong></span> <span class='ocrx_word' id='word_1_138' title='bbox 1971 1658 2151 1727; x_wconf 87' lang='lat' dir='ltr'><strong>sepul-</strong></span> 
     </span>
    </p>
   </div>
   <div class='ocr_carea' id='block_1_18' title="bbox 565 1748 2153 1819">
    <p class='ocr_par' dir='ltr' id='par_1_18' title="bbox 565 1748 2153 1819">
     <span class='ocr_line' id='line_1_18' title="bbox 565 1748 2153 1819; baseline -0.004 -12"><span class='ocrx_word' id='word_1_139' title='bbox 565 1754 674 1807; x_wconf 88' lang='lat' dir='ltr'><strong>cris</strong></span> <span class='ocrx_word' id='word_1_140' title='bbox 701 1753 1093 1807; x_wconf 82' lang='lat' dir='ltr'><strong>demonstrant.</strong></span> <span class='ocrx_word' id='word_1_141' title='bbox 1130 1751 1273 1805; x_wconf 85' lang='lat' dir='ltr'><strong>Vade</strong></span> <span class='ocrx_word' id='word_1_142' title='bbox 1324 1752 1525 1819; x_wconf 85' lang='lat' dir='ltr'><strong>itaque,</strong></span> <span class='ocrx_word' id='word_1_143' title='bbox 1571 1764 1603 1803; x_wconf 92' lang='grc' dir='ltr'>ο</span> <span class='ocrx_word' id='word_1_144' title='bbox 1635 1749 1808 1814; x_wconf 81' lang='lat' dir='ltr'><strong>dives,</strong></span> <span class='ocrx_word' id='word_1_145' title='bbox 1842 1748 1907 1802; x_wconf 91' lang='lat' dir='ltr'><strong>ad</strong></span> <span class='ocrx_word' id='word_1_146' title='bbox 1952 1763 2153 1801; x_wconf 88' lang='lat' dir='ltr'><strong>monu-</strong></span> 
     </span>
    </p>
   </div>
   <div class='ocr_carea' id='block_1_19' title="bbox 2249 555 3839 629">
    <p class='ocr_par' dir='ltr' id='par_1_19' title="bbox 2249 555 3839 629">
     <span class='ocr_line' id='line_1_19' title="bbox 2249 555 3839 629; baseline 0.001 -18"><span class='ocrx_word' id='word_1_147' title='bbox 2249 574 2464 627; x_wconf 87' lang='lat' dir='ltr'><strong>quoque</strong></span> <span class='ocrx_word' id='word_1_148' title='bbox 2499 560 2754 615; x_wconf 90' lang='lat' dir='ltr'><strong>Dominus</strong></span> <span class='ocrx_word' id='word_1_149' title='bbox 2797 561 2849 614; x_wconf 91' lang='lat' dir='ltr'><strong>in</strong></span> <span class='ocrx_word' id='word_1_150' title='bbox 2873 560 3161 629; x_wconf 78' lang='lat' dir='ltr'><strong>Evangelia</strong></span> <span class='ocrx_word' id='word_1_151' title='bbox 3206 562 3373 615; x_wconf 92' lang='lat' dir='ltr'><strong>dicit:</strong></span> <span class='ocrx_word' id='word_1_152' title='bbox 3404 560 3594 614; x_wconf 82' lang='lat' dir='ltr'><strong>Mittite</strong></span> <span class='ocrx_word' id='word_1_153' title='bbox 3638 555 3757 614; x_wconf 73' lang='lat' dir='ltr'><strong>eum</strong></span> <span class='ocrx_word' id='word_1_154' title='bbox 3784 563 3839 615; x_wconf 87' lang='lat' dir='ltr'><strong>in</strong></span> 
     </span>
    </p>
   </div>
   <div class='ocr_carea' id='block_1_20' title="bbox 2250 650 3842 722">
    <p class='ocr_par' dir='ltr' id='par_1_20' title="bbox 2250 650 3842 722">
     <span class='ocr_line' id='line_1_20' title="bbox 2250 650 3842 722; baseline 0.002 -20"><span class='ocrx_word' id='word_1_155' title='bbox 2250 650 2480 705; x_wconf 73' lang='lat' dir='ltr'><strong>tenebras</strong></span> <span class='ocrx_word' id='word_1_156' title='bbox 2518 656 2827 719; x_wconf 71' lang='lat' dir='ltr'><strong>exteriores,</strong></span> <span class='ocrx_word' id='word_1_157' title='bbox 2872 652 2944 705; x_wconf 88' lang='lat' dir='ltr'><strong>ibi</strong></span> <span class='ocrx_word' id='word_1_158' title='bbox 2972 654 3067 705; x_wconf 89' lang='lat' dir='ltr'><strong>erit</strong></span> <span class='ocrx_word' id='word_1_159' title='bbox 3109 656 3261 722; x_wconf 80' lang='lat' dir='ltr'><strong>fletus</strong></span> <span class='ocrx_word' id='word_1_160' title='bbox 3292 663 3338 706; x_wconf 91' lang='lat' dir='ltr'><strong>et</strong></span> <span class='ocrx_word' id='word_1_161' title='bbox 3380 652 3573 707; x_wconf 89' lang='lat' dir='ltr'><strong>stridor</strong></span> <span class='ocrx_word' id='word_1_162' title='bbox 3609 653 3842 705; x_wconf 86' lang='lat' dir='ltr'><strong>dentium</strong></span> 
     </span>
    </p>
   </div>
   <div class='ocr_carea' id='block_1_21' title="bbox 2254 742 3840 813">
    <p class='ocr_par' dir='ltr' id='par_1_21' title="bbox 2254 742 3840 813">
     <span class='ocr_line' id='line_1_21' title="bbox 2254 742 3840 813; baseline -0.001 -17"><span class='ocrx_word' id='word_1_163' title='bbox 2254 742 2471 813; x_wconf 58' lang='lat' dir='ltr'><strong>(ﬁatut.</strong></span> <span class='ocrx_word' id='word_1_164' title='bbox 2500 761 2629 806; x_wconf 85' lang='lat' dir='ltr'><strong>xxn,</strong></span> <span class='ocrx_word' id='word_1_165' title='bbox 2663 744 2772 812; x_wconf 83' lang='grc'><strong>15).</strong></span> <span class='ocrx_word' id='word_1_166' title='bbox 2811 746 2958 798; x_wconf 91' lang='lat' dir='ltr'><strong>llanc</strong></span> <span class='ocrx_word' id='word_1_167' title='bbox 2988 753 3135 799; x_wconf 92' lang='lat' dir='ltr'><strong>certe</strong></span> <span class='ocrx_word' id='word_1_168' title='bbox 3164 744 3546 797; x_wconf 82' lang='lat' dir='ltr'><strong>habitationem</strong></span> <span class='ocrx_word' id='word_1_169' title='bbox 3597 757 3703 796; x_wconf 90' lang='lat' dir='ltr'><strong>non</strong></span> <span class='ocrx_word' id='word_1_170' title='bbox 3747 757 3840 795; x_wconf 84' lang='lat' dir='ltr'><strong>so-</strong></span> 
     </span>
    </p>
   </div>
   <div class='ocr_carea' id='block_1_22' title="bbox 2253 832 3844 903">
    <p class='ocr_par' dir='ltr' id='par_1_22' title="bbox 2253 832 3844 903">
     <span class='ocr_line' id='line_1_22' title="bbox 2253 832 3844 903; baseline -0.003 -15"><span class='ocrx_word' id='word_1_171' title='bbox 2253 835 2362 888; x_wconf 93' lang='lat' dir='ltr'><strong>lum</strong></span> <span class='ocrx_word' id='word_1_172' title='bbox 2396 836 2682 903; x_wconf 88' lang='lat' dir='ltr'><strong>impiorum</strong></span> <span class='ocrx_word' id='word_1_173' title='bbox 2715 834 2929 901; x_wconf 69' lang='lat' dir='ltr'><strong>animm,</strong></span> <span class='ocrx_word' id='word_1_174' title='bbox 2960 849 3144 888; x_wconf 89' lang='lat' dir='ltr'><strong>verum</strong></span> <span class='ocrx_word' id='word_1_175' title='bbox 3171 835 3332 888; x_wconf 85' lang='lat' dir='ltr'><strong>etiam</strong></span> <span class='ocrx_word' id='word_1_176' title='bbox 3361 832 3450 901; x_wconf 87' lang='lat' dir='ltr'><strong>qui</strong></span> <span class='ocrx_word' id='word_1_177' title='bbox 3479 846 3664 886; x_wconf 89' lang='lat' dir='ltr'><strong>earum</strong></span> <span class='ocrx_word' id='word_1_178' title='bbox 3720 845 3844 884; x_wconf 90' lang='lat' dir='ltr'><strong>eor-</strong></span> 
     </span>
    </p>
   </div>
   <div class='ocr_carea' id='block_1_23' title="bbox 2255 920 3842 994">
    <p class='ocr_par' dir='ltr' id='par_1_23' title="bbox 2255 920 3842 994">
     <span class='ocr_line' id='line_1_23' title="bbox 2255 920 3842 994; baseline -0.004 -17"><span class='ocrx_word' id='word_1_179' title='bbox 2255 940 2383 994; x_wconf 89' lang='lat' dir='ltr'><strong>pora</strong></span> <span class='ocrx_word' id='word_1_180' title='bbox 2438 925 2696 979; x_wconf 83' lang='lat' dir='ltr'><strong>dilaniant</strong></span> <span class='ocrx_word' id='word_1_181' title='bbox 2750 925 3085 978; x_wconf 85' lang='lat' dir='ltr'><strong>immortales</strong></span> <span class='ocrx_word' id='word_1_182' title='bbox 3137 936 3353 977; x_wconf 87' lang='lat' dir='ltr'><strong>vermes</strong></span> <span class='ocrx_word' id='word_1_183' title='bbox 3420 920 3842 984; x_wconf 84' lang='lat' dir='ltr'><strong>haereditabunt,</strong></span> 
     </span>
    </p>
   </div>
   <div class='ocr_carea' id='block_1_24' title="bbox 2254 1010 3846 1081">
    <p class='ocr_par' dir='ltr' id='par_1_24' title="bbox 2254 1010 3846 1081">
     <span class='ocr_line' id='line_1_24' title="bbox 2254 1010 3846 1081; baseline -0.004 -14"><span class='ocrx_word' id='word_1_184' title='bbox 2254 1029 2405 1067; x_wconf 86' lang='lat' dir='ltr'><strong>sacra</strong></span> <span class='ocrx_word' id='word_1_185' title='bbox 2436 1014 2714 1081; x_wconf 85' lang='lat' dir='ltr'><strong>Scriptura</strong></span> <span class='ocrx_word' id='word_1_186' title='bbox 2746 1020 3031 1067; x_wconf 86' lang='lat' dir='ltr'><strong>attestaute</strong></span> <span class='ocrx_word' id='word_1_187' title='bbox 3053 1053 3067 1077; x_wconf 91' lang='lat'><strong>,</strong></span> <span class='ocrx_word' id='word_1_188' title='bbox 3094 1027 3212 1079; x_wconf 76' lang='lat' dir='ltr'><strong>qua:</strong></span> <span class='ocrx_word' id='word_1_189' title='bbox 3240 1011 3312 1064; x_wconf 89' lang='lat' dir='ltr'><strong>ait</strong></span> <span class='ocrx_word' id='word_1_190' title='bbox 3348 1026 3361 1063; x_wconf 92' lang='lat'><strong>:</strong></span> <span class='ocrx_word' id='word_1_191' title='bbox 3399 1010 3649 1063; x_wconf 87' lang='lat' dir='ltr'><strong>Dominus</strong></span> <span class='ocrx_word' id='word_1_192' title='bbox 3676 1010 3846 1061; x_wconf 86' lang='lat' dir='ltr'><strong>omni-</strong></span> 
     </span>
    </p>
   </div>
   <div class='ocr_carea' id='block_1_25' title="bbox 2254 1100 3842 1173">
    <p class='ocr_par' dir='ltr' id='par_1_25' title="bbox 2254 1100 3842 1173">
     <span class='ocr_line' id='line_1_25' title="bbox 2254 1100 3842 1173; baseline 0 -18"><span class='ocrx_word' id='word_1_193' title='bbox 2254 1116 2431 1172; x_wconf 87' lang='lat' dir='ltr'><strong>potens</strong></span> <span class='ocrx_word' id='word_1_194' title='bbox 2475 1105 2748 1157; x_wconf 79' lang='lat' dir='ltr'><strong>vindicabit</strong></span> <span class='ocrx_word' id='word_1_195' title='bbox 2792 1104 2847 1157; x_wconf 87' lang='lat' dir='ltr'><strong>in</strong></span> <span class='ocrx_word' id='word_1_196' title='bbox 2873 1104 2968 1167; x_wconf 88' lang='lat' dir='ltr'><strong>eis,</strong></span> <span class='ocrx_word' id='word_1_197' title='bbox 3014 1105 3067 1156; x_wconf 88' lang='lat' dir='ltr'><strong>in</strong></span> <span class='ocrx_word' id='word_1_198' title='bbox 3094 1104 3174 1156; x_wconf 90' lang='lat' dir='ltr'><strong>die</strong></span> <span class='ocrx_word' id='word_1_199' title='bbox 3193 1102 3383 1173; x_wconf 86' lang='lat' dir='ltr'><strong>judicii</strong></span> <span class='ocrx_word' id='word_1_200' title='bbox 3426 1101 3646 1155; x_wconf 86' lang='lat' dir='ltr'><strong>visitabit</strong></span> <span class='ocrx_word' id='word_1_201' title='bbox 3698 1100 3842 1154; x_wconf 86' lang='lat' dir='ltr'><strong>illos.</strong></span> 
     </span>
    </p>
   </div>
   <div class='ocr_carea' id='block_1_26' title="bbox 2258 1195 3847 1265">
    <p class='ocr_par' dir='ltr' id='par_1_26' title="bbox 2258 1195 3847 1265">
     <span class='ocr_line' id='line_1_26' title="bbox 2258 1195 3847 1265; baseline -0.002 -19"><span class='ocrx_word' id='word_1_202' title='bbox 2258 1195 2410 1247; x_wconf 84' lang='lat' dir='ltr'><strong>Dabit</strong></span> <span class='ocrx_word' id='word_1_203' title='bbox 2436 1196 2568 1248; x_wconf 87' lang='lat' dir='ltr'><strong>enim</strong></span> <span class='ocrx_word' id='word_1_204' title='bbox 2597 1196 2764 1265; x_wconf 85' lang='lat' dir='ltr'><strong>ignem</strong></span> <span class='ocrx_word' id='word_1_205' title='bbox 2796 1205 2843 1247; x_wconf 90' lang='lat' dir='ltr'><strong>et</strong></span> <span class='ocrx_word' id='word_1_206' title='bbox 2876 1210 3067 1247; x_wconf 79' lang='lat' dir='ltr'><strong>vermes</strong></span> <span class='ocrx_word' id='word_1_207' title='bbox 3100 1195 3152 1246; x_wconf 90' lang='lat' dir='ltr'><strong>in</strong></span> <span class='ocrx_word' id='word_1_208' title='bbox 3183 1210 3337 1247; x_wconf 89' lang='lat' dir='ltr'><strong>carne</strong></span> <span class='ocrx_word' id='word_1_209' title='bbox 3377 1209 3571 1256; x_wconf 87' lang='lat' dir='ltr'><strong>eorum,</strong></span> <span class='ocrx_word' id='word_1_210' title='bbox 3601 1202 3654 1244; x_wconf 92' lang='lat' dir='ltr'><strong><em>ut</em></strong></span> <span class='ocrx_word' id='word_1_211' title='bbox 3684 1209 3847 1244; x_wconf 83' lang='lat' dir='ltr'><strong>uran-</strong></span> 
     </span>
    </p>
   </div>
   <div class='ocr_carea' id='block_1_27' title="bbox 2257 1283 3843 1357">
    <p class='ocr_par' dir='ltr' id='par_1_27' title="bbox 2257 1283 3843 1357">
     <span class='ocr_line' id='line_1_27' title="bbox 2257 1283 3843 1357; baseline -0.001 -19"><span class='ocrx_word' id='word_1_212' title='bbox 2257 1298 2339 1339; x_wconf 91' lang='lat' dir='ltr'><strong>tur</strong></span> <span class='ocrx_word' id='word_1_213' title='bbox 2378 1295 2424 1339; x_wconf 89' lang='lat' dir='ltr'><strong>et</strong></span> <span class='ocrx_word' id='word_1_214' title='bbox 2444 1289 2661 1340; x_wconf 88' lang='lat' dir='ltr'><strong>sentiant</strong></span> <span class='ocrx_word' id='word_1_215' title='bbox 2692 1304 2848 1354; x_wconf 89' lang='lat' dir='ltr'><strong>usque</strong></span> <span class='ocrx_word' id='word_1_216' title='bbox 2870 1288 2923 1339; x_wconf 89' lang='lat' dir='ltr'><strong>in</strong></span> <span class='ocrx_word' id='word_1_217' title='bbox 2951 1287 3312 1357; x_wconf 89' lang='lat' dir='ltr'><strong>sempiternum</strong></span> <span class='ocrx_word' id='word_1_218' title='bbox 3334 1283 3543 1355; x_wconf 72' lang='lat' dir='ltr'><strong>(Iudith</strong></span> <span class='ocrx_word' id='word_1_219' title='bbox 3591 1300 3700 1351; x_wconf 76' lang='lat' dir='ltr'><strong>xvr,</strong></span> <span class='ocrx_word' id='word_1_220' title='bbox 3726 1284 3843 1354; x_wconf 78' lang='grc'><strong>20).</strong></span> 
     </span>
    </p>
   </div>
   <div class='ocr_carea' id='block_1_28' title="bbox 2263 1376 3849 1445">
    <p class='ocr_par' dir='ltr' id='par_1_28' title="bbox 2263 1376 3849 1445">
     <span class='ocr_line' id='line_1_28' title="bbox 2263 1376 3849 1445; baseline 0.001 -17"><span class='ocrx_word' id='word_1_221' title='bbox 2263 1376 2324 1428; x_wconf 82' lang='lat' dir='ltr'><strong>Et</strong></span> <span class='ocrx_word' id='word_1_222' title='bbox 2348 1390 2555 1429; x_wconf 86' lang='lat' dir='ltr'><strong>rursum</strong></span> <span class='ocrx_word' id='word_1_223' title='bbox 2581 1394 2596 1431; x_wconf 88' lang='lat'><strong>:</strong></span> <span class='ocrx_word' id='word_1_224' title='bbox 2628 1376 2822 1430; x_wconf 87' lang='lat' dir='ltr'><strong>Vermis</strong></span> <span class='ocrx_word' id='word_1_225' title='bbox 2844 1392 3022 1430; x_wconf 91' lang='lat' dir='ltr'><strong>eorum</strong></span> <span class='ocrx_word' id='word_1_226' title='bbox 3045 1394 3143 1430; x_wconf 90' lang='lat' dir='ltr'><strong>non</strong></span> <span class='ocrx_word' id='word_1_227' title='bbox 3173 1377 3417 1429; x_wconf 89' lang='lat' dir='ltr'><strong>morietur</strong></span> <span class='ocrx_word' id='word_1_228' title='bbox 3438 1387 3484 1429; x_wconf 88' lang='lat' dir='ltr'><strong>et</strong></span> <span class='ocrx_word' id='word_1_229' title='bbox 3510 1376 3644 1445; x_wconf 89' lang='lat' dir='ltr'><strong>ignis</strong></span> <span class='ocrx_word' id='word_1_230' title='bbox 3671 1392 3849 1429; x_wconf 88' lang='lat' dir='ltr'><strong>eorunt</strong></span> 
     </span>
    </p>
   </div>
   <div class='ocr_carea' id='block_1_29' title="bbox 2258 1468 3850 1538">
    <p class='ocr_par' dir='ltr' id='par_1_29' title="bbox 2258 1468 3850 1538">
     <span class='ocr_line' id='line_1_29' title="bbox 2258 1468 3850 1538; baseline 0.003 -19"><span class='ocrx_word' id='word_1_231' title='bbox 2258 1483 2361 1520; x_wconf 89' lang='lat' dir='ltr'><strong>non</strong></span> <span class='ocrx_word' id='word_1_232' title='bbox 2389 1470 2752 1538; x_wconf 74' lang='lat' dir='ltr'><strong>exstinguetur,</strong></span> <span class='ocrx_word' id='word_1_233' title='bbox 2782 1478 2829 1522; x_wconf 91' lang='lat' dir='ltr'><strong>et</strong></span> <span class='ocrx_word' id='word_1_234' title='bbox 2858 1478 3006 1522; x_wconf 89' lang='lat' dir='ltr'><strong>erunt</strong></span> <span class='ocrx_word' id='word_1_235' title='bbox 3034 1484 3197 1538; x_wconf 85' lang='lat' dir='ltr'><strong>usque</strong></span> <span class='ocrx_word' id='word_1_236' title='bbox 3226 1468 3297 1521; x_wconf 90' lang='lat' dir='ltr'><strong>ad</strong></span> <span class='ocrx_word' id='word_1_237' title='bbox 3323 1468 3609 1523; x_wconf 79' lang='lat' dir='ltr'><strong>satietatem</strong></span> <span class='ocrx_word' id='word_1_238' title='bbox 3640 1468 3850 1523; x_wconf 85' lang='lat' dir='ltr'><strong>visionis</strong></span> 
     </span>
    </p>
   </div>
   <div class='ocr_carea' id='block_1_30' title="bbox 2258 1558 3060 1631">
    <p class='ocr_par' dir='ltr' id='par_1_30' title="bbox 2258 1558 3060 1631">
     <span class='ocr_line' id='line_1_30' title="bbox 2258 1558 3060 1631; baseline 0.004 -20"><span class='ocrx_word' id='word_1_239' title='bbox 2258 1560 2397 1612; x_wconf 88' lang='lat' dir='ltr'><strong>omni</strong></span> <span class='ocrx_word' id='word_1_240' title='bbox 2425 1562 2569 1613; x_wconf 87' lang='lat' dir='ltr'><strong>carni</strong></span> <span class='ocrx_word' id='word_1_241' title='bbox 2601 1558 2797 1631; x_wconf 81' lang='lat' dir='ltr'><strong>(Marc.</strong></span> <span class='ocrx_word' id='word_1_242' title='bbox 2830 1577 2906 1624; x_wconf 73' lang='grc' dir='ltr'><strong>ιχ,</strong></span> <span class='ocrx_word' id='word_1_243' title='bbox 2940 1560 3060 1630; x_wconf 70' lang='grc'><strong>44).</strong></span> 
     </span>
    </p>
   </div>
   <div class='ocr_carea' id='block_1_31' title="bbox 2333 1648 3847 1718">
    <p class='ocr_par' dir='ltr' id='par_1_31' title="bbox 2333 1648 3847 1718">
     <span class='ocr_line' id='line_1_31' title="bbox 2333 1648 3847 1718; baseline -0.001 -14"><span class='ocrx_word' id='word_1_244' title='bbox 2333 1651 2420 1704; x_wconf 79' lang='grc'><strong>15.</strong></span> <span class='ocrx_word' id='word_1_245' title='bbox 2466 1650 2681 1716; x_wconf 84' lang='lat' dir='ltr'><strong>Pavete,</strong></span> <span class='ocrx_word' id='word_1_246' title='bbox 2717 1651 2929 1716; x_wconf 91' lang='lat' dir='ltr'><strong>miseri,</strong></span> <span class='ocrx_word' id='word_1_247' title='bbox 2988 1658 3279 1703; x_wconf 87' lang='lat' dir='ltr'><strong>torrentem</strong></span> <span class='ocrx_word' id='word_1_248' title='bbox 3331 1648 3383 1703; x_wconf 91' lang='lat' dir='ltr'><strong>in</strong></span> <span class='ocrx_word' id='word_1_249' title='bbox 3414 1649 3605 1717; x_wconf 87' lang='lat' dir='ltr'><strong>picem,</strong></span> <span class='ocrx_word' id='word_1_250' title='bbox 3637 1650 3760 1718; x_wconf 88' lang='lat' dir='ltr'><strong>quia</strong></span> <span class='ocrx_word' id='word_1_251' title='bbox 3792 1659 3847 1703; x_wconf 87' lang='lat' dir='ltr'><strong>et</strong></span> 
     </span>
    </p>
   </div>
   <div class='ocr_carea' id='block_1_32' title="bbox 2262 1738 3850 1808">
    <p class='ocr_par' dir='ltr' id='par_1_32' title="bbox 2262 1738 3850 1808">
     <span class='ocr_line' id='line_1_32' title="bbox 2262 1738 3850 1808; baseline -0.003 -13"><span class='ocrx_word' id='word_1_252' title='bbox 2262 1741 2437 1795; x_wconf 86' lang='lat' dir='ltr'><strong>subito</strong></span> <span class='ocrx_word' id='word_1_253' title='bbox 2467 1740 2635 1808; x_wconf 86' lang='lat' dir='ltr'><strong>rapiet</strong></span> <span class='ocrx_word' id='word_1_254' title='bbox 2665 1754 2757 1793; x_wconf 87' lang='lat' dir='ltr'><strong>eos</strong></span> <span class='ocrx_word' id='word_1_255' title='bbox 2785 1755 2921 1808; x_wconf 92' lang='lat' dir='ltr'><strong>quos</strong></span> <span class='ocrx_word' id='word_1_256' title='bbox 2970 1739 3205 1808; x_wconf 84' lang='lat' dir='ltr'><strong>rapuerit</strong></span> <span class='ocrx_word' id='word_1_257' title='bbox 3233 1755 3245 1790; x_wconf 92' lang='lat'><strong>:</strong></span> <span class='ocrx_word' id='word_1_258' title='bbox 3272 1738 3337 1791; x_wconf 91' lang='lat' dir='ltr'><strong>ad</strong></span> <span class='ocrx_word' id='word_1_259' title='bbox 3370 1738 3748 1791; x_wconf 90' lang='lat' dir='ltr'><strong>ambulandum</strong></span> <span class='ocrx_word' id='word_1_260' title='bbox 3785 1739 3850 1791; x_wconf 89' lang='lat' dir='ltr'><strong>li-</strong></span> 
     </span>
    </p>
   </div>
   <div class='ocr_carea' id='block_1_33' title="bbox 568 1826 3855 1912">
    <p class='ocr_par' dir='ltr' id='par_1_33' title="bbox 568 1826 3855 1912">
     <span class='ocr_line' id='line_1_33' title="bbox 568 1826 3855 1912; baseline -0.004 -16"><span class='ocrx_word' id='word_1_261' title='bbox 568 1852 747 1897; x_wconf 89' lang='lat' dir='ltr'><strong>menta</strong></span> <span class='ocrx_word' id='word_1_262' title='bbox 790 1858 973 1912; x_wconf 91' lang='lat' dir='ltr'><strong>regum</strong></span> <span class='ocrx_word' id='word_1_263' title='bbox 1009 1853 1062 1897; x_wconf 90' lang='lat' dir='ltr'><strong>et</strong></span> <span class='ocrx_word' id='word_1_264' title='bbox 1104 1841 1354 1905; x_wconf 76' lang='lat' dir='ltr'><strong>divitum,</strong></span> <span class='ocrx_word' id='word_1_265' title='bbox 1402 1851 1455 1896; x_wconf 91' lang='lat' dir='ltr'><strong>et</strong></span> <span class='ocrx_word' id='word_1_266' title='bbox 1486 1841 1560 1894; x_wconf 89' lang='lat' dir='ltr'><strong>ibi</strong></span> <span class='ocrx_word' id='word_1_267' title='bbox 1594 1850 1644 1894; x_wconf 91' lang='lat' dir='ltr'><strong>te</strong></span> <span class='ocrx_word' id='word_1_268' title='bbox 1677 1840 1899 1909; x_wconf 82' lang='lat' dir='ltr'><strong>inspice,</strong></span> <span class='ocrx_word' id='word_1_269' title='bbox 1936 1839 2010 1893; x_wconf 89' lang='lat' dir='ltr'><strong>ibi</strong></span> <span class='ocrx_word' id='word_1_270' title='bbox 2037 1839 2154 1907; x_wconf 77' lang='lat' dir='ltr'><strong>glo-</strong></span> <span class='ocrx_word' id='word_1_271' title='bbox 2191 1826 2233 1884; x_wconf 80' lang='grc' dir='ltr'><strong><em>Β</em></strong></span> <span class='ocrx_word' id='word_1_272' title='bbox 2267 1834 2423 1888; x_wconf 89' lang='lat' dir='ltr'><strong>heros</strong></span> <span class='ocrx_word' id='word_1_273' title='bbox 2451 1848 2666 1903; x_wconf 82' lang='lat' dir='ltr'><strong>gressus</strong></span> <span class='ocrx_word' id='word_1_274' title='bbox 2698 1833 2895 1888; x_wconf 88' lang='lat' dir='ltr'><strong>habere</strong></span> <span class='ocrx_word' id='word_1_275' title='bbox 2928 1831 3149 1886; x_wconf 90' lang='lat' dir='ltr'><strong>minime</strong></span> <span class='ocrx_word' id='word_1_276' title='bbox 3188 1831 3477 1901; x_wconf 87' lang='lat' dir='ltr'><strong>permittit.</strong></span> <span class='ocrx_word' id='word_1_277' title='bbox 3509 1831 3706 1886; x_wconf 85' lang='lat' dir='ltr'><strong>Pavete</strong></span> <span class='ocrx_word' id='word_1_278' title='bbox 3754 1831 3855 1883; x_wconf 89' lang='lat' dir='ltr'><strong>hn-</strong></span> 
     </span>
    </p>
   </div>
   <div class='ocr_carea' id='block_1_34' title="bbox 569 1916 2158 2006">
    <p class='ocr_par' dir='ltr' id='par_1_34' title="bbox 569 1916 2158 2006">
     <span class='ocr_line' id='line_1_34' title="bbox 569 1916 2158 2006; baseline -0.003 -17"><span class='ocrx_word' id='word_1_279' title='bbox 569 1934 702 1989; x_wconf 87' lang='lat' dir='ltr'><strong>riam</strong></span> <span class='ocrx_word' id='word_1_280' title='bbox 737 1916 1091 2006; x_wconf 88' lang='lat' dir='ltr'><strong>temporalem</strong></span> <span class='ocrx_word' id='word_1_281' title='bbox 1119 1949 1279 2003; x_wconf 89' lang='lat' dir='ltr'><strong>quam</strong></span> <span class='ocrx_word' id='word_1_282' title='bbox 1314 1934 1411 2001; x_wconf 86' lang='lat' dir='ltr'><strong>ipsi</strong></span> <span class='ocrx_word' id='word_1_283' title='bbox 1436 1941 1774 1998; x_wconf 87' lang='lat' dir='ltr'><strong>amaverunt,</strong></span> <span class='ocrx_word' id='word_1_284' title='bbox 1806 1946 2073 2000; x_wconf 88' lang='lat' dir='ltr'><strong>quamque</strong></span> <span class='ocrx_word' id='word_1_285' title='bbox 2103 1940 2158 1984; x_wconf 92' lang='lat' dir='ltr'><strong>tu</strong></span> 
     </span>
    </p>
   </div>
   <div class='ocr_carea' id='block_1_35' title="bbox 574 2027 2162 2096">
    <p class='ocr_par' dir='ltr' id='par_1_35' title="bbox 574 2027 2162 2096">
     <span class='ocr_line' id='line_1_35' title="bbox 574 2027 2162 2096; baseline -0.001 -15"><span class='ocrx_word' id='word_1_286' title='bbox 574 2028 767 2084; x_wconf 81' lang='lat' dir='ltr'><strong>anxius</strong></span> <span class='ocrx_word' id='word_1_287' title='bbox 807 2029 1140 2096; x_wconf 86' lang='lat' dir='ltr'><strong>exsequeris,</strong></span> <span class='ocrx_word' id='word_1_288' title='bbox 1195 2028 1428 2096; x_wconf 89' lang='lat' dir='ltr'><strong>inquire.</strong></span> <span class='ocrx_word' id='word_1_289' title='bbox 1471 2027 1720 2096; x_wconf 87' lang='lat' dir='ltr'><strong>Nunquid</strong></span> <span class='ocrx_word' id='word_1_290' title='bbox 1752 2043 1860 2082; x_wconf 90' lang='lat' dir='ltr'><strong>non</strong></span> <span class='ocrx_word' id='word_1_291' title='bbox 1895 2027 1987 2080; x_wconf 90' lang='lat' dir='ltr'><strong>tibi</strong></span> <span class='ocrx_word' id='word_1_292' title='bbox 2015 2027 2162 2081; x_wconf 83' lang='lat' dir='ltr'><strong>vide-</strong></span> 
     </span>
    </p>
   </div>
   <div class='ocr_carea' id='block_1_36' title="bbox 574 2121 2160 2190">
    <p class='ocr_par' dir='ltr' id='par_1_36' title="bbox 574 2121 2160 2190">
     <span class='ocr_line' id='line_1_36' title="bbox 574 2121 2160 2190; baseline 0.002 -17"><span class='ocrx_word' id='word_1_293' title='bbox 574 2132 681 2186; x_wconf 89' lang='lat' dir='ltr'><strong>tur,</strong></span> <span class='ocrx_word' id='word_1_294' title='bbox 715 2135 821 2175; x_wconf 91' lang='lat' dir='ltr'><strong>non</strong></span> <span class='ocrx_word' id='word_1_295' title='bbox 873 2121 1089 2189; x_wconf 87' lang='lat' dir='ltr'><strong>quidem</strong></span> <span class='ocrx_word' id='word_1_296' title='bbox 1122 2121 1324 2187; x_wconf 78' lang='lat' dir='ltr'><strong>verbis,</strong></span> <span class='ocrx_word' id='word_1_297' title='bbox 1357 2121 1451 2176; x_wconf 90' lang='lat' dir='ltr'><strong>sed</strong></span> <span class='ocrx_word' id='word_1_298' title='bbox 1482 2122 1767 2190; x_wconf 79' lang='lat' dir='ltr'><strong>exemplis,</strong></span> <span class='ocrx_word' id='word_1_299' title='bbox 1815 2123 1975 2177; x_wconf 92' lang='lat' dir='ltr'><strong>homo</strong></span> <span class='ocrx_word' id='word_1_300' title='bbox 2004 2137 2160 2176; x_wconf 86' lang='lat' dir='ltr'><strong>mor-</strong></span> 
     </span>
    </p>
   </div>
   <div class='ocr_carea' id='block_1_37' title="bbox 526 2194 2164 2295">
    <p class='ocr_par' dir='ltr' id='par_1_37' title="bbox 526 2194 2164 2295">
     <span class='ocr_line' id='line_1_37' title="bbox 526 2194 2164 2295; baseline 0.001 -26"><span class='ocrx_word' id='word_1_301' title='bbox 571 2224 692 2269; x_wconf 86' lang='lat' dir='ltr'><strong>tuus</strong></span> <span class='ocrx_word' id='word_1_302' title='bbox 744 2215 889 2285; x_wconf 86' lang='lat' dir='ltr'><strong>loqui</strong></span> <span class='ocrx_word' id='word_1_303' title='bbox 934 2216 1002 2270; x_wconf 89' lang='lat' dir='ltr'><strong>de</strong></span> <span class='ocrx_word' id='word_1_304' title='bbox 1042 2216 1295 2285; x_wconf 89' lang='lat' dir='ltr'><strong>sepulcro</strong></span> <span class='ocrx_word' id='word_1_305' title='bbox 1328 2232 1343 2269; x_wconf 91' lang='lat'><strong>:</strong></span> <span class='ocrx_word' id='word_1_306' title='bbox 1371 2215 1523 2283; x_wconf 83' lang='lat' dir='ltr'><strong>Quod</strong></span> <span class='ocrx_word' id='word_1_307' title='bbox 1576 2224 1631 2269; x_wconf 92' lang='lat' dir='ltr'><strong>tu</strong></span> <span class='ocrx_word' id='word_1_308' title='bbox 1678 2231 1761 2281; x_wconf 90' lang='lat' dir='ltr'><strong>es,</strong></span> <span class='ocrx_word' id='word_1_309' title='bbox 1814 2231 1914 2285; x_wconf 88' lang='lat' dir='ltr'><strong>ego</strong></span> <span class='ocrx_word' id='word_1_310' title='bbox 1960 2215 2074 2279; x_wconf 89' lang='lat' dir='ltr'><strong>fui;</strong></span> <span class='ocrx_word' id='word_1_311' title='bbox 2108 2226 2164 2270; x_wconf 86' lang='lat' dir='ltr'><strong>et</strong></span> 
     </span>
    </p>
   </div>
   <div class='ocr_carea' id='block_1_38' title="bbox 534 2300 2161 2377">
    <p class='ocr_par' dir='ltr' id='par_1_38' title="bbox 534 2300 2161 2377">
     <span class='ocr_line' id='line_1_38' title="bbox 534 2300 2161 2377; baseline -0.001 -16"><span class='ocrx_word' id='word_1_312' title='bbox 534 2300 543 2371; x_wconf 67' lang='grc' dir='ltr'><strong>,Ι</strong></span> <span class='ocrx_word' id='word_1_313' title='bbox 568 2305 713 2373; x_wconf 86' lang='lat' dir='ltr'><strong>quod</strong></span> <span class='ocrx_word' id='word_1_314' title='bbox 742 2320 845 2376; x_wconf 90' lang='lat' dir='ltr'><strong>ego</strong></span> <span class='ocrx_word' id='word_1_315' title='bbox 874 2320 1014 2371; x_wconf 91' lang='lat' dir='ltr'><strong>sum,</strong></span> <span class='ocrx_word' id='word_1_316' title='bbox 1046 2315 1100 2360; x_wconf 91' lang='lat' dir='ltr'><strong>tu</strong></span> <span class='ocrx_word' id='word_1_317' title='bbox 1131 2322 1345 2377; x_wconf 90' lang='lat' dir='ltr'><strong>quoque</strong></span> <span class='ocrx_word' id='word_1_318' title='bbox 1378 2316 1496 2375; x_wconf 90' lang='lat' dir='ltr'><strong>post</strong></span> <span class='ocrx_word' id='word_1_319' title='bbox 1526 2307 1795 2361; x_wconf 90' lang='lat' dir='ltr'><strong>modicum</strong></span> <span class='ocrx_word' id='word_1_320' title='bbox 1833 2308 2038 2361; x_wconf 87' lang='lat' dir='ltr'><strong>futurus</strong></span> <span class='ocrx_word' id='word_1_321' title='bbox 2067 2308 2161 2362; x_wconf 90' lang='lat' dir='ltr'><strong>es?</strong></span> 
     </span>
    </p>
   </div>
   <div class='ocr_carea' id='block_1_39' title="bbox 526 2376 2164 2481">
    <p class='ocr_par' dir='ltr' id='par_1_39' title="bbox 526 2376 2164 2481">
     <span class='ocr_line' id='line_1_39' title="bbox 526 2376 2164 2481; baseline 0.001 -33"><span class='ocrx_word' id='word_1_322' title='bbox 526 2376 539 2481; x_wconf 56' lang='grc' dir='ltr'><em>ξ</em></span> <span class='ocrx_word' id='word_1_323' title='bbox 570 2395 686 2465; x_wconf 83' lang='lat' dir='ltr'><strong>Ego</strong></span> <span class='ocrx_word' id='word_1_324' title='bbox 714 2396 857 2450; x_wconf 89' lang='lat' dir='ltr'><strong>enim</strong></span> <span class='ocrx_word' id='word_1_325' title='bbox 885 2395 1157 2463; x_wconf 88' lang='lat' dir='ltr'><strong>quondam</strong></span> <span class='ocrx_word' id='word_1_326' title='bbox 1198 2376 1485 2466; x_wconf 85' lang='lat' dir='ltr'><strong>opulentus</strong></span> <span class='ocrx_word' id='word_1_327' title='bbox 1512 2405 1564 2451; x_wconf 90' lang='lat' dir='ltr'><strong>et</strong></span> <span class='ocrx_word' id='word_1_328' title='bbox 1592 2397 1825 2466; x_wconf 80' lang='lat' dir='ltr'><strong>pinguis,</strong></span> <span class='ocrx_word' id='word_1_329' title='bbox 1857 2406 1978 2466; x_wconf 91' lang='lat' dir='ltr'><strong>post</strong></span> <span class='ocrx_word' id='word_1_330' title='bbox 2010 2398 2164 2452; x_wconf 91' lang='lat' dir='ltr'><strong>lasci-</strong></span> 
     </span>
    </p>
   </div>
   <div class='ocr_carea' id='block_1_40' title="bbox 571 2487 2165 2555">
    <p class='ocr_par' dir='ltr' id='par_1_40' title="bbox 571 2487 2165 2555">
     <span class='ocr_line' id='line_1_40' title="bbox 571 2487 2165 2555; baseline 0.004 -20"><span class='ocrx_word' id='word_1_331' title='bbox 571 2488 778 2541; x_wconf 83' lang='lat' dir='ltr'><strong>vientes</strong></span> <span class='ocrx_word' id='word_1_332' title='bbox 803 2495 859 2540; x_wconf 89' lang='lat' dir='ltr'><strong>et</strong></span> <span class='ocrx_word' id='word_1_333' title='bbox 888 2487 1198 2541; x_wconf 88' lang='lat' dir='ltr'><strong>innumeras</strong></span> <span class='ocrx_word' id='word_1_334' title='bbox 1234 2487 1392 2555; x_wconf 90' lang='lat' dir='ltr'><strong>hujus</strong></span> <span class='ocrx_word' id='word_1_335' title='bbox 1427 2488 1554 2542; x_wconf 76' lang='lat' dir='ltr'><strong>vita:</strong></span> <span class='ocrx_word' id='word_1_336' title='bbox 1587 2489 1890 2554; x_wconf 80' lang='lat' dir='ltr'><strong>voluptates</strong></span> <span class='ocrx_word' id='word_1_337' title='bbox 1919 2488 1987 2541; x_wconf 89' lang='lat' dir='ltr'><strong>ad</strong></span> <span class='ocrx_word' id='word_1_338' title='bbox 2017 2503 2165 2542; x_wconf 88' lang='lat' dir='ltr'><strong>mor-</strong></span> 
     </span>
    </p>
   </div>
   <div class='ocr_carea' id='block_1_41' title="bbox 536 2560 2160 2645">
    <p class='ocr_par' dir='ltr' id='par_1_41' title="bbox 536 2560 2160 2645">
     <span class='ocr_line' id='line_1_41' title="bbox 536 2560 2160 2645; baseline 0.003 -19"><span class='ocrx_word' id='word_1_339' title='bbox 536 2560 545 2645; x_wconf 35' lang='lat'><em>&quot;</em></span> <span class='ocrx_word' id='word_1_340' title='bbox 572 2583 681 2631; x_wconf 87' lang='lat' dir='ltr'><strong>tem</strong></span> <span class='ocrx_word' id='word_1_341' title='bbox 719 2576 902 2630; x_wconf 88' lang='lat' dir='ltr'><strong>carnis</strong></span> <span class='ocrx_word' id='word_1_342' title='bbox 933 2577 1173 2645; x_wconf 81' lang='lat' dir='ltr'><strong>perveni,</strong></span> <span class='ocrx_word' id='word_1_343' title='bbox 1210 2587 1331 2643; x_wconf 90' lang='lat' dir='ltr'><strong>post</strong></span> <span class='ocrx_word' id='word_1_344' title='bbox 1361 2589 1589 2632; x_wconf 89' lang='lat' dir='ltr'><strong>mortem</strong></span> <span class='ocrx_word' id='word_1_345' title='bbox 1625 2578 1804 2631; x_wconf 89' lang='lat' dir='ltr'><strong>carnis</strong></span> <span class='ocrx_word' id='word_1_346' title='bbox 1836 2577 1887 2631; x_wconf 93' lang='lat' dir='ltr'><strong>in</strong></span> <span class='ocrx_word' id='word_1_347' title='bbox 1916 2592 2160 2643; x_wconf 87' lang='lat' dir='ltr'><strong>vermes;</strong></span> 
     </span>
    </p>
   </div>
   <div class='ocr_carea' id='block_1_42' title="bbox 575 2668 2165 2737">
    <p class='ocr_par' dir='ltr' id='par_1_42' title="bbox 575 2668 2165 2737">
     <span class='ocr_line' id='line_1_42' title="bbox 575 2668 2165 2737; baseline 0.001 -16"><span class='ocrx_word' id='word_1_348' title='bbox 575 2678 698 2737; x_wconf 84' lang='lat' dir='ltr'><strong>post</strong></span> <span class='ocrx_word' id='word_1_349' title='bbox 745 2682 961 2721; x_wconf 89' lang='lat' dir='ltr'><strong>vermes</strong></span> <span class='ocrx_word' id='word_1_350' title='bbox 1016 2670 1069 2721; x_wconf 91' lang='lat' dir='ltr'><strong>in</strong></span> <span class='ocrx_word' id='word_1_351' title='bbox 1113 2668 1388 2737; x_wconf 86' lang='lat' dir='ltr'><strong>pulverem</strong></span> <span class='ocrx_word' id='word_1_352' title='bbox 1438 2669 1688 2723; x_wconf 89' lang='lat' dir='ltr'><strong>redactus</strong></span> <span class='ocrx_word' id='word_1_353' title='bbox 1740 2684 1881 2722; x_wconf 87' lang='lat' dir='ltr'><strong>sum.</strong></span> <span class='ocrx_word' id='word_1_354' title='bbox 1939 2668 2036 2723; x_wconf 91' lang='lat' dir='ltr'><strong>Ubi</strong></span> <span class='ocrx_word' id='word_1_355' title='bbox 2085 2680 2165 2724; x_wconf 86' lang='lat' dir='ltr'><strong>est</strong></span> 
     </span>
    </p>
   </div>
   <div class='ocr_carea' id='block_1_43' title="bbox 575 2759 2165 2829">
    <p class='ocr_par' dir='ltr' id='par_1_43' title="bbox 575 2759 2165 2829">
     <span class='ocr_line' id='line_1_43' title="bbox 575 2759 2165 2829; baseline 0.002 -16"><span class='ocrx_word' id='word_1_356' title='bbox 575 2774 718 2815; x_wconf 84' lang='lat' dir='ltr'><strong>nunc</strong></span> <span class='ocrx_word' id='word_1_357' title='bbox 763 2759 1016 2827; x_wconf 87' lang='lat' dir='ltr'><strong>superbia</strong></span> <span class='ocrx_word' id='word_1_358' title='bbox 1076 2761 1242 2814; x_wconf 66' lang='lat' dir='ltr'><strong>vitae?</strong></span> <span class='ocrx_word' id='word_1_359' title='bbox 1287 2760 1377 2814; x_wconf 92' lang='lat' dir='ltr'><strong>ubi</strong></span> <span class='ocrx_word' id='word_1_360' title='bbox 1423 2760 1693 2815; x_wconf 64' lang='lat' dir='ltr'><strong>illecebrae</strong></span> <span class='ocrx_word' id='word_1_361' title='bbox 1744 2775 1805 2815; x_wconf 90' lang='lat' dir='ltr'><strong>ac</strong></span> <span class='ocrx_word' id='word_1_362' title='bbox 1864 2761 2165 2829; x_wconf 86' lang='lat' dir='ltr'><strong>voluptates</strong></span> 
     </span>
    </p>
   </div>
   <div class='ocr_carea' id='block_1_44' title="bbox 574 2849 2165 2905">
    <p class='ocr_par' dir='ltr' id='par_1_44' title="bbox 574 2849 2165 2905">
     <span class='ocr_line' id='line_1_44' title="bbox 574 2849 2165 2905; baseline 0.001 -2"><span class='ocrx_word' id='word_1_363' title='bbox 574 2849 871 2903; x_wconf 84' lang='lat' dir='ltr'><strong>carnalium</strong></span> <span class='ocrx_word' id='word_1_364' title='bbox 903 2850 1194 2903; x_wconf 89' lang='lat' dir='ltr'><strong>vitiorum?</strong></span> <span class='ocrx_word' id='word_1_365' title='bbox 1227 2850 1315 2905; x_wconf 90' lang='lat' dir='ltr'><strong>ubi</strong></span> <span class='ocrx_word' id='word_1_366' title='bbox 1360 2850 1639 2904; x_wconf 86' lang='lat' dir='ltr'><strong>blandiens</strong></span> <span class='ocrx_word' id='word_1_367' title='bbox 1689 2849 1872 2904; x_wconf 82' lang='lat' dir='ltr'><strong>uxoris</strong></span> <span class='ocrx_word' id='word_1_368' title='bbox 1902 2850 2165 2904; x_wconf 77' lang='lat' dir='ltr'><strong>aﬁ‘ectus?</strong></span> 
     </span>
    </p>
   </div>
   <div class='ocr_carea' id='block_1_45' title="bbox 578 2939 2164 3007">
    <p class='ocr_par' dir='ltr' id='par_1_45' title="bbox 578 2939 2164 3007">
     <span class='ocr_line' id='line_1_45' title="bbox 578 2939 2164 3007; baseline 0.001 -14"><span class='ocrx_word' id='word_1_369' title='bbox 578 2939 665 2994; x_wconf 91' lang='lat' dir='ltr'><strong>ubi</strong></span> <span class='ocrx_word' id='word_1_370' title='bbox 715 2954 1065 2994; x_wconf 89' lang='lat' dir='ltr'><strong>succrescens</strong></span> <span class='ocrx_word' id='word_1_371' title='bbox 1117 2941 1347 2994; x_wconf 76' lang='lat' dir='ltr'><strong>filiorum</strong></span> <span class='ocrx_word' id='word_1_372' title='bbox 1397 2940 1718 3007; x_wconf 84' lang='lat' dir='ltr'><strong>profectus?</strong></span> <span class='ocrx_word' id='word_1_373' title='bbox 1769 2942 1858 2995; x_wconf 91' lang='lat' dir='ltr'><strong>ubi</strong></span> <span class='ocrx_word' id='word_1_374' title='bbox 1904 2941 2164 2995; x_wconf 82' lang='lat' dir='ltr'><strong>obediens</strong></span> 
     </span>
    </p>
   </div>
   <div class='ocr_carea' id='block_1_46' title="bbox 576 3028 2166 3098">
    <p class='ocr_par' dir='ltr' id='par_1_46' title="bbox 576 3028 2166 3098">
     <span class='ocr_line' id='line_1_46' title="bbox 576 3028 2166 3098; baseline 0.002 -18"><span class='ocrx_word' id='word_1_375' title='bbox 576 3029 901 3083; x_wconf 88' lang='lat' dir='ltr'><strong>famulorum</strong></span> <span class='ocrx_word' id='word_1_376' title='bbox 983 3028 1320 3098; x_wconf 80' lang='lat' dir='ltr'><strong>apparatus?</strong></span> <span class='ocrx_word' id='word_1_377' title='bbox 1390 3029 1483 3083; x_wconf 89' lang='lat' dir='ltr'><strong>ubi</strong></span> <span class='ocrx_word' id='word_1_378' title='bbox 1553 3030 1789 3083; x_wconf 90' lang='lat' dir='ltr'><strong>animum</strong></span> <span class='ocrx_word' id='word_1_379' title='bbox 1852 3028 2166 3083; x_wconf 85' lang='lat' dir='ltr'><strong>distendens</strong></span> 
     </span>
    </p>
   </div>
   <div class='ocr_carea' id='block_1_47' title="bbox 572 3119 2165 3189">
    <p class='ocr_par' dir='ltr' id='par_1_47' title="bbox 572 3119 2165 3189">
     <span class='ocr_line' id='line_1_47' title="bbox 572 3119 2165 3189; baseline 0.002 -17"><span class='ocrx_word' id='word_1_380' title='bbox 572 3134 830 3189; x_wconf 85' lang='lat' dir='ltr'><strong>agrorum</strong></span> <span class='ocrx_word' id='word_1_381' title='bbox 856 3160 872 3185; x_wconf 91' lang='lat'><strong>,</strong></span> <span class='ocrx_word' id='word_1_382' title='bbox 907 3120 1183 3173; x_wconf 87' lang='lat' dir='ltr'><strong>vinearum</strong></span> <span class='ocrx_word' id='word_1_383' title='bbox 1218 3135 1610 3188; x_wconf 82' lang='lat' dir='ltr'><strong>nemorumque</strong></span> <span class='ocrx_word' id='word_1_384' title='bbox 1639 3121 1882 3175; x_wconf 75' lang='lat' dir='ltr'><strong>reditus?</strong></span> <span class='ocrx_word' id='word_1_385' title='bbox 1912 3120 2000 3175; x_wconf 89' lang='lat' dir='ltr'><strong>ubi</strong></span> <span class='ocrx_word' id='word_1_386' title='bbox 2047 3119 2165 3175; x_wconf 86' lang='lat' dir='ltr'><strong>the-</strong></span> 
     </span>
    </p>
   </div>
   <div class='ocr_carea' id='block_1_48' title="bbox 574 3178 2235 3279">
    <p class='ocr_par' dir='ltr' id='par_1_48' title="bbox 574 3178 2235 3279">
     <span class='ocr_line' id='line_1_48' title="bbox 574 3178 2235 3279; baseline 0 -14"><span class='ocrx_word' id='word_1_387' title='bbox 574 3224 854 3265; x_wconf 88' lang='lat' dir='ltr'><strong>saurorum</strong></span> <span class='ocrx_word' id='word_1_388' title='bbox 885 3210 1260 3279; x_wconf 87' lang='lat' dir='ltr'><strong>gravissimum</strong></span> <span class='ocrx_word' id='word_1_389' title='bbox 1290 3210 1539 3279; x_wconf 85' lang='lat' dir='ltr'><strong>pondus?</strong></span> <span class='ocrx_word' id='word_1_390' title='bbox 1570 3210 1659 3263; x_wconf 91' lang='lat' dir='ltr'><strong>ubi</strong></span> <span class='ocrx_word' id='word_1_391' title='bbox 1692 3211 1919 3265; x_wconf 85' lang='lat' dir='ltr'><strong>vestium</strong></span> <span class='ocrx_word' id='word_1_392' title='bbox 1951 3211 2163 3266; x_wconf 91' lang='lat' dir='ltr'><strong>diverso</strong></span> <span class='ocrx_word' id='word_1_393' title='bbox 2187 3178 2235 3239; x_wconf 65' lang='grc' dir='ltr'>ο</span> 
     </span>
    </p>
   </div>
   <div class='ocr_carea' id='block_1_49' title="bbox 575 3299 2171 3371">
    <p class='ocr_par' dir='ltr' id='par_1_49' title="bbox 575 3299 2171 3371">
     <span class='ocr_line' id='line_1_49' title="bbox 575 3299 2171 3371; baseline -0.001 -15"><span class='ocrx_word' id='word_1_394' title='bbox 575 3299 872 3367; x_wconf 80' lang='lat' dir='ltr'><strong>schemate,</strong></span> <span class='ocrx_word' id='word_1_395' title='bbox 889 3315 1043 3367; x_wconf 89' lang='lat' dir='ltr'><strong>auro,</strong></span> <span class='ocrx_word' id='word_1_396' title='bbox 1060 3301 1285 3371; x_wconf 89' lang='lat' dir='ltr'><strong>gemmis</strong></span> <span class='ocrx_word' id='word_1_397' title='bbox 1299 3315 1361 3355; x_wconf 87' lang='lat' dir='ltr'><strong>ac</strong></span> <span class='ocrx_word' id='word_1_398' title='bbox 1380 3302 1679 3371; x_wconf 87' lang='lat' dir='ltr'><strong>margaritis</strong></span> <span class='ocrx_word' id='word_1_399' title='bbox 1698 3300 1905 3371; x_wconf 85' lang='lat' dir='ltr'><strong>fulgens</strong></span> <span class='ocrx_word' id='word_1_400' title='bbox 1922 3303 2171 3356; x_wconf 83' lang='lat' dir='ltr'><strong>ornatus?</strong></span> 
     </span>
    </p>
   </div>
   <div class='ocr_carea' id='block_1_50' title="bbox 577 3396 2167 3466">
    <p class='ocr_par' dir='ltr' id='par_1_50' title="bbox 577 3396 2167 3466">
     <span class='ocr_line' id='line_1_50' title="bbox 577 3396 2167 3466; baseline 0.001 -17"><span class='ocrx_word' id='word_1_401' title='bbox 577 3396 693 3462; x_wconf 88' lang='lat' dir='ltr'><strong>ubi,</strong></span> <span class='ocrx_word' id='word_1_402' title='bbox 722 3396 962 3464; x_wconf 83' lang='lat' dir='ltr'><strong>inquam,</strong></span> <span class='ocrx_word' id='word_1_403' title='bbox 1012 3396 1126 3451; x_wconf 64' lang='lat' dir='ltr'><strong>haec</strong></span> <span class='ocrx_word' id='word_1_404' title='bbox 1173 3397 1355 3451; x_wconf 88' lang='lat' dir='ltr'><strong>omnia</strong></span> <span class='ocrx_word' id='word_1_405' title='bbox 1402 3397 1569 3453; x_wconf 80' lang='lat' dir='ltr'><strong>sunt?</strong></span> <span class='ocrx_word' id='word_1_406' title='bbox 1604 3398 1852 3453; x_wconf 82' lang='lat' dir='ltr'><strong>Attendis</strong></span> <span class='ocrx_word' id='word_1_407' title='bbox 1895 3399 2167 3466; x_wconf 89' lang='lat' dir='ltr'><strong>nimirum,</strong></span> 
     </span>
    </p>
   </div>
   <div class='ocr_carea' id='block_1_51' title="bbox 578 3483 2167 3557">
    <p class='ocr_par' dir='ltr' id='par_1_51' title="bbox 578 3483 2167 3557">
     <span class='ocr_line' id='line_1_51' title="bbox 578 3483 2167 3557; baseline 0.004 -21"><span class='ocrx_word' id='word_1_408' title='bbox 578 3483 683 3538; x_wconf 88' lang='lat' dir='ltr'><strong>nisi</strong></span> <span class='ocrx_word' id='word_1_409' title='bbox 712 3498 887 3539; x_wconf 63' lang='lat' dir='ltr'><strong>caecus</strong></span> <span class='ocrx_word' id='word_1_410' title='bbox 914 3499 994 3551; x_wconf 87' lang='lat' dir='ltr'><strong>es,</strong></span> <span class='ocrx_word' id='word_1_411' title='bbox 1025 3486 1146 3554; x_wconf 87' lang='lat' dir='ltr'><strong>quia</strong></span> <span class='ocrx_word' id='word_1_412' title='bbox 1195 3502 1406 3541; x_wconf 89' lang='lat' dir='ltr'><strong>mecum</strong></span> <span class='ocrx_word' id='word_1_413' title='bbox 1452 3488 1563 3557; x_wconf 89' lang='lat' dir='ltr'><strong>jam</strong></span> <span class='ocrx_word' id='word_1_414' title='bbox 1612 3502 1718 3543; x_wconf 80' lang='lat' dir='ltr'><strong>non</strong></span> <span class='ocrx_word' id='word_1_415' title='bbox 1771 3497 1917 3542; x_wconf 87' lang='lat' dir='ltr'><strong>sunt.</strong></span> <span class='ocrx_word' id='word_1_416' title='bbox 1953 3488 2167 3544; x_wconf 88' lang='lat' dir='ltr'><strong>Utinam</strong></span> 
     </span>
    </p>
   </div>
   <div class='ocr_carea' id='block_1_52' title="bbox 578 3576 2170 3648">
    <p class='ocr_par' dir='ltr' id='par_1_52' title="bbox 578 3576 2170 3648">
     <span class='ocr_line' id='line_1_52' title="bbox 578 3576 2170 3648; baseline 0.005 -21"><span class='ocrx_word' id='word_1_417' title='bbox 578 3582 781 3635; x_wconf 85' lang='lat' dir='ltr'><strong>autem,</strong></span> <span class='ocrx_word' id='word_1_418' title='bbox 815 3585 869 3630; x_wconf 90' lang='lat' dir='ltr'><strong>et</strong></span> <span class='ocrx_word' id='word_1_419' title='bbox 925 3576 1064 3632; x_wconf 84' lang='lat' dir='ltr'><strong>illius</strong></span> <span class='ocrx_word' id='word_1_420' title='bbox 1094 3577 1249 3647; x_wconf 90' lang='lat' dir='ltr'><strong>cujus</strong></span> <span class='ocrx_word' id='word_1_421' title='bbox 1280 3579 1583 3648; x_wconf 87' lang='lat' dir='ltr'><strong>exemplum</strong></span> <span class='ocrx_word' id='word_1_422' title='bbox 1619 3580 1740 3633; x_wconf 87' lang='lat' dir='ltr'><strong>talia</strong></span> <span class='ocrx_word' id='word_1_423' title='bbox 1774 3580 2170 3648; x_wconf 90' lang='lat' dir='ltr'><strong>quodammodo</strong></span> 
     </span>
    </p>
   </div>
   <div class='ocr_carea' id='block_1_53' title="bbox 580 3664 2169 3739">
    <p class='ocr_par' dir='ltr' id='par_1_53' title="bbox 580 3664 2169 3739">
     <span class='ocr_line' id='line_1_53' title="bbox 580 3664 2169 3739; baseline 0.006 -22"><span class='ocrx_word' id='word_1_424' title='bbox 580 3664 800 3731; x_wconf 87' lang='lat' dir='ltr'><strong>clamat,</strong></span> <span class='ocrx_word' id='word_1_425' title='bbox 836 3674 912 3720; x_wconf 86' lang='lat' dir='ltr'><strong>et</strong></span> <span class='ocrx_word' id='word_1_426' title='bbox 959 3677 1139 3722; x_wconf 86' lang='lat' dir='ltr'><strong>vestra</strong></span> <span class='ocrx_word' id='word_1_427' title='bbox 1186 3670 1381 3737; x_wconf 87' lang='lat' dir='ltr'><strong>quibus</strong></span> <span class='ocrx_word' id='word_1_428' title='bbox 1429 3671 1552 3725; x_wconf 84' lang='lat' dir='ltr'><strong>talia</strong></span> <span class='ocrx_word' id='word_1_429' title='bbox 1603 3671 1834 3739; x_wconf 86' lang='lat' dir='ltr'><strong>clamat,</strong></span> <span class='ocrx_word' id='word_1_430' title='bbox 1893 3674 2007 3727; x_wconf 77' lang='lat' dir='ltr'><strong>Inec</strong></span> <span class='ocrx_word' id='word_1_431' title='bbox 2057 3673 2169 3726; x_wconf 88' lang='lat' dir='ltr'><strong>sola</strong></span> 
     </span>
    </p>
   </div>
   <div class='ocr_carea' id='block_1_54' title="bbox 582 3750 2171 3829">
    <p class='ocr_par' dir='ltr' id='par_1_54' title="bbox 582 3750 2171 3829">
     <span class='ocr_line' id='line_1_54' title="bbox 582 3750 2171 3829; baseline 0.006 -24"><span class='ocrx_word' id='word_1_432' title='bbox 582 3750 858 3807; x_wconf 83' lang='lat' dir='ltr'><strong>damnatio</strong></span> <span class='ocrx_word' id='word_1_433' title='bbox 883 3764 1050 3819; x_wconf 85' lang='lat' dir='ltr'><strong>esset,</strong></span> <span class='ocrx_word' id='word_1_434' title='bbox 1084 3764 1140 3808; x_wconf 91' lang='lat' dir='ltr'><strong>et</strong></span> <span class='ocrx_word' id='word_1_435' title='bbox 1171 3771 1277 3809; x_wconf 90' lang='lat' dir='ltr'><strong>non</strong></span> <span class='ocrx_word' id='word_1_436' title='bbox 1310 3758 1490 3824; x_wconf 88' lang='lat' dir='ltr'><strong>potius</strong></span> <span class='ocrx_word' id='word_1_437' title='bbox 1530 3767 1792 3813; x_wconf 80' lang='lat' dir='ltr'><strong>:eternum</strong></span> <span class='ocrx_word' id='word_1_438' title='bbox 1842 3760 2171 3829; x_wconf 87' lang='lat' dir='ltr'><strong>subsequens</strong></span> 
     </span>
    </p>
   </div>
   <div class='ocr_carea' id='block_1_55' title="bbox 585 3844 2173 3917">
    <p class='ocr_par' dir='ltr' id='par_1_55' title="bbox 585 3844 2173 3917">
     <span class='ocr_line' id='line_1_55' title="bbox 585 3844 2173 3917; baseline 0.005 -21"><span class='ocrx_word' id='word_1_439' title='bbox 585 3852 934 3899; x_wconf 90' lang='lat' dir='ltr'><strong>tormentum.</strong></span> <span class='ocrx_word' id='word_1_440' title='bbox 964 3844 1160 3899; x_wconf 89' lang='lat' dir='ltr'><strong>Audite</strong></span> <span class='ocrx_word' id='word_1_441' title='bbox 1190 3845 1350 3915; x_wconf 85' lang='lat' dir='ltr'><strong>igitur</strong></span> <span class='ocrx_word' id='word_1_442' title='bbox 1382 3861 1502 3915; x_wconf 67' lang='lat' dir='ltr'><strong>quae</strong></span> <span class='ocrx_word' id='word_1_443' title='bbox 1529 3847 1599 3902; x_wconf 88' lang='lat' dir='ltr'><strong>sit</strong></span> <span class='ocrx_word' id='word_1_444' title='bbox 1628 3848 1916 3917; x_wconf 88' lang='lat' dir='ltr'><strong>impiorum</strong></span> <span class='ocrx_word' id='word_1_445' title='bbox 1968 3850 2173 3904; x_wconf 87' lang='lat' dir='ltr'><strong>habita-</strong></span> 
     </span>
    </p>
   </div>
   <div class='ocr_carea' id='block_1_56' title="bbox 585 3934 2173 4011">
    <p class='ocr_par' dir='ltr' id='par_1_56' title="bbox 585 3934 2173 4011">
     <span class='ocr_line' id='line_1_56' title="bbox 585 3934 2173 4011; baseline 0.006 -24"><span class='ocrx_word' id='word_1_446' title='bbox 585 3934 679 3999; x_wconf 87' lang='lat' dir='ltr'><strong>tio,</strong></span> <span class='ocrx_word' id='word_1_447' title='bbox 721 3949 844 4004; x_wconf 71' lang='lat' dir='ltr'><strong>qute</strong></span> <span class='ocrx_word' id='word_1_448' title='bbox 880 3936 952 3990; x_wconf 91' lang='lat' dir='ltr'><strong>sit</strong></span> <span class='ocrx_word' id='word_1_449' title='bbox 994 3945 1115 4006; x_wconf 91' lang='lat' dir='ltr'><strong>post</strong></span> <span class='ocrx_word' id='word_1_450' title='bbox 1147 3935 1306 4007; x_wconf 92' lang='lat' dir='ltr'><strong>hujus</strong></span> <span class='ocrx_word' id='word_1_451' title='bbox 1336 3937 1459 3992; x_wconf 76' lang='lat' dir='ltr'><strong>vitae</strong></span> <span class='ocrx_word' id='word_1_452' title='bbox 1506 3954 1790 3995; x_wconf 81' lang='lat' dir='ltr'><strong>excessum</strong></span> <span class='ocrx_word' id='word_1_453' title='bbox 1822 3942 2173 4011; x_wconf 86' lang='lat' dir='ltr'><strong>reproborum</strong></span> 
     </span>
    </p>
   </div>
   <div class='ocr_carea' id='block_1_57' title="bbox 582 4025 2173 4098">
    <p class='ocr_par' dir='ltr' id='par_1_57' title="bbox 582 4025 2173 4098">
     <span class='ocr_line' id='line_1_57' title="bbox 582 4025 2173 4098; baseline 0.004 -20"><span class='ocrx_word' id='word_1_454' title='bbox 582 4025 873 4082; x_wconf 87' lang='lat' dir='ltr'><strong>damnatio.</strong></span> <span class='ocrx_word' id='word_1_455' title='bbox 924 4026 997 4081; x_wconf 88' lang='lat' dir='ltr'><strong>De</strong></span> <span class='ocrx_word' id='word_1_456' title='bbox 1037 4027 1250 4081; x_wconf 91' lang='lat' dir='ltr'><strong>illorum</strong></span> <span class='ocrx_word' id='word_1_457' title='bbox 1278 4041 1511 4097; x_wconf 88' lang='lat' dir='ltr'><strong>namque</strong></span> <span class='ocrx_word' id='word_1_458' title='bbox 1540 4029 1864 4098; x_wconf 90' lang='lat' dir='ltr'><strong>sempiterna</strong></span> <span class='ocrx_word' id='word_1_459' title='bbox 1897 4034 2173 4085; x_wconf 81' lang='lat' dir='ltr'><strong>mansione</strong></span> 
     </span>
    </p>
   </div>
   <div class='ocr_carea' id='block_1_58' title="bbox 583 4116 2168 4190">
    <p class='ocr_par' dir='ltr' id='par_1_58' title="bbox 583 4116 2168 4190">
     <span class='ocr_line' id='line_1_58' title="bbox 583 4116 2168 4190; baseline 0.003 -22"><span class='ocrx_word' id='word_1_460' title='bbox 583 4116 841 4182; x_wconf 82' lang='lat' dir='ltr'><strong>scriptum</strong></span> <span class='ocrx_word' id='word_1_461' title='bbox 878 4125 961 4169; x_wconf 88' lang='lat' dir='ltr'><strong>est</strong></span> <span class='ocrx_word' id='word_1_462' title='bbox 994 4133 1007 4167; x_wconf 90' lang='lat'><strong>:</strong></span> <span class='ocrx_word' id='word_1_463' title='bbox 1039 4116 1408 4171; x_wconf 82' lang='lat' dir='ltr'><strong>Convertentur</strong></span> <span class='ocrx_word' id='word_1_464' title='bbox 1446 4127 1698 4172; x_wconf 78' lang='lat' dir='ltr'><strong>torrentes</strong></span> <span class='ocrx_word' id='word_1_465' title='bbox 1743 4122 1856 4190; x_wconf 85' lang='lat' dir='ltr'><strong>ejus</strong></span> <span class='ocrx_word' id='word_1_466' title='bbox 1887 4122 1941 4173; x_wconf 89' lang='lat' dir='ltr'><strong>in</strong></span> <span class='ocrx_word' id='word_1_467' title='bbox 1986 4122 2168 4189; x_wconf 82' lang='lat' dir='ltr'><strong>picem,</strong></span> 
     </span>
    </p>
   </div>
   <div class='ocr_carea' id='block_1_59' title="bbox 585 4206 2176 4280">
    <p class='ocr_par' dir='ltr' id='par_1_59' title="bbox 585 4206 2176 4280">
     <span class='ocr_line' id='line_1_59' title="bbox 585 4206 2176 4280; baseline 0.004 -19"><span class='ocrx_word' id='word_1_468' title='bbox 585 4216 635 4261; x_wconf 84' lang='lat' dir='ltr'><strong>et</strong></span> <span class='ocrx_word' id='word_1_469' title='bbox 673 4206 861 4263; x_wconf 89' lang='lat' dir='ltr'><strong>ltumus</strong></span> <span class='ocrx_word' id='word_1_470' title='bbox 903 4211 1017 4280; x_wconf 87' lang='lat' dir='ltr'><strong>ejus</strong></span> <span class='ocrx_word' id='word_1_471' title='bbox 1054 4211 1107 4263; x_wconf 88' lang='lat' dir='ltr'><strong>in</strong></span> <span class='ocrx_word' id='word_1_472' title='bbox 1148 4211 1313 4278; x_wconf 82' lang='lat' dir='ltr'><strong>picem</strong></span> <span class='ocrx_word' id='word_1_473' title='bbox 1361 4211 1643 4277; x_wconf 85' lang='lat' dir='ltr'><strong>ardentem,</strong></span> <span class='ocrx_word' id='word_1_474' title='bbox 1679 4222 1834 4268; x_wconf 90' lang='lat' dir='ltr'><strong>nocte</strong></span> <span class='ocrx_word' id='word_1_475' title='bbox 1861 4221 1916 4267; x_wconf 91' lang='lat' dir='ltr'><strong>et</strong></span> <span class='ocrx_word' id='word_1_476' title='bbox 1955 4212 2045 4267; x_wconf 79' lang='lat' dir='ltr'><strong>die</strong></span> <span class='ocrx_word' id='word_1_477' title='bbox 2074 4230 2176 4267; x_wconf 88' lang='lat' dir='ltr'><strong>non</strong></span> 
     </span>
    </p>
   </div>
   <div class='ocr_carea' id='block_1_60' title="bbox 559 4300 2173 4377">
    <p class='ocr_par' dir='ltr' id='par_1_60' title="bbox 559 4300 2173 4377">
     <span class='ocr_line' id='line_1_60' title="bbox 559 4300 2173 4377; baseline 0.005 -26"><span class='ocrx_word' id='word_1_478' title='bbox 559 4300 941 4371; x_wconf 65' lang='lat' dir='ltr'><strong>~exstinguetur</strong></span> <span class='ocrx_word' id='word_1_479' title='bbox 983 4302 1038 4355; x_wconf 87' lang='lat' dir='ltr'><strong>in</strong></span> <span class='ocrx_word' id='word_1_480' title='bbox 1079 4302 1444 4371; x_wconf 87' lang='lat' dir='ltr'><strong>sempiternum</strong></span> <span class='ocrx_word' id='word_1_481' title='bbox 1478 4319 1495 4356; x_wconf 91' lang='lat'><strong>:</strong></span> <span class='ocrx_word' id='word_1_482' title='bbox 1529 4304 1764 4357; x_wconf 75' lang='lat' dir='ltr'><strong>ascendet</strong></span> <span class='ocrx_word' id='word_1_483' title='bbox 1806 4308 1976 4374; x_wconf 77' lang='lat' dir='ltr'><strong>fumus</strong></span> <span class='ocrx_word' id='word_1_484' title='bbox 2001 4307 2115 4377; x_wconf 84' lang='lat' dir='ltr'><strong>ejus</strong></span> <span class='ocrx_word' id='word_1_485' title='bbox 2142 4322 2173 4358; x_wconf 92' lang='lat' dir='ltr'><strong><em>a</em></strong></span> 
     </span>
    </p>
   </div>
   <div class='ocr_carea' id='block_1_61' title="bbox 586 4393 1886 4468">
    <p class='ocr_par' dir='ltr' id='par_1_61' title="bbox 586 4393 1886 4468">
     <span class='ocr_line' id='line_1_61' title="bbox 586 4393 1886 4468; baseline 0.005 -22"><span class='ocrx_word' id='word_1_486' title='bbox 586 4393 911 4462; x_wconf 76' lang='lat' dir='ltr'><strong>generatione</strong></span> <span class='ocrx_word' id='word_1_487' title='bbox 945 4394 998 4445; x_wconf 86' lang='lat' dir='ltr'><strong>in</strong></span> <span class='ocrx_word' id='word_1_488' title='bbox 1022 4396 1395 4463; x_wconf 83' lang='lat' dir='ltr'><strong>generationem</strong></span> <span class='ocrx_word' id='word_1_489' title='bbox 1424 4395 1559 4466; x_wconf 89' lang='lat' dir='ltr'><strong>(lsa.</strong></span> <span class='ocrx_word' id='word_1_490' title='bbox 1596 4413 1778 4463; x_wconf 79' lang='lat' dir='ltr'><strong>xxxiv,</strong></span> <span class='ocrx_word' id='word_1_491' title='bbox 1808 4398 1886 4468; x_wconf 84' lang='lat'><strong>9).</strong></span> 
     </span>
    </p>
   </div>
   <div class='ocr_carea' id='block_1_62' title="bbox 662 4485 2173 4559">
    <p class='ocr_par' dir='ltr' id='par_1_62' title="bbox 662 4485 2173 4559">
     <span class='ocr_line' id='line_1_62' title="bbox 662 4485 2173 4559; baseline 0.005 -20"><span class='ocrx_word' id='word_1_492' title='bbox 662 4486 753 4539; x_wconf 73' lang='grc'><strong>12.</strong></span> <span class='ocrx_word' id='word_1_493' title='bbox 794 4485 875 4539; x_wconf 85' lang='lat' dir='ltr'><strong>Ad</strong></span> <span class='ocrx_word' id='word_1_494' title='bbox 914 4486 1053 4541; x_wconf 90' lang='lat' dir='ltr'><strong>hanc</strong></span> <span class='ocrx_word' id='word_1_495' title='bbox 1082 4487 1367 4558; x_wconf 88' lang='lat' dir='ltr'><strong>impiorum</strong></span> <span class='ocrx_word' id='word_1_496' title='bbox 1402 4498 1622 4555; x_wconf 88' lang='lat' dir='ltr'><strong>terram,</strong></span> <span class='ocrx_word' id='word_1_497' title='bbox 1654 4490 1718 4543; x_wconf 89' lang='lat' dir='ltr'><strong>ad</strong></span> <span class='ocrx_word' id='word_1_498' title='bbox 1749 4490 1885 4545; x_wconf 79' lang='lat' dir='ltr'><strong>lianc</strong></span> <span class='ocrx_word' id='word_1_499' title='bbox 1916 4491 2173 4559; x_wconf 89' lang='lat' dir='ltr'><strong>reprobo-</strong></span> 
     </span>
    </p>
   </div>
   <div class='ocr_carea' id='block_1_63' title="bbox 586 4578 2173 4653">
    <p class='ocr_par' dir='ltr' id='par_1_63' title="bbox 586 4578 2173 4653">
     <span class='ocr_line' id='line_1_63' title="bbox 586 4578 2173 4653; baseline 0.004 -22"><span class='ocrx_word' id='word_1_500' title='bbox 586 4593 706 4632; x_wconf 88' lang='lat' dir='ltr'><strong>rum</strong></span> <span class='ocrx_word' id='word_1_501' title='bbox 737 4578 1138 4635; x_wconf 86' lang='lat' dir='ltr'><strong>damnationem</strong></span> <span class='ocrx_word' id='word_1_502' title='bbox 1164 4590 1289 4635; x_wconf 90' lang='lat' dir='ltr'><strong>ante</strong></span> <span class='ocrx_word' id='word_1_503' title='bbox 1318 4580 1605 4635; x_wconf 86' lang='lat' dir='ltr'><strong>adventum</strong></span> <span class='ocrx_word' id='word_1_504' title='bbox 1639 4581 1948 4636; x_wconf 82' lang='lat' dir='ltr'><strong>Mediatoris</strong></span> <span class='ocrx_word' id='word_1_505' title='bbox 1980 4585 2173 4653; x_wconf 88' lang='lat' dir='ltr'><strong>nostri,</strong></span> 
     </span>
    </p>
   </div>
   <div class='ocr_carea' id='block_1_64' title="bbox 587 4670 2174 4741">
    <p class='ocr_par' dir='ltr' id='par_1_64' title="bbox 587 4670 2174 4741">
     <span class='ocr_line' id='line_1_64' title="bbox 587 4670 2174 4741; baseline 0.003 -18"><span class='ocrx_word' id='word_1_506' title='bbox 587 4670 689 4723; x_wconf 90' lang='lat' dir='ltr'><strong>etsi</strong></span> <span class='ocrx_word' id='word_1_507' title='bbox 731 4685 1065 4741; x_wconf 84' lang='lat' dir='ltr'><strong>nequaquam</strong></span> <span class='ocrx_word' id='word_1_508' title='bbox 1119 4687 1307 4728; x_wconf 89' lang='lat' dir='ltr'><strong>eorum</strong></span> <span class='ocrx_word' id='word_1_509' title='bbox 1350 4686 1508 4740; x_wconf 68' lang='lat' dir='ltr'><strong>poena</strong></span> <span class='ocrx_word' id='word_1_510' title='bbox 1568 4673 1856 4740; x_wconf 88' lang='lat' dir='ltr'><strong>plectendi,</strong></span> <span class='ocrx_word' id='word_1_511' title='bbox 1891 4674 1965 4726; x_wconf 92' lang='lat' dir='ltr'><strong>illi</strong></span> <span class='ocrx_word' id='word_1_512' title='bbox 2012 4676 2174 4728; x_wconf 89' lang='lat' dir='ltr'><strong>etiam</strong></span> 
     </span>
    </p>
   </div>
   <div class='ocr_carea' id='block_1_65' title="bbox 590 4763 2176 4835">
    <p class='ocr_par' dir='ltr' id='par_1_65' title="bbox 590 4763 2176 4835">
     <span class='ocr_line' id='line_1_65' title="bbox 590 4763 2176 4835; baseline 0.005 -22"><span class='ocrx_word' id='word_1_513' title='bbox 590 4771 709 4827; x_wconf 90' lang='lat' dir='ltr'><strong>post</strong></span> <span class='ocrx_word' id='word_1_514' title='bbox 752 4772 980 4816; x_wconf 87' lang='lat' dir='ltr'><strong>mortem</strong></span> <span class='ocrx_word' id='word_1_515' title='bbox 1017 4763 1455 4828; x_wconf 88' lang='lat' dir='ltr'><strong>descendebant,</strong></span> <span class='ocrx_word' id='word_1_516' title='bbox 1484 4766 1570 4832; x_wconf 91' lang='lat' dir='ltr'><strong>qui</strong></span> <span class='ocrx_word' id='word_1_517' title='bbox 1615 4765 1666 4818; x_wconf 90' lang='lat' dir='ltr'><strong>in</strong></span> <span class='ocrx_word' id='word_1_518' title='bbox 1711 4766 1809 4819; x_wconf 90' lang='lat' dir='ltr'><strong>hac</strong></span> <span class='ocrx_word' id='word_1_519' title='bbox 1838 4768 1942 4819; x_wconf 90' lang='lat' dir='ltr'><strong>vita</strong></span> <span class='ocrx_word' id='word_1_520' title='bbox 1984 4768 2067 4835; x_wconf 90' lang='lat' dir='ltr'><strong>pie</strong></span> <span class='ocrx_word' id='word_1_521' title='bbox 2097 4769 2176 4821; x_wconf 87' lang='lat' dir='ltr'><strong>vi-</strong></span> 
     </span>
    </p>
   </div>
   <div class='ocr_carea' id='block_1_66' title="bbox 588 4854 2174 4926">
    <p class='ocr_par' dir='ltr' id='par_1_66' title="bbox 588 4854 2174 4926">
     <span class='ocr_line' id='line_1_66' title="bbox 588 4854 2174 4926; baseline 0.006 -22"><span class='ocrx_word' id='word_1_522' title='bbox 588 4854 810 4907; x_wconf 88' lang='lat' dir='ltr'><strong>vebant.</strong></span> <span class='ocrx_word' id='word_1_523' title='bbox 883 4854 1033 4908; x_wconf 91' lang='lat' dir='ltr'><strong>Unde</strong></span> <span class='ocrx_word' id='word_1_524' title='bbox 1082 4854 1271 4909; x_wconf 87' lang='lat' dir='ltr'><strong>beatus</strong></span> <span class='ocrx_word' id='word_1_525' title='bbox 1321 4871 1536 4925; x_wconf 88' lang='lat' dir='ltr'><strong>quoque</strong></span> <span class='ocrx_word' id='word_1_526' title='bbox 1582 4856 1682 4911; x_wconf 84' lang='lat' dir='ltr'><strong>Job</strong></span> <span class='ocrx_word' id='word_1_527' title='bbox 1727 4858 2025 4926; x_wconf 81' lang='lat' dir='ltr'><strong>deprecans</strong></span> <span class='ocrx_word' id='word_1_528' title='bbox 2067 4860 2174 4913; x_wconf 85' lang='lat' dir='ltr'><strong>ait:</strong></span> 
     </span>
    </p>
   </div>
   <div class='ocr_carea' id='block_1_67' title="bbox 590 4943 2178 5019">
    <p class='ocr_par' dir='ltr' id='par_1_67' title="bbox 590 4943 2178 5019">
     <span class='ocr_line' id='line_1_67' title="bbox 590 4943 2178 5019; baseline 0.004 -22"><span class='ocrx_word' id='word_1_529' title='bbox 590 4943 804 4999; x_wconf 86' lang='lat' dir='ltr'><strong>Dimitte</strong></span> <span class='ocrx_word' id='word_1_530' title='bbox 832 4961 912 4999; x_wconf 88' lang='lat' dir='ltr'><strong>me</strong></span> <span class='ocrx_word' id='word_1_531' title='bbox 939 4956 992 4999; x_wconf 89' lang='lat' dir='ltr'><strong>ut</strong></span> <span class='ocrx_word' id='word_1_532' title='bbox 1036 4947 1281 5019; x_wconf 81' lang='lat' dir='ltr'><strong>plangant</strong></span> <span class='ocrx_word' id='word_1_533' title='bbox 1326 4948 1624 5017; x_wconf 83' lang='lat' dir='ltr'><strong>paululum,</strong></span> <span class='ocrx_word' id='word_1_534' title='bbox 1677 4960 1949 5019; x_wconf 83' lang='lat' dir='ltr'><strong>antequam</strong></span> <span class='ocrx_word' id='word_1_535' title='bbox 1997 4951 2178 5003; x_wconf 67' lang='lat' dir='ltr'><strong>cadant</strong></span> 
     </span>
    </p>
   </div>
   <div class='ocr_carea' id='block_1_68' title="bbox 590 5038 2177 5111">
    <p class='ocr_par' dir='ltr' id='par_1_68' title="bbox 590 5038 2177 5111">
     <span class='ocr_line' id='line_1_68' title="bbox 590 5038 2177 5111; baseline 0.003 -23"><span class='ocrx_word' id='word_1_536' title='bbox 590 5038 659 5088; x_wconf 90' lang='lat' dir='ltr'><strong>ad</strong></span> <span class='ocrx_word' id='word_1_537' title='bbox 696 5047 880 5090; x_wconf 86' lang='lat' dir='ltr'><strong>terram</strong></span> <span class='ocrx_word' id='word_1_538' title='bbox 917 5038 1233 5092; x_wconf 84' lang='lat' dir='ltr'><strong>tenebrosam</strong></span> <span class='ocrx_word' id='word_1_539' title='bbox 1263 5048 1310 5091; x_wconf 91' lang='lat' dir='ltr'><strong>et</strong></span> <span class='ocrx_word' id='word_1_540' title='bbox 1348 5048 1581 5105; x_wconf 89' lang='lat' dir='ltr'><strong>opertam</strong></span> <span class='ocrx_word' id='word_1_541' title='bbox 1608 5041 1783 5094; x_wconf 77' lang='lat' dir='ltr'><strong>mortis</strong></span> <span class='ocrx_word' id='word_1_542' title='bbox 1812 5042 2047 5111; x_wconf 84' lang='lat' dir='ltr'><strong>caligine,</strong></span> <span class='ocrx_word' id='word_1_543' title='bbox 2078 5050 2177 5093; x_wconf 83' lang='lat' dir='ltr'><strong>ter-</strong></span> 
     </span>
    </p>
   </div>
   <div class='ocr_carea' id='block_1_69' title="bbox 589 5132 2177 5207">
    <p class='ocr_par' dir='ltr' id='par_1_69' title="bbox 589 5132 2177 5207">
     <span class='ocr_line' id='line_1_69' title="bbox 589 5132 2177 5207; baseline 0.002 -25"><span class='ocrx_word' id='word_1_544' title='bbox 589 5146 705 5183; x_wconf 86' lang='lat' dir='ltr'><strong>ram</strong></span> <span class='ocrx_word' id='word_1_545' title='bbox 725 5132 941 5186; x_wconf 76' lang='lat' dir='ltr'><strong>miseria:</strong></span> <span class='ocrx_word' id='word_1_546' title='bbox 965 5142 1012 5184; x_wconf 91' lang='lat' dir='ltr'><strong>et</strong></span> <span class='ocrx_word' id='word_1_547' title='bbox 1042 5135 1388 5207; x_wconf 54' lang='lat' dir='ltr'><strong>tenebrarunt,</strong></span> <span class='ocrx_word' id='word_1_548' title='bbox 1422 5132 1509 5185; x_wconf 89' lang='lat' dir='ltr'><strong>ubi</strong></span> <span class='ocrx_word' id='word_1_549' title='bbox 1538 5133 1717 5185; x_wconf 86' lang='lat' dir='ltr'><strong>umbra</strong></span> <span class='ocrx_word' id='word_1_550' title='bbox 1749 5136 1947 5195; x_wconf 86' lang='lat' dir='ltr'><strong>mortis,</strong></span> <span class='ocrx_word' id='word_1_551' title='bbox 1979 5144 2027 5185; x_wconf 93' lang='lat' dir='ltr'><strong>et</strong></span> <span class='ocrx_word' id='word_1_552' title='bbox 2056 5134 2177 5185; x_wconf 83' lang='lat' dir='ltr'><strong>nul-</strong></span> 
     </span>
    </p>
   </div>
   <div class='ocr_carea' id='block_1_70' title="bbox 592 5222 2176 5295">
    <p class='ocr_par' dir='ltr' id='par_1_70' title="bbox 592 5222 2176 5295">
     <span class='ocr_line' id='line_1_70' title="bbox 592 5222 2176 5295; baseline 0.001 -19"><span class='ocrx_word' id='word_1_553' title='bbox 592 5222 671 5276; x_wconf 86' lang='lat' dir='ltr'><strong>lus</strong></span> <span class='ocrx_word' id='word_1_554' title='bbox 700 5222 849 5287; x_wconf 91' lang='lat' dir='ltr'><strong>ordo,</strong></span> <span class='ocrx_word' id='word_1_555' title='bbox 889 5224 977 5275; x_wconf 88' lang='lat' dir='ltr'><strong>sed</strong></span> <span class='ocrx_word' id='word_1_556' title='bbox 1017 5225 1359 5291; x_wconf 87' lang='lat' dir='ltr'><strong>sempiternus</strong></span> <span class='ocrx_word' id='word_1_557' title='bbox 1407 5223 1588 5277; x_wconf 80' lang='lat' dir='ltr'><strong>ltort&#39;or</strong></span> <span class='ocrx_word' id='word_1_558' title='bbox 1632 5226 1883 5278; x_wconf 80' lang='lat' dir='ltr'><strong>inhabitat</strong></span> <span class='ocrx_word' id='word_1_559' title='bbox 1932 5224 2075 5295; x_wconf 83' lang='lat' dir='ltr'><strong>(Job.</strong></span> <span class='ocrx_word' id='word_1_560' title='bbox 2123 5241 2176 5291; x_wconf 88' lang='lat' dir='ltr'><strong>x,</strong></span> 
     </span>
    </p>
   </div>
   <div class='ocr_carea' id='block_1_71' title="bbox 591 5312 2178 5384">
    <p class='ocr_par' dir='ltr' id='par_1_71' title="bbox 591 5312 2178 5384">
     <span class='ocr_line' id='line_1_71' title="bbox 591 5312 2178 5384; baseline 0.001 -20"><span class='ocrx_word' id='word_1_561' title='bbox 591 5312 710 5383; x_wconf 70' lang='lat'><strong>20).</strong></span> <span class='ocrx_word' id='word_1_562' title='bbox 746 5312 817 5365; x_wconf 89' lang='lat' dir='ltr'><strong>De</strong></span> <span class='ocrx_word' id='word_1_563' title='bbox 850 5313 949 5366; x_wconf 90' lang='lat' dir='ltr'><strong>hac</strong></span> <span class='ocrx_word' id='word_1_564' title='bbox 999 5314 1331 5368; x_wconf 84' lang='lat' dir='ltr'><strong>habitatione</strong></span> <span class='ocrx_word' id='word_1_565' title='bbox 1376 5313 1639 5369; x_wconf 88' lang='lat' dir='ltr'><strong>malorum</strong></span> <span class='ocrx_word' id='word_1_566' title='bbox 1675 5331 1771 5384; x_wconf 85' lang='lat' dir='ltr'><strong>per</strong></span> <span class='ocrx_word' id='word_1_567' title='bbox 1827 5316 2012 5369; x_wconf 88' lang='lat' dir='ltr'><strong>Isaiam</strong></span> <span class='ocrx_word' id='word_1_568' title='bbox 2044 5316 2178 5369; x_wconf 83' lang='lat' dir='ltr'><strong>dici-</strong></span> 
     </span>
    </p>
   </div>
   <div class='ocr_carea' id='block_1_72' title="bbox 593 5402 2179 5475">
    <p class='ocr_par' dir='ltr' id='par_1_72' title="bbox 593 5402 2179 5475">
     <span class='ocr_line' id='line_1_72' title="bbox 593 5402 2179 5475; baseline 0.003 -19"><span class='ocrx_word' id='word_1_569' title='bbox 593 5414 714 5457; x_wconf 87' lang='lat' dir='ltr'><strong>tur:</strong></span> <span class='ocrx_word' id='word_1_570' title='bbox 750 5402 1001 5456; x_wconf 83' lang='lat' dir='ltr'><strong>Dilatauit</strong></span> <span class='ocrx_word' id='word_1_571' title='bbox 1040 5405 1272 5475; x_wconf 76' lang='lat' dir='ltr'><strong>infernus</strong></span> <span class='ocrx_word' id='word_1_572' title='bbox 1315 5406 1542 5459; x_wconf 88' lang='lat' dir='ltr'><strong>animam</strong></span> <span class='ocrx_word' id='word_1_573' title='bbox 1583 5422 1750 5470; x_wconf 88' lang='lat' dir='ltr'><strong>suam,</strong></span> <span class='ocrx_word' id='word_1_574' title='bbox 1795 5416 1840 5460; x_wconf 90' lang='lat' dir='ltr'><strong>et</strong></span> <span class='ocrx_word' id='word_1_575' title='bbox 1880 5408 2078 5474; x_wconf 89' lang='lat' dir='ltr'><strong>aperuit</strong></span> <span class='ocrx_word' id='word_1_576' title='bbox 2122 5423 2179 5460; x_wconf 89' lang='lat' dir='ltr'><strong>os</strong></span> 
     </span>
    </p>
   </div>
   <div class='ocr_carea' id='block_1_73' title="bbox 591 5498 2176 5570">
    <p class='ocr_par' dir='ltr' id='par_1_73' title="bbox 591 5498 2176 5570">
     <span class='ocr_line' id='line_1_73' title="bbox 591 5498 2176 5570; baseline 0.004 -23"><span class='ocrx_word' id='word_1_577' title='bbox 591 5512 738 5549; x_wconf 87' lang='lat' dir='ltr'><strong>suum</strong></span> <span class='ocrx_word' id='word_1_578' title='bbox 780 5498 969 5567; x_wconf 86' lang='lat' dir='ltr'><strong>absque</strong></span> <span class='ocrx_word' id='word_1_579' title='bbox 1022 5500 1129 5551; x_wconf 89' lang='lat' dir='ltr'><strong>ullo</strong></span> <span class='ocrx_word' id='word_1_580' title='bbox 1171 5500 1418 5565; x_wconf 89' lang='lat' dir='ltr'><strong>termino;</strong></span> <span class='ocrx_word' id='word_1_581' title='bbox 1451 5509 1497 5553; x_wconf 88' lang='lat' dir='ltr'><strong>et</strong></span> <span class='ocrx_word' id='word_1_582' title='bbox 1525 5498 1829 5553; x_wconf 88' lang='lat' dir='ltr'><strong>descendent</strong></span> <span class='ocrx_word' id='word_1_583' title='bbox 1860 5500 2015 5569; x_wconf 85' lang='lat' dir='ltr'><strong>fortes</strong></span> <span class='ocrx_word' id='word_1_584' title='bbox 2042 5500 2176 5570; x_wconf 86' lang='lat' dir='ltr'><strong>ejus,</strong></span> 
     </span>
    </p>
   </div>
   <div class='ocr_carea' id='block_1_74' title="bbox 592 5587 2178 5661">
    <p class='ocr_par' dir='ltr' id='par_1_74' title="bbox 592 5587 2178 5661">
     <span class='ocr_line' id='line_1_74' title="bbox 592 5587 2178 5661; baseline 0.005 -25"><span class='ocrx_word' id='word_1_585' title='bbox 592 5594 638 5636; x_wconf 91' lang='lat' dir='ltr'><strong>et</strong></span> <span class='ocrx_word' id='word_1_586' title='bbox 666 5587 884 5653; x_wconf 85' lang='lat' dir='ltr'><strong>papulas</strong></span> <span class='ocrx_word' id='word_1_587' title='bbox 910 5590 1041 5658; x_wconf 84' lang='lat' dir='ltr'><strong>ejus,</strong></span> <span class='ocrx_word' id='word_1_588' title='bbox 1084 5597 1131 5641; x_wconf 85' lang='lat' dir='ltr'><strong>et</strong></span> <span class='ocrx_word' id='word_1_589' title='bbox 1167 5589 1407 5643; x_wconf 86' lang='lat' dir='ltr'><strong>sublimes</strong></span> <span class='ocrx_word' id='word_1_590' title='bbox 1452 5590 1761 5660; x_wconf 81' lang='lat' dir='ltr'><strong>gloriosique</strong></span> <span class='ocrx_word' id='word_1_591' title='bbox 1798 5592 1911 5661; x_wconf 87' lang='lat' dir='ltr'><strong>ejus</strong></span> <span class='ocrx_word' id='word_1_592' title='bbox 1952 5593 2020 5644; x_wconf 86' lang='lat' dir='ltr'><strong>ad</strong></span> <span class='ocrx_word' id='word_1_593' title='bbox 2062 5608 2178 5645; x_wconf 88' lang='lat' dir='ltr'><strong>eum</strong></span> 
     </span>
    </p>
   </div>
   <div class='ocr_carea' id='block_1_75' title="bbox 593 5673 2182 5751">
    <p class='ocr_par' dir='ltr' id='par_1_75' title="bbox 593 5673 2182 5751">
     <span class='ocr_line' id='line_1_75' title="bbox 593 5673 2182 5751; baseline 0.008 -26"><span class='ocrx_word' id='word_1_594' title='bbox 593 5673 729 5740; x_wconf 81' lang='lat' dir='ltr'><strong>(lsa.</strong></span> <span class='ocrx_word' id='word_1_595' title='bbox 783 5691 835 5743; x_wconf 85' lang='lat' dir='ltr'><strong>v,</strong></span> <span class='ocrx_word' id='word_1_596' title='bbox 872 5677 983 5749; x_wconf 72' lang='lat' dir='ltr'><strong>ﬂ).</strong></span> <span class='ocrx_word' id='word_1_597' title='bbox 1017 5678 1093 5734; x_wconf 91' lang='lat' dir='ltr'><strong>De</strong></span> <span class='ocrx_word' id='word_1_598' title='bbox 1117 5678 1219 5735; x_wconf 88' lang='lat' dir='ltr'><strong>hac</strong></span> <span class='ocrx_word' id='word_1_599' title='bbox 1246 5680 1299 5734; x_wconf 88' lang='lat' dir='ltr'><strong>in</strong></span> <span class='ocrx_word' id='word_1_600' title='bbox 1329 5681 1654 5751; x_wconf 80' lang='lat' dir='ltr'><strong>Apocalypsi</strong></span> <span class='ocrx_word' id='word_1_601' title='bbox 1686 5683 1907 5751; x_wconf 86' lang='lat' dir='ltr'><strong>angelus</strong></span> <span class='ocrx_word' id='word_1_602' title='bbox 1938 5684 2049 5739; x_wconf 87' lang='lat' dir='ltr'><strong>ait:</strong></span> <span class='ocrx_word' id='word_1_603' title='bbox 2086 5682 2182 5737; x_wconf 86' lang='lat' dir='ltr'><strong>In-</strong></span> 
     </span>
    </p>
   </div>
   <div class='ocr_carea' id='block_1_76' title="bbox 594 5769 2179 5845">
    <p class='ocr_par' dir='ltr' id='par_1_76' title="bbox 594 5769 2179 5845">
     <span class='ocr_line' id='line_1_76' title="bbox 594 5769 2179 5845; baseline 0.007 -28"><span class='ocrx_word' id='word_1_604' title='bbox 594 5769 771 5833; x_wconf 78' lang='lat' dir='ltr'><strong>fernus</strong></span> <span class='ocrx_word' id='word_1_605' title='bbox 809 5776 856 5821; x_wconf 87' lang='lat' dir='ltr'><strong>et</strong></span> <span class='ocrx_word' id='word_1_606' title='bbox 890 5786 1029 5826; x_wconf 90' lang='lat' dir='ltr'><strong>mors</strong></span> <span class='ocrx_word' id='word_1_607' title='bbox 1053 5771 1191 5826; x_wconf 87' lang='lat' dir='ltr'><strong>missi</strong></span> <span class='ocrx_word' id='word_1_608' title='bbox 1230 5780 1347 5827; x_wconf 85' lang='lat' dir='ltr'><strong>sunt</strong></span> <span class='ocrx_word' id='word_1_609' title='bbox 1385 5772 1436 5827; x_wconf 86' lang='lat' dir='ltr'><strong>in</strong></span> <span class='ocrx_word' id='word_1_610' title='bbox 1463 5782 1696 5845; x_wconf 81' lang='lat' dir='ltr'><strong>stagnum</strong></span> <span class='ocrx_word' id='word_1_611' title='bbox 1724 5773 1878 5845; x_wconf 84' lang='lat' dir='ltr'><strong>ignis,</strong></span> <span class='ocrx_word' id='word_1_612' title='bbox 1905 5775 2013 5829; x_wconf 78' lang='lat' dir='ltr'><strong>Iure</strong></span> <span class='ocrx_word' id='word_1_613' title='bbox 2043 5791 2179 5828; x_wconf 81' lang='lat' dir='ltr'><strong>mors</strong></span> 
     </span>
    </p>
   </div>
   <div class='ocr_carea' id='block_1_77' title="bbox 2268 1922 3848 1992">
    <p class='ocr_par' dir='ltr' id='par_1_77' title="bbox 2268 1922 3848 1992">
     <span class='ocr_line' id='line_1_77' title="bbox 2268 1922 3848 1992; baseline -0.004 -14"><span class='ocrx_word' id='word_1_614' title='bbox 2268 1941 2411 1978; x_wconf 87' lang='lat' dir='ltr'><strong>mum</strong></span> <span class='ocrx_word' id='word_1_615' title='bbox 2442 1924 2721 1992; x_wconf 89' lang='lat' dir='ltr'><strong>sepulcris,</strong></span> <span class='ocrx_word' id='word_1_616' title='bbox 2751 1923 2876 1991; x_wconf 85' lang='lat' dir='ltr'><strong>quia</strong></span> <span class='ocrx_word' id='word_1_617' title='bbox 2926 1922 3317 1977; x_wconf 89' lang='lat' dir='ltr'><strong>intolerabilem</strong></span> <span class='ocrx_word' id='word_1_618' title='bbox 3356 1922 3579 1977; x_wconf 89' lang='lat' dir='ltr'><strong>fetorem</strong></span> <span class='ocrx_word' id='word_1_619' title='bbox 3612 1922 3848 1977; x_wconf 80' lang='lat' dir='ltr'><strong>exhalat.</strong></span> 
     </span>
    </p>
   </div>
   <div class='ocr_carea' id='block_1_78' title="bbox 2268 2017 3852 2086">
    <p class='ocr_par' dir='ltr' id='par_1_78' title="bbox 2268 2017 3852 2086">
     <span class='ocr_line' id='line_1_78' title="bbox 2268 2017 3852 2086; baseline -0.003 -15"><span class='ocrx_word' id='word_1_620' title='bbox 2268 2018 2630 2071; x_wconf 84' lang='lat' dir='ltr'><strong>Pertimescite</strong></span> <span class='ocrx_word' id='word_1_621' title='bbox 2680 2025 2878 2072; x_wconf 88' lang='lat' dir='ltr'><strong>terram</strong></span> <span class='ocrx_word' id='word_1_622' title='bbox 2932 2018 2982 2070; x_wconf 90' lang='lat' dir='ltr'><strong>in</strong></span> <span class='ocrx_word' id='word_1_623' title='bbox 3031 2018 3152 2086; x_wconf 90' lang='lat' dir='ltr'><strong>pice</strong></span> <span class='ocrx_word' id='word_1_624' title='bbox 3202 2017 3506 2079; x_wconf 86' lang='lat' dir='ltr'><strong>ardentem,</strong></span> <span class='ocrx_word' id='word_1_625' title='bbox 3560 2017 3681 2086; x_wconf 89' lang='lat' dir='ltr'><strong>quia</strong></span> <span class='ocrx_word' id='word_1_626' title='bbox 3714 2028 3852 2085; x_wconf 82' lang='lat' dir='ltr'><strong>quos</strong></span> 
     </span>
    </p>
   </div>
   <div class='ocr_carea' id='block_1_79' title="bbox 2267 2110 3848 2181">
    <p class='ocr_par' dir='ltr' id='par_1_79' title="bbox 2267 2110 3848 2181">
     <span class='ocr_line' id='line_1_79' title="bbox 2267 2110 3848 2181; baseline -0.001 -16"><span class='ocrx_word' id='word_1_627' title='bbox 2267 2111 2484 2180; x_wconf 90' lang='lat' dir='ltr'><strong>suscipit</strong></span> <span class='ocrx_word' id='word_1_628' title='bbox 2511 2112 2706 2176; x_wconf 82' lang='lat' dir='ltr'><strong>exurit,</strong></span> <span class='ocrx_word' id='word_1_629' title='bbox 2740 2112 2895 2165; x_wconf 92' lang='lat' dir='ltr'><strong>simul</strong></span> <span class='ocrx_word' id='word_1_630' title='bbox 2926 2122 2979 2166; x_wconf 89' lang='lat' dir='ltr'><strong>et</strong></span> <span class='ocrx_word' id='word_1_631' title='bbox 3008 2112 3342 2181; x_wconf 88' lang='lat' dir='ltr'><strong>compeditos</strong></span> <span class='ocrx_word' id='word_1_632' title='bbox 3390 2110 3586 2165; x_wconf 87' lang='lat' dir='ltr'><strong>reddit.</strong></span> <span class='ocrx_word' id='word_1_633' title='bbox 3632 2110 3848 2163; x_wconf 80' lang='lat' dir='ltr'><strong>Formi-</strong></span> 
     </span>
    </p>
   </div>
   <div class='ocr_carea' id='block_1_80' title="bbox 2266 2200 3851 2271">
    <p class='ocr_par' dir='ltr' id='par_1_80' title="bbox 2266 2200 3851 2271">
     <span class='ocr_line' id='line_1_80' title="bbox 2266 2200 3851 2271; baseline -0.001 -16"><span class='ocrx_word' id='word_1_634' title='bbox 2266 2203 2391 2255; x_wconf 78' lang='lat' dir='ltr'><strong>date</strong></span> <span class='ocrx_word' id='word_1_635' title='bbox 2438 2211 2637 2256; x_wconf 90' lang='lat' dir='ltr'><strong>terram</strong></span> <span class='ocrx_word' id='word_1_636' title='bbox 2687 2203 2942 2267; x_wconf 67' lang='lat' dir='ltr'><strong>miseriae,</strong></span> <span class='ocrx_word' id='word_1_637' title='bbox 2991 2202 3114 2271; x_wconf 88' lang='lat' dir='ltr'><strong>quia</strong></span> <span class='ocrx_word' id='word_1_638' title='bbox 3172 2202 3350 2255; x_wconf 88' lang='lat' dir='ltr'><strong>omnis</strong></span> <span class='ocrx_word' id='word_1_639' title='bbox 3400 2200 3729 2268; x_wconf 85' lang='lat' dir='ltr'><strong>indulgentia</strong></span> <span class='ocrx_word' id='word_1_640' title='bbox 3780 2200 3851 2253; x_wconf 91' lang='lat' dir='ltr'><strong>ibi</strong></span> 
     </span>
    </p>
   </div>
   <div class='ocr_carea' id='block_1_81' title="bbox 2270 2291 3860 2362">
    <p class='ocr_par' dir='ltr' id='par_1_81' title="bbox 2270 2291 3860 2362">
     <span class='ocr_line' id='line_1_81' title="bbox 2270 2291 3860 2362; baseline -0.001 -16"><span class='ocrx_word' id='word_1_641' title='bbox 2270 2292 2466 2347; x_wconf 88' lang='lat' dir='ltr'><strong>deerit.</strong></span> <span class='ocrx_word' id='word_1_642' title='bbox 2514 2293 2885 2347; x_wconf 82' lang='lat' dir='ltr'><strong>Pertimescite</strong></span> <span class='ocrx_word' id='word_1_643' title='bbox 2914 2308 2974 2347; x_wconf 90' lang='lat' dir='ltr'><strong>us</strong></span> <span class='ocrx_word' id='word_1_644' title='bbox 3022 2291 3213 2348; x_wconf 88' lang='lat' dir='ltr'><strong>inferni</strong></span> <span class='ocrx_word' id='word_1_645' title='bbox 3259 2293 3461 2362; x_wconf 89' lang='lat' dir='ltr'><strong>absque</strong></span> <span class='ocrx_word' id='word_1_646' title='bbox 3490 2294 3597 2346; x_wconf 93' lang='lat' dir='ltr'><strong>ullo</strong></span> <span class='ocrx_word' id='word_1_647' title='bbox 3628 2293 3860 2347; x_wconf 86' lang='lat' dir='ltr'><strong>termino</strong></span> 
     </span>
    </p>
   </div>
   <div class='ocr_carea' id='block_1_82' title="bbox 2272 2384 3851 2454">
    <p class='ocr_par' dir='ltr' id='par_1_82' title="bbox 2272 2384 3851 2454">
     <span class='ocr_line' id='line_1_82' title="bbox 2272 2384 3851 2454; baseline 0.001 -17"><span class='ocrx_word' id='word_1_648' title='bbox 2272 2386 2614 2454; x_wconf 76' lang='lat' dir='ltr'><strong>patefactum,</strong></span> <span class='ocrx_word' id='word_1_649' title='bbox 2649 2387 2769 2453; x_wconf 84' lang='lat' dir='ltr'><strong>quia</strong></span> <span class='ocrx_word' id='word_1_650' title='bbox 2801 2384 3088 2439; x_wconf 84' lang='lat' dir='ltr'><strong>crudeliter</strong></span> <span class='ocrx_word' id='word_1_651' title='bbox 3117 2393 3275 2453; x_wconf 88' lang='lat' dir='ltr'><strong>atque</strong></span> <span class='ocrx_word' id='word_1_652' title='bbox 3312 2385 3691 2438; x_wconf 88' lang='lat' dir='ltr'><strong>insatiabiliter</strong></span> <span class='ocrx_word' id='word_1_653' title='bbox 3718 2398 3851 2438; x_wconf 79' lang='lat' dir='ltr'><strong>cun-</strong></span> 
     </span>
    </p>
   </div>
   <div class='ocr_carea' id='block_1_83' title="bbox 2266 2472 3854 2539">
    <p class='ocr_par' dir='ltr' id='par_1_83' title="bbox 2266 2472 3854 2539">
     <span class='ocr_line' id='line_1_83' title="bbox 2266 2472 3854 2539; baseline -0.001 -11"><span class='ocrx_word' id='word_1_654' title='bbox 2266 2486 2382 2529; x_wconf 85' lang='lat' dir='ltr'><strong>ctos</strong></span> <span class='ocrx_word' id='word_1_655' title='bbox 2409 2476 2690 2539; x_wconf 86' lang='lat' dir='ltr'><strong>devorans,</strong></span> <span class='ocrx_word' id='word_1_656' title='bbox 2712 2490 2807 2528; x_wconf 90' lang='lat' dir='ltr'><strong>nec</strong></span> <span class='ocrx_word' id='word_1_657' title='bbox 2833 2477 3058 2529; x_wconf 87' lang='lat' dir='ltr'><strong>saturari</strong></span> <span class='ocrx_word' id='word_1_658' title='bbox 3092 2476 3257 2536; x_wconf 87' lang='lat' dir='ltr'><strong>novit,</strong></span> <span class='ocrx_word' id='word_1_659' title='bbox 3285 2488 3382 2528; x_wconf 88' lang='lat' dir='ltr'><strong>nec</strong></span> <span class='ocrx_word' id='word_1_660' title='bbox 3413 2473 3612 2527; x_wconf 86' lang='lat' dir='ltr'><strong>suflicit</strong></span> <span class='ocrx_word' id='word_1_661' title='bbox 3637 2472 3854 2529; x_wconf 89' lang='lat' dir='ltr'><strong>dicere:</strong></span> 
     </span>
    </p>
   </div>
   <div class='ocr_carea' id='block_1_84' title="bbox 2249 2564 3855 2635">
    <p class='ocr_par' dir='ltr' id='par_1_84' title="bbox 2249 2564 3855 2635">
     <span class='ocr_line' id='line_1_84' title="bbox 2249 2564 3855 2635; baseline -0.002 -14"><span class='ocrx_word' id='word_1_662' title='bbox 2249 2567 2429 2635; x_wconf 84' lang='lat' dir='ltr'><strong>Fugite</strong></span> <span class='ocrx_word' id='word_1_663' title='bbox 2479 2574 2725 2634; x_wconf 81' lang='lat' dir='ltr'><strong>stagnum</strong></span> <span class='ocrx_word' id='word_1_664' title='bbox 2762 2566 2914 2633; x_wconf 88' lang='lat' dir='ltr'><strong>ignis,</strong></span> <span class='ocrx_word' id='word_1_665' title='bbox 2946 2566 3072 2632; x_wconf 90' lang='lat' dir='ltr'><strong>quia</strong></span> <span class='ocrx_word' id='word_1_666' title='bbox 3123 2580 3259 2633; x_wconf 89' lang='lat' dir='ltr'><strong>quos</strong></span> <span class='ocrx_word' id='word_1_667' title='bbox 3304 2564 3527 2631; x_wconf 86' lang='lat' dir='ltr'><strong>suscipit</strong></span> <span class='ocrx_word' id='word_1_668' title='bbox 3570 2565 3855 2633; x_wconf 86' lang='lat' dir='ltr'><strong>demergit,</strong></span> 
     </span>
    </p>
   </div>
   <div class='ocr_carea' id='block_1_85' title="bbox 2269 2655 3856 2723">
    <p class='ocr_par' dir='ltr' id='par_1_85' title="bbox 2269 2655 3856 2723">
     <span class='ocr_line' id='line_1_85' title="bbox 2269 2655 3856 2723; baseline -0.001 -12"><span class='ocrx_word' id='word_1_669' title='bbox 2269 2666 2423 2712; x_wconf 87' lang='lat' dir='ltr'><strong>necat</strong></span> <span class='ocrx_word' id='word_1_670' title='bbox 2452 2669 2507 2711; x_wconf 88' lang='lat' dir='ltr'><strong>et</strong></span> <span class='ocrx_word' id='word_1_671' title='bbox 2532 2659 2658 2711; x_wconf 90' lang='lat' dir='ltr'><strong>urit.</strong></span> <span class='ocrx_word' id='word_1_672' title='bbox 2693 2655 2890 2711; x_wconf 83' lang='lat' dir='ltr'><strong>Cavete</strong></span> <span class='ocrx_word' id='word_1_673' title='bbox 2923 2656 3171 2709; x_wconf 83' lang='lat' dir='ltr'><strong>tenebras</strong></span> <span class='ocrx_word' id='word_1_674' title='bbox 3220 2655 3540 2719; x_wconf 84' lang='lat' dir='ltr'><strong>exteriores,</strong></span> <span class='ocrx_word' id='word_1_675' title='bbox 3573 2656 3697 2723; x_wconf 89' lang='lat' dir='ltr'><strong>quia</strong></span> <span class='ocrx_word' id='word_1_676' title='bbox 3731 2657 3856 2709; x_wconf 91' lang='lat' dir='ltr'><strong>nul-</strong></span> 
     </span>
    </p>
   </div>
   <div class='ocr_carea' id='block_1_86' title="bbox 2269 2745 3864 2802">
    <p class='ocr_par' dir='ltr' id='par_1_86' title="bbox 2269 2745 3864 2802">
     <span class='ocr_line' id='line_1_86' title="bbox 2269 2745 3864 2802; baseline -0.001 -1"><span class='ocrx_word' id='word_1_677' title='bbox 2269 2750 2378 2802; x_wconf 91' lang='lat' dir='ltr'><strong>lum</strong></span> <span class='ocrx_word' id='word_1_678' title='bbox 2406 2748 2472 2801; x_wconf 89' lang='lat' dir='ltr'><strong>ad</strong></span> <span class='ocrx_word' id='word_1_679' title='bbox 2515 2763 2607 2801; x_wconf 87' lang='lat' dir='ltr'><strong>eas</strong></span> <span class='ocrx_word' id='word_1_680' title='bbox 2650 2748 2829 2801; x_wconf 88' lang='lat' dir='ltr'><strong>lumen</strong></span> <span class='ocrx_word' id='word_1_681' title='bbox 2872 2746 3098 2800; x_wconf 89' lang='lat' dir='ltr'><strong>accedit.</strong></span> <span class='ocrx_word' id='word_1_682' title='bbox 3159 2745 3399 2799; x_wconf 87' lang='lat' dir='ltr'><strong>Evadere</strong></span> <span class='ocrx_word' id='word_1_683' title='bbox 3446 2756 3633 2800; x_wconf 89' lang='lat' dir='ltr'><strong>curate</strong></span> <span class='ocrx_word' id='word_1_684' title='bbox 3678 2745 3864 2800; x_wconf 83' lang='lat' dir='ltr'><strong>ﬂetum</strong></span> 
     </span>
    </p>
   </div>
   <div class='ocr_carea' id='block_1_87' title="bbox 2268 2837 3858 2907">
    <p class='ocr_par' dir='ltr' id='par_1_87' title="bbox 2268 2837 3858 2907">
     <span class='ocr_line' id='line_1_87' title="bbox 2268 2837 3858 2907; baseline 0 -14"><span class='ocrx_word' id='word_1_685' title='bbox 2268 2850 2321 2893; x_wconf 90' lang='lat' dir='ltr'><strong>et</strong></span> <span class='ocrx_word' id='word_1_686' title='bbox 2347 2838 2632 2892; x_wconf 85' lang='lat' dir='ltr'><strong>stridorem</strong></span> <span class='ocrx_word' id='word_1_687' title='bbox 2662 2838 2925 2903; x_wconf 89' lang='lat' dir='ltr'><strong>dentium,</strong></span> <span class='ocrx_word' id='word_1_688' title='bbox 2960 2837 3156 2907; x_wconf 89' lang='lat' dir='ltr'><strong>quibus</strong></span> <span class='ocrx_word' id='word_1_689' title='bbox 3188 2837 3309 2890; x_wconf 87' lang='lat' dir='ltr'><strong>linis</strong></span> <span class='ocrx_word' id='word_1_690' title='bbox 3357 2853 3627 2906; x_wconf 90' lang='lat' dir='ltr'><strong>nunquam</strong></span> <span class='ocrx_word' id='word_1_691' title='bbox 3656 2839 3858 2895; x_wconf 87' lang='lat' dir='ltr'><strong>aderit.</strong></span> 
     </span>
    </p>
   </div>
   <div class='ocr_carea' id='block_1_88' title="bbox 2268 2931 3861 3000">
    <p class='ocr_par' dir='ltr' id='par_1_88' title="bbox 2268 2931 3861 3000">
     <span class='ocr_line' id='line_1_88' title="bbox 2268 2931 3861 3000; baseline 0.001 -14"><span class='ocrx_word' id='word_1_692' title='bbox 2268 2931 2477 2986; x_wconf 87' lang='lat' dir='ltr'><strong>Timete</strong></span> <span class='ocrx_word' id='word_1_693' title='bbox 2520 2946 2732 2985; x_wconf 75' lang='lat' dir='ltr'><strong>vermes</strong></span> <span class='ocrx_word' id='word_1_694' title='bbox 2784 2931 3146 2996; x_wconf 90' lang='lat' dir='ltr'><strong>immortales,</strong></span> <span class='ocrx_word' id='word_1_695' title='bbox 3206 2932 3327 3000; x_wconf 85' lang='lat' dir='ltr'><strong>quia</strong></span> <span class='ocrx_word' id='word_1_696' title='bbox 3377 2931 3429 2985; x_wconf 94' lang='lat' dir='ltr'><strong>in</strong></span> <span class='ocrx_word' id='word_1_697' title='bbox 3482 2932 3861 2987; x_wconf 86' lang='lat' dir='ltr'><strong>manducando</strong></span> 
     </span>
    </p>
   </div>
   <div class='ocr_carea' id='block_1_89' title="bbox 2269 3021 3866 3087">
    <p class='ocr_par' dir='ltr' id='par_1_89' title="bbox 2269 3021 3866 3087">
     <span class='ocr_line' id='line_1_89' title="bbox 2269 3021 3866 3087; baseline 0.003 -13"><span class='ocrx_word' id='word_1_698' title='bbox 2269 3035 2459 3074; x_wconf 88' lang='lat' dir='ltr'><strong>carnes</strong></span> <span class='ocrx_word' id='word_1_699' title='bbox 2491 3029 2698 3073; x_wconf 87' lang='lat' dir='ltr'><strong>vestras</strong></span> <span class='ocrx_word' id='word_1_700' title='bbox 2740 3021 2879 3073; x_wconf 87' lang='lat' dir='ltr'><strong>nulla</strong></span> <span class='ocrx_word' id='word_1_701' title='bbox 2920 3022 3021 3073; x_wconf 89' lang='lat' dir='ltr'><strong>erit</strong></span> <span class='ocrx_word' id='word_1_702' title='bbox 3064 3021 3285 3075; x_wconf 85' lang='lat' dir='ltr'><strong>satietas</strong></span> <span class='ocrx_word' id='word_1_703' title='bbox 3313 3021 3411 3087; x_wconf 91' lang='lat' dir='ltr'><strong>eis,</strong></span> <span class='ocrx_word' id='word_1_704' title='bbox 3446 3030 3498 3076; x_wconf 91' lang='lat' dir='ltr'><strong>et</strong></span> <span class='ocrx_word' id='word_1_705' title='bbox 3539 3035 3659 3075; x_wconf 91' lang='lat' dir='ltr'><strong>eum</strong></span> <span class='ocrx_word' id='word_1_706' title='bbox 3695 3030 3769 3076; x_wconf 90' lang='lat' dir='ltr'><strong>tot</strong></span> <span class='ocrx_word' id='word_1_707' title='bbox 3798 3038 3866 3078; x_wconf 88' lang='lat' dir='ltr'><strong>ac</strong></span> 
     </span>
    </p>
   </div>
   <div class='ocr_carea' id='block_1_90' title="bbox 2271 3111 3858 3179">
    <p class='ocr_par' dir='ltr' id='par_1_90' title="bbox 2271 3111 3858 3179">
     <span class='ocr_line' id='line_1_90' title="bbox 2271 3111 3858 3179; baseline 0.003 -16"><span class='ocrx_word' id='word_1_708' title='bbox 2271 3120 2413 3165; x_wconf 88' lang='lat' dir='ltr'><strong>tanta</strong></span> <span class='ocrx_word' id='word_1_709' title='bbox 2440 3111 2590 3164; x_wconf 89' lang='lat' dir='ltr'><strong>vobis</strong></span> <span class='ocrx_word' id='word_1_710' title='bbox 2622 3112 2673 3163; x_wconf 91' lang='lat' dir='ltr'><strong>in</strong></span> <span class='ocrx_word' id='word_1_711' title='bbox 2704 3121 2964 3165; x_wconf 72' lang='lat' dir='ltr'><strong>mternum</strong></span> <span class='ocrx_word' id='word_1_712' title='bbox 3013 3112 3337 3167; x_wconf 79' lang='lat' dir='ltr'><strong>adltmserint</strong></span> <span class='ocrx_word' id='word_1_713' title='bbox 3383 3121 3671 3179; x_wconf 87' lang='lat' dir='ltr'><strong>tormenta,</strong></span> <span class='ocrx_word' id='word_1_714' title='bbox 3715 3130 3858 3167; x_wconf 88' lang='lat' dir='ltr'><strong>nun-</strong></span> 
     </span>
    </p>
   </div>
   <div class='ocr_carea' id='block_1_91' title="bbox 2269 3202 3863 3270">
    <p class='ocr_par' dir='ltr' id='par_1_91' title="bbox 2269 3202 3863 3270">
     <span class='ocr_line' id='line_1_91' title="bbox 2269 3202 3863 3270; baseline 0.003 -17"><span class='ocrx_word' id='word_1_715' title='bbox 2269 3217 2428 3270; x_wconf 84' lang='lat' dir='ltr'><strong>quam</strong></span> <span class='ocrx_word' id='word_1_716' title='bbox 2460 3202 2633 3255; x_wconf 90' lang='lat' dir='ltr'><strong>deerit</strong></span> <span class='ocrx_word' id='word_1_717' title='bbox 2664 3202 2952 3270; x_wconf 87' lang='lat' dir='ltr'><strong>singularis</strong></span> <span class='ocrx_word' id='word_1_718' title='bbox 2983 3203 3219 3256; x_wconf 68' lang='lat' dir='ltr'><strong>avaritiae</strong></span> <span class='ocrx_word' id='word_1_719' title='bbox 3244 3202 3478 3259; x_wconf 89' lang='lat' dir='ltr'><strong>deterior</strong></span> <span class='ocrx_word' id='word_1_720' title='bbox 3505 3205 3863 3260; x_wconf 84' lang='lat' dir='ltr'><strong>eseruciatio.</strong></span> 
     </span>
    </p>
   </div>
   <div class='ocr_carea' id='block_1_92' title="bbox 2274 3289 3867 3358">
    <p class='ocr_par' dir='ltr' id='par_1_92' title="bbox 2274 3289 3867 3358">
     <span class='ocr_line' id='line_1_92' title="bbox 2274 3289 3867 3358; baseline 0.001 -12"><span class='ocrx_word' id='word_1_721' title='bbox 2274 3289 2427 3346; x_wconf 83' lang='lat' dir='ltr'><strong>Unde</strong></span> <span class='ocrx_word' id='word_1_722' title='bbox 2452 3298 2509 3345; x_wconf 90' lang='lat' dir='ltr'><strong>et</strong></span> <span class='ocrx_word' id='word_1_723' title='bbox 2536 3306 2628 3357; x_wconf 89' lang='lat' dir='ltr'><strong>per</strong></span> <span class='ocrx_word' id='word_1_724' title='bbox 2649 3290 2906 3345; x_wconf 75' lang='lat' dir='ltr'><strong>Jacobum</strong></span> <span class='ocrx_word' id='word_1_725' title='bbox 2940 3292 3090 3346; x_wconf 90' lang='lat' dir='ltr'><strong>vobis</strong></span> <span class='ocrx_word' id='word_1_726' title='bbox 3120 3292 3360 3346; x_wconf 84' lang='lat' dir='ltr'><strong>dicitur:</strong></span> <span class='ocrx_word' id='word_1_727' title='bbox 3389 3293 3536 3358; x_wconf 79' lang='lat' dir='ltr'><strong>Agite</strong></span> <span class='ocrx_word' id='word_1_728' title='bbox 3564 3309 3697 3347; x_wconf 90' lang='lat' dir='ltr'><strong>nunc</strong></span> <span class='ocrx_word' id='word_1_729' title='bbox 3736 3295 3867 3348; x_wconf 82' lang='lat' dir='ltr'><strong>diri-</strong></span> 
     </span>
    </p>
   </div>
   <div class='ocr_carea' id='block_1_93' title="bbox 2275 3382 3863 3454">
    <p class='ocr_par' dir='ltr' id='par_1_93' title="bbox 2275 3382 3863 3454">
     <span class='ocr_line' id='line_1_93' title="bbox 2275 3382 3863 3454; baseline 0.003 -20"><span class='ocrx_word' id='word_1_730' title='bbox 2275 3392 2364 3444; x_wconf 85' lang='lat' dir='ltr'><strong>tes,</strong></span> <span class='ocrx_word' id='word_1_731' title='bbox 2393 3383 2592 3451; x_wconf 87' lang='lat' dir='ltr'><strong>plorate</strong></span> <span class='ocrx_word' id='word_1_732' title='bbox 2640 3382 2898 3436; x_wconf 76' lang='lat' dir='ltr'><strong>ululantes</strong></span> <span class='ocrx_word' id='word_1_733' title='bbox 2944 3384 2998 3435; x_wconf 88' lang='lat' dir='ltr'><strong>in</strong></span> <span class='ocrx_word' id='word_1_734' title='bbox 3032 3384 3248 3437; x_wconf 84' lang='lat' dir='ltr'><strong>miseriis</strong></span> <span class='ocrx_word' id='word_1_735' title='bbox 3269 3399 3386 3454; x_wconf 71' lang='lat' dir='ltr'><strong>qum</strong></span> <span class='ocrx_word' id='word_1_736' title='bbox 3423 3387 3738 3439; x_wconf 84' lang='lat' dir='ltr'><strong>advenerunt</strong></span> <span class='ocrx_word' id='word_1_737' title='bbox 3774 3402 3863 3439; x_wconf 83' lang='lat' dir='ltr'><strong>vo-</strong></span> 
     </span>
    </p>
   </div>
   <div class='ocr_carea' id='block_1_94' title="bbox 2274 3472 3865 3544">
    <p class='ocr_par' dir='ltr' id='par_1_94' title="bbox 2274 3472 3865 3544">
     <span class='ocr_line' id='line_1_94' title="bbox 2274 3472 3865 3544; baseline 0.003 -22"><span class='ocrx_word' id='word_1_738' title='bbox 2274 3472 2369 3533; x_wconf 86' lang='lat' dir='ltr'><strong>bis,</strong></span> <span class='ocrx_word' id='word_1_739' title='bbox 2404 3472 2591 3524; x_wconf 75' lang='lat' dir='ltr'><strong>divitia:</strong></span> <span class='ocrx_word' id='word_1_740' title='bbox 2620 3483 2795 3525; x_wconf 80' lang='lat' dir='ltr'><strong>restra:</strong></span> <span class='ocrx_word' id='word_1_741' title='bbox 2834 3475 3137 3544; x_wconf 75' lang='lat' dir='ltr'><strong>putrefacta:</strong></span> <span class='ocrx_word' id='word_1_742' title='bbox 3168 3482 3311 3540; x_wconf 88' lang='lat' dir='ltr'><strong>sunt,</strong></span> <span class='ocrx_word' id='word_1_743' title='bbox 3358 3475 3657 3528; x_wconf 84' lang='lat' dir='ltr'><strong>uestimenta</strong></span> <span class='ocrx_word' id='word_1_744' title='bbox 3695 3485 3865 3528; x_wconf 81' lang='lat' dir='ltr'><strong>uestra</strong></span> 
     </span>
    </p>
   </div>
   <div class='ocr_carea' id='block_1_95' title="bbox 2273 3564 3867 3636">
    <p class='ocr_par' dir='ltr' id='par_1_95' title="bbox 2273 3564 3867 3636">
     <span class='ocr_line' id='line_1_95' title="bbox 2273 3564 3867 3636; baseline 0.003 -21"><span class='ocrx_word' id='word_1_745' title='bbox 2273 3579 2304 3615; x_wconf 93' lang='lat' dir='ltr'><strong><em>a</em></strong></span> <span class='ocrx_word' id='word_1_746' title='bbox 2346 3564 2493 3616; x_wconf 87' lang='lat' dir='ltr'><strong>tineis</strong></span> <span class='ocrx_word' id='word_1_747' title='bbox 2542 3574 2763 3618; x_wconf 88' lang='lat' dir='ltr'><strong>comesta</strong></span> <span class='ocrx_word' id='word_1_748' title='bbox 2815 3575 2959 3631; x_wconf 89' lang='lat' dir='ltr'><strong>sunt,</strong></span> <span class='ocrx_word' id='word_1_749' title='bbox 3015 3582 3199 3618; x_wconf 90' lang='lat' dir='ltr'><strong>aurum</strong></span> <span class='ocrx_word' id='word_1_750' title='bbox 3245 3578 3291 3619; x_wconf 93' lang='lat' dir='ltr'><strong>et</strong></span> <span class='ocrx_word' id='word_1_751' title='bbox 3335 3576 3605 3636; x_wconf 86' lang='lat' dir='ltr'><strong>argentum</strong></span> <span class='ocrx_word' id='word_1_752' title='bbox 3646 3576 3867 3621; x_wconf 76' lang='lat' dir='ltr'><strong>vestrum</strong></span> 
     </span>
    </p>
   </div>
   <div class='ocr_carea' id='block_1_96' title="bbox 2274 3654 3862 3725">
    <p class='ocr_par' dir='ltr' id='par_1_96' title="bbox 2274 3654 3862 3725">
     <span class='ocr_line' id='line_1_96' title="bbox 2274 3654 3862 3725; baseline 0 -18"><span class='ocrx_word' id='word_1_753' title='bbox 2274 3654 2598 3724; x_wconf 71' lang='lat' dir='ltr'><strong>trruginavit,</strong></span> <span class='ocrx_word' id='word_1_754' title='bbox 2629 3664 2677 3708; x_wconf 91' lang='lat' dir='ltr'><strong>et</strong></span> <span class='ocrx_word' id='word_1_755' title='bbox 2707 3671 2881 3725; x_wconf 79' lang='lat' dir='ltr'><strong>terugo</strong></span> <span class='ocrx_word' id='word_1_756' title='bbox 2918 3671 3092 3709; x_wconf 89' lang='lat' dir='ltr'><strong>eorum</strong></span> <span class='ocrx_word' id='word_1_757' title='bbox 3117 3658 3169 3709; x_wconf 87' lang='lat' dir='ltr'><strong>in</strong></span> <span class='ocrx_word' id='word_1_758' title='bbox 3198 3659 3549 3710; x_wconf 87' lang='lat' dir='ltr'><strong>testimonium</strong></span> <span class='ocrx_word' id='word_1_759' title='bbox 3578 3658 3714 3710; x_wconf 78' lang='lat' dir='ltr'><strong>vobis</strong></span> <span class='ocrx_word' id='word_1_760' title='bbox 3744 3656 3862 3715; x_wconf 86' lang='lat' dir='ltr'><strong>erit.</strong></span> 
     </span>
    </p>
   </div>
   <div class='ocr_carea' id='block_1_97' title="bbox 2278 3736 3860 3816">
    <p class='ocr_par' dir='ltr' id='par_1_97' title="bbox 2278 3736 3860 3816">
     <span class='ocr_line' id='line_1_97' title="bbox 2278 3736 3860 3816; baseline 0.001 -16"><span class='ocrx_word' id='word_1_761' title='bbox 2278 3758 2323 3800; x_wconf 83' lang='lat' dir='ltr'><strong>et</strong></span> <span class='ocrx_word' id='word_1_762' title='bbox 2367 3748 2695 3801; x_wconf 88' lang='lat' dir='ltr'><strong>utanducabit</strong></span> <span class='ocrx_word' id='word_1_763' title='bbox 2736 3736 3138 3802; x_wconf 80' lang='lat' dir='ltr'><strong>carnesvestras</strong></span> <span class='ocrx_word' id='word_1_764' title='bbox 3177 3749 3305 3801; x_wconf 87' lang='lat' dir='ltr'><strong>sicut</strong></span> <span class='ocrx_word' id='word_1_765' title='bbox 3343 3750 3477 3816; x_wconf 83' lang='lat' dir='ltr'><strong>ignis</strong></span> <span class='ocrx_word' id='word_1_766' title='bbox 3527 3742 3668 3807; x_wconf 80' lang='lat' dir='ltr'><strong><em>(Jac.</em></strong></span> <span class='ocrx_word' id='word_1_767' title='bbox 3701 3766 3751 3814; x_wconf 88' lang='lat' dir='ltr'><strong>v,</strong></span> <span class='ocrx_word' id='word_1_768' title='bbox 3782 3750 3860 3815; x_wconf 93' lang='grc'><strong>1).</strong></span> 
     </span>
    </p>
   </div>
   <div class='ocr_carea' id='block_1_98' title="bbox 2282 3839 3869 3911">
    <p class='ocr_par' dir='ltr' id='par_1_98' title="bbox 2282 3839 3869 3911">
     <span class='ocr_line' id='line_1_98' title="bbox 2282 3839 3869 3911; baseline 0.001 -18"><span class='ocrx_word' id='word_1_769' title='bbox 2282 3839 2694 3906; x_wconf 80' lang='lat' dir='ltr'><strong>Vobistnetipsis</strong></span> <span class='ocrx_word' id='word_1_770' title='bbox 2722 3841 2901 3906; x_wconf 87' lang='lat' dir='ltr'><strong>itaque</strong></span> <span class='ocrx_word' id='word_1_771' title='bbox 2922 3840 3284 3905; x_wconf 89' lang='lat' dir='ltr'><strong>consulentes,</strong></span> <span class='ocrx_word' id='word_1_772' title='bbox 3320 3841 3697 3903; x_wconf 84' lang='lat' dir='ltr'><strong>recordamini,</strong></span> <span class='ocrx_word' id='word_1_773' title='bbox 3724 3859 3869 3911; x_wconf 65' lang='lat' dir='ltr'><strong>quie-</strong></span> 
     </span>
    </p>
   </div>
   <div class='ocr_carea' id='block_1_99' title="bbox 2277 3927 3870 3999">
    <p class='ocr_par' dir='ltr' id='par_1_99' title="bbox 2277 3927 3870 3999">
     <span class='ocr_line' id='line_1_99' title="bbox 2277 3927 3870 3999; baseline 0.004 -16"><span class='ocrx_word' id='word_1_774' title='bbox 2277 3944 2481 3991; x_wconf 88' lang='lat' dir='ltr'><strong>sumus,</strong></span> <span class='ocrx_word' id='word_1_775' title='bbox 2517 3927 2683 3993; x_wconf 82' lang='lat' dir='ltr'><strong>talia;</strong></span> <span class='ocrx_word' id='word_1_776' title='bbox 2728 3929 3074 3983; x_wconf 89' lang='lat' dir='ltr'><strong>recordantes</strong></span> <span class='ocrx_word' id='word_1_777' title='bbox 3098 3931 3493 3999; x_wconf 87' lang='lat' dir='ltr'><strong>pertimescite,</strong></span> <span class='ocrx_word' id='word_1_778' title='bbox 3523 3947 3591 3984; x_wconf 85' lang='lat' dir='ltr'><strong>tte</strong></span> <span class='ocrx_word' id='word_1_779' title='bbox 3617 3934 3870 3989; x_wconf 84' lang='lat' dir='ltr'><strong>incidatis</strong></span> 
     </span>
    </p>
   </div>
   <div class='ocr_carea' id='block_1_100' title="bbox 2277 4022 3869 4095">
    <p class='ocr_par' dir='ltr' id='par_1_100' title="bbox 2277 4022 3869 4095">
     <span class='ocr_line' id='line_1_100' title="bbox 2277 4022 3869 4095; baseline 0.004 -20"><span class='ocrx_word' id='word_1_780' title='bbox 2277 4022 2330 4076; x_wconf 87' lang='lat' dir='ltr'><strong>itt</strong></span> <span class='ocrx_word' id='word_1_781' title='bbox 2364 4022 2487 4075; x_wconf 91' lang='lat' dir='ltr'><strong>talia</strong></span> <span class='ocrx_word' id='word_1_782' title='bbox 2516 4040 2529 4074; x_wconf 92' lang='lat'><strong>:</strong></span> <span class='ocrx_word' id='word_1_783' title='bbox 2558 4029 2613 4077; x_wconf 93' lang='lat' dir='ltr'><strong>et</strong></span> <span class='ocrx_word' id='word_1_784' title='bbox 2639 4023 2727 4092; x_wconf 92' lang='lat' dir='ltr'><strong>qui</strong></span> <span class='ocrx_word' id='word_1_785' title='bbox 2761 4037 2864 4076; x_wconf 90' lang='lat' dir='ltr'><strong>non</strong></span> <span class='ocrx_word' id='word_1_786' title='bbox 2891 4023 3063 4077; x_wconf 90' lang='lat' dir='ltr'><strong>solum</strong></span> <span class='ocrx_word' id='word_1_787' title='bbox 3092 4022 3316 4092; x_wconf 83' lang='lat' dir='ltr'><strong>digitum</strong></span> <span class='ocrx_word' id='word_1_788' title='bbox 3350 4038 3513 4077; x_wconf 89' lang='lat' dir='ltr'><strong>unum</strong></span> <span class='ocrx_word' id='word_1_789' title='bbox 3568 4024 3619 4077; x_wconf 90' lang='lat' dir='ltr'><strong>in</strong></span> <span class='ocrx_word' id='word_1_790' title='bbox 3650 4024 3772 4095; x_wconf 86' lang='lat' dir='ltr'><strong>igne</strong></span> <span class='ocrx_word' id='word_1_791' title='bbox 3799 4029 3869 4081; x_wconf 87' lang='lat' dir='ltr'><strong>ad</strong></span> 
     </span>
    </p>
   </div>
   <div class='ocr_carea' id='block_1_101' title="bbox 2278 4112 3866 4183">
    <p class='ocr_par' dir='ltr' id='par_1_101' title="bbox 2278 4112 3866 4183">
     <span class='ocr_line' id='line_1_101' title="bbox 2278 4112 3866 4183; baseline 0.004 -17"><span class='ocrx_word' id='word_1_792' title='bbox 2278 4112 2551 4183; x_wconf 72' lang='lat' dir='ltr'><strong>modicum</strong></span> <span class='ocrx_word' id='word_1_793' title='bbox 2580 4124 2786 4182; x_wconf 89' lang='lat' dir='ltr'><strong>tenere,</strong></span> <span class='ocrx_word' id='word_1_794' title='bbox 2814 4129 2999 4169; x_wconf 87' lang='lat' dir='ltr'><strong>verum</strong></span> <span class='ocrx_word' id='word_1_795' title='bbox 3034 4117 3199 4169; x_wconf 87' lang='lat' dir='ltr'><strong>etiam</strong></span> <span class='ocrx_word' id='word_1_796' title='bbox 3233 4115 3432 4169; x_wconf 87' lang='lat' dir='ltr'><strong>famem</strong></span> <span class='ocrx_word' id='word_1_797' title='bbox 3461 4130 3525 4170; x_wconf 87' lang='lat' dir='ltr'><strong>ac</strong></span> <span class='ocrx_word' id='word_1_798' title='bbox 3568 4115 3733 4181; x_wconf 88' lang='lat' dir='ltr'><strong>sitint,</strong></span> <span class='ocrx_word' id='word_1_799' title='bbox 3768 4117 3866 4172; x_wconf 85' lang='lat' dir='ltr'><strong>fri-</strong></span> 
     </span>
    </p>
   </div>
   <div class='ocr_carea' id='block_1_102' title="bbox 2276 4203 3869 4274">
    <p class='ocr_par' dir='ltr' id='par_1_102' title="bbox 2276 4203 3869 4274">
     <span class='ocr_line' id='line_1_102' title="bbox 2276 4203 3869 4274; baseline 0.004 -19"><span class='ocrx_word' id='word_1_800' title='bbox 2276 4216 2409 4271; x_wconf 90' lang='lat' dir='ltr'><strong>gora</strong></span> <span class='ocrx_word' id='word_1_801' title='bbox 2439 4203 2524 4259; x_wconf 89' lang='lat' dir='ltr'><strong>vel</strong></span> <span class='ocrx_word' id='word_1_802' title='bbox 2568 4204 2863 4259; x_wconf 87' lang='lat' dir='ltr'><strong>nuditatem</strong></span> <span class='ocrx_word' id='word_1_803' title='bbox 2916 4205 3147 4260; x_wconf 86' lang='lat' dir='ltr'><strong>tolerare</strong></span> <span class='ocrx_word' id='word_1_804' title='bbox 3192 4204 3455 4274; x_wconf 90' lang='lat' dir='ltr'><strong>refugitis,</strong></span> <span class='ocrx_word' id='word_1_805' title='bbox 3511 4214 3587 4258; x_wconf 86' lang='lat' dir='ltr'><strong>tot</strong></span> <span class='ocrx_word' id='word_1_806' title='bbox 3634 4220 3696 4260; x_wconf 89' lang='lat' dir='ltr'><strong>ac</strong></span> <span class='ocrx_word' id='word_1_807' title='bbox 3725 4217 3869 4261; x_wconf 82' lang='lat' dir='ltr'><strong>tanta</strong></span> 
     </span>
    </p>
   </div>
   <div class='ocr_carea' id='block_1_103' title="bbox 2279 4297 3869 4366">
    <p class='ocr_par' dir='ltr' id='par_1_103' title="bbox 2279 4297 3869 4366">
     <span class='ocr_line' id='line_1_103' title="bbox 2279 4297 3869 4366; baseline 0.002 -17"><span class='ocrx_word' id='word_1_808' title='bbox 2279 4310 2403 4365; x_wconf 77' lang='lat' dir='ltr'><strong>qua:</strong></span> <span class='ocrx_word' id='word_1_809' title='bbox 2438 4297 2799 4364; x_wconf 64' lang='lat' dir='ltr'><strong>praemisimus</strong></span> <span class='ocrx_word' id='word_1_810' title='bbox 2848 4298 2901 4350; x_wconf 89' lang='lat' dir='ltr'><strong>in</strong></span> <span class='ocrx_word' id='word_1_811' title='bbox 2932 4307 3249 4366; x_wconf 86' lang='lat' dir='ltr'><strong>perpetuum</strong></span> <span class='ocrx_word' id='word_1_812' title='bbox 3280 4298 3551 4353; x_wconf 87' lang='lat' dir='ltr'><strong>sustinere</strong></span> <span class='ocrx_word' id='word_1_813' title='bbox 3583 4299 3869 4352; x_wconf 82' lang='lat' dir='ltr'><strong>vehemen-</strong></span> 
     </span>
    </p>
   </div>
   <div class='ocr_carea' id='block_1_104' title="bbox 2282 4387 3870 4458">
    <p class='ocr_par' dir='ltr' id='par_1_104' title="bbox 2282 4387 3870 4458">
     <span class='ocr_line' id='line_1_104' title="bbox 2282 4387 3870 4458; baseline 0.002 -17"><span class='ocrx_word' id='word_1_814' title='bbox 2282 4388 2484 4443; x_wconf 85' lang='lat' dir='ltr'><strong>tissime</strong></span> <span class='ocrx_word' id='word_1_815' title='bbox 2537 4398 2802 4457; x_wconf 85' lang='lat' dir='ltr'><strong>paventes</strong></span> <span class='ocrx_word' id='word_1_816' title='bbox 2844 4387 3163 4451; x_wconf 89' lang='lat' dir='ltr'><strong>formidate;</strong></span> <span class='ocrx_word' id='word_1_817' title='bbox 3228 4388 3325 4442; x_wconf 89' lang='lat' dir='ltr'><strong>sed</strong></span> <span class='ocrx_word' id='word_1_818' title='bbox 3383 4402 3483 4442; x_wconf 85' lang='lat' dir='ltr'><strong>nec</strong></span> <span class='ocrx_word' id='word_1_819' title='bbox 3530 4389 3636 4443; x_wconf 91' lang='lat' dir='ltr'><strong>diei</strong></span> <span class='ocrx_word' id='word_1_820' title='bbox 3681 4389 3870 4458; x_wconf 87' lang='lat' dir='ltr'><strong>judicii</strong></span> 
     </span>
    </p>
   </div>
   <div class='ocr_carea' id='block_1_105' title="bbox 2282 4479 3864 4547">
    <p class='ocr_par' dir='ltr' id='par_1_105' title="bbox 2282 4479 3864 4547">
     <span class='ocr_line' id='line_1_105' title="bbox 2282 4479 3864 4547; baseline 0 -14"><span class='ocrx_word' id='word_1_821' title='bbox 2282 4481 2615 4547; x_wconf 83' lang='lat' dir='ltr'><strong>exspectatio</strong></span> <span class='ocrx_word' id='word_1_822' title='bbox 2648 4479 3004 4534; x_wconf 80' lang='lat' dir='ltr'><strong>formidabilis</strong></span> <span class='ocrx_word' id='word_1_823' title='bbox 3043 4494 3073 4532; x_wconf 91' lang='lat' dir='ltr'><strong>a</strong></span> <span class='ocrx_word' id='word_1_824' title='bbox 3108 4481 3367 4534; x_wconf 86' lang='lat' dir='ltr'><strong>memoria</strong></span> <span class='ocrx_word' id='word_1_825' title='bbox 3399 4492 3577 4534; x_wconf 85' lang='lat' dir='ltr'><strong>vestra</strong></span> <span class='ocrx_word' id='word_1_826' title='bbox 3629 4482 3864 4545; x_wconf 87' lang='lat' dir='ltr'><strong>recedat,</strong></span> 
     </span>
    </p>
   </div>
   <div class='ocr_carea' id='block_1_106' title="bbox 2280 4571 3870 4641">
    <p class='ocr_par' dir='ltr' id='par_1_106' title="bbox 2280 4571 3870 4641">
     <span class='ocr_line' id='line_1_106' title="bbox 2280 4571 3870 4641; baseline 0.001 -14"><span class='ocrx_word' id='word_1_827' title='bbox 2280 4574 2325 4627; x_wconf 91' lang='lat' dir='ltr'><strong>si</strong></span> <span class='ocrx_word' id='word_1_828' title='bbox 2382 4573 2693 4641; x_wconf 88' lang='lat' dir='ltr'><strong>quomodo,</strong></span> <span class='ocrx_word' id='word_1_829' title='bbox 2747 4572 2985 4627; x_wconf 83' lang='lat' dir='ltr'><strong>donante</strong></span> <span class='ocrx_word' id='word_1_830' title='bbox 3036 4571 3260 4628; x_wconf 91' lang='lat' dir='ltr'><strong>Domino</strong></span> <span class='ocrx_word' id='word_1_831' title='bbox 3304 4571 3431 4627; x_wconf 67' lang='lat' dir='ltr'><strong>Jmu</strong></span> <span class='ocrx_word' id='word_1_832' title='bbox 3477 4573 3733 4639; x_wconf 87' lang='lat' dir='ltr'><strong>Christo,</strong></span> <span class='ocrx_word' id='word_1_833' title='bbox 3801 4578 3870 4629; x_wconf 93' lang='lat' dir='ltr'><strong>ab</strong></span> 
     </span>
    </p>
   </div>
   <div class='ocr_carea' id='block_1_107' title="bbox 2280 4663 3869 4733">
    <p class='ocr_par' dir='ltr' id='par_1_107' title="bbox 2280 4663 3869 4733">
     <span class='ocr_line' id='line_1_107' title="bbox 2280 4663 3869 4733; baseline 0.002 -15"><span class='ocrx_word' id='word_1_834' title='bbox 2280 4680 2465 4720; x_wconf 90' lang='lat' dir='ltr'><strong>amore</strong></span> <span class='ocrx_word' id='word_1_835' title='bbox 2517 4664 2795 4733; x_wconf 63' lang='lat' dir='ltr'><strong>prmsentis</strong></span> <span class='ocrx_word' id='word_1_836' title='bbox 2826 4663 3007 4718; x_wconf 61' lang='lat' dir='ltr'><strong>seculi</strong></span> <span class='ocrx_word' id='word_1_837' title='bbox 3054 4664 3283 4720; x_wconf 89' lang='lat' dir='ltr'><strong>intentio</strong></span> <span class='ocrx_word' id='word_1_838' title='bbox 3313 4676 3491 4722; x_wconf 89' lang='lat' dir='ltr'><strong>vestra</strong></span> <span class='ocrx_word' id='word_1_839' title='bbox 3541 4669 3709 4721; x_wconf 88' lang='lat' dir='ltr'><strong>semel</strong></span> <span class='ocrx_word' id='word_1_840' title='bbox 3755 4669 3869 4721; x_wconf 81' lang='lat' dir='ltr'><strong>dis-</strong></span> 
     </span>
    </p>
   </div>
   <div class='ocr_carea' id='block_1_108' title="bbox 2274 4756 3867 4829">
    <p class='ocr_par' dir='ltr' id='par_1_108' title="bbox 2274 4756 3867 4829">
     <span class='ocr_line' id='line_1_108' title="bbox 2274 4756 3867 4829; baseline 0.003 -22"><span class='ocrx_word' id='word_1_841' title='bbox 2274 4756 2483 4826; x_wconf 71' lang='lat' dir='ltr'><strong>jungat.</strong></span> <span class='ocrx_word' id='word_1_842' title='bbox 2540 4757 2617 4810; x_wconf 90' lang='lat' dir='ltr'><strong>De</strong></span> <span class='ocrx_word' id='word_1_843' title='bbox 2667 4757 2758 4811; x_wconf 90' lang='lat' dir='ltr'><strong>illo</strong></span> <span class='ocrx_word' id='word_1_844' title='bbox 2793 4757 2995 4811; x_wconf 90' lang='lat' dir='ltr'><strong>etenim</strong></span> <span class='ocrx_word' id='word_1_845' title='bbox 3047 4757 3136 4812; x_wconf 88' lang='lat' dir='ltr'><strong>die</strong></span> <span class='ocrx_word' id='word_1_846' title='bbox 3186 4759 3449 4827; x_wconf 84' lang='lat' dir='ltr'><strong>scriptum</strong></span> <span class='ocrx_word' id='word_1_847' title='bbox 3501 4757 3554 4814; x_wconf 90' lang='lat' dir='ltr'><strong>in</strong></span> <span class='ocrx_word' id='word_1_848' title='bbox 3609 4760 3867 4829; x_wconf 78' lang='lat' dir='ltr'><strong>propheta</strong></span> 
     </span>
    </p>
   </div>
   <div class='ocr_carea' id='block_1_109' title="bbox 2281 4846 3868 4916">
    <p class='ocr_par' dir='ltr' id='par_1_109' title="bbox 2281 4846 3868 4916">
     <span class='ocr_line' id='line_1_109' title="bbox 2281 4846 3868 4916; baseline 0.003 -15"><span class='ocrx_word' id='word_1_849' title='bbox 2281 4850 2503 4915; x_wconf 88' lang='lat' dir='ltr'><strong>legimus</strong></span> <span class='ocrx_word' id='word_1_850' title='bbox 2536 4864 2549 4900; x_wconf 91' lang='lat'><strong>:</strong></span> <span class='ocrx_word' id='word_1_851' title='bbox 2578 4846 2742 4901; x_wconf 75' lang='lat' dir='ltr'><strong>Juxta</strong></span> <span class='ocrx_word' id='word_1_852' title='bbox 2768 4858 2839 4903; x_wconf 90' lang='lat' dir='ltr'><strong>est</strong></span> <span class='ocrx_word' id='word_1_853' title='bbox 2870 4848 2979 4902; x_wconf 88' lang='lat' dir='ltr'><strong>dies</strong></span> <span class='ocrx_word' id='word_1_854' title='bbox 3014 4847 3243 4916; x_wconf 88' lang='lat' dir='ltr'><strong>Domini,</strong></span> <span class='ocrx_word' id='word_1_855' title='bbox 3272 4852 3421 4915; x_wconf 78' lang='lat' dir='ltr'><strong>iuxta</strong></span> <span class='ocrx_word' id='word_1_856' title='bbox 3452 4860 3497 4901; x_wconf 91' lang='lat' dir='ltr'><strong>et</strong></span> <span class='ocrx_word' id='word_1_857' title='bbox 3524 4850 3673 4904; x_wconf 73' lang='lat' dir='ltr'><strong>velox</strong></span> <span class='ocrx_word' id='word_1_858' title='bbox 3694 4851 3868 4905; x_wconf 81' lang='lat' dir='ltr'><strong>nimis.</strong></span> 
     </span>
    </p>
   </div>
   <div class='ocr_carea' id='block_1_110' title="bbox 2290 4938 3866 5014">
    <p class='ocr_par' dir='ltr' id='par_1_110' title="bbox 2290 4938 3866 5014">
     <span class='ocr_line' id='line_1_110' title="bbox 2290 4938 3866 5014; baseline 0.002 -20"><span class='ocrx_word' id='word_1_859' title='bbox 2290 4940 2403 4995; x_wconf 75' lang='lat' dir='ltr'><strong>Vos:</strong></span> <span class='ocrx_word' id='word_1_860' title='bbox 2430 4941 2532 4994; x_wconf 90' lang='lat' dir='ltr'><strong>diei</strong></span> <span class='ocrx_word' id='word_1_861' title='bbox 2553 4938 2765 4994; x_wconf 88' lang='lat' dir='ltr'><strong>Domini</strong></span> <span class='ocrx_word' id='word_1_862' title='bbox 2803 4956 3006 5007; x_wconf 88' lang='lat' dir='ltr'><strong>amara,</strong></span> <span class='ocrx_word' id='word_1_863' title='bbox 3050 4941 3374 4995; x_wconf 85' lang='lat' dir='ltr'><strong>tribulabitur</strong></span> <span class='ocrx_word' id='word_1_864' title='bbox 3412 4942 3483 4995; x_wconf 90' lang='lat' dir='ltr'><strong>ibi</strong></span> <span class='ocrx_word' id='word_1_865' title='bbox 3508 4944 3654 5013; x_wconf 80' lang='lat' dir='ltr'><strong>fertis</strong></span> <span class='ocrx_word' id='word_1_866' title='bbox 3677 4944 3866 5014; x_wconf 77' lang='lat' dir='ltr'><strong>(Sapit.</strong></span> 
     </span>
    </p>
   </div>
   <div class='ocr_carea' id='block_1_111' title="bbox 2282 5035 3899 5109">
    <p class='ocr_par' dir='ltr' id='par_1_111' title="bbox 2282 5035 3899 5109">
     <span class='ocr_line' id='line_1_111' title="bbox 2282 5035 3899 5109; baseline 0.001 -20"><span class='ocrx_word' id='word_1_867' title='bbox 2282 5051 2321 5100; x_wconf 86' lang='grc' dir='ltr'><strong>ι,</strong></span> <span class='ocrx_word' id='word_1_868' title='bbox 2364 5035 2473 5106; x_wconf 76' lang='grc'><strong>1-1).</strong></span> <span class='ocrx_word' id='word_1_869' title='bbox 2510 5036 2633 5089; x_wconf 85' lang='lat' dir='ltr'><strong>Dies</strong></span> <span class='ocrx_word' id='word_1_870' title='bbox 2663 5036 2755 5089; x_wconf 64' lang='lat' dir='ltr'><strong>irae</strong></span> <span class='ocrx_word' id='word_1_871' title='bbox 2786 5035 2904 5089; x_wconf 89' lang='lat' dir='ltr'><strong>dies</strong></span> <span class='ocrx_word' id='word_1_872' title='bbox 2939 5036 3049 5099; x_wconf 85' lang='lat' dir='ltr'><strong>illa,</strong></span> <span class='ocrx_word' id='word_1_873' title='bbox 3080 5037 3196 5091; x_wconf 90' lang='lat' dir='ltr'><strong>dies</strong></span> <span class='ocrx_word' id='word_1_874' title='bbox 3230 5038 3590 5093; x_wconf 87' lang='lat' dir='ltr'><strong>tribulationis</strong></span> <span class='ocrx_word' id='word_1_875' title='bbox 3618 5049 3671 5093; x_wconf 89' lang='lat' dir='ltr'><strong>et</strong></span> <span class='ocrx_word' id='word_1_876' title='bbox 3702 5054 3899 5109; x_wconf 32' lang='lat' dir='ltr'><strong>angit-1</strong></span> 
     </span>
    </p>
   </div>
   <div class='ocr_carea' id='block_1_112' title="bbox 2280 5127 3871 5196">
    <p class='ocr_par' dir='ltr' id='par_1_112' title="bbox 2280 5127 3871 5196">
     <span class='ocr_line' id='line_1_112' title="bbox 2280 5127 3871 5196; baseline 0.003 -13"><span class='ocrx_word' id='word_1_877' title='bbox 2280 5128 2419 5194; x_wconf 67' lang='lat' dir='ltr'><strong>stim,</strong></span> <span class='ocrx_word' id='word_1_878' title='bbox 2452 5127 2568 5182; x_wconf 89' lang='lat' dir='ltr'><strong>dies</strong></span> <span class='ocrx_word' id='word_1_879' title='bbox 2607 5128 2931 5182; x_wconf 88' lang='lat' dir='ltr'><strong>calamitatis</strong></span> <span class='ocrx_word' id='word_1_880' title='bbox 2972 5139 3026 5183; x_wconf 91' lang='lat' dir='ltr'><strong>et</strong></span> <span class='ocrx_word' id='word_1_881' title='bbox 3056 5130 3321 5196; x_wconf 68' lang='lat' dir='ltr'><strong>miseriae,</strong></span> <span class='ocrx_word' id='word_1_882' title='bbox 3368 5132 3483 5185; x_wconf 91' lang='lat' dir='ltr'><strong>dies</strong></span> <span class='ocrx_word' id='word_1_883' title='bbox 3533 5134 3871 5187; x_wconf 81' lang='lat' dir='ltr'><strong>tenebrarum</strong></span> 
     </span>
    </p>
   </div>
   <div class='ocr_carea' id='block_1_113' title="bbox 2281 5221 3911 5291">
    <p class='ocr_par' dir='ltr' id='par_1_113' title="bbox 2281 5221 3911 5291">
     <span class='ocr_line' id='line_1_113' title="bbox 2281 5221 3911 5291; baseline 0.002 -16"><span class='ocrx_word' id='word_1_884' title='bbox 2281 5230 2335 5276; x_wconf 89' lang='lat' dir='ltr'><strong>et</strong></span> <span class='ocrx_word' id='word_1_885' title='bbox 2371 5221 2633 5291; x_wconf 85' lang='lat' dir='ltr'><strong>caliginis,</strong></span> <span class='ocrx_word' id='word_1_886' title='bbox 2663 5222 2779 5275; x_wconf 87' lang='lat' dir='ltr'><strong>dies</strong></span> <span class='ocrx_word' id='word_1_887' title='bbox 2822 5221 3034 5276; x_wconf 70' lang='lat' dir='ltr'><strong>nebula:</strong></span> <span class='ocrx_word' id='word_1_888' title='bbox 3081 5234 3133 5277; x_wconf 88' lang='lat' dir='ltr'><strong>et</strong></span> <span class='ocrx_word' id='word_1_889' title='bbox 3188 5224 3433 5289; x_wconf 87' lang='lat' dir='ltr'><strong>turbinis,</strong></span> <span class='ocrx_word' id='word_1_890' title='bbox 3468 5224 3581 5279; x_wconf 89' lang='lat' dir='ltr'><strong>dies</strong></span> <span class='ocrx_word' id='word_1_891' title='bbox 3632 5227 3775 5278; x_wconf 81' lang='lat' dir='ltr'><strong>tubae</strong></span> <span class='ocrx_word' id='word_1_892' title='bbox 3822 5226 3911 5279; x_wconf 65' lang='lat' dir='ltr'><strong>et‘</strong></span> 
     </span>
    </p>
   </div>
   <div class='ocr_carea' id='block_1_114' title="bbox 2282 5312 3873 5384">
    <p class='ocr_par' dir='ltr' id='par_1_114' title="bbox 2282 5312 3873 5384">
     <span class='ocr_line' id='line_1_114' title="bbox 2282 5312 3873 5384; baseline -0.004 -15"><span class='ocrx_word' id='word_1_893' title='bbox 2282 5314 2573 5381; x_wconf 73' lang='lat' dir='ltr'><strong>clangoris.</strong></span> <span class='ocrx_word' id='word_1_894' title='bbox 2626 5314 2700 5367; x_wconf 86' lang='lat' dir='ltr'><strong>De</strong></span> <span class='ocrx_word' id='word_1_895' title='bbox 2728 5312 2815 5367; x_wconf 83' lang='lat' dir='ltr'><strong>die</strong></span> <span class='ocrx_word' id='word_1_896' title='bbox 2861 5313 2951 5368; x_wconf 90' lang='lat' dir='ltr'><strong>illa</strong></span> <span class='ocrx_word' id='word_1_897' title='bbox 2983 5329 3080 5384; x_wconf 91' lang='lat' dir='ltr'><strong>per</strong></span> <span class='ocrx_word' id='word_1_898' title='bbox 3111 5314 3324 5369; x_wconf 86' lang='lat' dir='ltr'><strong>Petrum</strong></span> <span class='ocrx_word' id='word_1_899' title='bbox 3363 5315 3557 5369; x_wconf 89' lang='lat' dir='ltr'><strong>dicitur</strong></span> <span class='ocrx_word' id='word_1_900' title='bbox 3589 5333 3602 5368; x_wconf 93' lang='lat'><strong>:</strong></span> <span class='ocrx_word' id='word_1_901' title='bbox 3636 5319 3873 5369; x_wconf 70' lang='grc' dir='ltr'><strong>Αάυεηῑσι</strong></span> 
     </span>
    </p>
   </div>
   <div class='ocr_carea' id='block_1_115' title="bbox 2282 5406 3877 5477">
    <p class='ocr_par' dir='ltr' id='par_1_115' title="bbox 2282 5406 3877 5477">
     <span class='ocr_line' id='line_1_115' title="bbox 2282 5406 3877 5477; baseline 0 -16"><span class='ocrx_word' id='word_1_902' title='bbox 2282 5409 2390 5461; x_wconf 89' lang='lat' dir='ltr'><strong>dies</strong></span> <span class='ocrx_word' id='word_1_903' title='bbox 2414 5406 2622 5459; x_wconf 89' lang='lat' dir='ltr'><strong>Domini</strong></span> <span class='ocrx_word' id='word_1_904' title='bbox 2662 5416 2717 5459; x_wconf 92' lang='lat' dir='ltr'><strong><em>ut</em></strong></span> <span class='ocrx_word' id='word_1_905' title='bbox 2757 5407 2862 5475; x_wconf 79' lang='lat' dir='ltr'><strong>fur,</strong></span> <span class='ocrx_word' id='word_1_906' title='bbox 2889 5408 2945 5460; x_wconf 89' lang='lat' dir='ltr'><strong>in</strong></span> <span class='ocrx_word' id='word_1_907' title='bbox 2983 5425 3083 5475; x_wconf 90' lang='lat' dir='ltr'><strong>qua</strong></span> <span class='ocrx_word' id='word_1_908' title='bbox 3108 5408 3220 5461; x_wconf 74' lang='lat' dir='ltr'><strong>coeli</strong></span> <span class='ocrx_word' id='word_1_909' title='bbox 3267 5424 3453 5477; x_wconf 84' lang='lat' dir='ltr'><strong>magno</strong></span> <span class='ocrx_word' id='word_1_910' title='bbox 3488 5411 3679 5475; x_wconf 85' lang='lat' dir='ltr'><strong>impetu</strong></span> <span class='ocrx_word' id='word_1_911' title='bbox 3711 5420 3877 5462; x_wconf 84' lang='lat' dir='ltr'><strong>trans-</strong></span> 
     </span>
    </p>
   </div>
   <div class='ocr_carea' id='block_1_116' title="bbox 2283 5498 3871 5571">
    <p class='ocr_par' dir='ltr' id='par_1_116' title="bbox 2283 5498 3871 5571">
     <span class='ocr_line' id='line_1_116' title="bbox 2283 5498 3871 5571; baseline 0.001 -20"><span class='ocrx_word' id='word_1_912' title='bbox 2283 5498 2407 5564; x_wconf 88' lang='lat' dir='ltr'><strong>ient,</strong></span> <span class='ocrx_word' id='word_1_913' title='bbox 2436 5499 2681 5553; x_wconf 89' lang='lat' dir='ltr'><strong>elementa</strong></span> <span class='ocrx_word' id='word_1_914' title='bbox 2710 5515 2827 5551; x_wconf 86' lang='lat' dir='ltr'><strong>vero</strong></span> <span class='ocrx_word' id='word_1_915' title='bbox 2852 5498 3024 5553; x_wconf 78' lang='lat' dir='ltr'><strong>calore</strong></span> <span class='ocrx_word' id='word_1_916' title='bbox 3068 5500 3321 5553; x_wconf 88' lang='lat' dir='ltr'><strong>solventur</strong></span> <span class='ocrx_word' id='word_1_917' title='bbox 3344 5499 3427 5571; x_wconf 87' lang='lat' dir='ltr'><strong>(Il</strong></span> <span class='ocrx_word' id='word_1_918' title='bbox 3456 5500 3599 5554; x_wconf 87' lang='lat' dir='ltr'><strong>Petr.</strong></span> <span class='ocrx_word' id='word_1_919' title='bbox 3650 5517 3725 5562; x_wconf 81' lang='grc' dir='ltr'>ιιι.</span> <span class='ocrx_word' id='word_1_920' title='bbox 3764 5501 3871 5569; x_wconf 65' lang='grc'><strong>11)).</strong></span> 
     </span>
    </p>
   </div>
   <div class='ocr_carea' id='block_1_117' title="bbox 2286 5590 3869 5663">
    <p class='ocr_par' dir='ltr' id='par_1_117' title="bbox 2286 5590 3869 5663">
     <span class='ocr_line' id='line_1_117' title="bbox 2286 5590 3869 5663; baseline -0.001 -18"><span class='ocrx_word' id='word_1_921' title='bbox 2286 5590 2421 5645; x_wconf 86' lang='lat' dir='ltr'><strong>llint:</strong></span> <span class='ocrx_word' id='word_1_922' title='bbox 2444 5590 2725 5645; x_wconf 84' lang='lat' dir='ltr'><strong>Psalmista</strong></span> <span class='ocrx_word' id='word_1_923' title='bbox 2754 5591 2827 5644; x_wconf 90' lang='lat' dir='ltr'><strong>ait</strong></span> <span class='ocrx_word' id='word_1_924' title='bbox 2860 5608 2871 5642; x_wconf 90' lang='lat'><strong>:</strong></span> <span class='ocrx_word' id='word_1_925' title='bbox 2906 5591 3055 5661; x_wconf 80' lang='lat' dir='ltr'><strong>Ignis</strong></span> <span class='ocrx_word' id='word_1_926' title='bbox 3103 5591 3158 5645; x_wconf 89' lang='lat' dir='ltr'><strong>in</strong></span> <span class='ocrx_word' id='word_1_927' title='bbox 3188 5603 3461 5663; x_wconf 85' lang='lat' dir='ltr'><strong>conspectu</strong></span> <span class='ocrx_word' id='word_1_928' title='bbox 3497 5593 3607 5661; x_wconf 86' lang='lat' dir='ltr'><strong>ejus</strong></span> <span class='ocrx_word' id='word_1_929' title='bbox 3649 5592 3869 5656; x_wconf 85' lang='lat' dir='ltr'><strong>ardebit,</strong></span> 
     </span>
    </p>
   </div>
   <div class='ocr_carea' id='block_1_118' title="bbox 2285 5682 3872 5755">
    <p class='ocr_par' dir='ltr' id='par_1_118' title="bbox 2285 5682 3872 5755">
     <span class='ocr_line' id='line_1_118' title="bbox 2285 5682 3872 5755; baseline -0.001 -19"><span class='ocrx_word' id='word_1_930' title='bbox 2285 5694 2331 5736; x_wconf 90' lang='lat' dir='ltr'><strong>et</strong></span> <span class='ocrx_word' id='word_1_931' title='bbox 2363 5684 2414 5737; x_wconf 89' lang='lat' dir='ltr'><strong>in</strong></span> <span class='ocrx_word' id='word_1_932' title='bbox 2450 5684 2665 5736; x_wconf 88' lang='lat' dir='ltr'><strong>circuitu</strong></span> <span class='ocrx_word' id='word_1_933' title='bbox 2704 5686 2816 5753; x_wconf 87' lang='lat' dir='ltr'><strong>ejus</strong></span> <span class='ocrx_word' id='word_1_934' title='bbox 2851 5693 3125 5753; x_wconf 78' lang='lat' dir='ltr'><strong>tempestas</strong></span> <span class='ocrx_word' id='word_1_935' title='bbox 3167 5684 3337 5742; x_wconf 79' lang='lat' dir='ltr'><strong>valida</strong></span> <span class='ocrx_word' id='word_1_936' title='bbox 3368 5682 3541 5755; x_wconf 88' lang='lat' dir='ltr'><strong>(Psal.</strong></span> <span class='ocrx_word' id='word_1_937' title='bbox 3599 5699 3761 5748; x_wconf 71' lang='lat' dir='ltr'><strong>XLIX,</strong></span> <span class='ocrx_word' id='word_1_938' title='bbox 3795 5682 3872 5752; x_wconf 80' lang='grc'><strong>2).</strong></span> 
     </span>
    </p>
   </div>
   <div class='ocr_carea' id='block_1_119' title="bbox 2290 5775 3874 5847">
    <p class='ocr_par' dir='ltr' id='par_1_119' title="bbox 2290 5775 3874 5847">
     <span class='ocr_line' id='line_1_119' title="bbox 2290 5775 3874 5847; baseline -0.001 -17"><span class='ocrx_word' id='word_1_939' title='bbox 2290 5776 2421 5831; x_wconf 84' lang='lat' dir='ltr'><strong>Ilinc</strong></span> <span class='ocrx_word' id='word_1_940' title='bbox 2469 5777 2724 5846; x_wconf 85' lang='lat' dir='ltr'><strong>propheta</strong></span> <span class='ocrx_word' id='word_1_941' title='bbox 2776 5793 2837 5831; x_wconf 76' lang='lat' dir='ltr'><strong>es</strong></span> <span class='ocrx_word' id='word_1_942' title='bbox 2892 5777 3087 5845; x_wconf 88' lang='lat' dir='ltr'><strong>judicis</strong></span> <span class='ocrx_word' id='word_1_943' title='bbox 3144 5778 3310 5833; x_wconf 87' lang='lat' dir='ltr'><strong>nostri</strong></span> <span class='ocrx_word' id='word_1_944' title='bbox 3363 5792 3592 5847; x_wconf 84' lang='lat' dir='ltr'><strong>persona</strong></span> <span class='ocrx_word' id='word_1_945' title='bbox 3642 5775 3874 5847; x_wconf 82' lang='lat' dir='ltr'><strong>loquitur</strong></span> 
     </span>
    </p>
   </div>
  </div>
