4090 6420
222 398 360 452 1959

1435 405 1665 460 SEIUIO
1709 405 1794 460 DE
1841 406 2277 464 (ZUPIDITATE.

3357 419 3497 474 1290

210 515 436 569 dicens:
471 512 722 582 Exspecta
752 531 855 580 me,
882 518 1004 570 dicit
1037 515 1306 585 Dominus,
1338 522 1387 572 in
1428 522 1510 573 die
1560 537 1793 573 resurre-
1824 527 1872 579 Α
1902 522 2039 574 viam
2080 526 2335 579 ostendit.
2368 524 2603 591 Quaerite
2651 541 2743 580 vos
2778 528 2991 581 tertiam
3025 530 3201 586 sicubi
3253 533 3495 588 invenire

210 608 393 661 ctionis
422 623 546 660 mea:
593 608 646 660 in
677 613 933 677 futurum,
963 613 1081 678 quia
1102 613 1356 683 judicium
1393 631 1557 667 meum
1593 624 1643 667 ut
1687 632 1807 669 con-

208 712 412 766 gregem
432 705 602 764 gentes
622 705 668 749 et
694 698 934 767 colligam
971 715 1153 770 regna,
1180 711 1233 754 ut
1254 703 1329 766 e/f
1328 704 1515 757 undam
1538 720 1691 773 super
1724 722 1828 778 εει,⁸

211 788 613 858 indignationem
643 804 804 841 meam
849 801 895 842 et
945 808 1146 844 omnem
1193 795 1321 845 iram
1348 796 1543 862 furoris
1583 797 1721 860 mei;
1754 798 1805 849 in

208 877 329 943 igne
367 878 499 929 enim
525 877 621 930 zeli
658 879 755 930 mei
781 879 1106 934 deuorabitur
1132 884 1297 935 omnis
1323 894 1459 938 terra
1500 885 1690 955 (Sapit.
1726 903 1804 955 ιιι,

210 965 289 1034 8).
329 966 465 1020 Ecce
509 967 705 1019 etenim
738 969 835 1033 ira,
870 970 1146 1025 tribulatio
1177 985 1230 1027 et
1282 978 1554 1044 angustia,
1586 978 1805 1030 calami-

211 1066 293 1111 tas
321 1064 374 1109 et
405 1056 642 1119 miseria,
676 1058 916 1113 tenebrze
945 1070 996 1114 et
1042 1060 1234 1131 caligo,
1264 1062 1474 1117 nebulae
1520 1072 1572 1118 et
1618 1065 1800 1130 turbo,

211 1146 338 1198 tuba
370 1155 421 1199 et
450 1145 690 1213 clangor,
727 1146 865 1216 ignis
893 1150 1157 1204 elementa
1209 1165 1557 1216 consumens,
1594 1162 1801 1223 tempe-

210 1247 325 1290 stas
355 1237 529 1291 valida
580 1251 769 1292 cuncta
820 1241 1130 1298 devastans.
1168 1243 1247 1297 Ira
1293 1244 1495 1313 judicis
1547 1248 1802 1301 intolera-

212 1326 358 1391 bilis,
410 1326 560 1381 furor
606 1328 986 1397 importabilis,
1024 1345 1075 1387 et
1108 1335 1226 1403 quis
1278 1347 1619 1405 peccatorum
1673 1341 1798 1394 talia

212 1433 324 1470 non
357 1420 731 1485 pertimescat?
772 1422 827 1476 Si
876 1422 1092 1489 Paulus,
1126 1437 1430 1481 sanctorum
1483 1429 1696 1484 labores
1742 1441 1801 1486 et

208 1509 439 1562 virtutes
484 1524 814 1579 exsuperans
843 1554 858 1576 ,
912 1514 1033 1568 talia
1078 1513 1436 1582 formidabat,
1493 1521 1606 1588 ipse
1654 1523 1797 1576 enim

206 1599 593 1654 tremebundus
613 1603 837 1656 clamat:
860 1603 1119 1659 Terribilis
1142 1617 1213 1660 est
1238 1611 1472 1678 quaedam
1494 1616 1817 1681 exspectatio

200 1687 391 1756 judicii
435 1702 481 1745 et
524 1693 659 1763 ignis
686 1696 962 1760 mulatio,
989 1714 1102 1763 qua:
1128 1711 1488 1771 consumptum
1509 1713 1582 1754 est
1609 1704 1800 1757 adver-

204 1779 392 1834 sarios.
437 1780 771 1836 Harrendum
796 1797 869 1839 est
895 1788 1124 1843 incidere
1164 1792 1215 1842 in
1256 1808 1439 1844 manus
1466 1790 1561 1845 Dei
1589 1795 1797 1847 viventi.-

1919 612 2178 679 potestis,
2219 626 2274 669 et
2310 615 2584 671 ambulate
2632 628 2789 686 atque
2829 618 3026 674 intrate
3074 638 3165 689 per
3195 638 3335 679 eam.
3388 626 3494 680 Sed

1911 703 2079 757 nolite
2130 719 2222 757 vos
2266 706 2473 773 fallere,
2522 720 2626 759 non
2678 716 2761 761 est
2808 710 3060 777 amplius,
3095 727 3199 765 non
3249 728 3496 784 superest

1906 789 2008 843 alia
2056 792 2122 845 ad
2152 794 2330 857 vitam,
2371 795 2566 849 intrate
2614 811 2710 864 per
2739 811 2879 851 eam.
2925 800 3085 852 Arcta
3130 803 3274 856 enim
3332 805 3410 856 vit
3440 816 3498 860 et

1906 894 2129 949 augusta
2176 894 2323 948 porta
2355 884 2700 939 saecularibus
2727 886 2857 940 viris
2896 897 2978 941 est
3020 891 3191 944 aliena
3222 908 3327 946 non
3363 908 3494 948 con-

1907 971 2208 1037 cupiscere,
2266 989 2370 1026 non
2424 973 2585 1034 furto,
2640 990 2744 1028 non
2796 976 2999 1041 fraude,
3047 996 3151 1032 non
3185 982 3486 1045 mendacio,

1906 1075 2012 1123 non
2046 1061 2300 1129 periurio,
2336 1079 2441 1116 non
2475 1064 2607 1117 falso
2635 1067 2961 1131 testimonio,
2989 1084 3092 1120 non
3126 1074 3367 1141 praemio,
3405 1077 3486 1128 \el

1904 1151 2147 1219 qualibet
2194 1154 2522 1208 salutatione
2575 1155 2879 1223 praeripere,
2934 1159 3164 1225 propriis
3216 1162 3489 1218 laboribus

1906 1256 1969 1294 ac
2011 1242 2168 1310 justis
2200 1244 2462 1297 redi-tibus
2505 1256 2819 1301 contentum
2848 1264 2988 1303 esse.
3038 1253 3150 1306 Non
3186 1254 3302 1321 plus
3332 1272 3492 1326 quam

1905 1333 2062 1386 unius
2088 1335 2279 1387 anima:
2307 1334 2471 1403 exigit
2500 1337 2789 1406 indigentia
2821 1355 3168 1412 congregare,
3199 1347 3359 1401 nullis
3393 1349 3493 1403 nisi

1900 1428 2131 1494 propria:
2174 1427 2355 1481 uxoris
2396 1429 2697 1484 concubitis
2731 1431 2964 1499 misceri,
3010 1449 3039 1487 a
3086 1439 3298 1505 propria
3323 1440 3491 1494 etiam

1897 1517 2130 1585 conjuge
2200 1518 2399 1573 illicitis
2458 1522 2788 1588 temporibus
2859 1524 3171 1590 abstinere,
3231 1527 3489 1583 indicmm

1903 1622 2116 1678 quoque
2164 1612 2596 1681 Quadragesimre
2645 1614 2853 1670 dierum
2906 1617 3172 1687 jejunium
3227 1622 3486 1679 illibatum

1903 1701 2212 1770 observare,
2257 1705 2578 1772 spectaculis
2629 1707 2813 1759 mundi
2863 1710 3196 1775 postpositis,
3244 1712 3488 1766 eeclesim

1908 1791 2179 1848 liminibus
2226 1797 2496 1861 insistere,
2543 1806 2789 1866 sumptus
2830 1800 3209 1854 alimoniarum
3256 1819 3365 1856 nou
3423 1808 3492 1858 ad

204 1869 366 1941 (lleb.
399 1888 452 1938 x,
474 1872 564 1941 27,
599 1877 714 1946 51).
745 1878 817 1931 lbi
842 1890 987 1933 certe
1008 1881 1072 1933 ad
1102 1880 1388 1935 vindictam
1418 1885 1678 1937 malorum
1712 1885 1793 1938 in—
1833 1872 1871 1928 Β
1901 1887 2251 1953 voluptatem,
2286 1890 2379 1944 sed
2429 1892 2496 1944 ad
2545 1894 2922 1947 necessitatem
2973 1898 3149 1950 carnis
3176 1900 3488 1968 percipere;

205 1964 555 2019 numerabilis
580 1969 857 2035 apparebit
885 1970 1168 2025 multitudo
1192 1975 1525 2042 angelorum,
1561 1982 1618 2029 et
1641 1977 1794 2032 ccelis

203 2065 268 2104 ac
295 2057 450 2108 terris
482 2056 809 2124 ardentibus,
842 2062 1067 2116 Domino
1094 2078 1307 2132 quoque
1338 2075 1503 2134 atque
1531 2070 1792 2134 apostolis

199 2145 641 2214 consedentibus,
675 2150 944 2217 separabit
991 2153 1163 2205 malos
1190 2153 1257 2207 tle
1288 2155 1466 2208 medio
1498 2157 1789 2225 justorum,

203 2242 256 2287 et
281 2237 681 2303 quodammodo
729 2240 989 2296 zizaniam
1040 2260 1069 2298 a
1102 2245 1275 2300 tritico
1304 2260 1638 2316 separantes,
1669 2251 1790 2305 aili-

202 2326 410 2396 gabunt
442 2328 719 2386 fasciculos
747 2334 811 2387 ad
860 2335 1305 2401 comburendum,
1331 2339 1458 2393 dum
1501 2356 1658 2409 pares
1700 2360 1790 2411 pa-

203 2418 380 2485 ribus,
408 2420 459 2471 id
486 2429 569 2475 est
598 2438 787 2479 avaros
814 2440 938 2481 cum
968 2430 1164 2493 avaris,
1197 2430 1466 2485 adulteros
1488 2447 1608 2486 cum
1640 2435 1790 2488 adul-

202 2506 355 2573 teris,
411 2508 707 2564 homicidas
755 2529 876 2567 cum
929 2514 1241 2583 homicidis,
1286 2519 1639 2577 fornicatores
1667 2539 1789 2579 cum

201 2598 638 2666 fornicatoribus,
684 2606 826 2660 fures
874 2622 992 2661 cum
1024 2610 1254 2677 furibus,
1282 2624 1523 2681 raptores
1553 2631 1673 2671 cum
1706 2634 1791 2672 ra—

202 2690 465 2757 ptoribus,
500 2694 784 2749 mendaces
814 2713 934 2751 cum
982 2702 1352 2771 mendacibus,
1385 2708 1637 2775 perjuros
1668 2725 1789 2764 cum

203 2779 432 2848 periuris
463 2822 478 2846 ,
537 2798 756 2839 Voraces
801 2801 920 2841 cum
982 2793 1265 2846 voracibus
1296 2837 1309 2857 ,
1371 2798 1616 2852 ebriosos
1668 2815 1787 2854 cum

200 2872 445 2936 ebriosis,
468 2874 640 2928 elatos
660 2889 777 2929 cum
796 2879 968 2943 elatis,
987 2883 1248 2949 superbos
1275 2900 1395 2939 cum
1426 2889 1671 2951 superbis
1693 2905 1789 2959 ap-

203 2963 436 3016 taverint
454 2974 611 3033 atque
627 2968 1021 3036 coniunxerint,
1044 2983 1097 3025 ut
1124 2990 1219 3042 par
1236 2974 1307 3028 ibi
1334 2977 1403 3029 sit
1426 2992 1647 3032 manens
1664 2995 1790 3050 sup-

202 3052 445 3119 plicium,
473 3071 698 3124 quorum
728 3060 778 3112 in
806 3060 903 3115 hac
931 3062 1033 3115 vita
1060 3078 1154 3128 par
1176 3068 1380 3121 exstitit
1409 3074 1786 3139 conservatio;

201 3142 295 3195 scd
326 3158 426 3198 nec
455 3146 596 3199 ullus
626 3151 726 3202 erit
747 3151 956 3206 reditus
977 3155 1043 3205 ad
1075 3156 1284 3209 veniam
1310 3159 1609 3227 ultra,quia
1638 3162 1785 3217 ibunt

203 3234 254 3287 in
285 3237 598 3303 supplicium
627 3249 907 3305 aeternum,
946 3259 1044 3298 nec
1069 3247 1320 3312 precibus
1344 3250 1473 3303 iram
1496 3252 1694 3319 judicis
1718 3257 1785 3310 ad

200 3324 624 3380 misericordiam
676 3330 867 3400 aliquis
897 3332 1115 3401 flectet;
1167 3340 1287 3407 quia
1319 3342 1568 3396 omnibus
1595 3359 1789 3400 secun-

202 3419 325 3470 dum
351 3432 512 3482 mera
543 3421 748 3487 reddet,
781 3435 833 3477 et
864 3426 1077 3493 quidem
1112 3444 1299 3497 preces
1330 3434 1786 3500 multiplicabant,

202 3518 257 3562 et
305 3508 570 3578 ejulantes
626 3515 803 3567 miseri
853 3518 1201 3572 clamabunt:
1237 3521 1494 3586 Domine,
1548 3524 1786 3591 Domine,

200 3603 347 3667 operi
369 3602 513 3655 nobis
533 3602 686 3675 (Luc.
712 3622 822 3671 xttt,
850 3606 964 3679 25).
994 3611 1059 3663 Et
1089 3621 1265 3666 tamen
1292 3614 1360 3668 ab
1392 3616 1533 3669 intus
1562 3633 1788 3687 respon-

203 3694 359 3744 detur
388 3694 492 3749 illis
524 3713 538 3748 :
567 3700 722 3752 Amen
750 3703 864 3754 dico
893 3704 1048 3767 vobis,
1082 3707 1251 3758 nescio
1272 3723 1357 3761 vos
1385 3711 1472 3779 qui
1496 3712 1614 3765 estis
1637 3729 1657 3766 :
1686 3715 1790 3767 dis-

202 3780 368 3833 cedite
399 3799 430 3835 a
458 3801 554 3851 me,
587 3791 809 3857 aperarii
846 3794 1145 3860 iniquitatis.
1178 3794 1260 3851 lbi
1288 3801 1384 3853 erit
1423 3803 1575 3871 ﬂetus
1598 3815 1648 3857 et
1673 3809 1792 3859 stri-

201 3873 303 3924 dor
331 3871 560 3927 dentium
597 3876 784 3949 (Ibid,
814 3882 931 3954 ‘27).

285 3983 371 4038 14.
420 3988 611 4042 Dicunt
660 3992 888 4051 fortasse
920 4001 1051 4053 tales
1083 4018 1179 4067 pro
1208 4005 1403 4071 quibus
1455 4010 1581 4060 talia
1614 4025 1676 4063 ex
1706 4012 1789 4065 di-

207 4076 346 4130 vinis
395 4078 622 4145 eloquiis
673 4083 994 4149 proferimus
1041 4090 1229 4144 :Ecce
1281 4094 1518 4147 terruisti
1572 4113 1690 4164 nos,
1740 4110 1793 4153 et

202 4168 311 4236 jam
366 4184 498 4236 pene
544 4171 907 4239 desperationi
952 4183 1351 4239 succubuimus.
1402 4186 1459 4239 Si
1491 4187 1602 4241 haec
1634 4190 1704 4243 ira
1735 4206 1793 4245 se

209 4259 427 4323 Itabcttl,
452 4262 569 4329 quis
598 4274 839 4319 nostrum
884 4271 1176 4328 salvabitur
1204 4276 1226 4327 ἲ
1256 4277 1383 4345 quid
1415 4282 1680 4347 agendum
1711 4296 1795 4337 est

210 4350 399 4403 nobis?
446 4351 762 4421 iiespmuleo
815 4374 920 4415 non
975 4366 1107 4417 meis
1161 4367 1255 4420 sed
1314 4367 1524 4423 Domini
1583 4374 1788 4427 verbis:

212 4436 409 4493 Intrate
440 4459 528 4507 per
561 4459 827 4514 angustam
851 4452 1005 4515 viam,
1030 4456 1152 4521 quia
1180 4458 1285 4509 lata
1310 4472 1455 4526 porta
1494 4473 1541 4515 et
1571 4466 1794 4531 spatiosa

1895 1984 1948 2024 et
2003 1988 2165 2041 super
2222 1977 2338 2032 haec
2392 1980 2572 2033 omnia
2624 1996 2721 2050 pro
2767 1982 3094 2051 quotidianis
3147 2001 3211 2041 ac
3268 1989 3489 2043 minutis

1895 2067 2211 2121 excessibus
2244 2069 2324 2123 vel
2353 2071 2517 2123 etiam
2559 2073 2899 2139 gravioribus
2952 2077 3212 2143 peccatis,
3246 2079 3485 2135 eleemo-

1895 2168 2149 2223 syuarum
2205 2157 2436 2228 largitati
2467 2161 2706 2215 deditum
2758 2177 2900 2229 esse,
2934 2180 3052 2232 qua:
3102 2168 3289 2235 procul
3321 2170 3490 2225 dubio

1894 2242 1978 2297 ius
2007 2247 2098 2313 qui
2133 2256 2347 2302 terrena
2379 2251 2658 2317 possident
2707 2254 3034 2308 eminentior
3061 2256 3229 2309 virtus
3277 2263 3486 2325 specia-

1893 2334 2068 2403 lisque
2114 2336 2432 2392 delictorum
2483 2342 2706 2395 abolitio
2766 2351 2891 2411 est,
2944 2346 2987 2398 si
3035 2357 3213 2401 tamen
3264 2364 3488 2416 peccare

1893 2426 2119 2495 quisque
2141 2428 2384 2495 desistat,
2418 2432 2543 2484 dum
2577 2432 2713 2487 hanc
2746 2434 3166 2490 misericordiam
3201 2440 3487 2510 indigenti-

1895 2514 1993 2570 bus
2042 2518 2403 2575 administrat.
2461 2522 2613 2576 Unde
2662 2525 2921 2597 seriptum
2971 2538 3099 2581 est:
3145 2528 3292 2583 Sicut
3354 2550 3489 2603 aqua

1892 2609 2168 2677 exstinguit
2209 2612 2397 2680 ignem,
2442 2615 2516 2666 ita
2557 2614 2879 2686 eleemosyna
2937 2621 3219 2690 exstinguit
3257 2637 3486 2689 peccata.

1894 2686 2028 2754 Ilinc
2054 2704 2216 2755 etiam
2254 2705 2506 2760 Dominus
2555 2709 2607 2759 in
2642 2708 2932 2779 Evangelio
2963 2712 3215 2767 admonet
3245 2715 3431 2770 dicens
3469 2735 3485 2771 :

1900 2789 2087 2842 Verum
2137 2794 2273 2860 quod
2320 2803 2586 2863 superest,
2632 2798 2749 2849 date
2795 2800 3206 2869 eleemosynam,
3268 2814 3316 2856 et
3378 2821 3491 2859 ecce

1891 2882 2062 2934 omnia
2086 2884 2276 2935 munda
2297 2896 2413 2937 sunt
2440 2886 2578 2938 vobis
2614 2885 2772 2955 (Luc.
2803 2903 2843 2952 t,
2869 2886 2981 2963 lii).
3015 2890 3147 2944 Hinc
3178 2906 3274 2959 per
3303 2909 3488 2962 quem-

1892 2967 2013 3028 dam
2049 2976 2248 3044 justum
2300 2978 2536 3030 dicitur:
2576 2976 2916 3047 Eleemosyna
2976 2980 3036 3031 ab
3089 2984 3228 3033 omni
3280 2996 3487 3053 peccato

1891 3075 1939 3118 et
1965 3082 1998 3120 a
2029 3078 2186 3120 morte
2220 3068 2421 3129 liberat,
2479 3077 2528 3120 et
2577 3084 2677 3121 non
2709 3070 2904 3138 patitur
2926 3072 3150 3121 an'mam
3195 3074 3270 3125 ire
3306 3075 3374 3128 ad
3414 3086 3489 3130 te-

1897 3155 2081 3209 nebras
2112 3156 2269 3226 (Tob.
2306 3173 2380 3222 tv,
2408 3157 2520 3227 Η).

1971 3267 2056 3321 15.
2092 3269 2307 3323 Fiducia
2342 3286 2530 3340 magna
2580 3271 2681 3324 erit
2709 3285 2891 3324 coram
2945 3273 3051 3327 Deo
3077 3290 3288 3329 summo
3330 3278 3480 3330 elec-

1896 3375 2136 3428 mosyna,
2171 3362 2416 3415 omnibus
2462 3364 2549 3430 qui
2605 3362 2804 3415 faciunt
2843 3378 3008 3418 eam:
3054 3366 3243 3433 quibus
3293 3368 3486 3431 etiam,

1896 3458 2190 3506 attestante
2221 3453 2536 3523 Evangelto,
2571 3454 2621 3507 in
2651 3455 2808 3506 linem
2840 3454 3085 3508 dicetur:
3152 3454 3359 3523 Venite,
3397 3458 3485 3512 be-

1894 3543 2084 3595 nedicti
2119 3542 2291 3597 Patris
2323 3546 2440 3611 mei,
2494 3547 2737 3613 percipite
2766 3561 2974 3615 regnum
3003 3550 3142 3616 quod
3172 3549 3306 3602 vobis
3338 3565 3491 3619 parn-

1897 3648 2003 3689 tum
2033 3648 2106 3691 est
2144 3641 2207 3692 ab
2251 3640 2452 3709 origine
2497 3642 2696 3693 mundi.
2760 3640 2961 3695 Esurivi
3004 3644 3139 3696 enim
3187 3655 3235 3698 et
3284 3647 3494 3702 dedistis

1896 3730 2019 3781 mihi
2044 3732 2376 3784 manducare.
2430 3731 2634 3800 Hospes
2674 3750 2815 3787 erant
2861 3744 2907 3787 et
2947 3737 3221 3806 collegistis
3269 3756 3367 3803 me,
3400 3758 3492 3793 nu-

1896 3824 1995 3873 dus
2023 3831 2070 3875 et
2099 3824 2376 3892 operuistis
2407 3840 2506 3889 me,
2540 3825 2778 3891 infirmus
2802 3834 2847 3876 et
2881 3826 3121 3879 visitastis
3163 3845 3259 3891 me,
3291 3832 3343 3880 in
3373 3846 3488 3881 car-

1897 3928 2008 3964 cere
2039 3929 2198 3976 eram,
2251 3926 2296 3964 et
2325 3914 2529 3965 venistis
2570 3915 2637 3961 αα
2687 3929 2766 3964 me
2794 3912 3009 3981 (Matth.
3040 3930 3164 3979 xxv,
3208 3918 3322 3987 54).
3376 3919 3492 3983 Ιι,ε;ι

1897 4010 2076 4053 autent
2111 4000 2492 4054 misericordia:
2540 4001 2783 4067 erogatin
2812 4017 2879 4055 ex
2938 4011 3062 4056 volo
3093 4013 3254 4073 atque
3306 4008 3488 4059 hilari-

1902 4101 2009 4145 tate
2040 4093 2198 4146 debet
2252 4094 2506 4159 pendere,
2558 4110 2663 4147 non
2712 4109 2776 4148 ex
2834 4095 3068 4162 tristitia,
3121 4097 3243 4166 quia
3273 4099 3491 4155 hilarem

1898 4183 2130 4235 datorem
2161 4183 2330 4252 diligit
2363 4182 2503 4236 Deus
2530 4180 2614 4252 (Il
2641 4181 2763 4237 Cor.
2797 4200 2871 4248 tx,
2895 4185 2971 4253 7).
3008 4186 3061 4240 In
3096 4195 3299 4242 tantum
3325 4193 3485 4243 etiam

1902 4274 2036 4326 banc
2065 4274 2217 4326 decet
2249 4272 2516 4340 profusius
2561 4276 2821 4341 impendi,
2879 4276 2933 4329 in
2964 4288 3219 4345 quantum
3267 4283 3493 4349 quisque

1900 4383 1956 4417 se
1987 4365 2235 4429 adeptum
2268 4363 2431 4417 iuiSse
2479 4365 2775 4433 cognoscit.
2829 4366 2981 4422 Unde
3030 4382 3245 4423 rursum
3274 4360 3487 4439 quidam

1903 4456 2063 4509 homo
2095 4454 2185 4507 Dei
2220 4457 2427 4508 unicum
2459 4456 2660 4521 prolem
2683 4457 2939 4510 admouet
2961 4459 3146 4513 dicens
3173 4479 3185 4513 :
3217 4460 3489 4526 Quomodo

212 4541 281 4581 est
307 4548 420 4599 (μιαί
441 4535 580 4586 ducit
616 4539 682 4589 ad
704 4542 1066 4609 perditionem,
1095 4558 1138 4598 et
1172 4549 1320 4601 multi
1348 4555 1575 4621 suntqui
1604 4555 1795 4608 intrant
1833 4565 1877 4623 υ
1905 4548 2128 4616 nolueris
2177 4549 2247 4600 Ῐῑα
2292 4559 2397 4599 €310
2444 4548 2773 4602 misericors:
2813 4550 2857 4603 δέ
2907 4550 3124 4604 "mum"
3171 4555 3262 4605 ιίῧὶ
3310 4556 3490 4622 fuerit.

210 4639 300 4693 per
326 4640 474 4688 eam;
510 4633 761 4695 quoniam
803 4645 1021 4704 angusta
1048 4651 1197 4707 porta
1227 4652 1273 4694 et
1296 4654 1439 4696 arcta
1473 4655 1546 4698 est
1580 4650 1659 4699 via
1684 4665 1798 4717 qua:

212 4714 349 4768 ducit
377 4718 444 4770 ad
472 4722 642 4786 vitam,
681 4734 727 4774 et
756 4729 909 4791 pauci
935 4739 1052 4781 sunt
1088 4734 1177 4800 qui
1210 4735 1471 4789 inueniunt
1503 4755 1614 4791 eam
1644 4739 1797 4808 (Luc.

214 4825 328 4872 xm,
356 4812 464 4880 24).
505 4820 569 4867 At
599 4815 885 4885 inquiunt:
934 4824 1096 4879 Arcta
1139 4825 1221 4878 via
1266 4838 1318 4878 et
1372 4842 1595 4898 augusta
1649 4846 1798 4900 porta

213 4903 320 4956 illis
355 4911 673 4974 prpponitur
704 4913 791 4979 qui
826 4913 1083 4966 smeulum
1123 4915 1528 4985 derelinquunt,
1581 4925 1670 4987 qui
1704 4927 1801 4975 do-

215 5009 355 5057 tuos,
388 5010 567 5063 agros,
604 5016 816 5063 uxores,
854 5002 1015 5067 filios,
1047 5019 1232 5059 servos
1261 5020 1420 5077 atque
1468 5013 1714 5079 ancillas,
1747 5027 1802 5069 et

214 5086 395 5139 ιςηιηὶει
427 5104 545 5157 qua:
577 5099 793 5145 tt-treno
819 5093 1010 5147 affectu
1043 5099 1328 5151 saeculares
1373 5101 1671 5167 implicant,
1704 5108 1798 5159 de-

211 5176 461 5244 spiciunt,
494 5189 549 5231 ut
593 5180 640 5234 ei
674 5183 918 5250 placeant
945 5187 1029 5238 cui
1059 5202 1119 5240 se
1159 5190 1536 5255 probaverunt.
1604 5195 1798 5249 Verum

212 5277 295 5320 est
321 5271 461 5336 quod
490 5270 688 5337 dicitis,
718 5275 811 5327 sed
845 5282 901 5328 et
928 5278 1077 5331 vobis
1104 5280 1254 5347 juxta
1287 5283 1566 5338 modulum
1597 5288 1802 5341 Ordinis

160 5346 405 5426 ’vestt'i,
447 5364 739 5417 secundum
781 5368 923 5421 vires
952 5385 1220 5424 mensura:
1255 5386 1467 5437 vestrae,
1520 5388 1665 5432 arcta
1719 5381 1799 5433 via

210 5460 268 5504 et
298 5462 447 5518 porta
489 5464 710 5523 angusta
742 5458 1014 5525 objicitur.
1064 5461 1194 5527 Quia
1234 5462 1492 5519 Dominus
1523 5470 1654 5521 duas
1687 5476 1800 5521 tan-

212 5552 324 5597 tum
358 5554 536 5611 pnrtas
562 5564 624 5601 ac
652 5548 788 5602 duas
815 5549 927 5603 vias
954 5555 1245 5621 prepositit.
1277 5557 1375 5610 Per
1404 5557 1561 5611 latum
1596 5570 1800 5628 portam

210 5645 264 5688 et
293 5636 584 5703 spatiosum
614 5640 749 5692 viam
794 5642 991 5697 multos
1021 5644 1153 5699 dixit
1190 5648 1412 5701 tendere
1440 5649 1506 5701 ad
1538 5650 1799 5717 perditio-

211 5743 368 5794 nem;
413 5745 506 5798 per
536 5746 815 5802 angustam
851 5746 1057 5804 portam
1107 5748 1161 5793 et
1197 5750 1397 5795 arctam
1430 5744 1568 5796 viam
1601 5758 1801 5811 paucos

214 5821 413 5875 intrare
447 5824 510 5876 ad
563 5827 755 5890 vitam;
802 5843 899 5881 nec
941 5831 1151 5885 tertiam
1201 5844 1406 5901 portam
1460 5852 1555 5892 nec
1592 5842 1799 5895 tertiam

572 5919 841 5977 Peras-1..
895 5922 1057 5983 LXX
1078 5925 1252 5985 XIX.

1903 4639 2224 4692 abundanter
2250 4639 2443 4705 tribue;
2472 4641 2515 4694 si
2546 4650 2714 4693 autem
2732 4643 2971 4712 eJiguum
2998 4645 3172 4712 fuerit,
3202 4647 3358 4698 etiam
3386 4649 3494 4699 exi.

1904 4752 2061 4802 gnum
2092 4733 2305 4786 libenter
2334 4734 2596 4802 impertire
2622 4736 2810 4799 stude;
2840 4737 3103 4805 pra'mium
3142 4738 3274 4790 enim
3304 4737 3492 4791 bonum

1904 4824 2221 4877 tltesaurizas
2260 4824 2349 4877 tibi
2379 4825 2430 4876 in
2455 4826 2536 4877 die
2565 4827 2873 4879 necessitatis
2914 4826 3069 4896 (Tob.
3114 4843 3189 4895 tv,
3224 4830 3298 4899 8).
3355 4831 3490 4897 Quia

1908 4931 2034 4969 vero
2062 4918 2189 4969 nihil
2224 4920 2391 4985 prosit
2421 4920 2644 4973 cuilibet
2681 4921 3044 4991 eleemosynis
3076 4921 3350 4991 insistere,
3386 4923 3488 4978 nisi

1905 5009 2171 5063 studuerit
2199 5025 2226 5061 a
2258 5011 2410 5064 malis
2438 5011 2649 5064 actibus
2686 5011 2979 5076 declinare,
3022 5013 3238 5081 quidam
3269 5018 3486 5085 sapiens

1907 5110 2129 5154 teswatur
2157 5100 2379 5155 dicens:
2435 5104 2536 5165 Qui
2576 5104 2862 5172 baptizatur
2889 5120 2922 5155 a
2954 5112 3182 5168 mortuo,
3231 5118 3275 5159 et
3304 5111 3488 5161 iterum

1906 5195 2067 5264 tangit
2112 5203 2409 5260 mortuum,
2452 5197 2578 5264 quid
2626 5197 2830 5265 pre/icit
2876 5198 3062 5252 lauatio
3110 5202 3223 5269 ejus
3264 5200 3315 5270 (Ι
3362 5202 3489 5257 Cor.

1908 5300 1995 5349 xv,
2026 5285 2159 5356 29)?
2204 5287 2337 5341 llinc
2368 5303 2462 5356 per
2492 5288 2680 5341 Isaiam
2714 5288 2974 5342 Dominus
3002 5305 3215 5361 quoque
3236 5292 3493 5350 admonet

1905 5377 2127 5433 dicens:
2182 5378 2468 5446 Lavamini,
2520 5382 2700 5435 mundi
2734 5392 2891 5437 estote
2933 5381 3085 5453 (Isai.
3122 5401 3159 5453 ι,
3197 5386 3305 5458 ιθ).
3358 5387 3491 5443 Hinc

1909 5469 2187 5526 Psalmista
2215 5474 2379 5528 dicit:
2424 5473 2639 5529 Declina
2668 5492 2700 5529 a
2729 5477 2865 5531 malo
2894 5489 2942 5531 et
2971 5483 3054 5547 [ac
3085 5480 3267 5535 bonum
3309 5480 3485 5553 (Psal.

1909 5577 2097 5627 xxxvr,
2130 5563 2247 5634 27).
2281 5567 2434 5634 Quod
2466 5577 2643 5623 autem
2679 5570 2849 5639 magis
2882 5572 3170 5641 lugendum
3193 5589 3352 5644 quam
3377 5575 3491 5630 latt-

1907 5652 2139 5708 dandutn
2170 5668 2278 5723 est,
2327 5658 2567 5713 nonnulli
2616 5660 2741 5714 ideo
2785 5662 2933 5729 plura
2977 5662 3257 5732 diripiunt,
3310 5677 3366 5733 ut
3400 5666 3495 5720 Ita-

1911 5747 2069 5800 bcant
2102 5749 2239 5802 unde
2270 5750 2510 5819 largitori
2560 5753 2800 5806 omnium
2854 5769 3018 5822 pauca
3076 5757 3336 5813 tribuant.
3381 5758 3490 5812 Sed

1910 5860 2065 5913 (ιιιξιιι
2094 5844 2160 5897 sit
2192 5842 2501 5899 detestanda
2538 5846 2718 5900 talium
2753 5847 2978 5907 oblatio.
3031 5849 3303 5918 Scriptura
3338 5863 3490 5905 sacra
