4090 6428
2087 269 2280 293 ’ᾘ-υ.
2301 281 2366 297 ολ.
2379 283 2498 295 οσ--υυ
2680 279 2734 292 ι-σ
2748 279 2837 297 arx.

644 391 779 448 ιειθι

1455 391 1521 444 S.
1565 388 1885 445 AMBROSII
1925 389 2268 446 AUTPERTI
2313 389 2796 450 BENEVENTANI
2837 397 3129 455 ABBATIS

3774 406 3915 461 129%

641 509 870 574 indicat,
902 520 1021 575 qua:
1049 503 1176 558 dicit
1203 522 1213 555 :
1267 503 1364 568 Qui
1405 502 1555 567 0,7'ert
1597 504 1911 570 sacriﬁcium
1950 503 2012 557 de
2040 503 2224 573 rapina
2253 504 2294 558 A
2331 503 2636 563 perenniter
2665 505 2917 571 afﬂuatis,
2947 507 3034 562 ubi
3063 508 3263 562 sanctis
3288 507 3563 580 Deumque
3593 511 3913 569 timentibus

641 599 901 670 pauperis,
935 606 1176 665 tanquam
1204 594 1249 649 si
1277 594 1394 663 quis
1423 594 1640 647 victimet
1673 594 1838 659 filium
1870 595 1922 647 in
1952 603 2222 661 conspectu

639 691 804 759 patris
824 687 906 742 sui
935 685 1104 756 (Eccl.
1143 699 1338 748 xxxut,
1387 683 1502 754 24).
1551 684 1699 739 Sicut
1748 685 1890 738 enim
1922 684 2220 738 interiectio

643 779 734 832 tilii
759 788 920 844 atque
948 775 1138 832 ell‘usio
1165 775 1443 845 sanguinis
1493 775 1611 844 ejus
1636 789 1821 830 coram
1855 775 2025 829 oculis
2055 774 2221 843 patris

635 868 724 937 qui
752 868 1074 939 genuiteum
1116 868 1331 936 placere
1369 881 1475 921 non
1509 875 1685 934 potest
1717 884 1730 918 :
1763 865 1835 920 ita
1864 866 2219 934 omnipotenti

635 959 748 1015 Deo
775 961 974 1015 oblatio
1003 961 1072 1016 de
1107 959 1262 1015 malis
1290 961 1568 1026 acquisita.
1623 959 1758 1014 Hinc
1788 975 1880 1027 per
1911 959 2100 1013 Isaiam
2153 960 2220 1014 de

633 1053 825 1108 talibus
865 1053 1100 1108 dicitur:
1157 1051 1259 1118 Qui
1301 1051 1453 1120 o/j’ert
1500 1051 1807 1105 oblationem
1837 1051 1903 1105 de
1936 1051 2219 1104 substantia

631 1143 894 1212 pauperis,
925 1142 1073 1211 quasi
1099 1142 1186 1210 qui
1212 1143 1510 1210 sanguinem
1552 1140 1763 1194 suillum
1789 1140 1994 1208 o/ferat,
2023 1141 2111 1211 qui
2137 1157 2217 1194 re.

629 1235 874 1287 cordatur
900 1233 1086 1297 thuris,
1128 1233 1276 1302 quasi
1303 1233 1391 1301 qui
1427 1232 1691 1285 benedicat
1737 1231 1876 1286 idolo
1905 1230 2038 1302 (lsa.
2071 1248 2214 1299 vat,

630 1326 711 1392 5).
756 1325 899 1380 Nihil
931 1335 1077 1382 certe
1121 1325 1172 1378 in
1223 1325 1399 1380 \‘etcri
1449 1325 1490 1378 Τ
1497 1335 1795 1380 estamento
1842 1331 1951 1378 tam
1993 1325 2214 1390 odibile,

632 1434 790 1488 quam
838 1419 1040 1474 oblatio
1087 1421 1362 1489 sanguinis
1413 1420 1578 1473 suilli.
1632 1419 1774 1474 Nihil
1824 1428 2000 1476 tamen
2049 1422 2215 1488 magis

625 1511 957 1565 exsecrabile
1012 1514 1063 1565 in
1120 1511 1268 1566 Novo
1315 1521 1366 1566 et
1426 1511 1627 1576 Veteri,
1685 1527 1843 1580 quam
1897 1511 2216 1567 benedicere

627 1600 808 1667 idolo,
851 1610 906 1656 et
935 1613 1112 1656 tamen
1153 1601 1521 1657 misericordia
1570 1603 1636 1657 de
1677 1603 1877 1667 rapinis
1921 1617 2210 1671 pauperum

623 1692 798 1746 oblata
833 1692 914 1746 liis
962 1695 1153 1748 merito
1199 1701 1564 1762 comparatur.
1617 1694 1734 1760 Quo
1782 1703 1967 1748 contra
2026 1704 2210 1748 sancta

623 1782 901 1853 Scriptura
961 1784 1198 1853 praecipit
1244 1785 1429 1839 dicens
1474 1803 1487 1838 :
1531 1783 1614 1838 Ea:
1656 1784 1942 1838 substantia
1991 1795 2078 1839 tua
2121 1785 2205 1853 [ac

2322 593 2511 646 civitas
2544 603 2840 662 praeparata
2873 605 2976 659 est,
3033 597 3186 666 cujus
3217 597 3619 654 fundamentum
3669 607 3908 658 omnium

2327 685 2558 750 lapidum
2599 687 2953 750 pretiosorum
2979 697 3200 741 ornatus
3227 689 3552 757 subsistunt,
3599 706 3720 760 qua:
3749 693 3914 748 habet

2330 784 2512 841 portas
2545 790 2610 828 ex
2643 775 2868 844 singulis
2898 777 3221 846 margaritis,
3279 777 3430 846 cujus
3457 779 3634 846 platea
3661 796 3729 834 ex
3780 798 3914 838 auro

2322 863 2673 941 mundissimo
2699 877 2928 934 constat,
2961 883 3055 938 per
3084 867 3236 936 cujus
3262 869 3498 922 medium
3531 869 3727 924 ﬂumen
3753 888 3908 941 aqua:

2323 935 2442 1008 vitae
2469 956 2703 1013 decurrit
2733 975 2796 1014 ex
2830 935 3055 1027 utraque
3086 935 3232 1030 parte
3260 961 3516 1029 ﬂuminis,
3556 963 3752 1033 lignum
3787 965 3910 1019 vita:

2321 1047 2550 1101 ail‘ercns
2581 1048 2784 1103 fructus
2811 1051 3088 1106 duodecim
3115 1067 3207 1121 per
3239 1068 3450 1108 menses
3472 1053 3784 1118 duodecim,
3817 1057 3907 1110 ubi

2320 1153 2514 1191 manna
2571 1139 2892 1194 absconsum
2945 1151 2999 1195 et
3053 1142 3208 1211 panis
3250 1141 3564 1210 angelorum
3616 1143 3906 1199 edentibus

2319 1228 2509 1294 datur;
2542 1229 2628 1298 qui
2675 1231 2754 1284 sic
2780 1231 3115 1286 saturitatem
3164 1231 3341 1296 aﬂ'ert,
3373 1243 3430 1286 ut
3457 1249 3723 1303 nunquam
3759 1235 3906 1289 fasti-

2318 1318 2463 1371 dium
2493 1318 2725 1384 inferat;
2760 1321 2836 1374 sic
2866 1322 3097 1375 esuriem
3141 1324 3302 1390 tollit,
3336 1332 3395 1378 ut
3424 1340 3693 1394 nunquam
3723 1328 3904 1382 edenti

2317 1412 2664 1479 cupiditatem
2697 1414 2938 1476 adimat;
2991 1417 3078 1470 ubi
3113 1419 3290 1472 nullus
3338 1419 3452 1474 sole
3479 1461 3493 1484 ,
3548 1421 3725 1475 nullus
3779 1423 3902 1475 luna

2315 1508 2476 1571 atque
2507 1502 2722 1557 lucerna
2755 1504 3053 1574 indigebit,
3102 1508 3222 1575 quia
3274 1523 3378 1562 nox
3435 1509 3506 1562 ibi
3549 1525 3652 1561 non
3683 1511 3806 1574 erit,
3851 1524 3907 1565 et

2314 1589 2574 1645 Dominus
2611 1592 2750 1646 Deus
2796 1595 3138 1665 omnipotens
3189 1598 3368 1651 lumen
3404 1600 3640 1652 omnium
3669 1601 3790 1654 erit.
3823 1604 3905 1654 Ab

2315 1681 2400 1734 illa
2450 1693 2627 1736 autem
2681 1683 2818 1752 luce,
2867 1701 3025 1756 quam
3071 1698 3198 1743 tunc
3237 1693 3406 1745 sancti
3459 1692 3733 1756 videbunt,
3787 1693 3905 1750 haec

2319 1789 2476 1841 quam
2509 1775 2671 1829 modo
2699 1777 2940 1832 videmus
2974 1779 3152 1835 lumen
3201 1783 3430 1852 accepit,
3456 1781 3612 1852 longe
3660 1783 3903 1840 eminen-

620 1852 1017 1945 eicemosynam,
1065 1885 1112 1929 et
1162 1877 1268 1929 noli
1296 1887 1521 1930 auertere
1573 1878 1756 1946 fttcitm
1804 1888 1943 1929 tuam
1987 1877 2050 1929 ab
2096 1882 2202 1931 ulto

2319 1866 2441 1929 tior,
2472 1867 2630 1938 longe
2663 1871 3002 1936 prmstantior
3026 1887 3186 1942 quam
3239 1876 3356 1941 ista,
3391 1870 3624 1943 quia'illa
3649 1878 3901 1942 creatrix,

620 1980 842 2032 paupere
882 1963 1035 2034 (Tob.
1070 1980 1142 2029 Iv,
1189 1964 1287 2033 7):
1337 1981 1400 2019 ex
1455 1966 1747 2020 subSIantiu
1793 1969 1960 2031 enim,
2013 1968 2206 2036 inquit,

616 2064 726 2116 tua,
759 2070 862 2108 non
888 2070 952 2110 ex
983 2055 1203 2121 aliena;
1247 2060 1370 2124 quia
1402 2058 1540 2112 sicut
1584 2075 1645 2112 cx
1683 2069 1772 2112 tua
1827 2059 1918 2114 Dei
1967 2060 2205 2116 clemen-

610 2146 746 2198 tiam
775 2147 1004 2214 invenis,
1035 2148 1105 2201 ita
1133 2163 1198 2202 ex
1232 2149 1406 2202 aliena
1436 2151 1567 2204 iram
1599 2150 1847 2204 incurris.

690 2237 776 2293 16.
813 2241 948 2309 Apte
977 2248 1153 2295 autem
1185 2241 1283 2294 hoc
1326 2241 1378 2294 in
1411 2243 1528 2297 loco
1579 2244 1706 2296 illud
1756 2245 1914 2298 etiam
1968 2245 2204 2298 occurrit

613 2328 756 2396 quod
788 2331 1058 2385 memoria:
1087 2331 1323 2387 defuisse
1352 2349 1638 2403 cognosco.
1684 2336 1816 2402 Quia
1869 2339 2112 2392 nonnulli
2137 2354 2201 2392 ex

611 2417 770 2484 justis
817 2421 1036 2489 quidem
1089 2422 1358 2476 laboribus
1389 2435 1545 2493 atque
1588 2427 1846 2480 reditibus
1898 2439 2204 2497 praeparant

613 2523 731 2573 quae
757 2512 1106 2576 omnipotenti
1159 2510 1270 2565 Deo
1318 2497 1586 2566 oderant:
1642 2516 1692 2569 in
1741 2519 1984 2584 proiirios
2023 2528 2199 2572 tamen

614 2613 740 2654 usus
767 2599 903 2654 male
929 2601 1188 2669 acquisita
1219 2613 1523 2671 assnmttttt,
1583 2607 1778 2672 quibus
1807 2607 2088 2664 dicendum
2116 2621 2200 2665 est

613 2690 739 2756 quia
789 2690 1030 2758 quamvis
1077 2701 1327 2759 putentur
1370 2696 1540 2762 justa,
1591 2713 1698 2751 non
1751 2709 1926 2754 tanien
1978 2711 2198 2769 possunt

611 2780 826 2850 placere
856 2797 1065 2838 summo
1107 2784 1256 2839 Bono
1287 2786 1496 2841 illorum
1533 2805 1773 2853 munera,
1824 2793 1913 2861 qui
1947 2810 2054 2847 non
2079 2805 2194 2848 stu-

609 2872 825 2927 duerint
854 2874 1245 2929 immaculatam
1275 2892 1492 2932 servare
1524 2881 1706 2934 vitam.
1740 2883 1876 2948 Quid
1901 2885 2041 2938 enim
2068 2900 2193 2953 prc-

609 2963 798 3019 tiosius
829 2965 1094 3020 conditori
1127 2976 1311 3022 nostro
1333 2969 1512 3024 anima
1545 2981 1724 3026 nostra
1750 2973 1772 3025 ?
1818 2978 1898 3027 An
1927 2975 2064 3029 dona
2099 2974 2195 3031 'no-

611 3055 766 3109 strai
816 3054 968 3120 Quod
1020 3056 1065 3110 si
1115 3057 1294 3111 anima
1339 3059 1606 3115 sorduerit
1656 3063 1910 3130 interius,
1956 3067 2190 3136 nunquid

613 3159 808 3199 munus
836 3145 976 3198 aliud
1003 3147 1239 3201 exterius
1269 3148 1544 3217 placebit?
1575 3151 1758 3207 Restat
1788 3155 1948 3224 igitur
1969 3165 2024 3208 ut
2055 3157 2188 3211 nihil

609 3251 674 3290 ex
705 3236 990 3305 iniquitate
1021 3237 1256 3307 largitori
1300 3251 1477 3296 vestro
1507 3241 1760 3309 olleratis,
1795 3247 1924 3300 nihil
1955 3264 2018 3302 ex
2052 3249 2191 3303 malo

614 3343 714 3382 usu
745 3337 924 3382 vestro
947 3329 1263 3397 assumatis,
1315 3333 1408 3386 sed
1437 3347 1504 3388 ex
1534 3335 1691 3402 justis
1719 3336 1992 3393 laboribus
2021 3354 2080 3393 ac
2108 3340 2194 3408 ju—

611 3421 712 3473 stis
739 3419 1020 3485 reditibus,
1052 3431 1107 3476 et
1137 3421 1210 3475 illi
1242 3423 1477 3479 oll‘eratis
1525 3435 1580 3480 et
1619 3441 1714 3480 vos
1741 3429 1956 3483 vivatis.
2007 3430 2191 3485 Restat

605 3512 768 3566 etiam
803 3520 859 3566 ut
890 3512 958 3566 sit
988 3527 1074 3568 res
1101 3515 1408 3583 temporalis
1436 3517 1486 3570 in
1520 3531 1639 3581 usu,
1687 3519 1835 3574 solus
1865 3521 1953 3575 ille
1979 3523 2068 3591 qui
2100 3538 2196 3578 vos

607 3603 808 3656 creavit
832 3612 886 3658 et
917 3602 1052 3657 bona
1103 3607 1418 3674 temporalia
1463 3611 1783 3677 prteparavit
1816 3612 1866 3664 in
1897 3612 2190 3680 desiderio,

601 3705 805 3747 ntcum
866 3695 1177 3749 transierint
1227 3697 1313 3750 illa
1363 3714 1481 3768 qua:
1511 3701 1693 3767 dedit,
1749 3705 2072 3772 perveniatis
2127 3707 2191 3760 ad

604 3785 755 3838 illum
783 3786 871 3854 qui
902 3785 1070 3854 dedit,
1125 3802 1244 3842 cum
1273 3806 1379 3860 quo
1424 3793 1542 3846 sine
1573 3795 1678 3850 line
1707 3796 1983 3864 gaudeatis
2006 3840 2022 3865 ,
2073 3800 2192 3855 sine

602 3877 707 3928 line
735 3877 971 3946 regnetis
994 3916 1009 3943 ,
1061 3878 1111 3932 in
1139 3879 1291 3948 Cujus
1340 3897 1505 3950 regno
1533 3886 1673 3939 sicut
1718 3887 1799 3940 sol
1833 3880 2101 3958 fulgeatis,
2135 3901 2192 3945 ut

599 3965 708 4021 lilia
739 3977 794 4022 et
825 3983 963 4023 rosa:
999 3981 1287 4026 vernantes
1319 3975 1607 4031 redoleatis
1629 4019 1644 4043 ,
1698 3981 1947 4037 omnibus
1994 3984 2192 4038 divitiis

600 4085 1682 4115 _—————————

2315 1962 2413 2013 ista
2444 1971 2646 2016 creata.
2700 1961 2794 2016 llla
2826 1964 2913 2017 lux
2953 1967 3236 2030 mentium,
3290 1967 3403 2020 ha-c
3450 1967 3538 2019 lux
3583 1981 3894 2037 corporum.

2311 2047 2427 2102 Non
2460 2065 2588 2118 ergo
2618 2049 2706 2104 illa
2738 2053 2857 2106 talis
2888 2056 3099 2120 qualem
3130 2054 3309 2109 videre
3338 2057 3721 2109 consuevimus
3769 2071 3900 2109 ocu-

2311 2139 2375 2192 lis
2404 2143 2579 2194 carnis
2606 2157 2620 2202 ;
2673 2142 2769 2196 sed
2815 2158 2913 2197 nec
2943 2143 3033 2198 illa
3065 2144 3204 2199 bona
3233 2161 3351 2215 qua:
3381 2147 3739 2215 praemisimus
3771 2149 3898 2201 talia

2309 2241 2492 2297 erunt,
2519 2231 2692 2298 qualia
2723 2232 2807 2286 vel
2837 2233 3020 2289 videre
3065 2235 3117 2288 in
3149 2235 3249 2289 hac
3282 2237 3412 2299 vita,
3444 2237 3528 2291 vel
3557 2237 3759 2299 audire,
3817 2240 3900 2291 vel

2307 2324 2544 2394 cogitare
2593 2326 2789 2395 aliquis
2848 2339 3064 2398 potest;
3125 2331 3218 2386 scd
3273 2334 3439 2386 multo
3491 2334 3897 2401 excellentiora,

2309 2419 2585 2483 multoque
2621 2417 2882 2481 beatiora,
2915 2421 3063 2488 quia,
3097 2433 3152 2475 ut
3182 2420 3460 2490 Scriptura
3492 2423 3605 2476 ait:
3640 2421 3750 2476 Nec
3775 2440 3901 2476 ocu-

2306 2508 2387 2559 lus
2412 2509 2556 2572 vidit,
2587 2525 2677 2562 nec
2705 2511 2846 2564 auris
2871 2513 3086 2576 audivit,
3139 2529 3231 2567 nec
3277 2515 3328 2566 in
3361 2529 3450 2567 cor
3475 2515 3693 2568 hominis
3717 2529 3900 2568 ascen-

2303 2598 2402 2661 dit,
2434 2613 2548 2664 qua:
2570 2601 2880 2669 praeparavit
2900 2601 3038 2655 Deus
3063 2603 3396 2673 diligentibus
3421 2619 3476 2656 se
3503 2602 3557 2672 (Ι
3581 2603 3699 2657 Cor.
3731 2619 3789 2669 tt,
3813 2603 3897 2675 ξ’).

2304 2689 2451 2744 Illam
2503 2691 2660 2760 igitur
2711 2694 2984 2762 inquirite,
3037 2695 3188 2748 illam
3241 2695 3564 2757 desiderate,
3619 2695 3688 2749 ad
3748 2697 3892 2750 illam

2307 2787 2505 2842 mentis
2532 2787 2799 2843 desiderio
2828 2788 3048 2843 tendite.
3084 2789 3193 2858 Ego
3222 2798 3372 2843 certe
3418 2790 3508 2858 qni
3539 2789 3738 2843 nullum
3761 2791 3893 2844 adu-

2303 2878 2591 2934 lationibus
2619 2879 2870 2949 decipere
2899 2881 3104 2946 audeo,
3157 2881 3288 2934 nulli
3321 2881 3463 2950 quod
3494 2881 3626 2936 utile
3653 2894 3732 2935 est
3765 2885 3895 2936 sub-

2303 2973 2518 3028 trabere
2545 2990 2749 3043 quaero,
2795 2974 2917 3042 quia
2965 2974 3082 3028 haec
3112 2989 3229 3042 qua:
3263 2975 3527 3042 promissa
3569 2984 3726 3041 sunt,
3781 2989 3888 3030 non

2298 3074 2486 3118 contra
2532 3079 2747 3132 avaros,
2799 3066 2893 3118 sed
2945 3071 3136 3118 contra
3185 3065 3505 3128 avaritiam;
3550 3078 3654 3116 non
3703 3075 3888 3117 contra

2304 3167 2572 3222 naturam,
2615 3156 2710 3210 sed
2761 3166 2946 3210 contra
2991 3156 3177 3209 vitium
3231 3155 3454 3224 protuli.
3502 3153 3654 3221 Quod
3700 3153 3892 3207 melius

2303 3249 2583 3302 consilium
2613 3248 2740 3302 dare
2786 3263 2999 3316 βΟΒξΙΙΠΙ
3047 3262 3151 3300 non
3195 3246 3428 3311 invenio,
3477 3245 3673 3315 quique
3703 3246 3802 3299 etsi
3835 3247 3889 3297 in

2303 3341 2690 3406 exstirpatiOne
2746 3338 3053 3406 cupiditatis
3115 3346 3281 3390 totum
3343 3345 3400 3388 ut
3451 3336 3592 3402 potui
3649 3334 3890 3388 laborem

2302 3431 2541 3496 exhibui,
2597 3442 2772 3484 tamen
2805 3433 3069 3498 oetoginta
3119 3439 3174 3482 et
3220 3429 3448 3497 amplius
3488 3427 3886 3496 Scripturaruni

2308 3524 2647 3588 testimoniis,
2696 3522 2845 3591 quasi
2885 3522 3206 3590 quibusdam
3247 3521 3438 3575 ictibus
3482 3519 3725 3573 surculos
3769 3517 3890 3586 ejus

2307 3615 2592 3670 incidendo
2640 3616 2969 3686 percutiens,
3009 3630 3038 3667 a
3086 3613 3334 3667 mercede
3378 3627 3576 3666 vacuus
3625 3627 3728 3666 non
3769 3625 3888 3676 ero,

2303 3710 2515 3764 ﬁdelem
2540 3709 2776 3764 retinens
2805 3709 3184 3777 promissorem
3211 3705 3558 3760 mediatorem
3585 3703 3675 3754 Dei
3705 3709 3760 3754 et
3789 3701 3890 3753 bo-

2298 3803 2502 3856 minum
2555 3802 2824 3854 hominem
2873 3799 3144 3852 Christum
3176 3797 3380 3860 Jesnm,
3431 3793 3671 3863 quicum
3725 3790 3884 3844 Patre

2298 3892 2564 3960 etSpiritu
2596 3903 2781 3943 sancto
2823 3891 2947 3942 \ivit
2998 3899 3050 3942 et
3081 3897 3265 3956 regnat
3294 3887 3430 3938 Deus
3463 3899 3554 3952 per
3580 3883 3758 3936 omnia
3787 3897 3891 3935 sa:-

2296 3986 2415 4040 cula
2443 3982 2784 4036 smeulorum.
2818 3982 3007 4033 Anien.

1683 4097 3878 4125 MM.

1017 4208 1452 4312 SERMO
1531 4211 1690 4312 DE
1771 4215 2415 4324 LECTIONE
2497 4209 3339 4324 EVANGELICA
3395 4283 3431 4344 ,

709 4391 954 4434 'EDITUS
1002 4393 1035 4433 Δ
1082 4391 1332 4434 υοΜιΝο
1378 4391 1672 4436 AUBEBTO
1716 4393 2126 4441 PRESBYTERO
2175 4403 2217 4443 A'

2306 4401 2380 4444 UE
2429 4401 2714 4456 ΔΒΒΔΤΕ,
2762 4399 2825 4441 IN
2871 4395 3364 4439 PURIFICATIONE
3410 4395 3462 4436 S.
3513 4393 3756 4436 MABlB.

880 4597 972 4660 (Ex
1001 4596 1192 4645 duobus
1218 4595 1359 4657 Mss.,
1387 4609 1484 4644 uno
1508 4596 1561 4646 S.
1589 4596 1817 4647 Germani
1845 4611 1870 4646 ιι
1890 4599 2070 4661 Pratis,
2098 4599 2256 4654 altero
2279 4602 2600 4665 Floriacensi,
2635 4599 2762 4663 apud
2799 4599 3024 4648 Martene
3048 4598 3264 4659 ampliss.
3289 4597 3405 4648 Coll.
3432 4606 3466 4648 t.
3493 4599 3601 4661 IX.)

669 4833 724 4889 i.
757 4828 1037 4888 Subtiliter
1081 4840 1110 4879 a
1146 4823 1392 4878 ﬁdelibus
1417 4839 1535 4892 qua:
1559 4825 1630 4880 sit
1654 4824 1809 4895 hujus
1837 4824 1942 4881 diei
1975 4827 2177 4881 iestivi-
2215 4832 2257 4888 ι)
2286 4827 2519 4881 civitatis
2545 4824 2695 4878 turba
2732 4823 2784 4877 in
2817 4839 2978 4876 unum
3011 4822 3257 4888 collecta,
3292 4823 3567 4878 immensis
3597 4839 3878 4882 cereorum

596 4935 679 4980 tas
706 4918 1062 4993 perpendatnr
1090 4933 1104 4982 ;
1135 4931 1198 4972 eo
1224 4914 1530 4970 devotionis
1549 4914 1739 4971 ail‘cctn
1764 4931 1880 4969 eam
1904 4914 2178 4970 celebran-

591 5018 718 5072 dam
747 5012 1062 5081 suscipient,
1097 5023 1203 5078 quo
1225 5007 1509 5062 dominica:
1539 5009 1851 5071 nativitatis.
1899 5007 2176 5061 circumci-

588 5107 757 5164 siouis
787 5113 950 5172 atque
976 5097 1326 5170 apparitionis
1359 5100 1622 5154 solemnia
1668 5109 1793 5153 sunt
1816 5098 2080 5153 obsecuti.
2120 5098 2184 5151 ll-

587 5199 696 5256 !iua
720 5195 868 5254 enim
899 5203 985 5250 est
1031 5193 1131 5248 ista
1162 5190 1479 5246 solemnitas
1527 5190 1682 5259 cujus
1712 5201 1766 5245 et
1795 5192 1904 5255 illa,
1959 5188 2053 5243 sed
2085 5203 2182 5243 nec

589 5290 768 5346 minor
798 5289 902 5344 ista
932 5302 1092 5355 quam
1135 5285 1220 5337 illa
1254 5301 1268 5337 :
1321 5283 1460 5351 quod
1500 5284 1685 5350 utique
1717 5283 1768 5337 in
1801 5284 1902 5336 hoc
1930 5296 2181 5337 sermone

593 5383 798 5453 apertis
858 5379 1280 5434 monstrabimus
1330 5377 1680 5432 documentis.
1757 5378 1922 5444 llujns
1984 5377 2182 5444 quippe

591 5476 700 5531 diei
729 5473 1072 5538 solemnitas,
1105 5471 1244 5524 sicut
1272 5485 1302 5523 ιι
1345 5468 1661 5538 quibusdam
1697 5469 1992 5537 ignoratur,
2036 5467 2115 5522 sit:
2151 5482 2180 5520 a

591 5565 773 5621 multis
805 5579 918 5632 pra:
967 5563 1185 5616 caeteris
1239 5561 1365 5614 anni
1394 5560 1830 5616 solemnitatibus
1871 5559 2181 5613 honoratior

587 5658 856 5712 habetur:
887 5655 1126 5709 maxime
1152 5662 1334 5709 autem
1362 5668 1432 5709 eo
1463 5655 1580 5708 loco
1609 5669 1715 5724 quo
1747 5654 2030 5722 primatum
2079 5651 2173 5706 Ec-

589 5747 757 5803 clesia
781 5746 1047 5800 catholica
1075 5745 1126 5798 in
1155 5745 1335 5814 primo
1365 5756 1582 5813 pastore
1605 5755 1790 5800 soit:ta
1818 5756 1922 5800 eSt.
1955 5745 2011 5798 In
2030 5749 2176 5796 tanta

576 5842 726 5898 enim
768 5839 1067 5894 reverentia
1094 5837 1161 5890 ab
1191 5837 1295 5892 illis
1328 5837 1586 5903 habetur,
1640 5851 1694 5893 ut
1740 5854 1800 5894 ea
1847 5839 1932 5894 die
1971 5847 2159 5892 cuneta

2289 4918 2576 4971 luminibus
2614 4930 2927 4977 coruscans,
2983 4913 3264 4968 missarum
3322 4915 3580 4968 solemnia
3625 4919 3880 4975 concele-

2294 5009 2435 5074 bret,
2472 5010 2759 5078 nullusque
2800 5007 3001 5060 aditum
3037 5006 3262 5072 publica:
3291 5006 3538 5060 stationis
3571 5008 3754 5082 intret,
3783 5012 3878 5080 qui

2289 5098 2470 5153 lumen
2514 5099 2760 5152 manibus
2791 5111 2895 5149 non
2929 5094 3187 5160 tenuerit,
3223 5104 3473 5162 tanquam
3506 5095 3721 5150 scilicet
3775 5095 3878 5149 Do-

2287 5195 2488 5248 minum
2522 5194 2574 5246 in
2604 5192 2860 5260 templum
2914 5188 3168 5254 oblaturi,
3215 5189 3320 5241 inin
3350 5190 3510 5242 etiam
3544 5188 3877 5256 suscepturi,

2286 5298 2340 5342 et
2372 5287 2490 5341 lidei
2523 5287 2700 5340 lumen
2754 5300 2859 5350 quo
2893 5283 3121 5338 interius
3163 5285 3392 5352 lulgent,
3436 5283 3676 5339 exterius
3722 5283 3874 5336 obla-

2290 5379 2448 5434 tionis
2479 5392 2590 5432 snm
2620 5375 2878 5445 religione
2905 5377 3298 5428 demonstrent.

2355 5467 2410 5520 2.
2439 5467 2610 5522 llodic
2637 5481 2868 5536 namque
2910 5466 3061 5534 juxta
3097 5466 3263 5532 legent
3305 5475 3465 5532 atque
3499 5465 3873 5534 Evangelium,

2297 5561 2526 5631 peractis
2553 5574 2579 5612 a
2610 5559 2881 5612 nativitate
2907 5557 3104 5610 Christi
3152 5557 3500 5626 quadraginta
3551 5555 3767 5617 diebus,
3818 5556 3872 5607 in

2283 5653 2481 5719 templo
2511 5660 2593 5704 est
2628 5667 2655 5703 a
2691 5651 2998 5720 parentibus
3028 5649 3169 5703 idem
3207 5648 3460 5702 Dominus
3493 5657 3874 5715 praesentatus.

2283 5741 2454 5796 llodie
2506 5757 2535 5795 a
2583 5753 2770 5796 sancto
2820 5741 3074 5797 Simeone
3119 5750 3421 5808 susceptus,
3472 5739 3718 5803 Patrique
3748 5754 3874 5792 cum

2286 5835 2453 5887 Sttt‘ris
2485 5834 2697 5888 oblatus
2740 5834 3073 5887 muneribus.
3128 5829 3294 5886 llodie
3343 5830 3767 5900 relcmptionem
3797 5831 3874 5884 ls-
