4090 6434
179 362 314 417 1293

1200 351 1431 410 SERMO
1473 351 1558 406 DE
1601 347 1938 406 LECTIONE
1982 347 2443 404 EVANCELICA.

3306 351 3440 410 1294

175 474 289 529 rael
347 470 791 539 exspectantibus
841 469 910 524 ab
955 469 1145 523 eodem
1197 467 1448 520 Simeone
1502 473 1556 517 ct
1605 465 1756 517 Anna
1789 463 1836 522 Α
1869 476 2143 528 usquequu
2193 470 2424 515 statuam
2475 460 2693 528 pedibus
2748 461 3045 528 percutiens
3079 502 3092 526 ,
3127 474 3333 518 crescat
3385 467 3438 522 in

185 563 395 629 publice
424 572 508 617 est
531 561 873 630 prmdicatus.
919 559 962 614 Ο
992 575 1151 629 quam
1184 559 1327 626 pium
1371 554 1759 624 spectaculum,

175 668 284 721 quo
313 651 526 706 nonnisi
561 651 632 719 pii
672 649 924 705 deleCIari
971 649 1306 718 probantur!
1343 647 1462 701 Stat
1505 646 1591 699 hic
1613 645 1764 712 virgo

177 751 236 795 et
266 742 454 804 Mater,
487 756 592 794 non
622 741 1010 811 cujuscunque,
1045 741 1138 796 sed
1167 739 1280 795 Dei.
1313 738 1618 806 Suscipitur
1639 736 1764 788 hinc

179 832 498 897 infantulus,
527 849 722 901 parvus
751 835 968 903 virginis
1005 833 1179 898 illius,
1229 835 1382 898 cujus
1423 830 1761 884 divinitatem

179 941 286 978 non
318 926 465 994 capit
494 924 744 980 mundus.
795 925 1094 979 Occurrunt
1139 925 1261 977 hinc
1310 922 1433 977 inde
1466 922 1761 991 propheta,

180 1025 342 1083 atque
389 1025 614 1084 uterque
659 1029 820 1069 sexus
847 1015 915 1069 de
961 1030 1126 1082 puero
1179 1013 1480 1081 prophetat.
1527 1011 1763 1065 Oﬂ'ertnr

175 1108 380 1160 oblatio
405 1122 500 1174 pro
527 1122 715 1176 puero,
769 1123 873 1160 non
899 1117 1077 1161 tamen
1112 1122 1228 1174 qua:
1257 1106 1450 1160 delicta
1477 1103 1762 1168 emundet,

183 1197 279 1249 sed
325 1211 443 1264 qua:
486 1205 820 1250 sacramenta
870 1196 1128 1251 declaret.
1180 1198 1243 1250 Et
1287 1197 1411 1265 quia
1458 1195 1615 1264 hujus
1657 1194 1765 1249 diei

186 1289 511 1353 praeconium
541 1289 791 1347 attollere
829 1291 1008 1357 cupio,
1061 1289 1188 1342 libet
1210 1289 1377 1357 ipsam
1403 1286 1762 1356 evangelicam

183 1379 469 1433 lectionem
498 1379 854 1448 colloquendo
886 1389 1275 1445 transcurrere,
1310 1379 1360 1431 in
1391 1394 1494 1448 qua
1547 1381 1643 1432 ista
1669 1393 1761 1431 co-

187 1484 390 1537 gnosco
421 1470 652 1536 narrari,
680 1479 940 1538 quatenus
969 1470 1034 1525 ad
1063 1485 1124 1524 ea
1154 1486 1269 1540 qua?
1293 1469 1412 1523 dico
1441 1470 1527 1524 illa
1557 1483 1766 1536 respon—

175 1562 343 1626 deat;
391 1563 500 1615 imo
530 1564 595 1615 ad
619 1577 681 1616 ea
714 1577 834 1631 qua:
882 1563 968 1617 illa
999 1575 1177 1616 narrat
1225 1577 1331 1615 vox
1376 1559 1764 1614 exhortationis

181 1668 319 1706 mea!
346 1653 684 1720 respondeat.
730 1653 970 1722 Denique
1011 1651 1184 1706 Lucas
1213 1650 1536 1720 evangelista
1568 1651 1764 1704 verita-

182 1743 253 1796 tis
301 1742 576 1796 historiam
606 1743 673 1796 de
709 1743 904 1796 Christi
953 1743 1320 1796 incarnatione
1364 1739 1574 1809 plenius
1601 1749 1763 1807 atque

170 1832 476 1886 ordinatius
509 1834 720 1888 caeteris
751 1833 1092 1901 evangelistis
1139 1847 1466 1902 exsequens,
1516 1839 1635 1900 po~t
1668 1846 1762 1884 an-

180 1924 569 1978 nuntiationem
603 1924 720 1992 ejus
749 1924 817 1977 ab
849 1924 1041 1992 angelo
1091 1925 1310 1988 laetam,
1344 1931 1464 1990 post
1510 1919 1761 1975 nativita-

179 2024 292 2067 tem
321 2013 630 2082 angelorum
678 2014 898 2068 vocibus
924 2015 1272 2078 declaratam,
1323 2023 1441 2080 post
1486 2012 1764 2064 circumci-

175 2106 391 2156 sionem
416 2106 588 2158 octavi
639 2106 740 2159 diei
792 2107 844 2159 in
878 2105 1040 2160 domo
1085 2115 1386 2174 parentum,
1445 2105 1557 2156 lucc
1600 2102 1651 2155 in
1675 2116 1764 2155 or-

179 2196 306 2250 dine
335 2197 577 2264 sequitur
603 2198 785 2251 dicens
811 2214 822 2248 :

253 2287 305 2340 ’5.
336 2285 620 2357 Postquam
671 2289 872 2355 impleti
914 2298 1032 2341 sunt
1061 2288 1170 2340 dies
1219 2287 1542 2358 purgationis
1587 2287 1764 2340 utatris

179 2379 316 2448 ejus,
359 2379 640 2433 secundum
671 2380 834 2450 legem
865 2377 1059 2448 Moysi,
1102 2379 1324 2432 tulerunt
1352 2379 1500 2430 illum
1528 2379 1581 2431 in
1609 2376 1766 2430 Jeru-

183 2469 367 2534 salem,
395 2480 450 2522 ut
472 2473 704 2523 sisterent
733 2485 848 2524 eum
874 2471 1113 2536 Domino,
1157 2472 1285 2524 sicut
1316 2471 1561 2537 scriptum
1591 2480 1663 2522 est
1709 2469 1766 2521 in

185 2563 294 2630 lege
326 2561 552 2626 Domini,
593 2563 710 2630 quia
756 2578 902 2615 omne
947 2561 1286 2615 ntasculiuum
1329 2561 1634 2630 adaperiam
1659 2562 1765 2613 vul-

179 2668 320 2718 emn,
350 2662 579 2706 sanctum
608 2651 830 2708 Domino
849 2653 1109 2707 vocabitur
1139 2652 1292 2720 (Luc.
1327 2669 1385 2718 ll,
1408 2652 1525 2720 2|).
1548 2651 1768 2705 Cunctis

183 2747 434 2802 ﬁdelibus
470 2749 636 2818 liquet
667 2764 1000 2818 nequaquam
1048 2751 1423 2816 Redemptoris
1456 2759 1678 2802 matretn
1702 2763 1766 2802 ex

181 2837 302 2906 ejus
325 2837 602 2892 nativitate
623 2840 884 2893 maculam
909 2842 1262 2904 contraxisse,
1291 2855 1397 2908 qua
1417 2840 1627 2892 illorum
1655 2839 1766 2892 die-

183 2944 306 2982 rum
336 2929 530 2995 spatio,
574 2943 603 2982 a
635 2929 804 2983 sacris
830 2930 1036 2983 aedibus
1065 2930 1366 2992 abstinens,
1420 2939 1768 2997 purgaretur,

179 3033 310 3087 quae
338 3019 454 3071 sine
482 3019 711 3073 humana
737 3020 1192 3087 concupiscentia,
1238 3022 1354 3075 sine
1384 3021 1615 3074 humano
1642 3034 1770 3074 con-

184 3112 400 3174 cubitu,
433 3111 583 3180 virgo
605 3113 870 3179 concepit,
901 3115 1015 3166 sine
1035 3114 1209 3180 aliqua
1235 3114 1412 3166 carnis
1431 3109 1769 3179 corruptione

185 3202 345 3270 virgo
377 3204 610 3271 peperit,
667 3213 723 3258 et
751 3205 868 3258 sine
900 3204 1006 3258 line
1033 3208 1180 3274 virgo
1201 3204 1494 3273 permansit
1518 3220 1532 3268 ;
1560 3218 1621 3256 ac
1653 3202 1769 3270 plus

191 3293 293 3346 hoc
315 3309 414 3348 nec
447 3295 713 3348 masculus
760 3311 824 3349 ex
868 3311 930 3348 ea
961 3307 1116 3350 natus
1147 3297 1355 3349 vulvam
1389 3294 1507 3363 ejus
1538 3294 1767 3363 aperuit.

188 3381 294 3434 Sed
316 3382 416 3434 hoc
434 3382 583 3450 juxta
599 3384 727 3452 legis
742 3386 1104 3438 narrationem
1123 3385 1444 3453 evangelista
1458 3394 1769 3448 contexens,

185 3473 394 3526 claudit
444 3476 619 3542 impiis
669 3487 1064 3530 sacramentum
1123 3477 1323 3531 divinae
1369 3476 1772 3540 incarnationis,

188 3575 528 3634 u'iatremque
559 3565 728 3633 legem
758 3568 1132 3621 observantem
1181 3567 1489 3619 introducit.
1531 3566 1636 3620 Sed
1678 3580 1776 3620 nec

189 3655 414 3721 mirum,
430 3656 475 3709 si
504 3665 674 3708 mater
696 3655 1062 3710 observaverit
1088 3658 1281 3723 legem,
1301 3669 1456 3723 quam
1480 3654 1594 3722 ejus
1609 3653 1776 3707 Filius

194 3759 303 3798 non
350 3755 570 3798 venerat
615 3747 846 3812 solvere,
877 3746 970 3799 sed
1018 3746 1332 3814 adimplere.
1379 3745 1596 3800 Scit-bat
1631 3746 1774 3800 enim

181 3850 300 3906 quo
331 3836 518 3889 ordine
545 3849 885 3904 conceperat,
919 3853 1021 3907 quo
1070 3853 1167 3892 usu
1217 3845 1517 3906 pepererat,
1549 3845 1605 3891 et
1649 3838 1776 3906 quis

185 3935 518 3996 essetquem
545 3940 820 3998 genuerat.
873 3933 977 3986 Sed
1011 3932 1178 4000 legem
1209 3946 1551 3986 communem
1585 3931 1775 3984 obser-

194 4033 356 4084 vans,
383 4017 711 4086 exspectavit
740 4021 1070 4087 purgationis
1096 4021 1260 4084 diem,
1289 4019 1486 4072 celavit
1516 4018 1636 4071 Filii
1668 4033 1780 4070 ma-

188 4113 462 4181 jestatem.
497 4109 628 4162 Hinc
657 4119 740 4163 est
786 4110 925 4176 quod
977 4125 1099 4162 eum
1138 4111 1190 4162 in
1243 4110 1440 4178 templo
1492 4107 1776 4160 duodecim

195 4214 462 4254 annorum
481 4198 627 4251 inter
651 4199 901 4253 doctores
919 4199 1047 4267 legis
1067 4199 1364 4262 inveniens,
1387 4197 1551 4250 lilium
1579 4196 1776 4263 .loseph

198 4301 357 4345 s’ocat
400 4291 583 4344 dit-ens
608 4307 621 4343 :
650 4287 782 4356 Fili,
815 4290 937 4358 quid
963 4291 1130 4358 fecisti
1161 4289 1306 4343 nobis
1334 4291 1446 4344 sic?
1473 4305 1588 4343 ecce
1637 4298 1780 4356 pater

191 4393 318 4436 tuus
341 4390 388 4435 et
413 4397 504 4450 ego
524 4383 746 4434 dolentes
775 4381 1124 4451 quarebamus
1147 4390 1192 4434 te
1213 4381 1373 4451 (Luc.
1398 4396 1456 4444 ll,
1476 4378 1591 4448 48),
1619 4395 1777 4445 quem

1866 562 2099 606 montem
2159 567 2450 621 magnum,
2510 553 2832 620 impleatque
2887 555 3197 608 universum
3251 557 3436 613 orbein

1867 653 2149 697 terrarum.
2203 643 2248 697 Ο
2301 658 2459 712 quam
2518 644 2741 712 parvus!
2795 643 2840 697 0
2890 659 3050 713 quam
3107 661 3329 713 magnus
3359 657 3444 702 est

1865 751 2022 806 quem
2071 736 2330 803 genuisti!
2383 737 2582 791 Parvus
2633 736 2684 790 in
2735 736 3098 802 humanitate,
3131 754 3354 809 magnus
3389 741 3441 795 in

1866 826 2166 881 divinitate.
2216 827 2412 880 Parvus
2461 826 2514 880 in
2575 841 2738 895 regno
2767 826 3099 895 Judmorum,
3133 845 3356 900 magnus
3386 832 3440 886 iu

1869 933 2034 985 regno
2073 919 2330 987 gentium.
2375 918 2483 974 Sed
2525 935 2630 974 non
2677 919 2747 973 ab
2798 921 3125 976 omnibusin
3157 939 3320 990 regno
3348 923 3443 978 Ju-

1866 1007 2102 1062 darorum
2153 1026 2344 1077 parvus
2386 1011 2680 1065 aestimatus
2729 1019 2830 1064 est.
2883 1011 3012 1065 Nam
3059 1022 3116 1067 et
3164 1013 3275 1080 ipsa
3325 1028 3444 1082 quae

1869 1099 2011 1154 hunc
2071 1103 2346 1168 peperiSIi,
2379 1119 2445 1156 ex
2492 1103 2610 1170 ipso
2667 1103 2861 1170 popqu
2919 1103 3079 1156 lsrael
3133 1105 3184 1158 in
3240 1105 3441 1175 virgam

1865 1193 2105 1246 crevisti.
2161 1193 2315 1264 Virga
2347 1195 2492 1246 enim
2535 1195 2601 1246 de
2630 1193 2813 1248 radice
2862 1193 3014 1248 Iesse
3061 1197 3364 1259 surrexisti,
3391 1205 3450 1250 et

1870 1285 2096 1338 ﬂoruisti
2129 1287 2274 1355 virga
2310 1287 2510 1350 Aaron,
2544 1287 2824 1340 fronduiin
2854 1297 2907 1340 et
2937 1302 3128 1342 nucem
3163 1290 3442 1358 peperisti.

1873 1376 1937 1428 Et
1968 1377 2086 1444 quia
2118 1392 2225 1442 pra:
2277 1378 2525 1432 omnibus
2572 1378 2985 1434 immensitatem
3014 1380 3129 1448 ejus
3158 1381 3444 1448 agnovisti.

1868 1482 2026 1535 quem
2063 1477 2167 1521 tam
2200 1469 2576 1537 parvissimum
2624 1485 2689 1522 ex
2744 1478 2796 1523 te
2845 1480 3026 1523 natum
3072 1470 3289 1536 vidisti,
3324 1487 3448 1539 pro-

1867 1557 1954 1610 cul
2007 1558 2171 1613 dubio
2225 1575 2382 1628 quem
2437 1558 2698 1614 infantem
2744 1561 3014 1629 genuisti,
3048 1561 3214 1615 Deum
3268 1564 3446 1616 omni-

1870 1660 2140 1722 potentem
2175 1663 2412 1708 tremens
2438 1654 2697 1718 adorasti,
2723 1653 2952 1707 adorans
2984 1652 3278 1718 tremuisti;
3323 1672 3392 1722 qu
3412 1672 3443 1706 ις

1871 1753 2052 1799 tamen
2092 1745 2388 1800 secundum
2421 1745 2803 1799 humanitatem
2841 1744 3032 1798 Filium
3069 1743 3446 1812 recognovisti,

1872 1841 2099 1904 lactasti,
2126 1839 2341 1906 fovisti,
2375 1841 2571 1895 aluisti.
2621 1843 2749 1908 Quis
2795 1853 2948 1909 putas
2979 1841 3134 1896 nobis
3165 1843 3330 1910 possit
3357 1844 3445 1898 in-

1868 1934 2050 1988 dicare
2080 1934 2133 1988 in
2160 1943 2214 1988 te
2247 1936 2553 2002 huiusmodi
2600 1936 2880 2004 obsequia,
2913 1935 3076 1990 animi
3104 1937 3180 1990 ιιιί
3207 1952 3448 2002 sensum,

1867 2045 1901 2083 ο
1925 2029 2237 2084 beatissima
2274 2030 2452 2101 Virgo,
2484 2048 2606 2084 cum
2651 2032 2776 2086 hinc
2807 2047 3062 2087 cerneres
3091 2049 3154 2088 ex
3187 2045 3237 2089 te
3268 2042 3446 2090 natum

1871 2119 2135 2174 tantillum
2169 2121 2447 2183 infantem,
2486 2123 2631 2176 illinc
2678 2123 2988 2179 attenderes
3021 2125 3190 2180 Deum
3221 2128 3450 2182 immen-

1869 2215 2029 2269 sum?
2053 2215 2178 2269 hinc
2200 2224 2460 2278 creatum,
2484 2215 2629 2270 illinc
2645 2228 2978 2281 creatorem;
3006 2219 3128 2273 hinc
3151 2220 3448 2285 inﬁrmum,

1869 2306 2013 2361 illinc
2062 2306 2445 2370 fortissimum;
2498 2307 2623 2360 hinc
2672 2308 2941 2372 alendum,
2981 2309 3126 2361 illinc
3177 2310 3452 2375 alentem;

1875 2396 2002 2452 hinc
2030 2413 2134 2451 non
2175 2398 2506 2466 loquentem,
2540 2396 2686 2450 illinc
2712 2396 2927 2465 angelos
2958 2397 3271 2452 docentem?
3297 2399 3451 2467 Quis,

1873 2487 2109 2557 inquam,
2136 2487 2370 2556 pectoris
2399 2502 2594 2541 arcana
2643 2488 2796 2542 nobis
2827 2503 3070 2542 reserare
3099 2491 3294 2554 valeat,
3319 2491 3452 2559 qui-

1874 2575 1972 2631 bus
1995 2577 2168 2630 modis
2190 2578 2474 2646 Cogitatum
2501 2578 2563 2630 ad
2599 2589 2824 2646 utraque
2848 2580 3121 2646 nectebas,
3145 2596 3264 2635 cum
3288 2599 3453 2638 unum

1873 2666 2230 2733 eumdemque
2263 2668 2428 2722 Deum
2477 2679 2532 2722 et
2578 2667 2812 2721 hominis
2863 2668 3052 2722 Filium
3103 2672 3349 2727 manibus
3375 2680 3457 2728 te-

1877 2773 2030 2821 nens,
2068 2758 2194 2811 hinc
2225 2759 2480 2812 adorares
2511 2770 2565 2811 ut
2599 2759 2883 2814 Dominum
2903 2799 2922 2827 ,
2955 2761 3100 2815 illinc
3129 2763 3458 2818 osculareris

1878 2857 1932 2900 ut
1963 2848 2281 2914 parvulum?
2308 2849 2437 2911 Quis
2467 2849 2530 2900 ad
2566 2857 2674 2901 tam
2705 2849 2972 2902 inell'abile
3001 2851 3321 2905 miraculum
3347 2866 3453 2906 non

1877 2937 2262 3004 Obstupescat?
2292 2938 2410 3005 quis
2457 2953 2566 2991 non
2619 2954 2756 3005 pene
2787 2938 3018 3007 elinguis
3065 2941 3196 2994 fiat?
3225 2943 3461 2997 Generat

1879 3027 2051 3094 puella
2083 3039 2238 3081 suum
2269 3035 2322 3080 et
2349 3028 2587 3080 timnium
2637 3033 2934 3081 creatorem
2965 3069 2978 3092 ,
3014 3037 3193 3096 portat
3222 3047 3374 3086 suum
3405 3041 3461 3089 ct

1796 3137 1845 3200 ς
1876 3116 2114 3171 omnium
2165 3127 2448 3171 rectorem.
2486 3116 2530 3170 0
2557 3116 2927 3170 admirandum
2971 3123 3356 3188 spectaculum,
3389 3127 3455 3179 ad

1883 3211 2022 3278 quod
2078 3227 2180 3262 non
2235 3210 2411 3262 solum
2467 3209 2951 3276 humana,‘verum
3006 3213 3167 3266 etiam
3223 3216 3458 3284 angelica

1879 3302 2211 3368 obstupescit
2240 3302 2462 3354 natura!

1948 3394 2003 3442 «ί.
2039 3392 2116 3442 Ad
2153 3390 2271 3453 hoc,
2307 3390 2498 3444 iratres
2527 3391 2846 3455 charissimi,
2883 3392 3004 3446 ﬁdei
3031 3395 3216 3449 oculos
3244 3397 3454 3467 erigite,

1882 3482 1946 3532 ad
1999 3483 2098 3534 hoc
2151 3483 2361 3548 pietatis
2409 3483 2652 3536 affet-tum
2699 3487 3011 3538 convertite.
3067 3487 3136 3540 lbi
3185 3489 3458 3543 Christum

1878 3573 2130 3642 suscipite
2161 3589 2255 3642 pro
2286 3574 2437 3627 vobis
2487 3577 2536 3627 in
2589 3589 2756 3629 carne
2802 3575 3166 3642 humili-tum;
3217 3579 3310 3631 sed
3355 3581 3454 3632 atl-

1879 3674 2028 3719 orate
2051 3664 2104 3717 in
2133 3664 2527 3720 suadivinitate
2553 3666 2716 3720 Deum
2746 3667 3036 3720 excelsum.
3067 3668 3460 3736 Amplectimiui

1881 3756 2180 3824 parvulum,
2215 3756 2308 3810 sed
2334 3757 2563 3824 cogitate
2595 3757 2936 3813 immensum.
2987 3757 3104 3812 Jam
3151 3776 3297 3825 vero,
3329 3763 3466 3816 dile-

1877 3847 2128 3911 ctissimi,
2159 3848 2203 3901 si
2235 3849 2495 3914 quau-itur
2517 3847 2642 3914 quid
2669 3849 2893 3912 mystice
2921 3847 3276 3915 signiﬁcatum
3305 3851 3466 3904 fuerit

1881 3940 1934 3992 in
1965 3954 2032 3991 eo
2060 3940 2198 4006 quod
2236 3939 2562 4003 Redemptor
2592 3945 2776 3988 noster
2809 3951 2837 3989 a
2872 3947 3060 4001 matre,
3092 3952 3121 3991 a
3159 3921 3468 4006 parentibus

1880 4044 1942 4081 ex
1979 4031 2188 4096 propria
2216 4029 2433 4081 civitate
2463 4028 2514 4079 iu
2541 4027 2840 4082 Jerusalem
2866 4029 2931 4082 ad
2971 4031 3226 4099 templum
3255 4032 3466 4089 Domini

1880 4130 1939 4170 se
1972 4117 2166 4184 portari
2192 4117 2699 4180 voluit,-invenimus
2729 4117 2900 4184 ipsam
2928 4119 3212 4185 gloriosam
3241 4136 3466 4178 matrem

1880 4216 1935 4261 et
1956 4207 2234 4276 virginem,
2257 4207 2476 4274 ejusque
2495 4209 2822 4277 propinquos
2843 4212 3060 4280 tiguram
3079 4215 3309 4282 gessisse
3325 4217 3466 4270 illius

1885 4298 2134 4352 Ecclesiae
2164 4314 2281 4368 qua:
2306 4314 2373 4354 ex
2405 4299 2584 4354 Judzea
2611 4300 2662 4352 in
2689 4302 2949 4369 apostolis
2975 4304 3224 4360 credidit.
3242 4307 3468 4373 Quando

1882 4389 2024 4442 enim
2058 4391 2293 4444 Ecclesia
2336 4405 2442 4444 non
2487 4391 2655 4458 virgo,
2689 4392 2840 4458 cujus
2886 4395 3131 4447 membra
3181 4395 3467 4459 Apostolus

201 4473 577 4541 proculdubio
607 4473 810 4527 sciebat
853 4489 912 4528 se
941 4475 1056 4527 sine
1105 4473 1393 4528 concubitu
1423 4473 1622 4539 Joseph
1650 4487 1780 4526 cetl-
1817 4495 1862 4552 ι)
1892 4481 2081 4536 nitatur
2120 4482 2308 4536 dicens
2349 4499 2361 4535 :
2399 4480 2664 4550 Despondi
2689 4483 2821 4534 enim
2847 4499 2934 4536 vos
2958 4485 3050 4537 nni
3087 4488 3192 4538 viro
3227 4490 3468 4558 virginem

197 4566 436 4632 cepisse,
471 4566 586 4620 sine
616 4565 962 4634 corruptione
990 4566 1232 4636 virginali
1261 4565 1515 4620 edidis~e.
1547 4565 1652 4619 Sed
1685 4581 1784 4619 cur

198 4657 490 4709 abscondit
513 4657 880 4724 conceptionis
901 4670 964 4711 ac
990 4657 1277 4711 nativitatis
1307 4657 1448 4710 illius
1471 4671 1784 4711 sacramen-

200 4755 355 4811 tum,
385 4760 542 4814 quem
596 4748 742 4800 novit
790 4747 960 4802 Deum
1004 4747 1364 4802 immensum?
1419 4748 1783 4817 nunquidnam

205 4838 332 4907 quia
362 4836 553 4892 invidit
580 4839 723 4905 aliis,
747 4855 906 4908 quem
931 4839 994 4894 ad
1028 4841 1279 4908 templum
1311 4841 1582 4905 deferens,
1617 4842 1784 4896 sancti

207 4930 354 4986 senis
384 4931 600 4986 tradidit
625 4933 912 4987 manibus?
945 4933 1119 4988 Absit.
1150 4933 1254 4987 Sed
1287 4943 1342 4987 ut
1372 4936 1651 5003 propheta
1678 4941 1786 5005 spi-

209 5023 316 5078 ritu
347 5021 574 5090 repleta,
615 5022 1032 5091 liedemptoretn
1089 5021 1273 5076 mundi
1306 5021 1487 5088 impiis
1515 5039 1622 5076 non
1653 5039 1790 5090 apea-

211 5115 363 5168 riret.
415 5114 630 5170 Sciebat
673 5117 817 5168 enim
860 5115 967 5183 jam
1001 5125 1127 5169 tunc
1155 5115 1326 5184 gratia
1360 5113 1516 5182 plena
1541 5153 1558 5177 ,
1599 5117 1788 5184 spiritu

209 5205 507 5261 divinitatis
565 5207 780 5269 ama-ta,
833 5208 956 5275 quia
1011 5209 1056 5262 si
1115 5209 1255 5261 hunc
1308 5207 1579 5276 principes
1634 5208 1792 5276 hujus

208 5300 392 5356 s.reuli
449 5301 864 5370 cognovissent,
899 5315 1188 5371 nunquam
1224 5315 1324 5369 pro
1381 5309 1562 5354 nostra
1619 5299 1792 5354 salute

207 5395 791 5453 crucifixissent.0ll‘er
812 5411 962 5466 ergo,
992 5395 1296 5449 beatissima
1328 5393 1509 5462 Virgo,
1541 5403 1791 5461 tanquam

211 5494 386 5562 legem
435 5492 757 5553 observans,
788 5490 840 5543 in
895 5492 1096 5559 templo
1125 5503 1284 5560 quem
1329 5489 1568 5552 edidisti,
1602 5496 1660 5541 ut
1687 5501 1793 5540 non

206 5584 483 5648 omnibus,
515 5584 610 5638 sed
661 5585 846 5652 paucis
893 5583 1182 5638 reveletur.
1229 5581 1366 5650 Quis
1394 5588 1480 5635 est
1507 5595 1668 5650 quem
1700 5595 1795 5648 ge-

207 5677 410 5730 nuisti?
443 5685 698 5746 appareat
729 5677 939 5730 interim
987 5675 1226 5738 Immitis,
1261 5674 1395 5740 lapis
1429 5673 1702 5727 abscissus
1732 5673 1798 5725 de

209 5778 392 5821 timnte
421 5769 536 5821 sine
569 5768 830 5833 manilius,
853 5777 907 5820 ut
937 5768 1253 5835 reprolrctur
1283 5765 1346 5816 ab
1379 5761 1792 5828 :edilicantibus,

1889 4583 2084 4625 castam
2113 4573 2350 4625 exhibere
2381 4570 2584 4625 Christo
2616 4571 2702 4640 (11
2733 4571 2854 4628 Cor.
2883 4589 2954 4637 tu,
2979 4573 3075 4643 2)?
3105 4577 3328 4640 Quando
3357 4581 3468 4647 ipsa

1889 4677 1994 4717 non
2025 4675 2214 4727 mater,
2247 4662 2316 4717 de
2361 4677 2462 4732 qua
2513 4677 2605 4730 per
2649 4664 2988 4718 l’salniistam
3033 4666 3230 4720 dicitur
3257 4685 3270 4721 :
3297 4667 3470 4721 Mater

1890 4755 2020 4809 Sion
2049 4756 2182 4808 dicet
2207 4754 2393 4818 homo;
2421 4762 2476 4808 et
2501 4754 2758 4808 Dominus
2791 4756 2842 4810 in
2877 4757 3164 4825 Erangelio
3193 4776 3203 4810 :
3231 4758 3470 4824 Quicunr

1889 4862 1985 4915 que
2031 4847 2202 4916 fecerit
2241 4846 2552 4899 voluntatem
2598 4844 2774 4900 Patris
2805 4848 2922 4913 mei,
2955 4848 3041 4916 qui
3090 4849 3144 4901 in
3187 4849 3326 4903 cretis
3365 4861 3466 4913 est,

1887 4940 2001 5007 ipse
2025 4953 2165 4989 meus
2193 4937 2378 5006 frater,
2403 4952 2572 5001 soror,
2600 4946 2646 4990 et
2675 4950 2838 4991 mater
2863 4948 2934 4991 est
2963 4939 3178 5004 (Matth.
3208 4957 3325 5003 xu,
3355 4941 3472 5009 l0)?

1891 5029 2120 5096 Quando
2148 5028 2306 5082 eleCti
2341 5043 2446 5082 non
2478 5028 2760 5095 propinqui
2787 5071 2801 5093 ,
2835 5029 2923 5097 qui
2955 5029 3143 5083 fratres
3169 5039 3222 5083 et
3250 5045 3467 5085 sorores
3531 5083 3538 5086 _

1893 5129 2016 5175 sum
2041 5119 2322 5188 appellati?
2352 5119 2520 5173 Mater
2541 5119 2720 5187 itaque
2741 5131 2793 5171 et
2827 5121 3106 5188 propinqui
3140 5121 3465 5191 Redempto-

1893 5229 2008 5267 retn
2041 5224 2280 5266 nostrum
2310 5227 2338 5265 a
2368 5211 2632 5266 Nazareth
2665 5211 2718 5264 in
2759 5210 3058 5266 Jerusalem
3103 5214 3169 5267 ad
3219 5216 3472 5284 templum

1893 5304 2104 5358 Domini
2129 5301 2403 5366 delerunt,
2437 5301 2558 5368 quia
2591 5301 2855 5369 primitira
2887 5302 2971 5355 illa
3008 5303 3058 5354 in
3102 5304 3284 5371 primis
3311 5304 3474 5358 disci-

1897 5396 2038 5462 polis
2069 5393 2308 5449 Ecclesia
2335 5407 2363 5445 a
2391 5392 2587 5446 ludatis
2618 5391 2850 5458 repulsa,
2877 5391 3118 5462 ejusdem
3147 5394 3471 5462 Redempto-

1897 5488 1972 5541 ris
2016 5487 2469 5555 dispensationem
2512 5483 2578 5538 ad
2633 5483 2876 5538 notitiam
2925 5485 3162 5555 gentium
3197 5487 3465 5553 perduxit.

1898 5575 2014 5644 ipsa
2065 5577 2211 5630 enim
2243 5573 2482 5628 Ecclesia
2530 5587 2636 5627 non
2685 5572 2863 5628 solum
2896 5589 2959 5628 ex
2989 5576 3262 5645 gentibus,
3293 5591 3478 5631 verum

1900 5669 2058 5722 etiam
2083 5681 2146 5721 ex
2174 5667 2306 5721 ,1οὰ]
2329 5666 2392 5730 is,
2418 5665 2737 5732 Jerusalem,
2772 5664 2822 5718 id
2851 5674 2935 5719 est
2966 5665 3112 5720 Visio
3144 5669 3308 5736 pacis,
3338 5681 3486 5722 recte
3543 5655 3559 5677 ”

1911 5769 2159 5822 vocatur,
2187 5760 2253 5812 de
2283 5772 2382 5826 qua
2428 5772 2523 5825 per
2554 5757 2891 5811 Psalmistam
2941 5757 3138 5812 dicitur
3163 5776 3176 5812 :
3202 5757 3487 5814 Jerusalem
