4090 6426
616 378 751 434 1233

615 511 726 563 quae
772 495 851 549 a'd
876 494 1059 561 [iretur
1106 492 1160 539 ut
1207 484 1419 546 civitas,
1446 483 1596 552 cujus
1641 476 1965 547 participatio
1994 474 2105 544 ejus
2133 472 2185 525 in
2223 476 2260 531 Α

613 587 835 657 utipsam
877 579 1046 653 (Psal.
1079 591 1228 640 cur,
1258 572 1334 644 5).
1376 572 1491 638 Ipsa
1523 578 1603 624 est
1632 577 1686 622 et
1715 568 1993 637 templum.
2042 565 2192 618 Nunc

616 655 710 745 per
740 674 958 728 Paulum
992 667 1237 723 ﬁdelibus
1261 663 1456 717 dicitur
1482 677 1497 715 :
1524 659 1790 728 Templum
1826 655 2035 710 Domini
2063 669 2188 706 san-

614 778 749 821 ctum
777 775 870 829 est,
903 763 1039 832 quod
1066 761 1189 815 estis
1232 773 1319 812 uos
1351 754 1405 826 (I
1446 754 1565 809 Cor.
1588 767 1685 821 ιιι,
1720 750 1833 822 17).
1868 753 1943 805 Ac
1972 766 2067 820 per
2094 750 2192 801 hos

617 873 734 910 cum
767 853 991 923 apostoli
1022 868 1087 908 ex
1118 850 1300 906 Iudaea
1345 846 1615 903 Christum
1661 843 2062 905 an‘nnntlantes,
2101 854 2192 893 ve-

619 947 774 1000 tiiunt
802 943 866 997 ad
891 952 1100 1012 gentes,
1120 939 1370 993 nimirum
1401 947 1454 990 et
1480 933 1773 989 Jerusalem
1796 931 1861 983 ad
1885 930 2187 985 Jerusalem

619 1034 895 1100 convenit,
925 1042 982 1088 et
1014 1031 1268 1100 templum
1297 1029 1361 1081 ad
1393 1027 1647 1094 templum
1693 1022 1944 1087 occurrit,
1981 1034 2100 1074 cum
2135 1018 2186 1070 hi

621 1142 810 1183 omnes
825 1140 928 1179 una
943 1124 1048 1178 sint
1061 1121 1353 1178 Jerusalem
1369 1119 1582 1183 civitas,
1600 1132 1760 1169 unum
1777 1123 1831 1170 et
1846 1124 1948 1168 tem
1958 1113 2120 1179 plum.
2135 1109 2191 1164 in

620 1218 720 1274 hac
736 1221 916 1284 itaque
936 1216 1149 1270 civitate
1165 1220 1220 1268 et
1233 1211 1431 1280 templo
1452 1210 1516 1263 ab
1537 1208 1794 1277 apostolis
1812 1206 2021 1260 obl-itus
2038 1203 2195 1256 Chri-

625 1321 740 1365 stus
769 1307 1051 1376 excipitur.
1080 1304 1231 1359 Unde
1257 1313 1310 1356 et
1335 1302 1444 1370 ipsa
1475 1298 1710 1353 Ecclesia
1739 1295 2038 1351 Psilmistm
2064 1307 2194 1346 voce

620 1399 732 1455 Deo
762 1395 903 1452 Patri
934 1395 1166 1461 louuitur
1197 1392 1382 1447 dicens
1411 1408 1424 1442 :
1453 1389 1804 1454 Suscepimtts,
1853 1383 2013 1447 Deus,
2045 1383 2195 1435 mise-

616 1489 896 1543 ricordiam
925 1496 1062 1538 tuam
1088 1484 1138 1535 in
1169 1482 1334 1535 medio
1357 1479 1531 1550 templi
1556 1479 1629 1530 tui
1661 1475 1831 1545 (Psal.
1877 1489 2043 1539 vatt,
2080 1471 2189 1542 10),

620 1558 876 1633 snhatnlis
905 1577 958 1631 in
988 1574 1165 1629 medio
1193 1573 1466 1636 Ecclesiae,
1484 1586 1601 1640 quae
1627 1579 1709 1623 est
1737 1566 1989 1633 templum
2020 1575 2190 1617 tonui.

622 1670 749 1724 Sive
778 1677 955 1722 autent
1008 1662 1299 1721 secundum
1346 1661 1647 1725 historiam,
1679 1658 1795 1711 sive
1830 1656 1979 1724 juxta
2012 1651 2195 1724 mysti-

619 1775 741 1815 tvum
787 1757 1138 1821 intellectum,
1166 1769 1261 1808 cur
1300 1751 1546 1806 Christus
1570 1763 1601 1802 a
1633 1746 1938 1817 parentibus
1967 1744 2031 1797 ad
2067 1757 2194 1794 san-

1503 366 1826 422 AMISHL‘SII
1872 352 2218 418 AU'I‘I’ERTI
2263 348 2745 410 BENEYENTANI
2787 346 3073 404 ABBATQS

3735 336 3758 389 ί
3773 332 3873 389 .‘96

2292 482 2474 522 amara
2500 464 2767 519 dissensio
2787 458 3163 515 ecclesiastica:
3186 451 3463 508 charitat'rs
3494 447 3717 514 dissipet
3749 446 3870 499 uni-

2294 570 2479 613 tatcm.
2513 555 2638 610 llatc
2668 555 2811 608 enim
2840 562 2923 607 est
2972 548 3212 603 Ecclesia
3244 543 3531 609 catholica,
3567 557 3686 611 qua:
3717 538 3874 593 tidem

2293 649 2382 702 nni
2435 646 2659 700 Domino
2706 654 2954 711 tanquam
3006 638 3243 708 legitimo
3295 634 3411 687 viro
3459 640 3767 699 (tonsi-rvat,
3823 636 3879 684 et

2292 737 2761 808 congregationem
2804 732 3091 785 multorum
3139 727 3192 779 in
3239 724 3346 777 ﬁde
3395 719 3734 788 multiplicat.
3778 718 3870 772 Se-

2293 829 2472 895 quhur

2364 938 2416 991 6.
2464 932 2531 988 Et
2564 949 2675 989 erce
2705 934 2853 985 homo
2881 938 2991 984 erat
3020 929 3073 981 in
3101 924 3409 986 Jerusalem,
3443 920 3526 973 cui
3573 934 3755 973 uomet
3787 918 3878 974 Si-

2294 1042 2462 1092 meon,
2489 1036 2535 1078 et
2557 1028 2707 1077 homo
2733 1025 2827 1075 iste
2848 1023 3027 1091 justus
3048 1027 3096 1073 et
3125 1020 3413 1079 timoratus,
3440 1021 3732 1082 exspectans
3756 1026 3880 1064 con-

2294 1119 2598 1174 solationem
2641 1113 2832 1177 Israel,
2861 1121 2908 1165 et
2957 1111 3185 1177 Spiritus
3222 1114 3433 1161 sanctus
3470 1113 3581 1156 erat
3629 1103 3681 1154 in
3722 1117 3799 1163 eo,
3828 1108 3878 1153 et

2294 1221 2591 1277 responsum
2619 1211 2883 1267 acceperat
2914 1220 2946 1254 a
2974 1201 3178 1267 Spiritu
3209 1207 3410 1256 sancto,
3441 1209 3543 1247 non
3572 1193 3800 1245 visurum
3826 1206 3883 1244 se

2296 1307 2529 1360 mortem,
2560 1297 2659 1348 nisi
2681 1296 2826 1365 prius
2855 1292 3046 1345 videret
3085 1287 3343 1343 Christum
3370 1284 3606 1342 Domini.
3640 1281 3707 1334 Et
3746 1282 3879 1335 venit

2294 1388 2349 1441 in
2379 1386 2580 1456 Spiritu
2607 1386 2659 1437 in
2688 1384 2936 1452 templum
2979 1380 3132 1450 (Luc.
3168 1393 3200 1432 ιι
3221 1421 3236 1446 ,
3266 1377 3383 1446 25).
3435 1375 3576 1431 Nihil
3606 1377 3783 1428 minus
3814 1376 3884 1427 de

2296 1477 2576 1532 sanctitate
2605 1474 2695 1528 isti
2720 1472 3025 1542 specialiter
3052 1468 3343 1524 ascribitur
3374 1466 3597 1531 homini,
3625 1464 3715 1531 qui
3747 1476 3797 1518 et
3827 1465 3883 1516 in

2296 1568 2614 1632 Jerusalem,
2642 1566 2696 1619 id
2743 1575 2825 1619 est
2862 1564 2915 1618 in
2962 1563 3180 1617 Visione
3228 1559 3373 1628 pacis
3412 1566 3794 1621 commoratus,
3825 1562 3885 1608 et

2299 1659 2421 1713 ﬁdei
2453 1660 2765 1727 operatione
2806 1655 3007 1726 justus,
3039 1662 3093 1707 et
3147 1650 3446 1706 reverentia
3499 1646 3800 1708 timoratus,
3830 1654 3888 1699 et

2302 1750 2516 1806 lsraelis
2557 1748 2925 1804 consolatione
2961 1744 3215 1799 attonitus
3237 1783 3252 1811 ,
3284 1751 3338 1796 et
3363 1739 3563 1809 Spiritu
3589 1750 3774 1792 saneto
3800 1752 3888 1790 re-

618 1864 760 1908 ctam
808 1851 1074 1905 civitatem
1121 1858 1176 1903 et
1213 1846 1467 1916 templum
1499 1843 1742 1906 ducatur,
1777 1852 1937 1894 causa
1972 1834 2193 1890 manife-

2305 1841 2503 1910 pletus,
2555 1841 2781 1908 ejusque
2828 1832 3175 1904 responsione
3202 1833 3270 1885 de
3319 1830 3573 1884 incarnati
3612 1825 3764 1881 Verbi
3809 1824 3889 1878 vi-

622 1954 815 2007 statur,
844 1957 964 1996 cum
992 1940 1234 1995 subditur
1258 1953 1275 1993 :
1740 1988 1751 1995 ,

690 2037 747 2091 5.
779 2034 846 2088 L't
873 2034 1054 2085 darent
1080 2031 1272 2083 hostias
1298 2069 1314 2093 ,
1342 2026 1619 2082 secundum
1646 2024 1783 2095 quod
1809 2022 2004 2075 dictum
2026 2028 2101 2074 est
2143 2018 2198 2070 in

620 2128 731 2195 lege
764 2124 987 2186 Domini,
1021 2140 1115 2191 par
1144 2131 1428 2182 turturum,
1461 2126 1547 2171 aut
1576 2117 1704 2169 duos
1736 2114 1904 2183 pullos
1932 2108 2198 2164 columba-

617 2230 734 2267 rum
765 2211 917 2280 (Luc.
952 2226 1009 2274 ιι,
1042 2208 1157 2279 25).
1210 2209 1539 2273 Praeceptum
1585 2205 1798 2274 quidem
1831 2202 1967 2270 legis
1998 2199 2193 2260 fuerat,

618 2315 676 2358 nl.
703 2306 746 2359 si
775 2306 858 2358 cui
893 2302 1028 2356 forte
1057 2316 1224 2370 agnus
1274 2298 1553 2359 defuisset,
1586 2307 1640 2350 et
1686 2310 1851 2347 unum
1903 2293 2113 2354 horum,
2145 2285 2196 2339 id

619 2405 701 2449 est
732 2404 823 2448 aut
869 2408 960 2459 par
990 2398 1256 2446 turturum
1276 2428 1291 2454 ,
1324 2396 1414 2440 aut
1444 2388 1576 2440 duos
1610 2386 1780 2451 pnl'os
1827 2380 2197 2436 columbarum

619 2486 928 2549 invenisset,
954 2484 1064 2538 Deo
1091 2483 1143 2536 in
1171 2481 1499 2544 oblationem
1534 2476 1629 2531 lilii
1663 2475 1907 2536 ollerret,
1934 2487 2032 2527 nec
2062 2485 2200 2539 pra:-

614 2578 943 2648 judicaretur
988 2590 1057 2629 ex
1107 2574 1296 2636 altero,
1325 2570 1413 2640 qui
1463 2586 1624 2623 unum
1676 2565 1955 2634 quodlibet
2004 2561 2195 2616 horum

616 2668 923 2722 obtulisset.
979 2665 1087 2719 Sed
1134 2663 1255 2732 quia
1310 2671 1534 2729 utraque
1587 2658 1785 2713 Christi
1838 2653 2200 2720 Ecclesimque

619 2764 955 2811 sacramenta
984 2753 1306 2822 signiticant,
1340 2748 1665 2804 credendum
1695 2757 1779 2802 est
1810 2756 2097 2812 utrumque
2130 2741 2196 2795 ad

619 2846 938 2911 sacrificium
981 2852 1204 2897 matrem
1250 2839 1522 2894 invenisse
1562 2848 1721 2904 atque
1767 2834 2049 2890 obtulisse.
2085 2832 2193 2886 Dc-

622 2935 782 3006 nique
812 2937 863 2989 in
909 2936 1009 2987 hac
1055 2931 1325 2986 oblatione
1373 2930 1554 2983 avium
1613 2927 1698 2980 illa
1752 2924 2200 2995 prmﬁgurabatur

622 3026 821 3079 oblatio
867 3041 984 3093 qua:
1030 3038 1124 3092 pro
1173 3021 1345 3076 salute
1392 3019 1573 3074 mttndi
1613 3018 1790 3073 oblata
1839 3025 1922 3071 est
1976 3028 2198 3082 vespera

621 3116 750 3183 diei,
784 3115 993 3170 Domini
1040 3113 1287 3168 videlicet
1332 3109 1527 3181 passio,
1558 3123 1654 3178 per
1688 3122 1849 3177 quam
1889 3121 2075 3160 sumus
2118 3119 2201 3160 re-

623 3208 891 3262 conciliati
923 3206 1052 3260 Deo.
1088 3205 1161 3259 De
1213 3205 1311 3257 hac
1361 3202 1558 3271 quippe
1606 3198 1785 3253 hostia
1834 3212 1930 3266 per
1979 3196 2200 3251 Paulum

628 3297 877 3351 ﬁdelibus
933 3292 1463 3349 dicitursdmbulute
1518 3292 1571 3343 in
1625 3289 1936 3355 dilectione,
1978 3288 2107 3342 sicut
2155 3293 2202 3339 et

625 3388 856 3443 Christus
897 3388 1077 3441 dilexit
1107 3402 1197 3441 nos
1224 3396 1269 3439 ct
1312 3385 1520 3438 tradidit
1567 3385 1888 3454 semetipsum
1918 3397 2012 3450 pro
2062 3380 2202 3433 nobis

623 3482 929 3536 oblationem
952 3491 998 3533 et
1026 3479 1245 3533 hostiam
1273 3478 1379 3530 Deo
1417 3477 1467 3529 in
1501 3476 1709 3529 odorem
1732 3474 2009 3529 suavitatis
2037 3470 2199 3542 (Eph.

624 3591 678 3643 v,
710 3576 790 3641 2).
824 3575 887 3628 Ει
914 3588 1122 3627 rursum
1155 3588 1167 3625 :
1197 3570 1300 3637 Qui
1329 3569 1508 3623 dilexit
1551 3582 1661 3634 me,
1694 3566 1887 3635 inquit,
1922 3575 1968 3617 et
1993 3563 2205 3616 tradidit

620 3669 944 3738 semetipsum
986 3682 1079 3734 pro
1128 3679 1206 3717 me
1236 3659 1377 3733 (Gal.
1418 3674 1476 3725 ll,
1506 3658 1623 3729 ΞΟ).
1674 3659 1808 3723 Quia
1861 3671 1990 3710 vero
2019 3668 2206 3710 omnes

624 3758 781 3811 electi
809 3755 1046 3810 membra
1073 3762 1198 3809 sunt
1239 3750 1458 3821 Christi,
1492 3749 1545 3801 in
1581 3756 1786 3801 turture
1826 3746 2035 3799 scilicet
2062 3743 2206 3797 desi-

623 3859 856 3917 gnantur
889 3856 1152 3909 turtures,
1186 3853 1344 3913 atque
1388 3844 1441 3896 in
1485 3838 1728 3894 columba
1759 3835 2047 3891 columbae.
2103 3833 2206 3888 De-

620 3939 797 4008 signat
851 3940 1011 3993 etiam
1072 3936 1185 3990 haec
1233 3937 1411 3989 avium
1472 3931 1676 3987 oblatio
1733 3926 2199 3984 mortiﬁcationem

614 4033 937 4091 electorum,
971 4028 1162 4098 quibus
1192 4040 1286 4093 per
1327 4023 1575 4078 eumdetn
1623 4020 1926 4091 apostolum
1954 4017 2154 4071 dicitur
2184 4031 2198 4067 :

622 4123 843 4175 Obsecro
870 4136 955 4174 vos
978 4136 1066 4189 per
1094 4116 1494 4171 misericordiam
1527 4114 1624 4168 Dei
1647 4155 1664 4177 ,
1693 4118 1750 4165 ut
1778 4109 2059 4163 exhibeatis
2086 4122 2204 4159 cor-

618 4228 745 4280 pora
772 4220 937 4263 vestra
962 4208 1180 4260 hostiam
1202 4207 1465 4271 viventem,
1497 4212 1751 4265 sanctam,
1783 4199 1888 4253 Deo
1918 4195 2203 4266 placentem

620 4301 799 4372 (Rom.
844 4316 938 4364 ιιι,
975 4298 1049 4369 1).
1102 4296 1210 4353 Sed
1255 4296 1399 4351 nulla
1442 4309 1565 4349 esse
1596 4300 1775 4361 potest
1825 4295 2044 4356 accepta
2095 4286 2206 4341 Deo

622 4389 1048 4446 inuitilicationis
1100 4386 1325 4451 oblatio,
1358 4387 1412 4443 in
1461 4383 1657 4453 quibus
1703 4393 1808 4434 non
1856 4378 2019 4433 fuerit
2064 4392 2204 4432 vera:

622 4485 740 4538 lidi-i
773 4490 1012 4543 castitas,
1038 4492 1284 4547 veraeque
1309 4474 1591 4531 charitatis
1619 4470 1936 4527 concordia.
1966 4468 2201 4525 Proinde

623 4594 731 4633 non
760 4578 875 4630 sine
901 4588 1063 4629 causa
1093 4569 1411 4628 sacriﬁcium
1436 4567 1575 4636 quod
1601 4580 1697 4633 pro
1723 4563 1953 4617 Domino
1975 4561 2201 4633 mystice

620 4672 858 4728 oblatum
890 4667 1224 4739 perhibetur,
1245 4677 1310 4717 es
1340 4658 1639 4714 turturibus
1659 4668 1713 4713 et
1742 4654 2006 4712 columbis
2037 4653 2206 4708 fuisse

624 4778 894 4825 narratur.
946 4764 999 4817 In
1051 4772 1260 4814 turture
1306 4756 1451 4809 enim
1498 4753 1717 4807 castitas
1745 4751 2045 4811 invenitur.
2074 4748 2207 4802 etin

629 4861 872 4916 columba
924 4854 1157 4908 charitas
1223 4846 1652 4904 commendatur.
1729 4844 1925 4899 Turtur
1976 4852 2208 4909 namque

620 4958 995 5013 intemeratum
1047 4957 1231 5004 servat
1272 4946 1363 5001 uni
1410 4944 1526 4998 viro
1555 4944 1751 5010 tidem;
1794 4939 2035 4996 columba
2082 4947 2212 4990 vero

624 5051 850 5103 atiarnm
878 5042 1301 5101 cohabitantium
1337 5053 1441 5093 non
1468 5036 1670 5093 deserit
1696 5035 1979 5089 unitatem.
2001 5027 2208 5084 Catho-

626 5140 763 5195 licus
793 5137 954 5205 igitur
980 5131 1318 5189 Christianus
1364 5139 1491 5182 tunc
1534 5142 1663 5182 vero
1703 5123 1996 5193 spiritualis
2034 5127 2208 5174 turtur

625 5232 880 5291 eiti‘citur,
911 5228 955 5281 si
984 5241 1163 5282 veram
1207 5220 1488 5277 Trinitatis
1518 5220 1676 5273 tidem
1710 5217 1861 5270 tirma
1890 5210 2213 5267 credulitate

627 5328 931 5384 conservet,
962 5328 1016 5372 et
1064 5313 1330 5370 haeretica:
1370 5309 1647 5380 pravitatis
1693 5319 1912 5361 sensum
1962 5312 2211 5371 tanquam

639 5410 1009 5469 tornicatiunis
1041 5402 1442 5475 inquinamenta
1468 5399 1733 5468 repudiat.
1777 5395 1927 5450 Tunc
1952 5408 2082 5449 vero
2107 5393 2209 5448 erit

628 5507 894 5568 columba,
926 5501 974 5556 si
1022 5496 1399 5569 longantiniter
1445 5505 1618 5559 usque
1655 5487 1725 5542 ad
1756 5486 1916 5541 tinem
1946 5486 1997 5540 in
2025 5484 2211 5539 catho-

630 5602 729 5655 lica
781 5597 1039 5653 societate
1088 5597 1447 5660 permaneat,
1496 5594 1553 5639 et
1607 5592 1795 5638 contra
1852 5581 2208 5634 tentationum

627 5692 870 5748 scandala
895 5683 1152 5741 immobili
1173 5680 1428 5735 ﬁrmitate
1450 5672 1721 5743 persistat,
1743 5680 1919 5727 utnec
1950 5669 2204 5725 haeretica

629 5785 907 5846 iurtticatio
935 5788 1242 5849 corrumpat
1287 5778 1337 5830 in
1380 5769 1547 5827 corde
1593 5766 1715 5822 ﬁdei
1743 5764 2065 5830 castitatem,
2097 5778 2197 5820 nec

2298 1933 2449 1984 sione
2480 1930 2764 1982 roboratus
2795 1927 2958 1979 fuisse
2989 1922 3316 1991 perhibetur.
3375 1919 3421 1973 Ο
3468 1933 3627 1986 quant
3671 1914 3881 1970 ardenti

2299 2021 2571 2076 desiderio
2601 2022 2759 2072 homo
2801 2019 2900 2070 iste
2931 2013 3298 2083 exspectabat,
3329 2009 3618 2063 secundum
3651 2007 3887 2075 Spiritus

2301 2114 2470 2167 sancti
2513 2111 2938 2180 promissionem,
2967 2111 3147 2162 videre
3172 2108 3223 2159 in
3252 2120 3411 2159 carne
3436 2100 3883 2169 ltedetnptoretn!

2301 2204 2430 2271 ρυιυ
2484 2213 2727 2271 putamus
2780 2200 2941 2254 fuerit
2982 2198 3232 2253 instantia
3289 2195 3544 2250 orationis
3595 2191 3734 2260 ejus,
3776 2205 3882 2258 qua

2301 2297 2484 2349 divino
2517 2307 2775 2363 responso
2822 2293 3014 2346 meruit
3047 2290 3246 2345 lirmari
3276 2288 3345 2342 de
3373 2288 3453 2339 his
3483 2299 3603 2355 quae
3634 2278 3891 2350 petebat?

2302 2386 2433 2454 Qua:
2458 2394 2614 2439 erant
2634 2384 2752 2451 ejus
2780 2385 3070 2453 gemituum
3094 2380 3402 2434 continuata
3429 2375 3590 2429 verba
3622 2373 3674 2426 in
3697 2376 3888 2424 sancta

2303 2474 2721 2547 deprecatione?
2748 2472 2861 2528 Non
2882 2472 3028 2527 enim
3052 2471 3102 2524 in
3139 2468 3368 2539 petendo
3400 2464 3652 2532 cessavit,
3685 2473 3890 2527 usque-

2304 2584 2410 2637 quo
2458 2577 2775 2633 responsum
2807 2563 3075 2629 acciperet
3125 2573 3289 2628 super
3332 2557 3416 2611 his
3445 2570 3568 2625 qua:
3610 2550 3890 2619 poscebat.

2308 2660 2478 2714 Fuere
2505 2654 2768 2724 siquidem
2800 2655 2851 2706 in
2884 2652 3162 2706 retroactis
3186 2646 3518 2715 temporibus
3544 2642 3698 2697 multi
3724 2639 3845 2695 simi
3872 2640 3891 2693 i

2306 2746 2575 2804 desiderio
2623 2744 2860 2808 accensi,
2892 2741 3115 2797 Domino
3167 2747 3480 2798 attestante,
3510 2733 3599 2804 qui
3631 2733 3696 2786 ad
3728 2731 3893 2785 disci-

2308 2842 2463 2910 palus
2509 2839 2586 2892 ait
2610 2855 2623 2891 :
2651 2836 2804 2890 Multi
2851 2848 2995 2905 reges
3022 2843 3067 2887 et
3098 2830 3362 2903 prepltetaa
3401 2827 3670 2880 voluerunt
3716 2823 3890 2877 uidere

2304 2948 2418 3003 qua
2440 2948 2526 2985 vos
2559 2928 2760 2994 uidetis,
2780 2937 2823 2981 et
2848 2942 2949 2979 non
2977 2925 3246 2988 uiderunt;
3268 2932 3313 2974 et
3333 2919 3514 2973 audire
3534 2932 3649 2987 qua:
3674 2915 3892 2977 auditis,

2304 3035 2349 3078 et
2380 3040 2481 3077 non
2511 3021 2789 3074 audierunt
2818 3016 2971 3088 (Luc.
3003 3033 3055 3080 x,
3085 3015 3210 3083 ‘24);
3255 3012 3351 3067 sed
3395 3027 3461 3067 ex
3514 3010 3619 3063 illis
3662 3008 3762 3061 hoc
3802 3005 3895 3058 isti

2310 3117 2412 3171 solt
2444 3127 2762 3169 concessum
2791 3122 2894 3174 est,
2924 3112 3013 3179 qui
3046 3108 3101 3162 in
3147 3105 3483 3179 plenitudine
3513 3100 3769 3169 temporis
3796 3098 3898 3151 ho-

2309 3222 2425 3262 rum
2455 3206 2674 3260 ultimus
2704 3204 2974 3273 apparuit.
3020 3200 3126 3256 Sed
3154 3202 3197 3254 si
3235 3197 3472 3266 vigilanti
3502 3193 3678 3249 studio
3700 3192 3896 3246 subse-

2303 3298 2582 3368 quentinm
2611 3304 2922 3349 sanctorum
2955 3291 3284 3347 attendimus
3311 3286 3666 3348 desiderium,
3696 3282 3895 3352 quibus

2304 3388 2544 3442 Christus
2590 3384 2690 3440 fuit
2733 3385 2914 3438 vivere
2941 3394 2997 3438 et
3022 3382 3158 3436 mori
3194 3380 3398 3434 lucrum
3419 3417 3435 3442 ,
3464 3375 3770 3430 invenimus
3800 3387 3899 3427 eos

2306 3494 2413 3533 non
2444 3478 2670 3531 minoris
2716 3474 3006 3529 anxietatis
3035 3472 3230 3527 ardore
3274 3469 3608 3523 divinitatem
3645 3463 3896 3534 ejusdem

2306 3569 2601 3625 Salvatoris
2636 3568 2827 3622 intueri
2856 3566 3012 3629 velle,
3041 3578 3201 3634 quam
3256 3562 3345 3616 ille
3386 3556 3701 3627 concupivit
3729 3553 3901 3623 inspi-

2306 3673 2430 3715 cere
2478 3673 2715 3713 carnem.
2770 3657 2905 3712 lline
2949 3656 3146 3711 Paulus
3193 3653 3362 3708 dicit:
3394 3650 3562 3719 Cupio
3606 3644 3818 3701 dissolui
3847 3655 3899 3698 et

2307 3766 2413 3806 esse
2461 3766 2577 3803 cum
2623 3749 2828 3804 Christo
2878 3748 3052 3818 (Psal.
3089 3763 3126 3808 ι,
3159 3745 3276 3813 ‘25).
3328 3744 3458 3798 llinc
3507 3733 3786 3796 Psalmista
3830 3752 3899 3792 es

2309 3856 2535 3913 persona
2567 3841 2822 3897 Ecclesia:
2865 3840 2996 3893 dicit
3025 3855 3039 3893 :
3067 3838 3239 3893 Sitirit
3281 3836 3454 3889 anima
3485 3850 3597 3886 mea
3626 3831 3695 3884 ad
3734 3829 3905 3883 Deum

2307 3936 2494 4000 vivum,
2522 3935 2727 4004 quando
2762 3932 2959 3985 ueniam
3000 3943 3046 3983 et
3086 3928 3346 3997 apparebo
3396 3934 3516 3979 ante
3567 3926 3751 3994 faciem
3801 3921 3906 3976 Dei

2309 4025 2476 4096 (Psnl.
2514 4041 2622 4089 xu,
2644 4026 2727 4093 5).
2751 4023 2882 4091 Quis
2908 4036 3036 4090 ergo
3065 4020 3189 4075 hinc
3210 4021 3319 4088 jam
3352 4033 3458 4072 non
3491 4016 3670 4071 videat
3707 4017 3759 4069 in
3790 4030 3906 4069 uno

2307 4117 2556 4170 Simeone
2583 4117 2726 4183 justo
2751 4124 2975 4167 cunctos
3021 4111 3315 4181 signiﬁcari
3345 4110 3546 4164 electos
3568 4147 3584 4173 ,
3618 4106 3708 4175 qui
3758 4120 3906 4160 utine

2308 4219 2357 4263 et
2383 4208 2511 4277 juSti
2541 4222 2603 4260 ex
2651 4207 2755 4260 title
2799 4217 2958 4276 atque
3009 4204 3338 4273 operatione,
3371 4211 3423 4268 et
3467 4200 3698 4253 timorati
3725 4213 3790 4252 ex
3820 4198 3905 4251 lno

2311 4309 2428 4354 tura
2461 4301 2955 4366 exspectatione,et
2981 4297 3190 4352 attoniti
3226 4293 3566 4348 inveniuntur
3587 4306 3651 4344 ex
3678 4300 3900 4343 ventura

2309 4389 2719 4445 consolatioiie?
2746 4391 2799 4443 In
2825 4389 3017 4456 quibus
3038 4388 3199 4440 etiam
3227 4387 3456 4455 Spiritus
3479 4393 3698 4437 sanctus
3722 4384 3903 4437 inesse

2309 4484 2671 4552 cognoscitur,
2702 4484 2826 4549 quia
2850 4491 2902 4534 et
2928 4494 3023 4547 per
3052 4479 3364 4548 Apostolum
3393 4477 3591 4531 dicitur
3615 4491 3631 4529 :
3656 4474 3898 4529 Charitas

2313 4575 2407 4628 Dei
2451 4571 2644 4640 diﬁ'usa
2669 4578 2745 4625 est
2774 4572 2825 4624 in
2852 4571 3091 4624 cordibus
3134 4570 3324 4623 nostris
3361 4584 3449 4637 per
3479 4568 3735 4639 Spiritum
3777 4582 3902 4620 san-

2310 4677 2450 4721 ctum
2475 4664 2563 4729 qui
2585 4663 2738 4715 datus
2757 4668 2853 4716 est.
2882 4662 2944 4715 Et
2967 4677 3176 4715 rursum
3204 4661 3451 4715 tldelibus
3472 4659 3603 4713 dicit
3627 4676 3640 4711 :
3665 4657 3899 4728 Corpora

2318 4767 2484 4808 ucstra
2513 4754 2759 4822 templum
2785 4761 2902 4806 sunt
2935 4752 3357 4823 Spiritus-sancti
3378 4793 3392 4817 ,
3415 4768 3563 4821 quem
3612 4751 3808 4804 habetis
3837 4765 3901 4803 ex

2316 4846 2422 4900 Deo
2451 4844 2629 4917 (Rom.
2662 4860 2712 4910 v,
2746 4844 2826 4916 5).
2857 4847 3067 4915 Quique
3093 4846 3255 4901 etiam
3284 4860 3597 4915 responsum
3627 4845 3898 4912 accipiunt

2313 4951 2343 4991 a
2374 4936 2574 5006 Spiritu
2619 4946 2808 4992 sancto
2838 4953 2946 4992 non
2991 4939 3200 4991 visuros
3230 4952 3290 4991 se
3319 4950 3547 4989 mortem
3569 4975 3584 4999 ,
3618 4935 3717 4988 nisi
3750 4934 3899 5002 prius

2316 5028 2530 5083 videant
2571 5028 2853 5083 Christum
2892 5028 3139 5092 Domini,
3173 5028 3293 5095 quin
3326 5029 3379 5080 in
3409 5028 3506 5081 hac
3557 5026 3733 5080 adhuc
3777 5038 3897 5080 cor-

2316 5120 2552 5191 ruptibili
2584 5120 2712 5178 vita.
2743 5119 2985 5189 ejusdem
3035 5118 3267 5187 Spiritus
3317 5117 3488 5172 sancti
3541 5115 3712 5183 gratia
3744 5128 3899 5171 rere.

2317 5215 2480 5277 tante,
2511 5212 2711 5281 apertis
2740 5210 2864 5266 ﬁdei
2883 5210 3214 5276 oculis,eum
3240 5212 3330 5280 qni
3361 5225 3420 5265 se
3445 5225 3567 5263 cum
3598 5208 3703 5263 illis
3727 5222 3898 5278 usque

2317 5305 2371 5358 in
2404 5303 2563 5356 linem
2588 5302 2770 5357 steculi
2811 5316 3123 5358 mansurum
3152 5316 3272 5356 esse
3304 5301 3569 5371 promisit,
3600 5298 3890 5369 aspiciunt,

2318 5410 2425 5449 non
2451 5394 2561 5463 jam
2592 5408 2753 5449 carne
2780 5398 3078 5462 parvulum,
3110 5393 3204 5448 sed
3233 5392 3513 5447 divinitate
3541 5391 3890 5446 immensum.

2316 5487 2419 5555 Qui
2446 5489 2607 5543 etiam
2637 5502 2758 5542 cum
2792 5487 2957 5542 Paulo
2984 5486 3207 5541 dicunt:
3236 5483 3305 5538 Et
3336 5487 3381 5540 si
3419 5501 3720 5539 noveramus
3747 5482 3898 5537 Chri-

2317 5589 2452 5633 stum
2480 5581 2758 5633 secundum
2785 5593 3014 5643 carnem,
3042 5576 3133 5632 sed
3181 5593 3317 5632 nunc
3352 5578 3466 5650 jam
3497 5591 3600 5629 non
3646 5575 3897 5629 novimus.

2321 5670 2575 5724 Habitant
2604 5671 2764 5726 etiam
2798 5671 2886 5725 isti
2921 5670 2972 5724 in
3000 5669 3325 5735 Jerusalem,
3355 5681 3517 5738 atque
3543 5668 3593 5721 in
3625 5666 3816 5735 spiritu
3847 5667 3901 5718 in

2316 5763 2604 5832 templum,
2632 5777 2742 5833 quo
2785 5759 3034 5817 Christus
3084 5761 3443 5816 introducitur
3469 5800 3483 5827 ,
3522 5759 3759 5813 veniunt.
3797 5753 3899 5827 Ipsi
