4090 6432
1217 428 1445 488 SERMO
1486 436 1572 492 DE
1613 436 1948 496 LECTIONE
1989 443 2460 514 E\’A.\'GEUCA..

157 520 302 573 ιιιιῑιιι
351 529 476 576 sunt
519 519 856 598 Jerusalem,
891 535 976 604 qui
1031 539 1272 598 habitant
1321 546 1373 600 in
1423 548 1743 608 Jerusalem.
1779 551 1826 610 A
1853 553 2121 616 Christum
2167 566 2387 634 satiant,
2419 577 2472 624 et
2503 572 2553 626 iu
2585 575 2691 630 alio
2739 577 3006 636 sitientem
3041 593 3243 655 potant,
3275 599 3330 645 et
3379 594 3431 648 in

159 608 400 655 Brevitat-
467 612 658 655 fmina
745 626 841 655 ιο...
903 633 1262 655 ..........__:_..___
1379 654 1388 655 ,
1475 642 1485 655 .
1889 649 1916 655 ..
1988 651 1998 655 _
2127 653 2134 655 ,

159 608 420 675 Breviter,
466 612 682 681 fratres,
745 626 842 678 ism
903 633 1286 702 percurrimus,
1331 654 1396 694 ne
1455 642 1578 698 dum
1633 661 1749 714 quia:

155 709 282 756 Sunt
331 705 486 776 hujus
525 708 632 766 diei
680 729 1036 788 sacram'nta,
1061 724 1306 794 quodque
1334 743 1583 786 sanctum
1620 750 1750 802 pue-

155 795 316 861 rique
350 801 679 864 prmconium
729 807 964 866 indicare
1015 815 1312 885 studemus,
1343 821 1557 878 cuilibet
1589 825 1638 878 in
1674 828 1751 880 ia-

149 888 371 944 sridium
404 895 699 954 veniamus.
731 899 984 971 Sequitur
1011 924 1023 959 :

229 967 296 1032 Ει
324 997 443 1038 cum
471 991 766 1045 traducerent
793 1011 1008 1062 puerum
1035 996 1214 1052 Iesum
1251 1015 1488 1072 parentes
1527 1010 1659 1078 ejus,
1694 1019 1747 1062 ut

151 1071 384 1136 facerent
419 1083 704 1136 secundum
744 1091 1158 1146 consuetudinem
1185 1093 1310 1164 legis
1337 1114 1431 1166 pro
1462 1116 1543 1164 eo,
1571 1111 1618 1154 et
1641 1103 1748 1170 ipse

147 1169 350 1236 accepit
377 1187 490 1224 eum
517 1173 570 1226 in
609 1175 760 1231 ulnas
787 1195 930 1246 suas,
963 1193 1007 1236 et
1050 1183 1304 1240 benedixit
1332 1205 1467 1254 eum,
1495 1201 1542 1245 et
1571 1194 1742 1250 dixit:

157 1254 316 1314 Nunc
344 1263 572 1331 dimittis,
609 1266 843 1335 Domine,
874 1289 1078 1328 seruum
1112 1286 1272 1338 tuum.
1315 1287 1594 1340 secundum
1633 1305 1742 1342 rer-

153 1349 274 1400 bum
302 1359 464 1418 tuum,
495 1354 546 1406 in
591 1373 734 1426 pace,
763 1361 884 1430 quia
926 1363 1158 1420 viderunt
1197 1371 1335 1424 oculi
1375 1375 1477 1426 ntei
1518 1379 1742 1435 salutare

151 1449 298 1492 tuum
325 1442 474 1510 (Luc.
509 1459 567 1510 ιι,
600 1445 714 1516 27).
753 1451 888 1506 Hine
931 1458 1088 1512 unius
1117 1459 1244 1514 hinc
1274 1464 1590 1530 multorum,
1633 1469 1741 1522 imo

147 1529 312 1583 etiam
341 1537 581 1588 omnium
615 1540 934 1608 adimpletur
961 1552 1607 1622 ex5pectatiojustorum.
1635 1559 1738 1614 Sed

145 1621 390 1678 dicamus
417 1627 563 1695 prius
594 1629 660 1685 de
691 1648 796 1686 uno
823 1678 836 1698 ,
869 1644 924 1689 et
955 1637 1033 1692 sic
1065 1640 1346 1708 loquamur
1373 1644 1440 1698 de
1469 1650 1734 1703 omnibus.

141 1709 403 1784 Cupimus
432 1721 572 1774 enim
605 1723 669 1776 ad
703 1725 802 1778 huc
849 1730 1084 1786 Studium
1141 1743 1384 1790 nostrum
1437 1739 1734 1808 inﬂectere,

145 1817 202 1858 ut
235 1809 380 1876 quod
411 1811 476 1865 de
527 1830 630 1868 uno
661 1816 876 1885 dicitur,
922 1821 988 1875 de
1033 1827 1280 1882 omnibus
1325 1836 1586 1886 veraciter
1613 1850 1736 1888 sen-

145 1897 327 1956 tiatur.
378 1902 512 1956 Ecce
542 1905 664 1960 dum
698 1911 1005 1976 specialiter
1031 1913 1100 1970 de
1132 1933 1239 1972 uno
1281 1924 1572 1976 venerabili
1606 1939 1734 1978 sene
1773 1899 1814 1958 Β

141 1989 392 2054 cupimus
425 1993 584 2062 loqui,
615 2003 852 2054 occurrit
881 2005 1214 2070 praedicanda
1241 2008 1474 2080 Virginis
1507 2017 1736 2081 pruden-

145 2081 240 2146 tia,
275 2099 378 2138 non
429 2085 655 2142 humana
689 2091 950 2148 industria
986 2097 1138 2164 fulta,
1167 2100 1260 2154 sed
1292 2103 1494 2170 Spiriltt
1524 2107 1734 2162 Divini-

147 2174 270 2227 tatis
317 2175 673 2248 alllata,,quze
705 2182 896 2238 Filium
946 2188 1190 2244 oblatura
1229 2194 1472 2260 venit-ns,
1517 2213 1736 2269 suaeque

144 2275 349 2321 natum:
381 2269 734 2327 humilitatem
761 2291 1008 2342 servans,
1040 2281 1311 2348 propheta:
1341 2289 1588 2343 manibus
1627 2303 1735 2346 tra-

139 2355 278 2411 didit
335 2363 706 2431 oll‘ereudum,
756 2383 859 2420 non
919 2369 1100 2438 ignara
1152 2377 1334 2445 utique
1375 2381 1495 2446 quis
1543 2395 1732 2450 esset,

139 2449 566 2516 cujusmanibus
598 2455 762 2509 Deum
788 2459 1166 2532 ltoruineuque
1193 2468 1436 2524 tradebat
1461 2473 1730 2530 Sacriﬁcio

139 2538 517 2594 dedicandum.
571 2543 738 2599 Oﬂ'ert
787 2561 962 2604 autem
1016 2552 1298 2610 Dominum
1351 2561 1730 2628 prophetarum

140 2632 439 2696 prephetae,
473 2633 628 2688 offert
682 2637 895 2692 unicum
943 2644 1030 2696 uni
1059 2685 1074 2708 ,
1105 2645 1211 2704 imo
1243 2651 1488 2706 tur-nibus
1519 2654 1569 2708 in
1601 2671 1728 2724 uno,

137 2733 257 2786 qum
280 2723 530 2778 omnibus
553 2728 800 2782 eumdem
829 2735 1034 2800 peperit
1064 2737 1418 2797 Salvatorem.
1444 2747 1559 2801 Non
1583 2750 1728 2804 enim

135 2811 336 2866 desinit
382 2813 485 2869 huc
531 2832 698 2885 usque
744 2819 937 2878 ol'lerre
987 2842 1144 2895 quem
1198 2835 1404 2900 genuit,
1440 2852 1560 2890 cum
1613 2842 1728 2896 suis

135 2902 340 2956 sanctis
360 2902 836 2965 intercessionibus
855 2917 1098 2970 eumdem
1120 2920 1510 2991 redemptorem
1535 2929 1722 2984 electis

137 2995 276 3048 uniri
321 2994 476 3062 facit;
508 3009 581 3064 et,
615 3009 672 3055 ut
704 3018 886 3059 verum
937 3005 1138 3078 fatear,
1174 3025 1417 3070 materno
1448 3018 1640 3077 affectu
1670 3023 1722 3078 id

133 3085 306 3153 ipsum
349 3091 592 3158 piissima
641 3093 786 3150 facit.
843 3098 1042 3154 Omnes
1085 3107 1225 3159 enim
1280 3109 1416 3162 ﬁlios
1460 3111 1719 3182 deputat,

129 3195 265 3247 quius
291 3180 468 3235 divina
510 3187 678 3252 gratia
731 3187 947 3246 Christo
987 3199 1282 3254 consociat.
1316 3202 1540 3270 Quando
1571 3208 1714 3262 enim

130 3285 238 3324 non
273 3271 384 3338 ipsa
419 3284 588 3328 mater
617 3277 908 3336 electorum
937 3325 953 3349 ,
987 3301 1106 3354 qua:
1139 3289 1356 3346 fratrem
1403 3297 1582 3363 genuit
1609 3312 1707 3352 eo-

129 3363 289 3414 rum?
336 3364 413 3428 Si,
447 3367 684 3435 inquam,
715 3367 962 3430 Christus
1011 3379 1340 3435 credentium
1391 3384 1585 3452 frater,
1619 3403 1716 3445 cur

130 3469 238 3508 non
268 3455 380 3525 ipsa
403 3475 521 3526 qua:
544 3457 814 3516 Christum
844 3469 1028 3534 genuit
1052 3471 1124 3525 sit
1153 3473 1488 3530 ert-dentium
1515 3492 1709 3537 mater.

127 3545 486 3612 Quamobrem
519 3550 766 3622 obsecro,
797 3555 868 3610 mi
897 3557 1200 3616 beatissima
1236 3563 1414 3634 Virgo,
1447 3568 1583 3624 utier
1613 3587 1712 3626 no-

126 3636 213 3690 bis
263 3635 534 3694 Christum
585 3643 684 3712 piis
733 3645 1030 3718 suﬂ'ragiis,
1066 3667 1184 3720 qua:
1233 3659 1410 3712 nescis
1467 3662 1707 3720 invidere

125 3727 275 3794 tiliis,
304 3733 397 3782 sed
442 3747 539 3786 nec
588 3737 835 3791 attendas
887 3739 1122 3795 ﬁliorum
1173 3745 1422 3815 injurias,
1458 3766 1487 3804 a
1517 3755 1710 3822 quibus

123 3834 232 3870 non
267 3829 322 3870 ut
349 3820 564 3888 dignum
604 3835 682 3878 est
716 3827 1016 3886 honoraris.
1064 3833 1278 3892 Tolerat
1320 3844 1462 3896 enim
1495 3845 1709 3902 irreve-

121 3909 352 3964 rentiam
400 3911 653 3982 filiorum,
684 3933 805 3987 qua
836 3938 1020 3978 amore
1069 3930 1301 3984 vincitur
1326 3939 1706 4002 generationis.

122 3999 272 4056 Fove
300 4017 426 4073 ergo
467 4008 562 4060 etsi
597 4011 756 4063 tantis
786 4015 992 4068 meritis
1023 4017 1268 4087 indignos
1315 4025 1415 4090 piis
1445 4029 1705 4086 orationi-

119 4093 246 4159 bus,
271 4109 404 4161 quos
433 4096 484 4148 in
514 4095 630 4151 Uno
655 4102 906 4168 genuisti.
937 4103 1236 4174 Deprecare
1263 4113 1475 4168 unicum
1509 4115 1704 4173 Filium

119 4197 221 4251 pro
251 4186 561 4240 excessibus
593 4189 907 4246 multorum.

191 4269 246 4327 8.
287 4273 390 4326 Sed
413 4275 547 4344 jam,
583 4275 774 4334 fratres
815 4281 1138 4354 charissimi,
1165 4288 1434 4348 Christum
1469 4296 1518 4350 in
1553 4298 1703 4354 ulnas

107 4363 433 4433 suscipiens,
483 4369 608 4436 quid
638 4385 772 4426 unus
803 4374 1107 4440 specialiter
1153 4381 1373 4437 Simeon
1416 4385 1561 4440 dicat
1606 4404 1704 4443 au-

107 4455 352 4512 diamus.
402 4457 493 4511 Ait
534 4461 674 4514 enim
727 4479 741 4516 :
799 4463 950 4518 Nune
1005 4469 1224 4524 dimittis.
1275 4491 1474 4532 servum
1529 4489 1698 4545 tuum,

115 4545 374 4612 Domine,
432 4549 710 4604 secundum
779 4555 985 4608 verbum
1030 4565 1197 4628 tuum,
1251 4562 1303 4616 in
1353 4581 1530 4633 pace;

109 4636 344 4690 riderunt
373 4640 508 4693 oculi
539 4644 635 4695 mei
660 4647 884 4702 salutare
928 4658 1070 4704 tuum
1109 4652 1263 4720 (Luc.
1308 4672 1366 4723 ll,
1413 4658 1530 4728 29),
1563 4636 1624 4717 ac
1651 4664 1698 4718 si

107 4731 319 4786 diceret
349 4749 362 4786 :
398 4735 574 4807 Longa
608 4754 692 4794 me
718 4747 1120 4812 exspectatione
1164 4751 1415 4822 fatigasti,
1446 4759 1536 4814 diu
1567 4762 1703 4817 reti-

107 4821 307 4888 nuisti;
356 4824 449 4879 sed
481 4827 692 4884 tandem
741 4833 854 4886 viso
894 4851 1050 4910 quem
1096 4821 1422 4912 exspectavi,
1461 4848 1576 4918 jam
1633 4853 1700 4909 de

108 4915 358 4970 humana!
385 4917 506 4974 vitae
545 4923 808 4980 scandatis
837 4926 891 4982 in
922 4945 1050 4997 pace
1075 4931 1318 4992 dimittis.
1363 4915 1598 4998 Dimittis
1645 4945 1698 5000 in

105 5022 264 5075 pace,
300 5011 420 5077 quia
470 5015 762 5070 secundum
819 5023 1223 5086 promissionem
1277 5037 1419 5084 tuam
1471 5049 1564 5102 per
1615 5033 1697 5090 in-

103 5100 310 5153 carnati
365 5101 522 5158 Verbi
594 5113 934 5178 mysterium,
990 5115 1180 5172 solutis
1232 5100 1548 5189 inimicitiis,
1600 5127 1694 5181 tibi

105 5188 280 5242 merui
307 5195 662 5249 reconciliari.
704 5198 941 5255 Dimittis
969 5204 1020 5257 in
1051 5221 1203 5272 pace,
1247 5213 1371 5278 quia
1405 5213 1558 5268 video
1600 5231 1695 5286 pa-

102 5293 246 5333 cem.
297 5280 412 5348 ipse
441 5284 600 5338 enim.
632 5296 715 5341 est
755 5305 856 5356 pax
907 5306 1113 5361 nostra,
1158 5300 1244 5366 qui
1285 5301 1410 5356 fecit
1467 5311 1690 5376 utraque

102 5385 291 5424 unum.
325 5371 435 5427 Hoc
471 5374 700 5446 denique
731 5389 784 5434 et
811 5395 998 5438 omnes
1043 5387 1196 5441 electi
1233 5391 1436 5458 dicunt,
1501 5404 1555 5450 et
1600 5371 1692 5466 qui

101 5459 378 5514 Christum
421 5464 471 5518 in
514 5466 664 5520 ulnas
690 5485 812 5524 suas
842 5473 1157 5542 suscipiunt,
1212 5481 1300 5549 qui
1343 5483 1462 5538 ﬁdei
1519 5459 1690 5543 oculis

101 5552 336 5607 salutare
368 5551 459 5607 Dei
511 5561 867 5628 conspiciunt.
901 5565 1036 5630 Quid
1094 5569 1236 5622 enim
1289 5581 1373 5626 est
1410 5573 1681 5632 Christum

105 5647 156 5698 in
181 5651 333 5700 ulnas
353 5652 644 5718 suscipere,
675 5653 774 5708 nisi
821 5656 920 5724 piis
960 5657 1102 5714 hunc
1133 5663 1387 5729 operibus
1433 5668 1483 5721 in
1517 5683 1686 5725 mem-
1737 5687 1752 5698 ο

101 5737 208 5790 bris
240 5739 529 5807 amplecd?
560 5743 660 5797 Per
689 5746 838 5801 ulnas
868 5751 1032 5818 enim,
1061 5753 1111 5806 id
1137 5765 1218 5807 est
1241 5757 1476 5828 brachia,
1511 5763 1679 5818 virtus

97 5833 422 5900 operationis
454 5837 786 5905 exprimitur.
813 5839 946 5896 Cum
977 5847 1116 5901 enim
1148 5848 1197 5903 in
1222 5851 1330 5907 alio
1347 5857 1668 5914 esurientem

1825 649 1956 732 ‘alio
1987 651 2247 722 hospitem
2279 661 2600 730 suscipiunt,
2638 676 2690 720 et
2717 667 2766 722 in
2793 669 2896 725 alio
2928 674 3125 730 nudum
3155 681 3421 749 operiunt,

1849 753 1900 796 et
1931 745 1982 798 in
2020 748 2122 800 alio
2153 749 2419 810 inﬁrmum
2451 760 2531 812 vel
2561 761 2610 813 in
2667 779 2885 821 carcere
2925 769 3154 836 positum
3188 771 3427 840 visitant,

1851 834 1932 888 his
1977 839 2156 904 procul
2206 842 2368 898 dubio
2403 847 2610 906 devotis
2661 834 2957 913 actionibus
3006 869 3254 931 tanquam
3303 863 3423 918 bra—

1848 926 2007 993 chiis,
2040 933 2276 998 quotidie
2305 939 2553 994 eumdem
2577 941 2746 1011 ipsum
2768 961 2990 1014 puerum
3014 953 3430 1020 amplectuntur.

1852 1017 1918 1070 Et
1942 1019 2062 1088 quia
2093 1022 2207 1078 lucc
2235 1037 2457 1096 agentes
2501 1031 2646 1086 illum
2679 1049 2738 1089 se
2779 1037 2831 1090 in
2863 1040 2946 1092 his
2975 1017 3244 1112 suscipere
3273 1044 3426 1111 plena

1849 1109 1951 1164 lide
1974 1126 2319 1183 cognoscunt,
2357 1120 2505 1176 illum
2532 1137 2588 1177 se
2610 1125 2660 1178 in
2693 1125 2777 1181 his
2806 1129 2986 1186 videre
3017 1109 3134 1185 non
3155 1109 3422 1202 dubitant,

1846 1205 1933 1272 qui
1965 1205 2138 1260 dixit:
2174 1208 2238 1262 Et
2290 1214 2518 1280 quandiu
2574 1217 2766 1284 fecistis
2820 1223 2914 1274 uni
2951 1224 3013 1276 de
3077 1223 3158 1276 his
3204 1226 3426 1281 minimis

1845 1297 1988 1362 meis,
2025 1299 2150 1352 mihi
2201 1303 2414 1368 fecistis,
2473 1315 2632 1374 atque
2678 1311 2878 1366 eisdem
2938 1315 3206 1380 Operibus,
3256 1327 3310 1370 ut
3362 1321 3426 1372 ad

1845 1401 2026 1452 pacem
2061 1389 2152 1444 Dei
2184 1407 2241 1446 re
2259 1393 2423 1458 leant,
2478 1407 2532 1450 et
2579 1401 2778 1466 peccati
2811 1403 3066 1458 seandalo
3109 1405 3314 1460 absolvi
3365 1423 3424 1462 se

1842 1479 2084 1544 credunt,
2119 1495 2259 1537 recte
2291 1485 2536 1542 credunt.
2575 1489 2737 1545 Recte
2793 1492 2934 1547 idem
2963 1494 3182 1549 Simeon
3239 1499 3422 1550 excla-

1843 1581 1948 1622 mat
1978 1571 2162 1628 dicens
2195 1593 2206 1626 :
2243 1573 2396 1629 Nunc
2445 1579 2660 1634 dimittis
2701 1599 2900 1636 seruum
2961 1592 3127 1650 tuum,
3185 1586 3420 1652 Domine,

1841 1663 2118 1716 secundum
2145 1665 2348 1719 verbum
2380 1677 2542 1735 tuum,
2569 1672 2622 1723 in
2669 1688 2815 1740 pace,
2856 1675 2974 1742 quia
3023 1678 3258 1730 viderunt
3289 1678 3426 1732 oculi

1841 1753 1938 1804 mei
1967 1753 2195 1807 salutare
2237 1767 2394 1810 tuum.
2437 1763 2511 1815 Ac
2553 1763 2595 1816 si
2641 1765 2797 1818 electi
2843 1766 3020 1820 dicant
3055 1785 3068 1820 :
3109 1767 3234 1822 Ideo
3267 1783 3364 1822 nos
3395 1785 3424 1822 a

1843 1847 2044 1910 peccati
2073 1848 2324 1902 seandalo
2371 1853 2722 1918 promissione
2751 1867 2835 1910 tua
2884 1857 3186 1926 absolvens,
3212 1860 3321 1927 jam
3372 1862 3424 1912 in

1848 1949 1974 2002 pace
2003 1938 2370 1994 reconciliatos
2413 1944 2656 2010 passibus
2703 1947 2900 2000 amoris
2927 1951 3282 2018 propinquare
3310 1965 3418 2004 cae-

1843 2029 2063 2086 lestibus
2107 2032 2256 2100 iacis,
2306 2035 2426 2104 quia
2475 2037 2596 2092 lidei
2629 2040 2800 2095 oculis
2837 2041 3068 2096 salutare
3122 2051 3265 2096 ttnnn
3304 2083 3318 2106 ,
3368 2043 3418 2096 id

1841 2130 1923 2176 est
1986 2123 2268 2180 Dominum
2321 2127 2506 2184 Jesum
2564 2130 2838 2188 Christum
2897 2134 2949 2188 in
3005 2136 3259 2190 membris
3307 2136 3423 2204 ejus

1839 2213 2055 2280 intueri,
2115 2230 2346 2284 eumque
2380 2220 2476 2286 piis
2505 2223 2758 2290 operibus
2806 2225 3054 2294 amplecd
3109 2227 3421 2280 meruimus.

1839 2307 1914 2360 De
1941 2323 2046 2374 quo
2075 2309 2250 2364 adhuc
2289 2312 2400 2366 sive
2434 2311 2548 2378 ille,
2581 2314 2694 2372 sive
2728 2317 2834 2382 isti,
2870 2317 2977 2370 Deo
3021 2318 3162 2372 Patri
3193 2318 3374 2372 dicunt
3407 2339 3418 2373 ;

1839 2397 1987 2462 Quod
2044 2403 2346 2470 prmparasti
2403 2414 2518 2457 ante
2567 2408 2748 2474 [aciem
2795 2409 3022 2462 omnium
3089 2409 3418 2478 papulorum.

1834 2492 1946 2546 Nisi
1985 2509 2012 2546 a
2045 2503 2156 2548 toto
2216 2511 2338 2563 pars
2396 2497 2741 2567 intelligenda
2786 2501 2853 2554 sit
2911 2501 3251 2571 populorum,
3300 2519 3418 2571 qua:

1833 2585 2161 2640 Sahatorem
2215 2588 2264 2640 in
2315 2602 2478 2642 carne
2529 2590 2740 2655 viderit,
2793 2591 2944 2660 juxta
2999 2594 3226 2646 litteram
3282 2593 3420 2645 ratio

1835 2694 1940 2732 non
1969 2680 2152 2745 stabit,
2187 2680 2308 2748 quia
2334 2697 2453 2736 eum
2501 2697 2598 2736 nec
2628 2684 2860 2750 carneis,
2919 2699 3017 2739 nec
3076 2683 3196 2738 ﬁdei
3247 2685 3419 2738 oculis

1833 2785 2020 2824 omnes
2096 2771 2274 2838 pepuli
2338 2785 2754 2840 conspexerunt.
2829 2775 2969 2830 Ante
3036 2775 3248 2840 faciem
3288 2791 3419 2844 ergo

1831 2860 2064 2912 omnium
2099 2861 2412 2928 populorum
2449 2862 2549 2916 hoc
2575 2864 2808 2919 salutare
2839 2875 2983 2920 tuum
3032 2865 3228 2920 dicitur
3277 2881 3415 2933 pra:-

1831 2959 2094 3018 paratum,
2145 2953 2266 3020 quia
2300 2967 2364 3006 ex
2396 2955 2644 3010 omnibus
2688 2957 2894 3024 populis
2921 2959 2970 3010 in
2995 2973 3128 3022 leum
3172 2959 3416 3018 credide-

1829 3054 1976 3104 runt,
2033 3042 2156 3111 quia
2189 3059 2310 3097 eum
2344 3045 2624 3100 credentes
2673 3047 2794 3114 fidei
2842 3051 3010 3103 oculis
3065 3058 3410 3118 aspexerunt.

1827 3133 1956 3187 Nam
2009 3135 2148 3202 quod
2181 3134 2442 3190 Dominus
2493 3136 2620 3192 dicit
2669 3136 2934 3200 Thomas:
2973 3139 3106 3206 Quia
3136 3141 3304 3194 vidisti
3333 3157 3415 3194 me

1751 3237 1794 3300 ς
1831 3224 2116 3288 credidisti,
2142 3225 2272 3279 beati
2302 3227 2389 3294 qui
2417 3243 2520 3280 non
2541 3229 2776 3290 viderunt
2803 3239 2850 3284 et
2871 3232 3194 3284 crediderunt
3224 3230 3405 3300 (Joan.

1827 3333 1918 3380 xx,
1951 3315 2068 3383 9.9),
2125 3318 2228 3374 huc
2257 3319 2322 3372 de
2374 3319 2582 3376 visi0ue
2629 3323 2890 3390 corporali
2937 3323 3144 3377 locutus
3193 3331 3295 3387 est,
3339 3323 3408 3376 de

1819 3422 1926 3474 quo
1968 3417 2021 3462 et
2045 3408 2286 3463 subditur
2321 3429 2335 3464 :
2363 3409 2562 3472 Lumen
2589 3413 2657 3466 ad
2687 3415 3043 3468 reuelationem
3084 3418 3308 3488 gentium
3359 3425 3408 3468 et

1819 3499 2038 3568 gloriam
2091 3500 2262 3568 plebis,
2308 3511 2408 3556 tua:
2465 3499 2650 3557 Israel.
2707 3504 2821 3558 lloc
2872 3507 3058 3576 itaque
3093 3507 3292 3560 lumine
3339 3507 3408 3560 de

1821 3589 2057 3644 tenebris
2101 3593 2364 3657 revelato,
2415 3603 2469 3646 et
2523 3595 2620 3650 hoc
2671 3597 2938 3664 iuventae,
2979 3598 3080 3654 hoc
3130 3599 3403 3686 illustrant:

1815 3691 1940 3734 sunt
1976 3693 2192 3749 gentes,
2227 3683 2362 3737 sicut
2415 3687 2670 3755 scriptum
2703 3698 2784 3742 est
2819 3707 2829 3740 :
2863 3687 3102 3744 Gentium
3155 3683 3396 3760 populus,

1816 3771 1902 3838 qui
1923 3771 2212 3826 ambulabat
2243 3775 2298 3827 in
2328 3777 2568 3845 tenebris,
2593 3779 2717 3831 vidit
2745 3778 2903 3833 lucem
2930 3798 3182 3852 magnam.
3208 3781 3403 3836 Seden-

1817 3862 1946 3922 tibus
1969 3863 2019 3914 in
2050 3865 2256 3934 regione
2295 3869 2489 3919 umbra:
2514 3869 2691 3920 mortis
2717 3869 2810 3922 lux
2829 3877 2939 3922 orta
2967 3879 3040 3922 est
3061 3872 3134 3923 eis
3160 3870 3289 3938 (lsa.
3323 3889 3368 3923 tv
3385 3912 3397 3931 ,

1815 3949 1892 4018 2).
1955 3951 2030 4004 De
2085 3953 2186 4005 hoc
2245 3953 2445 4007 lumine
2500 3955 2737 4010 Joannes
2786 3959 3110 4027 evangelista
3171 3969 3399 4014 testatur

1813 4039 1996 4091 dicens
2029 4057 2040 4090 :
2073 4039 2207 4092 Erat
2253 4041 2422 4094 lumen
2475 4059 2668 4109 verum,
2719 4047 2858 4115 quod
2897 4048 3155 4104 illuminat
3198 4067 3406 4110 omnem

1811 4127 2068 4180 hominem
2099 4129 2376 4182 venientem
2425 4131 2480 4184 in
2526 4134 2662 4185 hunc
2704 4135 2953 4189 mundum
2983 4137 3163 4207 (Joan.
3225 4155 3262 4204 ι,
3317 4141 3398 4210 9).

1816 4216 1889 4270 De
1918 4219 2017 4272 hoc
2050 4219 2099 4271 in
2132 4219 2366 4287 Epistola
2394 4235 2487 4274 sua
2514 4222 2642 4276 dicit
2667 4242 2678 4276 :
2709 4224 2846 4278 Deus
2869 4228 2961 4280 lux.
2981 4239 3078 4292 est,
3103 4237 3148 4282 et
3182 4232 3397 4284 tenebrae

1811 4309 1862 4362 in
1891 4325 1952 4361 eo
1980 4325 2082 4363 non
2109 4321 2224 4364 sunt
2257 4310 2377 4365 ulla:
2408 4311 2464 4382 (Ι
2477 4313 2630 4367 Joan.
2650 4331 2688 4380 ι,
2706 4315 2782 4386 5).
2807 4317 2882 4371 De
2902 4321 3001 4372 hoc
3024 4319 3163 4374 idem
3195 4319 3396 4376 lumine

1813 4398 1866 4451 in
1893 4399 2180 4470 Evangelio
2207 4401 2280 4455 ait
2311 4420 2321 4454 :
2357 4401 2552 4458 Lumen
2585 4408 2715 4458 venit
2746 4409 2799 4460 in
2827 4411 3097 4477 mundum,
3127 4421 3172 4464 et
3202 4412 3396 4467 dilexe-

1811 4501 1930 4545 runt
1957 4493 2182 4548 homines
2207 4497 2365 4566 nmgis
2397 4477 2628 4552 tenebras
2677 4515 2830 4569 quam
2863 4501 3024 4556 lucem
3087 4500 3268 4570 (Joan.
3315 4520 3393 4568 ιιι,

1509 4584 1530 4634 ἔ
1582 4571 1704 4639 quia
1734 4586 1788 4645 D
1820 4580 1930 4651 ib).
1959 4579 2024 4637 Et.
2050 4583 2241 4638 iterum
2278 4605 2288 4636 :
2325 4586 2568 4650 Quandiu
2599 4605 2713 4644 sum
2765 4593 2816 4645 in
2865 4595 3074 4660 mundo,
3133 4595 3226 4649 tua:
3278 4613 3394 4650 sum

1811 4675 1990 4727 mundi
2016 4675 2195 4743 (Joan.
2232 4693 2306 4739 Ix,
2355 4677 2432 4748 5).
2467 4681 2728 4750 Quodque
2762 4699 2882 4740 cum
2914 4688 2986 4739 sit
3027 4689 3187 4748 etiam
3216 4689 3386 4758 glori-t

1805 4763 2062 4834 gentium,
2095 4767 2146 4820 in
2177 4782 2242 4822 eo
2285 4769 2350 4822 ad
2379 4772 2602 4838 gloriam
2665 4773 2875 4830 lsraelis
2905 4777 3098 4832 dicitur
3129 4795 3396 4849 prmpat‘a-

1807 4865 1934 4920 tum,
1991 4858 2111 4924 quia
2155 4859 2268 4913 sive
2317 4877 2369 4915 ιιι
2408 4864 2724 4930 patriarchis
2774 4883 2835 4922 ac
2888 4871 3183 4938 prophetis,
3232 4883 3391 4943 atque

1803 4946 2080 5014 apostolis,
2117 4949 2224 5002 imo
2252 4951 2412 5004 etiam
2445 4955 2496 5006 in
2531 4955 2643 5021 ipso
2669 4959 2901 5009 omnium
2933 4961 3105 5028 capite
3151 4959 3386 5028 Christo,

1801 5035 1914 5089 sive
1941 5037 1992 5088 in
2034 5038 2259 5106 eloquiis
2291 5039 2407 5106 Dei,
2453 5045 2682 5111 amplius
2710 5061 2842 5116 gens
2871 5049 2957 5102 illa
2991 5066 3149 5120 quam
3190 5063 3381 5122 gentes

1797 5124 2030 5194 gloriosa
2073 5139 2420 5197 monstratur,
2469 5135 2728 5202 Apostolo
2755 5148 3062 5205 attestante,
3093 5144 3213 5210 quia
3260 5148 3334 5198 ait
3367 5161 3382 5199 :

1801 5217 1938 5280 Quid
1965 5233 2086 5290 ergo
2113 5221 2333 5290 amplius
2358 5233 2430 5277 est
2467 5224 2696 5280 Judteo?
2724 5238 2812 5282 aut
2877 5245 2992 5300 qua:
3041 5233 3236 5287 utilitas
3286 5235 3389 5288 τιν.

1796 5312 2165 5367 cumcisionis?
2202 5316 2422 5394 multum
2476 5335 2565 5386 per
2612 5335 2811 5373 omnem
2863 5323 3094 5378 modum.
3151 5323 3384 5378 Primum

1795 5401 1996 5471 quidem
2019 5405 2140 5473 quia
2162 5406 2348 5458 credita
2371 5417 2488 5460 sunt
2516 5408 2621 5463 illis
2638 5411 2840 5478 eloquia
2865 5411 2960 5466 Dei
2985 5413 3160 5486 (liam.
3194 5431 3273 5481 ιιι,
3306 5417 3358 5486 l)

1793 5493 1859 5548 Et
1886 5510 2095 5550 rursum
2132 5517 2146 5552 :
2179 5497 2244 5550 Et
2269 5516 2482 5568 quorum
2510 5503 2722 5570 adaptio
2749 5513 2820 5558 est
2842 5505 3092 5576 filiorum,
3115 5517 3162 5560 et
3187 5507 3381 5577 gloria,

1791 5599 1838 5643 et
1877 5598 2250 5656 testamentum,
2285 5601 2332 5646 et
2360 5594 2634 5662 legislatio,
2691 5607 2740 5650 et
2794 5597 3108 5665 obsequium,
3162 5611 3208 5654 et
3257 5616 3383 5667 pro-

1775 5683 1965 5748 "missa,
1996 5699 2220 5753 quorum
2250 5696 2440 5756 patres,
2474 5700 2522 5740 et
2543 5705 2607 5742 ea:
2629 5690 2810 5756 quibus
2837 5690 3067 5745 Christus
3093 5695 3380 5750 secundum

1789 5787 2013 5836 carnem,
2042 5775 2128 5836 qui
2153 5784 2223 5828 est
2249 5775 2386 5830 Deus
2410 5777 2700 5834 benedictus
2723 5782 2772 5834 in
2795 5781 3000 5840 swrula.
3037 5784 3194 5838 Amen
3218 5781 3369 5848 (Luc.

1789 5877 1848 5929 tt,
1870 5863 1978 5932 55).
2011 5865 2256 5934 Sequitur
2280 5883 2292 5922 ;
