4090 6480
630 515 770 577 1‘299

1422 507 1481 565 S.
1522 501 1842 563 AMBROSII
1886 494 2240 557 AUTPERTI
2280 488 2768 549 BENEVENTANI
2809 483 3100 542 ABBATIS

3773 475 3902 531 I300

698 635 752 687 9.
784 629 850 684 Et
877 638 984 684 (rut
1008 625 1222 696 Ioseph,
1249 635 1293 679 et
1322 621 1492 676 Maria
1513 628 1674 673 mater
1695 618 1829 688 ejus,
1855 614 2097 667 mirantes
2120 625 2210 662 su-
2247 613 2287 664 Α
2322 620 2447 660 cum
2480 603 2620 657 hunc
2646 598 2955 655 Judmorum
2987 591 3213 663 populus
3269 597 3517 644 cetncret
3565 585 3631 639 de
3674 587 3907 656 quinque

642 739 725 782 aer
751 721 829 777 his
855 717 969 791 qua:
996 718 1314 775 dicebautur.
1339 712 1541 780 Quibus
1570 706 1888 762 mirantibus
1919 703 2081 756 etiam
2114 712 2211 752 nos

639 819 736 890 ipsi
765 817 1042 879 miramur,
1063 828 1157 867 cur
1172 810 1272 880 ipsi
1298 808 1404 863 sint
1423 817 1581 873 super
1601 801 1685 855 bis
1705 812 1826 868 quas
1843 798 1910 851 de
1933 794 2025 849 illo
2042 807 2070 845 a
2096 805 2217 860 pro-

634 885 795 983 pheta
865 915 1052 963 sancto
1105 900 1463 962 dicebantur,
1516 892 1714 949 mirati.
1769 885 2020 958 Nunquid
2077 885 2219 938 enim

639 976 839 1070 ioseph
890 996 1001 1067 jam
1055 996 1106 1049 in
1162 989 1366 1048 somnis
1417 987 1484 1042 ab
1541 985 1731 1053 angelo
1787 976 2217 1070 non-audierat:

638 1061 834 1156 Joseplt
857 1061 935 1151 ﬁli
967 1080 1134 1134 David
1152 1121 1167 1145 ,
1201 1078 1308 1131 noli
1337 1075 1511 1128 timere
1538 1071 1766 1139 accipere
1797 1065 2018 1119 Mariam
2038 1061 2224 1156 conju-

638 1153 1143 1249 gent‘tuamujuod
1188 1175 1320 1223 enim
1351 1168 1403 1220 in
1449 1180 1508 1218 ea
1559 1171 1735 1216 natum
1764 1167 1860 1222 est,
1914 1156 1976 1210 de
2025 1153 2227 1222 Spiritu

641 1280 819 1324 sancto
847 1279 941 1321 est.
973 1265 1151 1320 Pariet
1199 1262 1334 1316 enim
1378 1259 1564 1327 ﬁlium,
1591 1264 1639 1310 et
1664 1251 1865 1307 vocabis
1890 1265 2073 1305 nomen
2117 1249 2227 1318 ejus

641 1357 840 1414 Iesum.
872 1357 900 1410 1
910 1373 997 1425 pse
1020 1355 1155 1413 enim
1183 1352 1380 1412 salvum
1410 1348 1563 1419 faciet
1603 1344 1849 1416 populum
1876 1357 2023 1395 suum
2050 1357 2081 1393 a
2113 1354 2228 1409 pec-

641 1451 768 1504 catis
796 1463 970 1503 eorum
1000 1445 1209 1517 (Matth.
1238 1458 1277 1507 ι,
1306 1442 1421 1512 ξω).
1452 1437 1699 1508 Nunquid
1726 1442 1779 1489 et
1810 1434 1924 1502 ipsa
1974 1429 2224 1484 sacratis-

646 1543 782 1600 sima
805 1541 975 1609 virgo,
1005 1553 1124 1609 quae
1156 1536 1303 1591 salva
1336 1531 1639 1603 virginitate
1667 1527 1834 1582 ﬁlium
1879 1539 1938 1579 se
1984 1522 2232 1594 genuisse

649 1630 874 1694 sciebat,
929 1630 1236 1699 priusquam
1273 1633 1480 1694 pareret
1511 1620 1596 1676 vel
1628 1616 1964 1684 conciperet,
2016 1613 2083 1667 ab
2132 1627 2229 1664 an-

645 1722 765 1792 gelo
795 1736 899 1776 non
928 1720 1171 1776 audierat
1203 1718 1360 1786 :Ave,
1383 1714 1549 1786 gratia
1581 1712 1753 1780 plena,
1779 1708 2025 1762 Dominus
2044 1713 2233 1759 terum.

647 1813 924 1870 Benedicta
965 1820 1019 1864 tu
1054 1811 1183 1864 inter
1204 1808 1464 1862 mulieres.
1502 1803 1728 1873 Spiritus
1752 1809 1957 1854 sanctus
2001 1811 2235 1866 superre-

648 1907 752 1961 uict
792 1907 846 1959 in
900 1912 969 1971 te,
1000 1912 1047 1957 et
1076 1903 1237 1957 virtus
1268 1898 1516 1953 Altissimi
1556 1892 1873 1950 obumbrabit
1907 1891 2014 1954 tibi,
2044 1892 2158 1942 ideo
2186 1897 2233 1942 et

647 1996 786 2068 quod
815 2004 1052 2049 nascetur
1102 2009 1165 2047 ea:
1207 2005 1254 2046 te
1304 2001 1555 2055 sanctum,
1606 1985 1867 2040 vocabitur
1918 1980 2090 2036 Filius
2141 1979 2235 2033 Dei

652 2086 810 2156 (Luc.
842 2101 884 2152 ι,
907 2085 1044 2156 28)?
1088 2083 1224 2151 Quid
1257 2096 1385 2151 ergo
1423 2079 1751 2134 mirabantur
1774 2089 1938 2145 super
1989 2073 2070 2127 his
2116 2086 2236 2141 qua:

654 2177 976 2232 dicebantur
1003 2174 1070 2230 de
1107 2175 1216 2242 ille,
1251 2172 1353 2228 nisi
1381 2171 1501 2241 quia
1533 2168 1746 2224 caneris
1793 2167 2129 2230 mirantibus,
2159 2181 2240 2221 sa-

653 2278 992 2325 cramentum
1040 2267 1217 2336 impiis
1259 2262 1567 2319 occultant?
1595 2261 1722 2332 quid
1764 2260 1866 2316 sibi
1907 2259 2073 2314 velint
2116 2258 2238 2314 talia

655 2373 777 2427 qute
805 2356 870 2412 de
900 2356 1109 2411 tantillo
1154 2353 1415 2409 inlantulo
1444 2353 1510 2408 ab
1542 2351 1757 2406 homine
1789 2363 1919 2405 sene
1968 2349 2240 2411 dicuntur,

655 2460 711 2504 et
738 2447 835 2517 ipsi
865 2448 1173 2503 miramur?
1207 2447 1313 2503 Sed
1331 2446 1544 2500 audiant
1577 2444 1749 2497 adhuc
1772 2442 1837 2497 de
1881 2442 1973 2496 illo
2003 2440 2241 2511 majora;

657 2542 889 2611 denique
921 2542 1162 2612 Sequitur
1189 2558 1201 2592 :

734 2636 822 2688 il).
868 2631 937 2687 Et
957 2634 1214 2687 benedixit
1249 2632 1351 2685 illis
1374 2632 1605 2694 Simeon,
1632 2638 1681 2681 et
1726 2627 1859 2681 dixit
1907 2626 1976 2678 ad
2023 2623 2247 2677 Mariam

658 2736 874 2780 matrem
923 2727 1037 2796 ejus
1068 2740 1088 2778 :
1119 2721 1250 2776 Ecce
1290 2722 1485 2793 positus
1533 2729 1609 2773 est
1652 2719 1736 2771 hic
1769 2717 1822 2771 in
1852 2716 2054 2770 ruinam
2091 2726 2138 2768 et
2191 2713 2247 2766 in

660 2815 1082 2869 resurrectionem
1111 2813 1385 2866 multorum
1416 2811 1470 2865 in
1509 2807 1695 2870 Israel,
1728 2817 1774 2862 et
1823 2808 1876 2861 in
1921 2807 2126 2875 signum
2168 2804 2251 2857 cui

660 2906 1043 2960 contradicetur
1105 2903 1260 2974 (Luc.
1323 2917 1384 2967 tt,
1441 2900 1556 2972 54).
1610 2899 1665 2954 In
1723 2914 1829 2954 una
1876 2894 2251 2966 Redemptoris

666 2998 849 3054 nostri
867 2997 959 3051 Dei
995 2995 1332 3065 hominisque
1357 3007 1586 3063 persona
1634 2992 1921 3063 perlectam
1969 2989 2087 3054 Dei,
2134 3001 2256 3059 per-

665 3095 859 3145 t‘uctam
886 3088 1120 3145 hominis
1153 3089 1331 3143 inesse
1361 3087 1685 3143 confitemur
1712 3094 1976 3140 naturam.
2027 3084 2101 3136 Ex
2148 3095 2250 3136 una

665 3182 883 3255 quidem
913 3181 1217 3246 Dominum,
1246 3194 1312 3234 ex
1336 3179 1500 3233 altera
1528 3192 1742 3232 servum
1769 3193 1783 3242 ;
1814 3191 1879 3231 ex
1908 3189 2009 3229 una
2035 3172 2250 3238 fortem,

2320 700 2549 773 panibus
2590 707 2667 752 tot
2716 694 2880 750 millia
2936 693 3215 747 hominum
3268 693 3602 758 pascentem,
3662 684 3908 737 inﬁrmos

2321 802 2625 856 curantem,
2657 790 2899 856 leprosos
2951 785 3300 841 mandantem
3342 792 3400 837 et
3448 790 3691 835 mortuos
3738 776 3908 832 susci-

2324 893 2550 947 tantem,
2615 883 2782 936 Demn
2846 893 2969 934 esse
3020 875 3438 932 arbitrabantur.
3506 871 3736 925 Rursum
3784 881 3907 924 cum

2325 976 2578 1037 emndem
2633 973 2934 1044 aspicerent
2976 969 3336 1029 esurientem,
3395 963 3690 1028 sitientem,
3719 961 3914 1016 lassos.

2325 1078 2558 1132 centem,
2597 1064 2953 1120 dormientem
2994 1071 3153 1128 atque
3199 1056 3412 1128 injuriis
3449 1054 3911 1119 succumbentem,

2330 1171 2522 1225 purum
2548 1169 2670 1210 esse
2699 1153 2971 1208 hominem
2997 1149 3441 1219 suspicabantur;
3473 1155 3529 1203 et
3565 1145 3680 1200 haec
3698 1145 3914 1215 quidem

2328 1248 2467 1315 apud
2497 1247 2728 1301 incertas
2750 1245 2955 1310 turbas,
2982 1241 3078 1297 sed
3102 1255 3206 1296 non
3231 1238 3374 1311 apud
3397 1237 3709 1309 discipulos.
3736 1237 3917 1307 Neque

2330 1339 2474 1394 enim
2505 1338 2576 1392 ita
2642 1337 2694 1390 in
2748 1335 3003 1391 cordibus
3048 1347 3233 1387 eorum
3272 1332 3598 1399 variabatur,
3639 1330 3731 1400 qui
3780 1330 3919 1386 illius

2332 1429 2562 1487 assiduis
2589 1428 2925 1499 privatisque
2953 1427 3163 1497 eloquis
3186 1424 3526 1490 fruebantur,
3560 1426 3752 1495 quibus
3771 1435 3827 1479 et
3850 1424 3918 1478 ab

2335 1528 2453 1598 ipso
2478 1527 2676 1582 dicitur
2710 1544 2721 1579 :
2764 1525 2916 1580 Vobis
2963 1525 3141 1578 datum
3181 1532 3255 1577 est
3303 1537 3452 1577 nosse
3478 1520 3779 1592 mysterium
3805 1517 3919 1585 Dei,

2335 1622 2528 1676 caeteris
2555 1629 2724 1675 autem
2767 1620 2821 1672 in
2871 1616 3155 1688 parabolis,
3199 1626 3253 1669 ut
3292 1602 3516 1669 uidentes
3552 1629 3657 1667 non
3700 1613 3919 1674 uideant,

2335 1725 2383 1768 et
2411 1714 2680 1768 audientes
2729 1727 2831 1764 non
2859 1710 3151 1777 intelligant
3189 1706 3341 1780 (Luc.
3391 1722 3507 1771 vm,
3544 1706 3660 1760 ιο».
3709 1705 3780 1760 At
3833 1703 3924 1757 ubi

2339 1816 2595 1863 venturus
2624 1804 2787 1861 estad
2811 1804 3114 1874 passionem
3139 1804 3348 1869 mortis,
3377 1801 3534 1871 periit
3560 1799 3719 1863 ﬁdes,
3746 1796 3923 1851 ab2ata

2339 1914 2426 1961 est
2455 1905 2692 1958 onmium
2746 1915 2891 1971 spes.
2931 1900 3187 1968 denique,
3220 1907 3278 1952 ut
3302 1896 3626 1968 evangelista
3679 1903 3923 1957 testatur,

2341 2012 2515 2051 omnes
2545 2010 2603 2049 eo
2648 1995 2822 2049 relicto
2846 1992 3086 2064 fugerunt
3117 1988 3328 2063 (Matth.
3356 2004 3502 2055 xxvi,
3557 1987 3671 2057 56).
3699 1987 3772 2040 Ex
3806 1983 3920 2055 qui-

2341 2088 2440 2141 bus
2467 2086 2596 2139 dum
2627 2098 2764 2138 unus
2794 2084 3030 2137 vinctum
3063 2095 3094 2135 a
3124 2082 3282 2151 longe
3318 2079 3582 2149 sequitur,
3616 2077 3679 2131 ad
3730 2076 3928 2130 atrium

2342 2179 2681 2251 perveniens,
2710 2175 2958 2231 eumdem
2989 2190 3047 2230 se
3077 2172 3394 2241 cognovisse
3418 2172 3663 2241 denegat.
3710 2170 3776 2223 Et
3813 2165 3932 2237 quis

2345 2270 2399 2323 in
2429 2268 2620 2323 mortis
2649 2266 2900 2336 passione
2929 2265 3020 2319 illo
3062 2273 3252 2319 ruente
3274 2278 3381 2317 non
3408 2271 3610 2327 rueret,
3638 2275 3762 2314 cum
3795 2273 3933 2328 prte-

2345 2360 2532 2429 cipnns
2556 2357 2671 2429 ejus
2702 2364 2934 2424 amator,
2976 2356 3133 2411 unius
3149 2356 3359 2411 ancillae
3387 2370 3518 2409 voce
3543 2353 3777 2421 territus,
3828 2366 3934 2405 non

2347 2453 2541 2515 semel,
2600 2450 2693 2504 sed
2748 2458 2830 2503 ter
2881 2446 3268 2516 abnegaverit‘l
3313 2444 3419 2501 Sed
3470 2446 3563 2500 illo
3600 2447 3652 2499 in
3696 2458 3859 2498 carne
3906 2458 3936 2495 a

2350 2542 2575 2596 mortuis
2619 2553 2952 2611 resurgente,
2997 2540 3293 2594 resurrexit
3349 2549 3402 2593 et
3445 2540 3621 2595 anima
3666 2534 3935 2604 discipuli.

2352 2634 2655 2704 Utrumque
2694 2644 2871 2687 autem
2903 2641 3029 2686 ante
3060 2631 3368 2701 passionem
3420 2630 3565 2699 ejus,
3614 2629 3802 2683 eadem
3834 2643 3937 2698 qua

2353 2725 2666 2782 tradebatur
2691 2734 2864 2789 nocte,
2898 2726 2951 2779 in
2984 2723 3259 2792 discipulis
3279 2737 3472 2778 somno
3491 2722 3728 2791 perﬁdia:
3755 2721 3940 2790 lapsis,

2354 2833 2417 2873 ac
2445 2817 2788 2873 suscitatione
2814 2815 3055 2887 ejusdem
3087 2814 3443 2884 redemptoris
3469 2813 3811 2882 designatum
3837 2821 3940 2867 est.

2356 2910 2498 2964 Mors
2534 2922 2664 2979 ergo
2709 2905 2826 2978 ejus
2866 2908 3001 2961 tacta
3044 2915 3125 2961 est
3159 2907 3310 2960 ruina
3364 2904 3679 2960 multorum.
3730 2903 3946 2958 Dicatur

2358 3004 2539 3074 itaque
2570 3018 2585 3055 ε

2432 3088 2520 3147 Η.
2555 3088 2690 3145 Ecce
2715 3091 2910 3161 positus
2932 3098 3003 3144 est
3031 3090 3112 3143 hic
3138 3092 3193 3142 in
3226 3089 3433 3143 ruinam
3458 3098 3506 3142 et
3534 3089 3588 3142 in
3616 3086 3951 3142 resurrectio-

2360 3198 2476 3241 nem
2501 3183 2777 3237 multorum
2806 3181 2859 3234 in
2884 3178 3072 3246 Israel,
3103 3194 3166 3236 ac
3194 3180 3238 3234 si
3264 3180 3534 3236 diceretur
3558 3180 3666 3236 :Eo
3686 3180 3953 3235 moriente

668 3289 734 3327 ex
763 3272 930 3328 altera
958 3270 1268 3336 inlirmum;
1300 3286 1365 3326 ex
1394 3285 1495 3324 una
1536 3282 1809 3339 magnum,
1842 3281 1906 3322 ex
1939 3265 2107 3321 altera
2134 3278 2253 3335 par-

2364 3275 2511 3330 multi
2552 3289 2618 3329 ex
2650 3273 2919 3329 stantibus
2974 3280 3163 3340 ruent;
3191 3286 3257 3327 eo
3308 3280 3648 3341 resnrgente,
3683 3270 3834 3325 multi
3885 3284 3952 3325 ex

673 3380 831 3429 mm;
861 3379 924 3417 ex
959 3377 1061 3417 una
1093 3371 1389 3430 creantem,
1437 3375 1506 3417 ex
1536 3360 1705 3414 altera
1751 3368 2029 3424 creatum;
2056 3372 2121 3413 ex
2152 3371 2256 3412 una

672 3467 1000 3527 pascentem,
1043 3472 1108 3511 ex
1139 3456 1305 3511 altera
1334 3455 1661 3510 esurientem
1690 3469 1705 3520 ;
1755 3467 1822 3507 ex
1855 3466 1954 3505 una
2003 3464 2256 3505 recrean-

670 3562 801 3616 tem,
861 3566 929 3604 ex
968 3549 1135 3603 altera
1189 3548 1492 3611 sitientem;
1533 3561 1597 3599 ex
1629 3560 1732 3599 una
1783 3542 2053 3598 miraculis
2102 3555 2263 3597 coru-

675 3648 941 3705 scanteni,
991 3651 1059 3691 ex
1091 3637 1257 3690 altera
1287 3635 1495 3704 injuriis
1523 3633 1992 3698 snccumbentem;
2035 3645 2100 3687 ex
2157 3644 2261 3686 una

677 3726 1064 3791 viviﬁcantem,
1116 3739 1180 3777 ex
1211 3728 1383 3779 altera
1411 3724 1766 3788 morientem;
1825 3739 1894 3778 ex
1929 3738 2031 3777 una
2090 3721 2265 3777 susci-

676 3822 904 3881 tantem,
966 3828 1031 3868 ex
1080 3813 1247 3868 altera
1307 3813 1451 3867 hunc
1510 3814 1860 3881 praedicamus
1914 3813 2264 3876 suscitatam;

678 3913 735 3958 ct
759 3921 879 3958 cum
910 3904 1050 3959 aliud
1078 3904 1145 3959 sit
1171 3905 1223 3959 in
1256 3919 1322 3959 eo
1367 3903 1648 3971 Dominus,
1695 3901 1838 3956 aliud
1867 3916 2093 3967 servus;
2124 3902 2267 3957 aliud

682 3996 857 4063 (ortis,
884 3996 1028 4050 aliud
1059 3995 1337 4062 inﬁrmus;
1369 3994 1509 4050 aliud
1543 4010 1786 4064 ntagnus,
1847 3993 1989 4048 aliud
2037 4008 2265 4063 parvus;

683 4088 828 4143 aliud
879 4103 1092 4153 creans,
1140 4089 1281 4143 aliud
1322 4096 1578 4154 creatus;
1630 4088 1772 4141 aliud
1818 4101 2067 4158 pascens,
2125 4086 2271 4140 aliud

681 4183 960 4249 esuriens;
987 4181 1133 4235 aliud
1164 4195 1435 4251 recreans,
1483 4181 1625 4235 aliud
1656 4182 1884 4246 sitiens;
1936 4180 2081 4236 aliud
2121 4180 2275 4235 mira~

685 4278 820 4334 culis
869 4294 1183 4343 coruscans,
1249 4278 1392 4333 aliud
1442 4277 1648 4347 injuriis
1699 4277 2084 4341 succumbens;
2131 4275 2275 4330 aliud

684 4367 987 4435 viviﬁcans,
1031 4369 1172 4424 aliud
1221 4369 1493 4434 moriens;
1545 4369 1693 4425 aliud
1740 4367 2090 4435 resuscitans,
2129 4367 2275 4420 aliud

692 4459 1045 4515 resuscitatus
1076 4479 1090 4527 ;
1140 4477 1245 4515 non
1279 4470 1457 4517 tamen
1485 4463 1624 4517 alios
1655 4461 1938 4526 Dominus,
1996 4462 2134 4516 alius
2163 4476 2275 4515 ser-

693 4563 835 4615 vus;
896 4551 1034 4606 alios
1088 4551 1261 4617 fortis,
1309 4554 1450 4607 alius
1502 4553 1788 4618 inlirmus;
1846 4554 1981 4607 alios
2030 4568 2276 4621 magnus,

2366 3368 2532 3439 lapsis
2584 3374 2890 3434 resurgent.
2949 3364 3082 3432 Quia
3147 3378 3278 3418 vero
3327 3364 3423 3419 illo
3478 3365 3744 3418 moriente
3801 3361 3955 3417 tnulti

2368 3468 2616 3523 ruerunt,
2658 3457 2750 3513 illo
2799 3464 3114 3527 resurgente
3162 3455 3312 3510 multi
3346 3462 3793 3520 resurrexcrunt,
3859 3454 3959 3509 sed

2365 3552 2421 3609 in
2448 3566 2571 3609 eum
2599 3550 2691 3621 qui
2721 3566 2788 3606 ex
2820 3550 3052 3604 mortuis
3075 3548 3370 3603 resurrexit
3413 3562 3518 3603 non
3546 3560 3735 3601 omnes
3772 3543 3961 3599 credi-

2365 3644 2582 3713 derunt,
2612 3651 2758 3698 recte
2786 3639 3123 3713 subjungitur
3157 3658 3170 3694 :
3205 3637 3272 3694 Et
3311 3640 3363 3694 in
3402 3639 3605 3711 signum
3635 3638 3718 3691 cui
3746 3645 3963 3690 contra-

2369 3736 2584 3791 dicetur.
2637 3734 2791 3801 Quod
2824 3733 2968 3788 enim
3024 3733 3322 3803 signamus,
3372 3732 3440 3787 ab
3488 3732 3715 3791 aliorum
3767 3729 3966 3783 notitia

2370 3824 2775 3880 abscondimus.
2828 3823 2969 3891 Quid
3019 3832 3196 3877 autem
3251 3834 3379 3877 ante
3421 3822 3716 3878 inﬁdelium
3776 3823 3971 3877 oculos

2372 3915 2517 3970 aliud
2551 3915 2647 3968 fuit
2674 3929 2801 3969 caro
2826 3913 3225 3981 Redemptoris,
3271 3930 3429 3982 quam
3459 3916 3726 3984 quoddam
3759 3913 3975 3969 dixini—

2373 4007 2500 4061 tatis
2553 4005 2671 4076 ejus
2713 4004 2946 4075 sigillum
2994 4004 3404 4058 absconsionis?
3435 4003 3491 4058 In
3543 4006 3754 4073 signum
3787 4006 3976 4075 itaque

2375 4097 2703 4165 Redemptor
2732 4106 2915 4151 noster
2945 4095 3149 4164 positus
3179 4094 3297 4164 fuit,
3340 4096 3432 4151 sed
3463 4095 3573 4161 cui,
3632 4096 3731 4149 nisi
3777 4096 3854 4149 illi
3882 4097 3974 4151 cui

2376 4189 2770 4249 contradictum
2802 4188 2947 4244 fuit?
2974 4188 3102 4256 Quae
3123 4204 3282 4244 causa
3306 4189 3669 4245 contradixit?
3692 4190 3814 4258 quid
3840 4206 3977 4245 con-

2380 4282 2642 4337 tradixit‘l
2672 4281 2757 4335 cui
2800 4279 3162 4335 contradixit?
3195 4280 3263 4336 llt
3287 4290 3473 4337 autem
3509 4291 3761 4350 tanquam
3793 4281 3977 4334 inter—

2379 4375 2587 4445 roganti
2619 4372 2839 4427 cuilibet
2891 4372 3127 4428 breviter
3184 4374 3538 4440 respondeam
3575 4392 3586 4427 :
3621 4376 3752 4440 Qum
3807 4389 3979 4429 causa

2382 4464 2727 4527 contradixit,
2784 4462 2886 4517 nisi
2915 4477 3062 4518 mors
3086 4465 3303 4519 carnis?
3330 4466 3455 4535 quid
3485 4465 3831 4531 contradixit,
3871 4467 3980 4520 nisi

2384 4574 2488 4613 non
2519 4572 2639 4611 esse
2670 4554 2837 4611 Deum
2861 4557 2950 4626 qui
2980 4558 3116 4613 mori
3142 4560 3312 4626 potuit
3340 4569 3397 4613 ut
3430 4560 3627 4614 homo?
3652 4562 3735 4616 cui
3761 4570 3983 4615 contra-

690 4641 825 4695 alios
893 4657 1125 4711 parvus;
1173 4643 1314 4699 alius
1371 4660 1584 4710 creans,
1646 4645 1782 4698 alius
1831 4653 2079 4710 creatus;
2139 4642 2276 4696 alius
2314 4648 2543 4726 Ddixit,
2571 4646 2671 4700 nisi
2700 4646 2845 4700 omni
2868 4646 3327 4719 incredulo‘tqure
3351 4649 3598 4706 videlicet
3621 4650 3983 4706 contradictio

695 4746 941 4802 pascens,
998 4734 1133 4789 alius
1162 4734 1440 4801 esuriens;
1491 4736 1629 4797 alius
1686 4748 1958 4800 recreans,
2018 4736 2155 4790 alius
2206 4736 2280 4790 si-

697 4826 874 4890 tiens;
920 4825 1059 4880 alius
1090 4828 1361 4882 miraculis
1389 4843 1704 4896 coruscans,
1738 4830 1874 4885 alios
1904 4829 2111 4899 injuriis
2154 4845 2284 4882 suc-

694 4919 992 4983 cumbens;
1056 4919 1197 4974 alius
1270 4921 1572 4992 viviﬁcans,
1643 4925 1782 4979 alius
1831 4927 2088 4994 moriens,
2148 4927 2286 4980 alius

697 5012 1052 5079 resuscitans,
1088 5024 1142 5070 et
1163 5015 1300 5070 alios
1326 5018 1676 5073 resuscitatus
1701 5036 1715 5085 ;
1750 5018 1846 5075 sed
1874 5038 2009 5078 unus
2030 5022 2285 5092 idemque

703 5103 793 5158 Dei
824 5115 984 5175 atque
1010 5107 1244 5163 hominis
1274 5108 1466 5177 Filius,
1513 5127 1581 5166 ex
1630 5127 1758 5181 uno,
1811 5124 1868 5169 ut
1920 5113 2124 5170 dictum
2179 5124 2286 5182 est,

701 5194 983 5263 Dominus,
1008 5212 1072 5254 ex
1103 5200 1277 5255 altero
1301 5216 1522 5270 servus;
1550 5219 1619 5260 ex
1647 5219 1756 5260 uno
1779 5205 1958 5273 tortis,
2003 5221 2071 5265 ex
2116 5207 2289 5263 altero

700 5285 986 5353 inﬁrmus;
1041 5304 1106 5345 ex
1147 5305 1255 5345 uno
1304 5309 1549 5364 magnus,
1605 5310 1670 5350 ex
1714 5298 1886 5353 altero
1944 5312 2178 5368 parvus;
2223 5315 2287 5354 ex

701 5392 812 5431 uno
849 5393 1066 5447 creans,
1096 5397 1166 5437 ex
1207 5383 1379 5439 altero
1416 5396 1669 5455 creatus;
1709 5404 1774 5443 ex
1803 5403 1910 5442 11ηο
1952 5405 2195 5458 pascens,
2223 5407 2289 5447 ex

704 5468 874 5525 altero
902 5472 1177 5540 esuriens;
1204 5489 1269 5530 ex
1319 5492 1426 5532 uno
1460 5494 1731 5545 recreans,
1754 5496 1819 5533 ex
1859 5481 2033 5537 altero
2065 5482 2288 5549 sitiens;

707 5574 771 5614 ex
806 5575 913 5617 uno
940 5565 1213 5622 miraculis
1242 5582 1558 5636 coruscans,
1585 5585 1653 5625 ex
1683 5571 1857 5627 altero
1907 5573 2121 5645 injuriis
2168 5591 2293 5632 suc-

707 5652 998 5720 cumbens;
1072 5671 1137 5712 ex
1188 5674 1294 5714 uno
1353 5661 1647 5728 viviﬁcaris,
1701 5679 1768 5718 ex
1806 5666 1977 5722 altero
2014 5669 2293 5735 moriens;

708 5756 778 5798 ex
828 5759 937 5800 uno
1000 5753 1346 5821 resuscitans,
1406 5770 1473 5809 ex
1532 5756 1709 5812 altero
1764 5763 2149 5829 resuscitatus;
2204 5763 2295 5830 qui

712 5842 840 5889 ante
877 5838 1060 5894 oculos
1099 5844 1400 5900 mortalium
1440 5849 1666 5916 positus,
1702 5866 1765 5905 ex
1798 5866 1906 5906 uno
1940 5854 2297 5910 venerabatur

719 5933 778 5977 ut
817 5926 978 5993 Deus,
1015 5947 1080 5985 ex
1120 5935 1291 5992 altero
1329 5938 1720 6010 despiciebatnr
1751 5954 1807 6000 ut
1838 5947 2024 6002 homo.
2060 5947 2297 6021 Denique

2398 4737 2716 4808 quibusdam
2748 4738 2801 4790 in
2842 4737 3174 4813 scandalum,
3228 4740 3545 4811 quibusdam
3575 4757 3730 4796 versa
3787 4751 3873 4797 est
3925 4744 3985 4799 in

2390 4826 2691 4894 stultitiam,
2737 4827 2992 4897 Apostolo
3021 4840 3327 4896 attestante,
3381 4832 3469 4901 qui
3495 4831 3568 4884 ait
3602 4849 3614 4884 :
3651 4830 3764 4884 Nos
3804 4844 3985 4887 autem

2389 4925 2731 4995 prmdicautus
2786 4922 3047 4978 Christum
3118 4922 3445 4991 cruciﬁxum,
3512 4918 3711 4979 Judmis
3769 4925 3987 4994 quidem

2387 5017 2709 5084 scandalum,
2741 5016 2975 5089 gentibus
3020 5024 3192 5067 autem
3245 5013 3518 5068 stultitiam
3547 5011 3597 5086 (I
3628 5014 3749 5070 Cor.
3783 5031 3823 5083 t,
3856 5016 3985 5087 23).

2463 5106 2553 5163 12.
2601 5108 2852 5177 Sequitur
2898 5107 3078 5175 itaque
3124 5105 3442 5161 venerabilis
3483 5120 3655 5162 senex
3681 5107 3863 5176 justus
3919 5124 3988 5163 ac

2392 5203 2651 5272 pr0pbcta
2697 5201 2787 5256 Dei
2840 5211 2895 5254 et
2940 5200 3074 5255 dicit
3100 5201 3256 5256 matri
3310 5199 3441 5257 Iesu
3474 5218 3489 5257 :
3525 5200 3591 5259 Et
3621 5214 3761 5259 tuam
3813 5203 3989 5272 ipsius

2391 5296 2619 5348 animam
2662 5293 2988 5365 pertransibit
3026 5293 3252 5364 gladius,
3302 5304 3359 5348 ut
3386 5293 3673 5365 reuelentur
3697 5310 3759 5349 ex
3802 5294 3989 5348 multis

2393 5387 2632 5441 cordibus
2659 5364 2994 5457 cogitationes
3016 5386 3168 5455 (Luc.
3200 5401 3260 5451 tt,
3284 5384 3400 5458 35).
3424 5364 3575 5443 Solet
3599 5402 3986 5456 nonnunquam

2396 5482 2447 5535 in
2488 5480 2762 5549 Scriptura
2793 5495 2945 5534 sacra
2986 5478 3148 5549 gladii
3203 5479 3421 5535 nomine
3470 5478 3777 5549 temporalis
3808 5478 3995 5534 tribu-

2398 5574 2525 5633 latio
2572 5575 2827 5645 ﬁgurari,
2886 5571 3170 5629 Psalmista
3226 5579 3536 5637 attestante,
3585 5571 3676 5641 qui
3732 5569 3912 5626 illatas
3957 5587 3986 5624 a
4054 5596 4061 5625 ε

2399 5666 2831 5738 persecutoribus
2883 5665 3163 5735 passiones
3212 5665 3265 5718 in
3318 5665 3465 5734 ipsos
3506 5671 3726 5733 exeptat
3775 5663 3982 5720 inﬂecti

2397 5762 2582 5816 dicens
2613 5759 2877 5827 {Gladius
2898 5776 3076 5813 eorum
3106 5760 3258 5812 intret
3282 5757 3337 5812 in
3363 5759 3523 5812 corda
3548 5760 3776 5830 ipsorum
3803 5754 3987 5830 (Psal.

2402 5869 2588 5920 xxxvi,
2623 5856 2738 5923 15).
2765 5852 2899 5909 Hinc
2929 5853 3070 5908 idem
3107 5852 3394 5909 Psalmista
3421 5852 3489 5908 de
3516 5852 3714 5923 Jusepb
3748 5852 3990 5923 loquitur

2400 5944 2614 6001 dicens:
2644 5943 2861 5998 Ferrum
2887 5944 3182 6012 pertransiit
3212 5945 3432 5998 animum
3456 5947 3588 6017 ejus,
3615 5945 3772 5999 donec
3793 5947 3986 5999 veniret
