4090 6406
239 359 371 416 1501

1299 362 1525 418 SERMO
1565 364 1652 418 DE
1692 363 2028 419 LECTIUNE
2071 367 2524 423 LVAAGELICA.

3378 382 3509 436 ΙῖΟΞ

234 474 440 528 verbum
487 473 595 544 ejus
620 471 788 544 (Psal.
833 488 939 540 etv,
977 472 1104 542 18),
1135 487 1196 528 ac
1232 474 1278 529 si
1332 473 1530 530 diceret
1560 492 1574 530 :
1605 474 1812 530 Tandiu
1843 479 1890 535 Α
1919 475 2141 538 inﬁdelis
2163 478 2239 530 vel
2260 479 2440 539 idiota,
2468 482 2784 536 convincitur
2805 485 2868 536 ab
2909 487 3140 540 omnibus
3169 487 3225 559 (1
3249 490 3368 544 Cor.
3400 508 3508 557 xiv,

241 565 343 620 fuit
374 567 426 620 in
457 565 543 620 illa
584 565 860 622 servitutis
892 565 974 620 vel
998 564 1232 621 carceris
1256 565 1619 630 tribulatione,
1647 567 1820 620 donec

238 657 369 711 illud
420 656 560 726 quod
618 655 852 711 futurum
906 655 1228 724 pmdixerat
1277 657 1537 713 eveniret.
1563 657 1673 713 Sed
1723 674 1822 712 nec

242 746 387 802 aliud
435 746 537 802 hoc
581 750 696 802 loco
747 763 842 816 per
897 747 1132 816 gladium
1181 747 1530 818 intelligimus
1579 750 1818 820 ﬁgurari.

240 838 552 907 Quanquam
636 847 818 894 autem
886 840 1066 894 multa:
1141 839 1512 896 tribulationes
1586 843 1818 896 animam

245 929 627 985 transfoderint
666 929 987 986 beatissima:
1045 929 1302 1000 Virginis,
1354 931 1446 986 illa
1501 942 1678 988 tamen
1734 931 1822 988 hic

238 1021 542 1096 specialiter
567 1022 895 1092 designatur,
926 1037 1068 1092 quas,
1116 1023 1351 1078 Domino
1398 1025 1450 1079 in
1497 1040 1658 1082 cruce
1702 1041 1818 1080 mo-

239 1113 452 1178 riente,
504 1121 746 1168 materna
797 1114 1005 1168 viscera
1072 1115 1361 1170 transﬁxit.
1420 1115 1634 1172 Dicatur
1691 1133 1822 1190 ergo

236 1202 413 1257 eidem
463 1219 494 1257 a
543 1214 730 1259 sancto
760 1205 1063 1276 pmpheta:
1103 1205 1165 1259 Et
1196 1216 1337 1262 tuam
1383 1209 1546 1278 ipsius
1595 1212 1821 1263 animam

237 1295 528 1364 pertrasibit
576 1295 805 1364 gladius,
852 1305 906 1349 ut
934 1296 1221 1350 revelentur
1261 1313 1322 1350 ex
1365 1299 1538 1352 multis
1583 1301 1820 1355 cordibus

236 1385 591 1455 cogitationes.
647 1387 726 1440 Ac
770 1385 816 1439 si
868 1385 1134 1440 diceretur
1177 1404 1191 1440 :
1245 1388 1497 1443 Maternis
1527 1389 1820 1447 visceribus

239 1473 601 1530 tribulationis
622 1475 803 1545 gladio
826 1475 1150 1544 verberatis,
1179 1476 1386 1532 videbis
1417 1480 1470 1532 in
1494 1495 1656 1535 cruce
1686 1497 1819 1550 pen-

237 1566 454 1620 dentem
517 1581 671 1634 quem
719 1568 914 1637 angelo
961 1569 1243 1624 nuntiante
1293 1571 1447 1638 virgo
1500 1573 1818 1640 concepisti,

237 1665 488 1712 manente
514 1657 823 1727 virginitate
852 1658 1017 1712 ﬁlium
1049 1660 1286 1725 edidisti,
1313 1673 1576 1731 quatenus
1600 1679 1694 1734 per
1721 1665 1822 1720 hoc

236 1748 437 1802 factum
487 1757 541 1802 et
605 1749 916 1805 Judteorum
983 1752 1366 1808 exsultantium
1421 1755 1712 1824 iniquitas,
1767 1771 1820 1811 et

1921 565 2049 636 ‘23),
2091 569 2297 624 occulta
2342 569 2501 625 etiam
2555 573 2733 629 cordis
2780 576 2896 643 ejus
2934 579 3215 635 manifesta
3249 581 3408 648 ﬁunt,
3455 594 3510 639 et

1921 660 1990 713 ita
2013 661 2209 714 cadens
2256 661 2306 715 in
2343 673 2538 718 terram
2584 665 2828 722 adorabit
2889 669 3051 724 Deum
3081 713 3096 738 ,
3157 676 3508 739 pronuntians

1920 751 2062 820 quod
2102 767 2232 807 vere
2262 753 2401 808 Deus
2433 765 2517 809 est
2561 758 2614 809 in
2655 759 2827 814 vobis.
2853 760 2954 826 Qui
2986 771 3166 816 autem
3197 777 3380 819 essent
3421 767 3507 820 isti

1923 841 2233 909 prephette,
2274 844 2386 910 ipse
2441 846 2633 901 Paulus
2689 847 2909 904 inferius
2968 854 3216 919 aperuit,
3266 854 3450 910 dicens
3494 875 3504 908 :

1924 929 2198 997 PrOphette
2243 935 2344 987 duo
2384 938 2457 989 vel
2515 947 2615 991 tres
2664 940 2865 1000 dicant,
2919 951 2967 994 et
3005 945 3175 997 caeteri
3225 946 3508 1016 dijudicent

1924 1021 1992 1093 (1
2041 1024 2161 1079 Cor.
2197 1041 2321 1092 xiv,
2358 1026 2500 1096 29),
2561 1044 2776 1084 oremus
2822 1042 2998 1087 autem
3054 1049 3278 1090 necesse
3325 1045 3408 1092 est
3453 1046 3508 1092 ut

1927 1113 2066 1168 idem
2099 1115 2303 1184 gladius
2335 1128 2518 1172 noster
2556 1121 2716 1173 corda
2757 1124 3052 1191 transﬁgat,
3085 1134 3344 1192 quatenus
3377 1127 3506 1182 ﬁde-

1925 1205 2051 1258 lium
2077 1205 2306 1273 turbam,
2335 1206 2486 1262 nobis
2522 1211 2954 1276 prardicautibus,
2985 1215 3313 1282 singulorum
3343 1219 3510 1272 virtu-

1925 1303 2003 1348 tes
2033 1310 2097 1348 ac
2127 1294 2254 1349 vitia
2287 1299 2703 1364 exponentibus,
2750 1301 3034 1370 unicuique
3064 1304 3319 1359 interiora
3357 1319 3510 1376 pate-

1923 1387 2067 1441 ﬁant.
2104 1387 2392 1457 Sequitur:

1995 1478 2083 1532 ll.
2142 1478 2207 1532 Et
2255 1490 2362 1534 erat
2401 1481 2550 1535 Anna
2589 1484 2945 1555 prophetissa,
2996 1487 3107 1554 ﬁlia
3155 1485 3410 1552 Phanuel,
3446 1491 3510 1543 de

1923 1570 2054 1622 tribu
2079 1572 2220 1624 Aser.
2251 1570 2378 1625 Hac
2406 1586 2721 1642 processerat
2736 1576 2791 1628 in
2822 1575 2998 1628 diebus
3028 1578 3221 1643 multis,
3244 1587 3290 1631 et
3318 1579 3508 1632 vivebat

1921 1675 2038 1712 cum
2067 1660 2174 1712 viro
2201 1676 2294 1713 suo
2343 1661 2490 1715 annis
2518 1673 2709 1730 septem
2740 1683 2772 1717 a
2811 1666 3102 1735 virginitate
3142 1683 3258 1720 sua.
3295 1666 3359 1718 Et
3401 1667 3509 1721 lucc

1923 1760 2030 1802 erat
2061 1751 2213 1802 vidua
2243 1767 2399 1821 usque
2425 1753 2492 1804 ad
2521 1768 2683 1806 annos
2713 1755 2966 1824 octoginta
2992 1765 3239 1823 quatuor;
3265 1771 3378 1824 quae
3408 1773 3508 1810 non

237 1838 960 1910 discipulorumfugientium
994 1843 1275 1898 inﬁrmitas
1305 1822 1623 1902 denudetur.
1659 1849 1818 1902 Deni-

1923 1839 2208 1893 discedebat
2231 1841 2293 1894 de
2315 1843 2520 1911 templo,
2533 1844 2749 1913 jejuniis
2773 1822 3508 1900 etvobserrationibus-serviens

232 1945 342 1999 que
374 1932 464 1985 illo
498 1935 547 1986 in
576 1948 736 1988 cruce
763 1935 1054 2002 pendente,
1081 1935 1250 1991 Judtei
1282 1949 1572 2006 prteseutes
1603 1942 1824 1994 insulta-

237 2023 366 2076 bant
415 2033 472 2075 ut
525 2023 909 2091 descenderet;
965 2029 1195 2095 apostoli
1243 2029 1502 2094 fugientes
1553 2032 1618 2086 de
1665 2048 1826 2087 cruce

236 2115 383 2168 illum
441 2116 772 2172 descendere
831 2133 987 2186 posse
1029 2135 1134 2173 non
1183 2123 1489 2178 credebant.
1541 2127 1666 2188 Quae
1697 2125 1821 2178 dum

234 2209 448 2273 ﬁerent,
506 2225 724 2264 necesse
783 2211 879 2264 fuit
949 2221 1188 2265 materna
1257 2213 1446 2280 piaque
1503 2214 1704 2267 viscera
1755 2231 1820 2268 ex

227 2301 468 2370 ejusdem
521 2302 896 2372 Redemptoris
945 2304 1191 2374 passione
1235 2305 1413 2371 gladio
1463 2305 1821 2368 tribulationis

230 2391 490 2460 transﬁgi.

303 2484 392 2536 13.
417 2482 522 2536 Sed
548 2483 658 2552 jam
691 2485 814 2548 ista,
841 2495 895 2536 ut
929 2487 1211 2554 cepimus,
1247 2486 1372 2555 quid
1404 2489 1629 2558 mystit'e
1660 2489 1819 2560 signi-

232 2573 396 2627 ﬁcent
427 2573 656 2626 breviter
688 2574 1143 2632 demonstremus.
1175 2577 1308 2645 Quis
1335 2579 1476 2632 enim
1510 2581 1645 2634 intra
1697 2595 1822 2634 san-

229 2678 369 2720 ctam
397 2667 688 2720 Ecclesfam
717 2669 1060 2734 constitutus,
1097 2686 1202 2725 non
1233 2673 1412 2726 videat
1433 2674 1487 2726 in
1521 2682 1694 2726 niurte
1715 2673 1819 2728 lte-

229 2759 523 2825 demptoris
569 2760 738 2814 nostri
770 2761 888 2813 illos
917 2761 1132 2823 cadere,
1165 2765 1254 2830 qui
1310 2765 1450 2816 hunc
1493 2773 1580 2817 aut
1615 2764 1820 2816 solum-

231 2851 392 2904 modo
425 2851 692 2905 hominem
726 2853 1008 2905 mortalem
1052 2851 1244 2914 fuisse,
1267 2863 1356 2906 aut
1387 2867 1569 2906 veram
1599 2867 1817 2906 carnem

233 2944 284 2993 in
316 2943 562 3009 passione
590 2943 673 2996 vel
709 2941 1105 2997 resarrecﬁone
1140 2957 1245 2996 non
1292 2944 1542 2998 habuisse
1599 2959 1816 3000 asseve-

230 3032 390 3085 rant?
423 3033 487 3086 Et
528 3035 647 3101 quis
680 3035 732 3087 in
782 3033 898 3101 ejus
949 3036 1343 3090 resurrectione
1375 3051 1478 3088 non
1512 3037 1820 3092 consideret

233 3121 353 3174 illos
385 3137 688 3192 resurgere,
721 3124 811 3191 qui
840 3139 868 3177 a
897 3125 1119 3192 perﬁdia
1168 3125 1322 3178 mala:
1365 3125 1701 3180 credulitatis
1729 3126 1813 3180 di-

231 3211 353 3264 vina
399 3214 568 3282 gratia
611 3214 874 3281 reparari,
907 3223 963 3269 et
1016 3214 1067 3268 in
1099 3231 1225 3269 vera
1272 3219 1410 3271 hunc
1442 3232 1628 3283 carne,
1664 3219 1812 3272 salva

229 3302 520 3356 divinitatis
576 3318 688 3358 sua:
749 3305 1199 3372 impossibilitate,
1255 3308 1518 3362 veraciter
1575 3323 1816 3378 passum,

229 3401 282 3446 et
312 3395 364 3446 in
398 3408 524 3447 vera
550 3410 712 3449 carne
742 3397 1001 3450 veraciter
1028 3413 1054 3448 a
1080 3411 1174 3450 sua
1199 3398 1476 3466 majestate
1506 3401 1816 3456 suscitatum

229 3487 539 3539 afﬁrmant?
576 3502 642 3539 an
700 3503 808 3541 non
861 3489 980 3542 aliis
1034 3490 1086 3542 iu
1141 3491 1346 3544 ruinam
1377 3535 1391 3556 ,
1444 3492 1564 3546 aliis
1607 3509 1732 3548 vero
1765 3495 1818 3547 in

229 3578 679 3631 resurrectionem
729 3577 982 3634 Christus
1037 3581 1207 3633 factus
1238 3583 1426 3648 fuerat,
1472 3597 1590 3636 cum
1624 3583 1819 3638 Paulus

227 3666 297 3720 de
327 3681 386 3720 se
410 3669 628 3732 suisque
657 3668 816 3722 sociis
838 3669 1070 3725 diceret:
1096 3670 1285 3726 Christi
1312 3674 1471 3727 bonus
1498 3675 1624 3727 odor
1645 3691 1818 3730 sumus

229 3755 362 3823 Deo,
396 3767 440 3810 et
467 3759 518 3810 in
549 3759 627 3812 his
655 3775 772 3828 qua:
801 3771 1036 3828 pereunt,
1062 3774 1108 3816 et
1137 3765 1189 3816 in
1215 3766 1293 3819 his
1321 3767 1407 3834 qui
1435 3767 1562 3820 salui
1589 3768 1742 3835 ﬁunt,
1771 3776 1817 3822 et

225 3845 345 3900 aliis
395 3849 523 3900 odor
563 3852 739 3903 mortis
765 3850 818 3903 in
855 3863 1086 3918 mortem,
1119 3856 1237 3908 aliis
1277 3857 1404 3910 odor
1446 3860 1562 3911 vita:
1587 3859 1639 3912 in
1666 3859 1819 3912 vitam

227 3936 316 4009 (II
341 3937 459 3993 Cor.
497 3955 565 4006 ll,
595 3940 706 4011 15).
743 3941 818 3996 De
844 3942 948 3997 iilis
975 3959 1103 3998 vero
1145 3947 1336 4014 quibus
1369 3947 1673 4002 immanitas
1701 3963 1818 4002 car-

231 4035 312 4086 nis
365 4034 700 4088 divinitatem
753 4036 1034 4089 abscondit
1080 4037 1395 4104 Salvatoris,
1429 4041 1498 4094 ita
1536 4042 1664 4095 dicit
1703 4061 1714 4093 2
1752 4040 1818 4094 Et

225 4127 271 4176 si
299 4134 527 4191 opertum
565 4134 635 4176 est
665 4123 1002 4194 Evangelium
1035 4135 1282 4195 nostrum,
1311 4131 1362 4183 in
1385 4130 1464 4185 his
1487 4133 1574 4200 qui
1600 4143 1815 4199 pereunt

225 4222 299 4266 est
321 4222 551 4280 opertum
573 4216 588 4276 (
611 4211 675 4266 11
704 4212 825 4267 Cor.
855 4229 932 4276 tv,
973 4217 1052 4283 '5).
1085 4216 1204 4272 Jam
1258 4235 1385 4274 vero
1415 4223 1458 4275 si
1516 4223 1729 4289 devoxe,
1762 4235 1818 4278 ut

226 4305 405 4369 decet,
461 4305 824 4372 attendamus,
874 4307 1040 4374 ipsam
1077 4308 1286 4364 beatam
1343 4312 1630 4380 Virginem.
1663 4317 1816 4385 cujus

228 4395 462 4448 animam
492 4395 700 4463 gladius
730 4397 1076 4453 transfodisse
1125 4400 1455 4469 perhibetur,
1493 4413 1674 4474 typum
1711 4407 1815 4460 Ec-

229 4486 410 4541 clesia:
440 4488 792 4554 praetendisse
814 4489 1134 4557 reperimus,
1161 4491 1315 4561 cujus
1344 4495 1576 4549 animam
1606 4496 1813 4565 gladius
1849 4521 1896 4578 υ

230 4579 580 4647 pertransiit,
636 4580 846 4635 scilicet
902 4582 1123 4637 verbum
1178 4585 1596 4653 praedicationis.
1663 4588 1814 4655 Quod

227 4672 369 4724 enim
400 4686 488 4740 per
516 4673 744 4740 gladium
771 4674 1078 4741 praedicatio
1101 4688 1282 4732 sancta
1314 4679 1590 4748 ﬁguretur,
1625 4681 1818 4734 Paulus

227 4762 504 4830 apostolus
535 4771 758 4816 testatur
787 4765 968 4820 dicens
1003 4784 1014 4818 :
1051 4767 1114 4820 Et
1141 4769 1369 4838 gladium
1402 4771 1651 4840 Spiritus,
1680 4774 1816 4840 quod

227 4863 300 4908 est
331 4855 530 4908 verbum
561 4853 656 4910 Dei
705 4856 932 4927 (Ep/tes.
967 4874 1041 4924 vt,
1076 4859 1200 4930 l7)?
1249 4861 1470 4916 Gladius
1515 4868 1658 4919 enim
1701 4865 1816 4919 auio

229 4959 371 4998 mam
400 4944 578 4998 Maria;
605 4949 1018 5015 transverberat,
1070 4953 1189 5018 quia
1221 4955 1442 5006 verbum
1478 4955 1568 5010 Dei
1614 4957 1816 5010 electo-

233 5050 352 5090 rum
384 5038 545 5090 corda
605 5049 869 5105 penetrat,
900 5050 1191 5108 penetrans
1237 5044 1305 5096 ab
1357 5060 1543 5099 errore
1593 5047 1820 5100 mortiﬁ-

229 5139 337 5194 cat,
359 5129 428 5183 ab
455 5143 638 5184 errore
671 5133 1000 5188 mortiﬁcaus
1033 5136 1083 5189 in
1116 5139 1394 5192 veritatem
1427 5140 1547 5194 vitte
1571 5155 1821 5195 commu-

230 5227 324 5272 tat.
363 5218 429 5275 Ut
451 5221 754 5287 revelantur,
783 5223 975 5293 inquit,
1018 5241 1083 5278 ea:
1125 5227 1301 5282 multis
1350 5231 1588 5285 cordibus
1617 5235 1816 5299 cogita-

232 5309 391 5366 tiones
437 5312 589 5381 (Luc.
621 5329 694 5380 ιι,
733 5313 850 5381 '55),
892 5330 954 5370 ac
1003 5317 1045 5370 si
1077 5319 1280 5373 diceret
1329 5338 1342 5374 :
1396 5321 1597 5376 Idcirco
1652 5324 1816 5379 divini

230 5401 380 5456 verbi
422 5402 628 5471 gladius
679 5415 986 5460 sanctorum
1036 5408 1198 5462 corda
1248 5411 1484 5466 funditus
1514 5414 1582 5469 ab
1633 5430 1817 5472 errore

232 5494 562 5551 mortiﬁcans
589 5495 643 5550 in
671 5499 910 5552 veritatis
939 5499 1237 5555 doctrinam
1266 5515 1578 5572 commutat,
1606 5515 1662 5561 ut
1689 5507 1814 5561 dum

232 5587 583 5655 quorumdam
630 5588 759 5642 vitia
788 5589 1122 5658 virtutesque
1177 5593 1443 5664 loquendo
1486 5597 1814 5666 examinant,

231 5679 520 5749 unicuique
569 5679 880 5748 loquuntur,
907 5680 1094 5735 intima
1142 5698 1238 5737 sua
1288 5685 1648 5743 manifestent.
1686 5690 1819 5745 Hinc

233 5769 428 5826 Paulus
457 5771 617 5827 dicit:
646 5771 708 5827 Si
729 5787 902 5826 omnes
936 5773 1259 5841 prophetent,
1293 5778 1444 5830 intret
1487 5789 1656 5834 autent
1704 5782 1815 5844 quis

1923 1942 2069 1986 nocte
2097 1941 2145 1985 et
2175 1934 2277 1986 die.
2303 1933 2370 1987 Et
2399 1935 2506 1988 lucc
2547 1936 2658 2001 ipsa
2686 1936 2812 1989 hora
2839 1937 3192 2006 superveniens
3222 1937 3503 2004 conﬁteba-

1923 2034 2002 2076 tur
2043 2022 2304 2089 Domino,
2361 2035 2408 2078 et
2453 2026 2753 2095 loquebatur
2776 2027 2841 2079 de
2871 2027 2960 2080 illo
3003 2027 3235 2080 omnibus
3287 2029 3373 2096 qui
3415 2043 3507 2081 ea:-

1922 2113 2214 2180 spectabant
2271 2115 2669 2177 redemptionem
2718 2115 3003 2170 Jeruialem
3058 2115 3222 2184 (Luc.
3251 2133 3320 2183 ιι,
3375 2117 3506 2188 36).

1923 2202 2050 2256 llaec
2075 2205 2228 2271 juxta
2255 2204 2534 2260 historiam
2565 2215 2744 2273 aperta
2774 2219 2917 2273 sunt,
2953 2223 3049 2262 nec
3077 2208 3272 2262 habent
3301 2209 3503 2277 aliquid

1922 2293 2288 2359 obscuritatis,
2330 2297 2709 2351 commendant
2753 2307 2930 2352 autem
2980 2301 3278 2354 castitatem
3335 2300 3506 2355 beata:

1923 2385 2186 2448 mulieris,
2242 2387 2546 2440 instantiam
2596 2388 2922 2456 jejuniorum
2963 2397 3124 2458 atque
3180 2391 3507 2444 obsecratio-

1923 2491 2048 2529 num
2079 2475 2182 2530 diei
2215 2477 2493 2545 noctisque
2536 2477 2588 2531 in
2630 2480 2826 2547 templo
2880 2478 2973 2534 Dei
3016 2479 3361 2546 inhaerentis;
3409 2483 3503 2534 sed

1925 2567 2092 2622 latent
2140 2567 2383 2637 quaedam
2430 2568 2480 2622 in
2540 2569 2622 2624 his
2679 2571 2930 2624 Ecclesia:
2979 2581 3334 2626 sacramenta.
3367 2572 3504 2639 Quid

1921 2659 2064 2712 enim
2111 2675 2203 2727 per
2233 2661 2462 2725 Annam,
2490 2677 2608 2732 quae
2635 2663 2805 2734 gratia
2840 2663 2933 2715 ονε
2963 2662 3364 2732 interpretatur,
3397 2666 3497 2718 nisi

1921 2749 2217 2802 electorum
2272 2751 2506 2803 Ecclesia
2552 2751 2898 2820 designatur?
2944 2756 3007 2805 ad
3061 2755 3214 2822 cujus
3265 2755 3500 2808 membra

1921 2839 2216 2905 Apostolus
2267 2840 2501 2907 loquitur
2559 2842 2741 2895 dicens
2794 2841 3020 2896 :Gratia
3068 2845 3194 2897 salvi
3240 2847 3360 2911 [neti
3391 2849 3511 2899 estis

1920 2945 2009 2999 per
2025 2930 2175 2997 ﬁdem
2199 2927 2417 2998 (Ep/tes.
2437 2946 2495 2996 ιι,
2516 2929 2593 2999 8).
2619 2933 2748 2995 Quae
2771 2934 2906 2985 bene
2931 2933 3090 2985 etiam
3129 2933 3235 2986 ﬁlia
3269 2933 3505 2987 Phanuel

1921 3021 1988 3074 de
2035 3021 2172 3074 tribu
2225 3023 2359 3074 Asor
2407 3021 2572 3076 fuisse
2625 3023 2954 3092 perhibetur,
3016 3024 3250 3077 Phanuel
3307 3026 3503 3092 quippe

1923 3113 2300 3180 interpretatur
2329 3113 2484 3180 facies
2507 3110 2622 3175 Dei,
2656 3112 2788 3167 Aser
2829 3112 3023 3181 quippe
3069 3123 3284 3167 vocatur
3309 3113 3500 3168 beatus.

1923 3203 1990 3257 Et
2015 3204 2104 3272 qui
2135 3204 2226 3256 alii
2258 3219 2352 3273 per
2382 3203 2571 3259 faciem
2617 3205 2708 3259 Dei
2736 3205 3049 3274 ﬁgurantur,
3081 3206 3178 3259 nisi
3218 3205 3302 3274 qui
3331 3207 3502 3272 Spirio

1921 3303 2007 3350 tus
2028 3295 2197 3348 sancti
2226 3297 2395 3364 gratia
2423 3295 2631 3363 repleti,
2659 3297 2723 3349 ad
2753 3295 3114 3362 cognitionem
3146 3296 3234 3350 Dei
3271 3295 3501 3349 humana

1918 3385 2082 3440 corda
2132 3386 2288 3454 primi
2336 3385 2736 3455 perduxerunt?
2796 3387 2930 3452 Quia
2975 3388 3117 3440 enim
3171 3401 3263 3454 per
3314 3387 3499 3441 faciem

1921 3477 2144 3546 quilibet
2173 3478 2540 3547 cognoscitur,
2568 3479 2686 3546 jure
2715 3478 2882 3532 iacies
2916 3478 3006 3531 Dei
3035 3487 3294 3532 vocantur
3325 3477 3374 3531 hi
3410 3494 3503 3546 per

1921 3584 2056 3639 quos
2091 3570 2326 3640 cognitio
2352 3569 2649 3624 divinitatis
2681 3570 2979 3634 revelatur;
3013 3572 3210 3638 quique
3257 3586 3363 3623 non
3395 3572 3501 3624 im-

1920 3664 2116 3718 merito
2153 3665 2312 3728 Aser,
2346 3663 2396 3717 id
2423 3674 2503 3718 est
2524 3665 2661 3717 beati
2696 3673 2973 3728 vocantur,
3001 3663 3124 3730 quia
3149 3663 3215 3716 ad
3247 3676 3503 3717 a-ternam

1922 3767 2318 3828 patermtatem,
2343 3759 2461 3812 sive
2483 3758 2906 3826 per—inspiratam
2936 3757 3158 3811 interius
3182 3754 3506 3821 naturalem,

1921 3854 2040 3908 sive
2070 3868 2166 3922 per
2194 3854 2373 3906 datam
2406 3856 2641 3908 exterius
2697 3854 2869 3920 legem
2919 3853 3117 3906 erudiri
3171 3865 3501 3908 meruerunt.

1924 3943 2076 3999 Unde
2101 3944 2357 4012 scriptum
2387 3954 2467 3997 est
2504 3962 2514 3996 :
2563 3943 2751 3996 Beatus
2790 3944 2942 3996 homo
2969 3959 3118 4010 quem
3149 3951 3204 3994 tu
3233 3944 3501 4010 erudieris,

1922 4031 2160 4095 Domine,
2176 4043 2222 4085 et
2243 4033 2303 4085 de
2322 4031 2431 4100 lege
2449 4040 2537 4086 tua
2560 4032 2793 4085 docueris
2824 4049 2936 4085 eum
2959 4031 3129 4100 (Psal.
3150 4030 3502 4103 xc1u,l?).lu

1921 4122 2114 4192 quibus
2127 4123 2308 4176 verbis
2325 4133 2511 4190 aperte
2526 4130 2876 4186 monstratur,
2892 4122 3184 4176 electorum
3206 4123 3500 4178 Ecclesiam

1922 4213 2081 4268 tiliam
2097 4227 2218 4268 esse
2233 4212 2655 4281 patriarcharum
2669 4228 2731 4267 ac
2745 4214 3148 4283 prophetarum,
3163 4227 3282 4282 qua:
3297 4215 3503 4269 scilicet

1921 4307 2037 4360 sive
2064 4306 2117 4359 in
2143 4305 2355 4374 Spiritu,
2385 4305 2497 4360 sive
2522 4305 2574 4358 in
2601 4305 2784 4370 verbo,
2811 4317 2954 4359 recte
2979 4305 3310 4372 prephetissa
3337 4305 3501 4358 inter-

1921 4407 2178 4467 pretatur,
2219 4396 2285 4450 de
2332 4411 2433 4464 qua
2457 4395 2634 4449 adhuc
2663 4395 2929 4462 subditur,
2966 4403 3012 4448 et
3041 4396 3370 4449 vixeratcum
3397 4397 3503 4449 viro

1920 4505 2013 4542 suo
2030 4489 2178 4542 annis
2194 4497 2379 4557 septem
2397 4504 2427 4539 a
2445 4487 2728 4556 virginitate
2748 4503 2858 4540 sua.
2893 4485 3090 4555 thuis
3118 4488 3236 4556 ejus
3266 4489 3400 4544 alius
3423 4499 3508 4543 est

1927 4584 2027 4646 vir,
2064 4580 2160 4633 nisi
2189 4581 2278 4631 ille
2318 4581 2384 4633 de
2405 4594 2512 4648 quo
2540 4593 2634 4644 per
2667 4577 2855 4631 Isaiam
2890 4578 3204 4646 pr0plietam
3251 4578 3452 4633 dicitur
3487 4598 3501 4634 :

1923 4671 1988 4724 In
2017 4672 2207 4726 dieilla
2236 4671 2613 4742 apprehendent
2643 4681 2830 4740 septem
2864 4671 3098 4724 mulieres
3128 4672 3296 4725 virum
3342 4688 3504 4725 unum

1921 4765 2186 4817 dicentes:
2217 4762 2412 4816 Panem
2466 4771 2692 4815 nostrum
2741 4765 3082 4828 camedemus,
3117 4773 3163 4817 et
3189 4764 3502 4818 vestimentis

1921 4858 2105 4908 nostris
2136 4859 2443 4926 operiemur,
2473 4857 2822 4910 tantummodo
2854 4860 3114 4909 invocetur
3143 4873 3323 4910 nomen
3354 4868 3496 4909 tuum

1919 4963 2208 5016 supernos.
2257 4950 2416 5016 Aufer
2468 4947 2795 5018 approbrium
2852 4957 3080 5000 nostrum
3127 4945 3259 5008 (Isa.
3311 4964 3384 5011 tv,
3420 4949 3499 5012 l).

1920 5041 2048 5109 Quis
2076 5041 2208 5095 alius
2252 5040 2408 5110 hujus
2437 5051 2520 5096 est
2567 5045 2670 5108 vir,
2715 5041 2814 5096 nisi
2847 5041 2936 5096 ille
2964 5042 3032 5094 de
3082 5055 3188 5110 quo
3239 5041 3291 5094 in
3337 5039 3499 5094 Joan-

1922 5133 2002 5187 nis
2035 5134 2351 5202 Apocalypsi
2383 5134 2576 5188 dicitur
2610 5155 2620 5188 :
2671 5135 2933 5189 Civitatem
2960 5143 3188 5187 sanctam
3213 5129 3501 5186 Jerusalem

1919 5227 2021 5279 vidi
2043 5225 2425 5280 descendentem
2453 5227 2515 5280 de
2544 5228 2668 5280 ctele
2709 5243 2740 5279 a
2769 5226 2898 5293 Deo,
2927 5235 3159 5297 paratam
3186 5223 3317 5276 sicut
3348 5239 3503 5293 span.

1919 5333 2029 5373 sam
2084 5327 2316 5370 ornatam
2359 5318 2468 5370 viro
2524 5333 2616 5370 suo
2649 5319 2836 5388 (Apoc.
2880 5331 2992 5381 ut,
3042 5315 3148 5386 2)?
3179 5316 3306 5381 Qua:
3339 5315 3498 5368 etiam

1921 5423 2203 5477 antequam
2235 5409 2447 5463 Christo
2498 5411 2814 5472 sociaretur,
2851 5411 2970 5464 ideo
3003 5411 3152 5481 virgo
3186 5406 3499 5472 vocabatur,

1921 5503 2004 5556 vel
2036 5503 2158 5569 quia
2190 5510 2317 5556 tunc
2364 5501 2502 5554 idola
2537 5516 2640 5554 non
2684 5502 2914 5566 colebat,
2942 5500 3024 5554 vel
3067 5511 3212 5555 certe
3239 5500 3356 5569 quia
3394 5513 3500 5551 non

1920 5605 2192 5662 corrupta,
2219 5594 2312 5647 sed
2354 5591 2634 5646 infecunda
2667 5601 2802 5661 erat.
2838 5592 2988 5646 Tunc
3019 5601 3198 5646 autem
3241 5592 3378 5646 hanc
3395 5589 3508 5645 sibi

1921 5685 2167 5738 Christus
2189 5685 2376 5746 univit,
2405 5699 2524 5736 cum
2578 5692 2820 5737 naturam
2853 5683 3144 5737 humanam
3177 5682 3496 5750 suscipiens,

1925 5775 2264 5844 l-Tvaugelium
2297 5789 2525 5828 cxor.~us
2557 5775 2669 5828 fuit.
2702 5773 2854 5840 Quod
2889 5775 3062 5842 itaque
3093 5773 3246 5828 annis
3285 5786 3491 5843 St‘pletlt
