4090 6474
575 425 708 479 15⁸3

573 555 690 591 runt
730 539 844 590 viro
873 551 970 590 suo
1001 551 1026 589 a
1057 533 1358 605 virginitate
1394 535 1588 588 vixisse
1627 533 1965 594 describitur.
2003 543 2134 586 tem-
2168 530 2216 589 Δ

573 643 671 697 pas
699 626 934 695 ejusdem
988 624 1378 692 praedicationis
1421 625 1538 692 ipso
1591 623 1892 691 septenario
1925 635 2148 674 numero

575 715 860 785 ﬁguraliter
894 708 1262 779 concluditur,
1285 715 1338 768 in
1371 730 1476 783 quo
1523 725 1573 769 et
1609 713 1976 781 septiformem
2027 712 2140 776 Spi-

573 805 705 858 ritus
750 805 918 860 sancti
967 805 1191 874 gratiam
1248 805 1314 857 ab
1371 805 1488 872 ipso
1521 804 1808 872 acceperit,
1838 811 1891 856 et
1944 803 2054 868 ipsa
2098 801 2148 853 in

573 904 777 964 septem
822 895 1176 960 mulieribus,
1232 898 1311 951 vel
1359 905 1565 964 septem
1624 895 1874 948 Ecclesiis
1928 894 2150 963 mystice

577 990 712 1044 ttttiri
750 989 964 1044 meruit.
1000 991 1063 1042 Et
1110 990 1232 1058 quia
1263 989 1351 1042 illo
1396 988 1723 1042 ascendente
1762 988 1826 1039 ad
1855 986 2020 1041 caelos
2051 987 2152 1038 hu-

576 1081 852 1136 ntanitatis
896 1082 1012 1150 ejus
1053 1081 1335 1148 praesentia
1380 1080 1623 1134 desolata
1674 1089 1776 1144 est,
1825 1077 1944 1146 jure
1991 1081 2149 1132 etiam

577 1173 733 1225 vidua
767 1172 1089 1226 remansisse
1113 1181 1379 1224 narratur.
1413 1172 1603 1225 Annon
1634 1169 1786 1222 vidua
1831 1180 1971 1222 recte
1999 1183 2150 1222 voca-

579 1273 682 1324 tur,
714 1262 782 1315 de
828 1277 929 1328 qua
982 1276 1076 1328 per
1134 1261 1350 1314 beatum
1402 1259 1528 1324 Job,
1580 1259 1960 1313 haereticorum
2015 1258 2150 1312 facta

577 1351 862 1417 mentione,
889 1351 1082 1405 dicitur
1113 1368 1126 1405 :
1178 1349 1328 1403 Pavit
1355 1352 1596 1414 sterilem,
1625 1365 1742 1418 quae
1769 1366 1870 1402 non
1917 1350 2073 1414 parit,
2106 1358 2153 1402 et

575 1443 741 1496 vidua:
761 1444 881 1496 bene
906 1459 1005 1494 non
1033 1443 1150 1512 fecit
1173 1441 1314 1513 (Job.
1351 1457 1496 1506 μιν,
1518 1441 1634 1511 21).
1660 1441 1788 1496 Illud
1819 1439 1995 1510 itaque
2022 1457 2155 1509 gau-

577 1533 650 1587 dii
693 1543 922 1601 tempus.
955 1548 1058 1602 quo
1090 1533 1372 1602 praesentia
1405 1532 1504 1586 viri
1551 1533 1601 1586 in
1651 1547 1813 1586 carne
1843 1531 2149 1596 fruebatur;

577 1621 813 1692 illudque
842 1623 1092 1688 tristitim,
1124 1637 1232 1691 quo
1257 1623 1373 1689 ejus
1402 1624 1684 1693 prtesentia
1718 1621 1956 1677 Ecclesia
1987 1622 2148 1676 deso-

579 1715 732 1770 landa
757 1725 890 1779 erat,
925 1716 1065 1771 idem
1096 1717 1175 1771 vir
1201 1718 1318 1786 ejus
1349 1717 1633 1788 designans
1662 1719 1790 1772 dicit
1823 1736 1838 1773 :
1873 1718 1992 1771 Non
2033 1735 2153 1784 pos-

575 1819 692 1861 sunt
716 1811 951 1880 jejunare
970 1811 1068 1878 ﬁlii
1087 1812 1529 1880 sponsi,quandiu
1556 1828 1670 1864 eum
1697 1811 1802 1864 illis
1819 1821 1890 1864 est
1911 1827 2149 1879 sponsus.

584 1903 761 1958 Veniet
779 1914 976 1972 tempus
1002 1921 1117 1958 eum
1139 1906 1402 1973 auferetur
1425 1906 1487 1958 ab
1506 1906 1577 1958 eis
1604 1923 1841 1972 sponsus,
1868 1915 1916 1959 et
1936 1908 2151 1977 tuneje-

567 1997 828 2063 iuuabunt
849 1999 1058 2068 (Matth.
1093 2015 1168 2066 tx,
1196 2001 1307 2069 15).
1338 2001 1391 2053 ltt
1423 2015 1647 2054 numero
1679 2011 1857 2052 autem
1885 2000 2150 2066 octoginta

578 2099 808 2157 quatuor
832 2105 1116 2157 annorum,
1148 2092 1337 2160 quibus
1365 2092 1520 2144 vidua
1562 2107 1680 2146 esse
1703 2091 2041 2152 describitur,
2075 2103 2152 2145 to-

580 2190 690 2235 tum
711 2191 924 2250 tempus
951 2185 1225 2251 prasentis
1246 2184 1365 2239 vita:
1387 2184 1724 2253 exprimitur.
1743 2184 1987 2254 Legimus
2009 2183 2151 2238 enim

583 2274 720 2328 ﬁlios
763 2273 924 2328 l-rael
959 2289 1232 2344 usqnejtto
1287 2287 1482 2330 terram
1520 2278 1781 2342 repromis
1813 2276 1951 2330 iouis
1981 2277 2152 2344 ingre-

580 2369 872 2426 derentur,
927 2364 1276 2433 quadraginta
1328 2365 1459 2418 duas
1497 2371 1801 2419 mansiones
1853 2366 1903 2419 itt
1961 2367 2152 2422 itinere

580 2452 830 2532 habuisse
859 2467 873 2504 :
901 2453 1092 2518 quibus
1123 2454 1326 2507 scilicet
1357 2455 1482 2523 quid
1528 2454 1671 2508 aliud
1721 2470 1879 2522 quam
1921 2456 2153 2524 peregri-

579 2545 724 2598 natio
756 2545 877 2596 vittn
908 2546 1188 2612 praisentis
1220 2546 1498 2613 liguratur,
1552 2547 1602 2599 itt
1653 2563 1756 2616 qua
1788 2547 1951 2601 eremi
1983 2547 2152 2599 tritiu-

577 2634 861 2688 lationibus
902 2650 1236 2701 exercemur,
1297 2651 1572 2704 usquequo
1621 2638 1687 2689 ad
1744 2645 1942 2690 terram
1973 2637 2153 2690 viven-

577 2726 707 2778 tium
755 2724 1068 2777 veniamus?
1116 2725 1219 2778 Sed
1271 2737 1489 2793 propter
1529 2727 1797 2792 geminum
1843 2725 2152 2780 Testamen-

579 2825 688 2867 tum
713 2856 726 2877 ,
763 2813 924 2868 Vetus
945 2813 1152 2867 scilicet
1181 2823 1235 2868 et
1264 2813 1493 2882 Novum,
1528 2814 1668 2870 idem
1699 2816 2151 2886 qtzadragenarius

575 2921 638 2960 ac
665 2906 937 2960 secundus
973 2922 1227 2959 numerus
1274 2906 1572 2972 duplicatur
1594 2949 1609 2974 ,
1642 2908 1848 2962 etﬁunt
1879 2909 2148 2975 octoginta

576 3004 822 3060 quatuor.
848 2997 996 3051 Sicut
1018 2997 1160 3050 enim
1193 3006 1410 3066 propter
1441 3008 1722 3066 utrumque
1746 2998 2147 3053 Testamentum

573 3089 932 3142 duodenarius
964 3104 1220 3143 numerus
1273 3091 1576 3154 duplicatus
1607 3092 1657 3144 in
1700 3091 1883 3159 viginti
1923 3103 2150 3160 quatuor

575 3175 918 3242 senioribus,
972 3178 1266 3231 Ecclesiant
1321 3179 1586 3246 designat,
1633 3181 1710 3234 sic
1737 3180 1896 3234 etiam
1929 3189 2149 3249 pr0pter

569 3265 757 3317 eadem
787 3263 1128 3318 Testamenta
1178 3267 1628 3336 quadragenatius
1673 3283 1928 3323 numerus
1958 3284 2020 3324 ac
2063 3285 2146 3324 se-

571 3353 776 3406 cundus
831 3355 1129 3422 duplicatus
1180 3357 1231 3410 in
1282 3358 1626 3428 octogenario
1671 3367 1865 3425 quarto
1903 3373 2146 3428 prmsens

579 3443 832 3498 Ecclesia:
863 3455 1073 3515 tempus
1102 3448 1310 3517 ﬁgurat,
1343 3458 1397 3502 et
1419 3448 1559 3516 quod
1592 3449 1664 3502 ibi
1698 3464 1790 3517 per
1813 3452 2144 3519 mansiones,

569 3537 671 3590 hoc
704 3536 789 3590 hic
818 3539 1052 3607 explicat
1093 3555 1188 3609 per
1210 3553 1401 3593 annos.
1437 3540 1731 3609 Utrumque
1751 3541 1893 3594 enim
1926 3556 2148 3597 concor-

568 3631 710 3683 diter
737 3633 1220 3700 peregrinationem
1249 3632 1490 3703 ejusdem
1515 3633 1768 3689 Ecclesiae
1796 3629 2060 3704 designai,
2081 3635 2148 3689 dc

565 3736 666 3789 qua
696 3732 750 3774 et
789 3721 924 3775 bene
964 3722 1301 3790 subjungilur
1329 3743 1342 3778 :

638 3811 724 3864 15.
762 3807 891 3872 Qua:
932 3828 1030 3864 non
1064 3812 1352 3866 discedebat
1373 3816 1434 3866 de
1454 3817 1660 3884 templo,
1685 3817 1899 3888 jejuniis
1927 3826 1972 3868 et
2004 3817 2147 3868 obse-

564 3900 872 3952 crationibus
912 3903 1132 3954 serviens
1163 3912 1309 3955 norte
1336 3920 1396 3956 ae
1428 3905 1526 3958 die.
1567 3905 1680 3971 Ipsa
1711 3907 1852 3960 enim
1885 3914 1966 3959 est
2016 3917 2146 3958 tern-

565 3991 734 4058 plnm,
767 4007 889 4061 qua:
917 4002 972 4046 et
1015 3993 1172 4046 vidua
1223 3993 1444 4062 jejnniis
1490 4005 1650 4064 atque
1681 3996 2146 4050 obsecrationibus

566 4083 806 4137 serviens
839 4085 890 4136 in
925 4083 1148 4151 templo,
1183 4093 1237 4138 et
1259 4100 1378 4153 qua:
1408 4088 1579 4138 ablata
1613 4088 1792 4154 sponsi
1825 4086 1905 4140 sui
1948 4100 2145 4153 corpo-

567 4175 658 4226 rali
691 4174 910 4242 specie,
962 4174 1082 4242 quia
1136 4175 1276 4228 hunc
1328 4176 1555 4230 necdum
1586 4177 1830 4242 corporis
1871 4176 2048 4229 oculis
2068 4177 2146 4227 itt-

564 4263 700 4316 tueri
735 4263 896 4330 valet,
929 4264 994 4316 ad
1029 4265 1159 4316 niltil
1205 4265 1347 4319 aliud
1374 4267 1542 4334 magis
1585 4282 1742 4333 quam
1771 4265 1836 4318 ad
1882 4265 2144 4332 jejunium

559 4363 617 4407 et
668 4355 967 4407 orationem
1016 4366 1191 4409 vacat.
1245 4357 1378 4410 llinc
1428 4356 1705 4410 Psaltnista
1758 4357 1875 4409 ait:
1911 4353 2145 4409 Fuerunt

559 4456 685 4507 milii
712 4454 954 4525 lacryma:
974 4472 1095 4508 mete
1123 4474 1274 4524 panes
1297 4459 1378 4510 die
1399 4475 1457 4510 ac
1486 4466 1649 4521 nocte,
1667 4458 1790 4509 dum
1818 4459 2003 4511 dicitur
2021 4459 2148 4512 mihi

1375 425 1432 479 S.
1477 419 1796 478 AMBllOSlI
1836 417 2184 476 AUTI‘ERTI
2229 416 2710 473 ΒΕΝΕΥΕΝΤΑΜ
2754 417 3038 472 ABlHTlS

3689 416 3818 471 13οι

2321 531 2404 584 lii.
2435 530 2501 586 Et
2543 543 2593 583 ut
2628 533 2941 597 perfecerunt
2984 532 3156 583 omnia
3201 531 3476 582 secundum
3517 530 3674 602 legent
3723 533 3826 585 Do-

2251 619 2414 683 mini,
2457 623 2640 673 reversi
2684 631 2797 673 sunt
2854 622 2906 672 in
2945 619 3256 685 Jerusalem,
3305 621 3354 672 in
3385 623 3642 674 .citvt'tatent
3681 638 3825 676 suam

2255 709 2513 763 Nazareth
2554 710 2704 780 (Luc.
2733 712 2796 768 n'.
2835 709 2948 780 δ’).
3003 711 3097 764 llic
3139 709 3246 778 jam
3293 710 3583 780 ﬁguraliter
3639 711 3824 766 ultima

2251 800 2556 854 Judaaorttm
2603 801 2883 854 conversio
2914 801 3241 870 designatur,
3289 801 3506 868 quando
3538 803 3722 857 Enoclt
3773 814 3827 858 et

2253 892 2365 946 Elia
2427 893 2881 960 pandit-antibus,
2931 891 3183 944 Chrisrus
3233 892 3297 944 ad
3349 908 3442 945 eos
3494 891 3820 959 revertitur,

2256 989 2468 1049 peracta
2499 982 2705 1034 scilicet
2727 981 2904 1033 omnia
2936 981 2986 1033 in
3011 980 3328 1047 Jerusalem,
3361 981 3410 1034 id
3441 989 3524 1035 est
3557 982 3608 1036 in
3639 983 3829 1038 Eccle-

2253 1076 2329 1128 sia
2360 1076 2594 1143 gentium
2624 1075 2919 1128 secundum
2943 1073 3113 1143 legem
3144 1074 3374 1140 Domini,
3411 1076 3543 1131 Novi
3575 1078 3830 1134 videlicet

2252 1165 2598 1220 Testamenti.
2623 1165 2785 1232 Quasi
2810 1165 2952 1218 enim
2975 1165 3495 1232 peracto-sacriﬁcio,
3522 1165 3588 1220 ab
3609 1164 3827 1223 Jerusa-

2256 1257 2358 1310 lem
2401 1256 2452 1308 itt
2509 1255 2779 1309 civitatem
2836 1269 2983 1308 suam
3037 1253 3285 1308 Christus
3338 1270 3458 1308 cum
3520 1260 3828 1324 parentibus

2253 1350 2582 1415 revertitur,
2634 1362 2755 1401 cum
2797 1347 3083 1414 adimpleta
3151 1348 3480 1414 plenitudine
3548 1353 3826 1420 gvntium,

2256 1435 2547 1490 novissime
2592 1451 2712 1490 cum
2769 1434 3207 1502 praedicatoribus
3236 1438 3439 1491 sanctis
3487 1440 3552 1491 ad
3594 1454 3689 1493 eos
3719 1442 3831 1495 col-

2256 1525 2496 1594 ligendos
2529 1541 2594 1580 ex
2621 1527 2814 1596 quibus
2843 1540 3060 1581 carnem
3102 1527 3339 1596 suscepit
3377 1529 3694 1598 regreditur.
3727 1531 3832 1586 Se-

2255 1618 2435 1686 quitur
2469 1635 2480 1670 :

2326 1709 2412 1763 i7.
2447 1708 2586 1762 Puer
2611 1719 2774 1763 autent
2811 1714 3063 1766 crescebat
3102 1720 3149 1766 et
3194 1713 3602 1783 confortabatur,
3652 1717 3835 1780 plenus

2255 1799 2524 1865 sapientia,
2577 1809 2625 1852 et
2664 1801 2828 1872 gratia
2883 1800 2974 1854 Dei
3012 1810 3116 1854 erat
3147 1818 3262 1856 cum
3300 1803 3394 1856 illo
3440 1801 3592 1871 (Luc.
3618 1821 3675 1871 tt,
3719 1807 3830 1876 40).

2261 1889 2386 1945 lltcc
2406 1892 2472 1946 de
2495 1892 2584 1945 illo
2613 1894 2906 1948 secundum
2940 1896 3326 1952 humanitatem
3369 1897 3508 1951 dicta
3551 1908 3698 1965 sunt,
3723 1915 3826 1954 non

2255 1983 2549 2036 secundum
2573 1983 2928 2040 divinitatem.
2961 1986 3144 2054 Neque
3177 1988 3228 2041 itt
3259 2004 3355 2043 sua
3390 2000 3574 2044 natura
3607 1992 3824 2054 crescit.

2258 2071 2312 2125 in
2337 2087 2439 2138 qua
2465 2074 2652 2140 plenus
2681 2085 2785 2142 est,
2814 2077 2906 2130 sed
2932 2077 2981 2129 in
3009 2088 3214 2142 nostra,
3249 2079 3300 2133 itt
3328 2096 3428 2148 qua
3473 2083 3630 2149 paqu
3658 2085 3836 2136 minus

2256 2164 2327 2219 ab
2348 2166 2550 2235 angelis
2582 2168 2878 2222 minoratus
2901 2178 3001 2223 est.
3045 2171 3154 2225 Nec
3177 2171 3230 2226 in
3276 2187 3367 2226 sua
3396 2173 3749 2241 confortator,
3777 2178 3834 2230 in

2248 2270 2359 2323 qua
2391 2257 2626 2310 omnium
2677 2259 2927 2312 fortitudo
2955 2269 3058 2323 est,
3102 2262 3152 2315 in
3183 2279 3284 2333 qua
3317 2263 3590 2332 plenitudo
3619 2268 3833 2334 sapien-

2258 2349 2342 2399 tia:
2371 2357 2482 2412 est;
2515 2350 2610 2403 sed
2659 2349 2710 2403 in
2743 2359 2944 2413 nostra,
2976 2354 3027 2406 in
3060 2369 3162 2422 qua
3208 2371 3302 2423 pro
3330 2356 3484 2412 nobis
3531 2360 3833 2415 exinanittts

2255 2453 2354 2497 cst.
2398 2443 2503 2498 Nec
2534 2447 2584 2498 itt
2633 2460 2724 2498 sua
2786 2449 2953 2515 gratia
2988 2449 3078 2504 Dei
3123 2451 3340 2520 indiget,
3374 2452 3424 2504 in
3457 2469 3558 2522 qua
3587 2453 3834 2508 omnibus

2255 2536 2479 2600 gratiam
2514 2536 2730 2600 tribuit;
2787 2538 2882 2593 sed
2912 2540 2962 2593 in
3009 2552 3210 2608 nostra,
3245 2543 3297 2595 in
3339 2559 3439 2611 qua
3471 2558 3535 2595 ea
3564 2560 3680 2613 qua:
3711 2560 3833 2598 cum

2260 2623 2414 2676 Patre
2447 2623 2606 2678 ltahet
2634 2629 2868 2696 accepit;
2915 2645 3034 2698 qua:
3065 2631 3268 2685 scilicet
3296 2633 3474 2686 omnia
3503 2634 3568 2686 ad
3618 2635 3832 2702 melius,

2255 2715 2320 2766 ad
2349 2715 2464 2780 ejus
2507 2730 2703 2786 corpus
2746 2719 2887 2788 quod
2931 2730 3013 2775 est
3049 2721 3308 2786 Ecclesia,
3341 2737 3500 2790 quam
3550 2723 3616 2773 ad
3660 2725 3831 2790 ipsum

2256 2816 2411 2875 caput
2442 2808 2628 2863 referri
2664 2822 2904 2877 possunt.
2959 2811 3247 2880 Usquequo
3286 2813 3429 2866 enim
3461 2812 3589 2866 illud
3635 2828 3831 2866 consu-

2255 2909 2429 2954 tnetur
2476 2901 2617 2970 quod
2683 2904 2972 2970 Apostolus
3021 2903 3149 2956 dicit
3202 2919 3215 2954 :
3269 2899 3442 2956 Donec
3505 2919 3833 2956 occurram-us

2255 3004 2428 3044 omnes
2471 2995 2525 3044 in
2569 2994 2813 3046 unitatem
2833 2994 2976 3062 fidei,
3018 3005 3064 3045 et
3097 2995 3365 3064 agnitionis
3397 2993 3523 3048 Filii
3553 2993 3646 3048 Dei
3673 2995 3726 3048 in
3756 2996 3832 3047 tti-

2255 3099 2368 3134 rum
2400 3085 2697 3154 perfectum,
2725 3087 2776 3137 in
2819 3100 3105 3139 mensuram
3132 3087 3298 3140 (etatis
3323 3088 3646 3155 plenitudinis
3685 3087 3831 3141 Chri-

2177 3207 2222 3270 C
2255 3174 2348 3236 sti,
2397 3177 2577 3244 utjam
2615 3191 2716 3226 non
2749 3175 2906 3227 simus
2933 3175 3133 3244 parvuli
3157 3174 3374 3246 (Epltes.
3406 3191 3478 3241 tv,
3510 3176 3620 3246 15).
3650 3177 3829 3242 ριιοίίο

2254 3269 2340 3320 die
2381 3268 2576 3320 crescit
2620 3268 2670 3320 in
2705 3267 2806 3321 ﬁde
2838 3283 2968 3335 puer
2995 3268 3170 3331 Jesus,
3217 3269 3454 3339 quotidie
3501 3270 3830 3323 confortatur

2253 3356 2540 3409 virtutibus
2598 3372 2731 3424 puer
2782 3357 2978 3421 lesus,
3031 3358 3270 3426 qumidie
3334 3359 3496 3413 vet-bo
3557 3361 3831 3427 sapientia».

2251 3448 2573 3514 aditnpletnr
2622 3464 2752 3517 puer
2799 3449 2984 3514 Jesns,
3029 3451 3264 3519 quotidie
3305 3450 3470 3518 gratia
3520 3440 3831 3503 Salvationia

2245 3537 2576 3607 justiﬁcatur
2625 3556 2756 3610 puer
2801 3539 2974 3595 Jesus.
3038 3541 3162 3595 lltec
3203 3542 3269 3594 de
3321 3549 3462 3592 tanta
3518 3540 3622 3594 diei
3669 3539 3829 3608 ltujns

2251 3629 2484 3683 breviter
2530 3631 2762 3687 diximus
2795 3631 3218 3704 [snlemtti'ate],
3253 3632 3365 3685 haec
3394 3631 3462 3685 de
3491 3642 3597 3684 tam
3633 3630 3823 3701 mysti-

2250 3719 2327 3774 cis
2373 3724 2723 3778 sacramentis
2773 3725 3048 3778 succincte
3107 3725 3537 3785 transcurrimus,
3597 3723 3719 3791 quia
3773 3727 3828 3776 et

2253 3811 2610 3877 prolixitatem
2661 3814 2988 3880 evangelicae
3050 3813 3292 3866 lectionis
3340 3813 3703 3873 attendimus,
3771 3820 3825 3867 et

2250 3902 2314 3952 ad
2349 3900 2462 3953 haec
2503 3902 2722 3968 legenda
2770 3900 2929 3952 horas
2973 3900 3162 3953 breves
3209 3901 3511 3953 habuimus.

2323 3992 2410 4044 18.
2444 3992 2519 4046 De
2547 4000 2740 4044 caetero
2769 3990 3106 4044 dilectionem
3133 3999 3362 4044 vestram
3390 3990 3676 4052 admoneo,
3705 3991 3816 4045 fra-

2253 4095 2361 4139 tres
2390 4085 2712 4148 cltarissimi,
2739 4086 2781 4136 si
2817 4093 2991 4138 tamen
3015 4085 3224 4138 animos
3245 4093 3454 4138 vestros
3481 4083 3596 4136 lnec
3623 4084 3826 4138 locutio

2252 4175 2379 4229 fecit
2403 4176 2663 4240 intentos,
2696 4186 2751 4229 ut
2781 4177 3066 4231 attendatis
3092 4193 3194 4244 qua
3225 4176 3509 4232 devotiOue
3541 4178 3695 4245 ltujus
3717 4178 3825 4233 diei

2250 4270 2644 4324 solemnitatem
2674 4270 2740 4324 de
2773 4272 2980 4339 reliquo
3016 4270 3295 4324 celebrare
3323 4269 3583 4326 debeatis.
3617 4270 3731 4324 Non
3754 4273 3828 4324 sit

2253 4365 2359 4420 vile
2385 4365 2511 4418 iliud
2541 4367 2928 4433 spectaculum,
2955 4364 3007 4418 in
3031 4379 3137 4433 quo
3161 4363 3326 4416 Filius
3356 4362 3584 4432 Virginis
3612 4364 3749 4418 Deus
3775 4374 3830 4418 et

2254 4457 2416 4512 homo
2439 4457 2831 4526 complectitur,
2860 4459 2910 4509 in
2935 4471 3038 4523 quo
3062 4457 3210 4523 virgo
3234 4465 3288 4509 et
3309 4465 3481 4509 mater
3501 4457 3822 4521 ostenditur,

559 4547 827 4613 quotidie:
859 4545 954 4600 Ubi
977 4558 1052 4602 est
1084 4549 1222 4604 Deus
1243 4560 1359 4603 tuus
1391 4549 1563 4619 (Psul.
1596 4565 1702 4612 XLI,
1729 4547 1824 4618 4)?
1858 4551 2020 4619 Digne
2049 4552 2145 4606 ita-
2175 4555 2226 4615 D
2254 4553 2306 4605 in
2328 4568 2432 4620 quo
2463 4550 2759 4620 prophetae,
2795 4550 2903 4603 itno
2944 4551 3329 4617 prophetarum
3357 4549 3596 4601 omnium
3628 4564 3824 4614 exspe-

558 4653 663 4705 que
693 4639 966 4707 praemittit
1001 4638 1228 4708 jejunia,
1261 4651 1316 4695 et
1343 4641 1538 4694 deinde
1583 4640 1986 4696 obsecrationes
2013 4658 2144 4698 con-

553 4729 752 4801 jungit.
777 4733 907 4799 Quae
937 4733 1078 4787 enim
1120 4748 1239 4786 esse
1279 4741 1454 4800 potest
1476 4733 1805 4799 deprecatio,
1836 4733 1924 4786 ubi
1956 4745 2144 4804 regnat

555 4826 928 4880 comessatio?
961 4840 1080 4894 quae
1106 4839 1228 4878 esse
1255 4831 1429 4891 potest
1473 4821 1775 4876 obsecratio
1798 4863 1811 4887 ,
1857 4823 1944 4878 ubi
1970 4824 2138 4879 domi-

555 4924 714 4969 natur
736 4915 948 4969 assidua
975 4915 1219 4984 potatio?
1243 4912 1347 4969 Sed
1379 4914 1489 4966 lucc
1529 4913 1737 4980 dicens,
1769 4915 1948 4967 cordis
1977 4916 2136 4969 etiam

555 5008 668 5061 vult
698 5005 920 5075 intelligi
948 5006 1230 5074 jejunium,
1281 5020 1387 5073 quo
1419 5005 1520 5058 nisi
1565 5006 1686 5074 quis
1727 5007 1794 5060 ab
1847 5007 2138 5061 immundis

555 5096 969 5167 cogitationibus
995 5095 1240 5164 jejunare
1270 5095 1502 5159 studeat,
1533 5094 1994 5149 obsecrationibus
2028 5095 2139 5150 Deo

555 5188 696 5243 ttniri
743 5202 847 5242 non
899 5187 1057 5242 valet.
1100 5186 1222 5241 Sive
1274 5195 1451 5241 autem
1484 5188 1610 5251 isto,
1641 5186 1754 5240 sive
1797 5187 1884 5240 illo
1909 5186 2136 5254 jejunio,

550 5281 818 5349 simulque
840 5279 1172 5333 orationibus
1226 5279 1380 5342 fulta,
1412 5278 1498 5332 die
1527 5293 1591 5331 ac
1621 5287 1776 5331 nocte
1815 5277 2016 5332 servire
2046 5279 2138 5331 de-

545 5371 830 5437 scribitur,
857 5371 1109 5425 subaudit
1137 5369 1187 5422 itt
1232 5367 1500 5439 prosperis
1529 5376 1582 5423 ct
1612 5367 1870 5432 adversis,
1914 5383 1942 5422 a
1995 5369 2135 5423 bono

554 5483 716 5534 opere
747 5484 852 5523 non
877 5475 1070 5523 cessat.
1096 5464 1346 5534 Sequitur
1381 5484 1393 5520 :

2251 4646 2416 4700 ctatio
2439 4644 2784 4710 adimpletur,
2821 4644 2875 4696 in
2897 4657 3002 4711 quo
3025 4642 3189 4695 multa
3216 4639 3472 4696 Ecclesia:
3494 4650 3827 4696 sacramenta

2249 4736 2595 4790 declarantur
2621 4778 2634 4802 ,
2686 4729 2826 4802 quod
2859 4735 2972 4802 ipse
3000 4733 3253 4787 cordibus
3284 4733 3476 4786 vestris
3517 4733 3830 4801 imprimere

2248 4831 2533 4899 dignetur,
2568 4828 2656 4898 qui
2694 4827 2953 4882 hodierna
2988 4827 3075 4881 die
3101 4835 3348 4881 sanctum
3391 4827 3701 4894 justumqne
3744 4824 3828 4875 Si-

2247 4936 2495 4976 meonem
2519 4921 2750 4990 Spiritus
2773 4920 2943 4973 sancti
2973 4920 3334 4974 illustratione
3360 4920 3584 4973 interius
3610 4917 3826 4985 pulsans

2246 5017 2309 5069 ad
2344 5016 2597 5084 templum
2639 5029 2745 5083 quo
2775 5013 2891 5082 ipse
2932 5027 2961 5064 a
3012 5011 3321 5078 parentibus
3367 5009 3692 5064 offerebatur
3721 5009 3821 5062 do-

2245 5116 2375 5172 cuit,
2408 5105 2516 5159 into
2545 5114 2692 5158 certe
2720 5104 2975 5172 compulit
3007 5102 3085 5156 ire
3112 5144 3127 5168 ,
3161 5103 3250 5170 qui
3282 5116 3405 5154 cum
3440 5101 3548 5154 Deo
3579 5099 3735 5153 Patre
3763 5111 3822 5154 et

2242 5196 2431 5250 codem
2461 5194 2662 5262 Spiritu
2697 5201 2885 5246 sancto
2916 5191 3105 5261 :eqnali
3138 5200 3402 5261 potestate
3429 5231 3445 5252 ,
3491 5190 3681 5258 mquali
3714 5189 3820 5240 vir~

2245 5297 2354 5343 tute
2378 5329 2394 5353 ,
2438 5288 2629 5355 aequali
2663 5286 2946 5354 majestate
2973 5324 2988 5350 ,
3040 5285 3228 5354 a‘quali
3261 5284 3562 5338 aeternitate
3591 5283 3724 5336 vivit
3770 5291 3823 5336 ct

2253 5391 2435 5450 regnat
2466 5379 2605 5434 Deus
2634 5380 2684 5431 itt
2711 5377 2905 5432 stt-cuia
2938 5377 3276 5432 saeculorum.
3313 5375 3506 5430 Amen.
