4090 6422
267 349 408 408 1505

271 491 1911 518 —-—._—_—_—_—______J

799 603 1239 680 HOMILIA
1304 605 1411 681 IN
1472 607 2514 688 TRANSFIGUBATIONE
2572 616 2982 693 DOMINI.

1125 373 1127 375 ‘
1179 357 1469 416 HOMILIA
1511 359 1574 414 ΙΝ
1614 360 2312 418 TRANSFIGURATIONE
2355 366 2610 422 DOMINI.

845 855 936 914 (Ex
962 868 1050 903 ms.
1078 853 1360 906 Corbeieusi
1383 868 1618 904 annorum
1643 856 1835 903 circiter
1857 856 1971 917 800,
1991 858 2114 918 apud
2137 859 2356 910 Martene
2381 862 2606 925 Ampliss.
2631 865 2774 925 Col|.,
2800 873 2836 916 t.
2865 865 2972 928 IX.)

1855 987 1931 1000 ἅ

189 1167 194 1174 1
1077 1077 1838 1174 13η,,ΕρῖξεᾼιίἰῌξρςίηξξῼΙιιιῖο
1873 1080 1916 1134 Α
2107 1082 2168 1135 Et
2197 1098 2307 1150 post
2337 1087 2444 1142 dies
2474 1107 2563 1144 sea:
2599 1097 2873 1159 assumpsit
2901 1096 3051 1150 Iesus
3098 1099 3304 1156 Petrum
3347 1115 3396 1159 et
3432 1108 3525 1164 la.

341 1156 481 1206 milia
525 1151 750 1204 Aulberti
783 1151 1053 1218 presbyteri
1091 1150 1153 1218 de
1195 1148 1408 1201 lectione
1449 1149 1733 1216 evangelica
1766 1163 1844 1198 se-

335 1227 555 1276 cundum
594 1221 888 1272 statim»:
915 1216 943 1280 ,’
963 1236 1062 1284 qua
1099 1216 1346 1269 Dominus
1390 1220 1442 1270 in
1472 1229 1640 1271 monte
1669 1232 1845 1269 coram

335 1295 502 1368 tribus
522 1290 782 1359 discipulis
813 1290 1208 1359 transﬁguratus
1246 1288 1556 1358 perhibetur.

342 1399 409 1454 In
441 1401 530 1454 illo
571 1413 794 1462 trmpore
835 1400 963 1452 dixit
1006 1397 1159 1451 Jesus
1203 1399 1469 1461 discipulis
1512 1399 1662 1450 suis:
1712 1395 1847 1451 Sunt

263 1494 474 1566 quidam
514 1494 577 1545 de
623 1493 703 1544 hic
743 1491 993 1544 stantibus
1024 1474 1110 1560 qui
1140 1507 1240 1543 non
1284 1489 1558 1560 gustabunt
1589 1498 1800 1541 mortem
1827 1529 1842 1550 ,

270 1585 430 1637 donec
459 1583 666 1636 videant
694 1580 739 1633 F
743 1582 887 1634 ilium
916 1581 1139 1634 hominis
1163 1583 1438 1634 venientem
1467 1583 1518 1633 in
1548 1596 1705 1648 regno
1732 1595 1844 1632 suo.

277 1674 342 1728 Et
374 1685 486 1746 post
515 1676 620 1727 dies
659 1689 750 1727 seu:
788 1674 1060 1743 assumpsit
1088 1670 1237 1725 Jesus
1270 1671 1486 1725 Petrum
1527 1682 1573 1725 et
1602 1670 1849 1724 Iacobum

267 1780 313 1824 et
339 1767 616 1831 Joannem,
656 1777 763 1822 etc.
795 1766 1006 1836 (Matth.
1045 1782 1152 1832 xvn,
1178 1764 1295 1835 28).
1325 1764 1590 1836 lutegrum
1623 1763 1850 1818 refertur

273 1859 784 1927 Transtigurationis
815 1859 1166 1927 evangelium.

347 1954 572 2020 Explicit
602 1953 746 2005 lectio
774 1950 1023 2019 evangelii
1051 1950 1330 2004 secundum
1363 1948 1683 2003 Matthuzam.

340 2043 533 2112 Incipit
580 2044 792 2097 homilia
825 2044 1053 2114 ejusdem
1086 2041 1311 2095 lectionis
1339 2041 1512 2095 habita
1553 2042 1622 2096 ad
1664 2057 1848 2096 mona-

267 2133 388 2188 chos
413 2135 466 2186 in
501 2133 811 2187 monasterio
836 2132 899 2187 S.
937 2130 1212 2185 Vincentii.

350 2227 400 2280 ι.
434 2227 582 2280 Solet
623 2239 1004 2294 nonnunquam
1045 2223 1284 2286 evenire,
1329 2223 1434 2277 imo
1475 2239 1610 2291 pene
1642 2240 1854 2293 semper

270 2318 454 2373 evenit
497 2329 554 2371 ut
589 2319 640 2369 in
688 2317 936 2369 domibus
967 2330 1151 2383 regum
1181 2329 1244 2367 ac
1275 2314 1570 2381 principum
1612 2329 1735 2367 vasa
1762 2329 1852 2368 au-

269 2429 358 2466 rea
389 2412 470 2466 vel
505 2421 755 2481 argentea
787 2409 1014 2478 quilibet
1058 2418 1110 2462 et
1147 2408 1266 2461 vilis
1297 2409 1551 2462 emundet
1577 2419 1735 2475 atque
1763 2408 1854 2461 de-
1884 2416 1931 2475 Β

269 2515 508 2570 spectus.
542 2504 681 2572 Quid
715 2513 893 2558 autem
925 2509 1052 2556 sunt
1080 2501 1242 2556 corda
1276 2500 1571 2554 electorum
1597 2501 1648 2552 in
1673 2509 1855 2552 sancta

275 2595 512 2649 Ecclesia
543 2608 700 2662 quam
731 2593 997 2660 quaedam,
1021 2600 1080 2645 ut
1100 2591 1170 2644 ita
1198 2590 1450 2652 dixerim,
1477 2605 1607 2643 vasa
1641 2589 1856 2658 regalia,

273 2685 436 2740 Paulo
468 2694 776 2750 attestante,
809 2687 896 2754 qui
933 2686 1038 2739 ait:
1072 2681 1138 2736 In
1166 2684 1319 2736 domo
1349 2700 1534 2752 magna
1561 2699 1662 2736 non
1693 2683 1858 2735 solum

270 2783 386 2828 sunt
415 2792 535 2828 vasa
564 2791 721 2828 aureo
748 2784 795 2826 et
826 2783 1068 2841 argentea
1095 2815 1108 2836 ,
1157 2774 1248 2825 sed
1293 2784 1339 2824 et
1365 2775 1535 2842 lignea
1562 2781 1609 2824 et
1637 2773 1817 2837 ﬁctilia
1839 2788 1859 2825 :

271 2874 320 2919 et
345 2867 578 2934 qua'dam
609 2863 816 2931 quidem
840 2864 891 2914 in
914 2862 1182 2928 honorem,
1203 2860 1438 2928 quadam
1466 2872 1635 2912 autem
1660 2860 1713 2911 in
1738 2874 1859 2912 cou-

273 2959 538 3014 tumeliam
565 2957 740 3025 (Rom.
771 2971 846 3020 Is,
873 2953 988 3022 21).
1017 2950 1074 3006 Si
1106 2953 1226 3021 quis
1255 2967 1380 3020 ergo
1408 2965 1467 3005 se
1493 2948 1859 3004 emnndaverit

275 3056 344 3110 ab
373 3055 488 3108 istis
515 3095 530 3118 ,
582 3055 686 3107 erit
715 3068 808 3105 vas
838 3052 890 3104 in
925 3052 1183 3102 honorem
1217 3046 1605 3100 sanctificatum
1648 3055 1701 3097 et
1731 3044 1859 3097 utile

279 3147 502 3202 Domino
531 3147 595 3199 ad
627 3161 786 3198 omne
816 3159 950 3212 opus
981 3143 1176 3195 bonum
1217 3150 1483 3208 paratum.
1540 3138 1644 3192 Vos
1675 3138 1854 3205 igitur,

276 3239 468 3294 fratres
498 3237 823 3296 charissimi.
874 3251 967 3290 vos
1010 3235 1142 3289 estis
1173 3249 1298 3286 vasa
1344 3232 1483 3300 regis
1514 3231 1720 3292 aeterni,
1768 3229 1856 3296 qui

275 3345 444 3383 sacrae
474 3329 747 3396 religionis
771 3329 917 3381 cultu
947 3327 1085 3379 velut
1117 3324 1354 3393 pretioso
1378 3322 1595 3375 metallo
1617 3319 1856 3384 fulgetis;

275 3419 369 3474 sed
403 3429 729 3472 mementote
757 3419 990 3486 quandiu
1028 3416 1114 3469 hic
1153 3415 1353 3474 vivitis,
1380 3415 1496 3466 sine
1529 3409 1751 3464 maculis
1781 3410 1861 3462 vi-

280 3511 476 3563 tiorum
509 3524 630 3562 esse
659 3524 994 3578 nequaquam
1031 3507 1272 3573 potestis.
1325 3504 1473 3558 Unde
1504 3514 1555 3556 et
1581 3502 1814 3557 Joannes
1841 3542 1856 3566 ,

277 3615 438 3668 quem
470 3601 736 3670 praecipue
762 3599 1016 3651 Dominus
1041 3595 1261 3653 amavit.
1293 3595 1342 3647 in
1374 3594 1606 3661 Epistula
1637 3607 1730 3647 sua
1753 3592 1854 3645 ait:

281 3689 342 3743 Si
387 3688 664 3741 dixerimus
704 3689 825 3758 quia
871 3699 1128 3754 peccatum
1175 3702 1272 3737 non
1317 3685 1556 3738 habemus
1583 3725 1596 3746 ,
1631 3684 1728 3752 ipsi
1768 3699 1858 3736 nos

279 3777 589 3838 seducimus,
631 3789 677 3829 et
721 3779 903 3830 veritas
937 3779 988 3828 in
1031 3777 1174 3829 nobis
1207 3793 1308 3828 non
1334 3782 1406 3830 est
1432 3772 1484 3842 (Ι
1511 3773 1670 3828 Joan.
1705 3788 1742 3840 I,
1774 3773 1854 3842 8).

280 3867 360 3922 Ne
388 3883 518 3937 ergo
550 3884 672 3922 vasa
703 3869 795 3923 Dei
841 3871 1028 3939 rubigo
1059 3870 1374 3924 delictorum
1405 3877 1716 3932 consumat,
1765 3884 1860 3922 ne-

282 3974 434 4013 cesse
457 3972 536 4013 (νει
563 3970 620 4014 ut
643 3975 830 4012 manus
854 3962 964 4013 haec
988 3974 1186 4013 sanctae
1212 3962 1600 4027 przcdicatiom's
1622 3958 1858 4024 quotidie

285 4059 452 4116 tergat
484 4067 496 4102 :
530 4049 670 4118 quod
701 4050 948 4102 videlicnt
997 4049 1399 4101 cmundationis
1445 4048 1681 4101 ofﬁcium
1729 4047 1857 4098 mihi

279 4138 519 4192 omnium
546 4152 827 4189 serv-trum
859 4136 949 4189 Dei
975 4138 1193 4205 indigno
1219 4137 1480 4188 creditum
1513 4135 1675 4188 fuisse
1699 4149 1855 4187 nemo

284 4239 521 4281 vestium
554 4228 786 4296 ignorat.
816 4226 919 4280 Sed
949 4241 1152 4293 quassu,
1181 4242 1246 4278 ne
1274 4241 1369 4278 vos
1401 4225 1670 4278 lmrnuncii
1704 4223 1857 4277 fmili-

283 4331 362 4375 tas
394 4320 649 4385 oll’cndat,
684 4319 982 4374 dummodo
1013 4319 1250 4387 qualibet
1275 4317 1558 4371 occasiune
1585 4357 1600 4382 ,
1643 4317 1708 4370 de
1737 4329 1857 4370 cor—

282 4418 439 4471 dibus
457 4417 653 4470 vestris
683 4424 921 4479 peccator
936 4429 1024 4467 ttm
1045 4412 1230 4466 sordes
1248 4415 1508 4480 abstergat
1524 4451 1536 4464 .
1556 4410 1858 4464 Lectinttem

285 4507 466 4574 itaque
498 4506 668 4560 sancti
703 4505 974 4574 Evangelii
999 4547 1015 4567 ,
1046 4521 1148 4572 qua
1183 4505 1439 4556 Dominus
1469 4512 1650 4556 noster
1680 4516 1860 4554 eorum

285 4601 458 4654 tribus
491 4597 761 4664 discipulis
795 4597 848 4651 in
883 4606 1060 4649 monte
1095 4594 1503 4665 transﬁguratus
1529 4592 1860 4660 perhibetur,

289 4689 658 4755 "ponendam
689 4701 906 4739 assumo
934 4728 946 4746 ,
989 4694 1044 4738 et
1071 4688 1208 4753 ejus,
1237 4693 1390 4751 preat
1420 4697 1656 4749 possum,
1687 4695 1866 4734 secre-

289 4789 462 4833 torum
492 4793 686 4831 arcana
719 4777 982 4841 discutio;
1020 4792 1122 4828 non
1152 4791 1257 4844 quo
1287 4786 1341 4828 et
1369 4784 1492 4826 ante
1523 4790 1606 4826 me
1636 4772 1865 4826 enodata

289 4888 394 4926 non
423 4873 601 4935 luerit,
626 4873 718 4926 sed
747 4888 852 4942 quo
875 4870 1075 4940 aliquid
1107 4870 1174 4922 de
1193 4886 1254 4922 ea
1286 4869 1424 4936 quod
1455 4869 1682 4922 necdum
1710 4869 1868 4920 luerit

286 4966 512 5028 dictum,
541 4964 669 5017 mihi
715 4964 778 5018 ad
819 4963 1108 5016 dicendum
1142 4961 1299 5016 fuerit
1329 4971 1684 5014 reservatum.
1716 4961 1867 5015 Sicut

290 5060 451 5126 igitur
498 5071 636 5109 nunc
677 5067 853 5109 vestra
915 5053 1220 5107 fraternitas
1267 5051 1506 5117 audivit,
1560 5053 1864 5118 priusquam

289 5151 620 5218 Redemptor
669 5157 851 5202 noster
891 5145 1354 5214 transfigurandus
1401 5155 1634 5198 montem
1681 5158 1871 5196 ascen-

291 5244 466 5308 deret,
501 5241 635 5294 disit
665 5239 729 5293 ad
762 5241 1067 5308 apostolos:
1102 5237 1237 5291 Sunt
1264 5236 1328 5290 de
1353 5237 1435 5288 hic
1477 5235 1752 5299 stantibus,
1785 5249 1872 5302 qut

290 5353 390 5388 non
419 5333 692 5405 gustabunt
722 5342 931 5384 mortem
959 5373 973 5394 ,
1007 5329 1165 5382 donec
1193 5330 1394 5381 videant
1428 5324 1472 5377 F
1477 5327 1622 5378 ilium
1650 5325 1872 5378 hominis

291 5426 568 5479 venientem
591 5427 641 5475 in
667 5439 822 5492 regno
845 5437 936 5474 suo
962 5419 1176 5489 (Matth.
1203 5434 1312 5483 va,
1337 5417 1453 5487 28).
1478 5416 1627 5484 Quod
1653 5416 1870 5485 quidam

270 5507 641 5571 ‘tractatorum
671 5513 738 5569 de
767 5524 902 5568 statu
935 5513 1190 5568 Ecclesia:
1231 5520 1351 5579 post
1386 5510 1652 5564 modicum
1697 5509 1873 5561 futuro

292 5609 495 5663 dictum
547 5606 831 5661 intellexit.
881 5604 986 5659 Sed
1038 5617 1267 5672 sequens
1312 5601 1560 5656 lectionis
1612 5601 1874 5656 decursus

294 5701 530 5754 declarat
575 5700 674 5753 hoc
720 5698 1002 5752 Dominum
1045 5695 1112 5747 de
1160 5708 1254 5746 sua
1298 5692 1763 5748 transt'ortnatione
1795 5689 1874 5744 di—

299 5795 462 5858 xisse,
496 5806 615 5843 cntn
645 5789 976 5859 livattgelista
1014 5785 1285 5855 subiunxit
1312 5802 1325 5836 :

1949 1173 2144 1236 cubum,
2176 1185 2222 1228 et
2246 1174 2496 1230 Joannem
2525 1182 2733 1248 fratrem
2765 1187 2897 1254 ejus.
2924 1197 2966 1238 et
2992 1191 3137 1241 duxit
3160 1191 3274 1245 illos
3300 1195 3353 1246 in
3375 1213 3520 1251 mon-

1948 1277 2045 1318 tem
2075 1266 2326 1319 eJcelsum
2358 1285 2580 1322 seorsum
2606 1311 2624 1336 ,
2671 1283 2717 1324 et
2759 1277 3150 1346 transﬁguratus
3181 1291 3253 1333 est
3293 1297 3408 1337 ante
3435 1303 3521 1339 eos

1949 1351 2166 1422 (Matth.
2211 1372 2336 1423 xvii,
2368 1356 2443 1426 l).
2475 1359 2630 1412 Certe
2674 1363 2724 1414 hi
2767 1375 2892 1418 sunt
2933 1376 3039 1420 tres
3083 1372 3302 1436 aposmli
3330 1416 3344 1437 ,
3392 1391 3527 1442 quos

1949 1444 2080 1498 dixit
2110 1461 2214 1498 non
2245 1456 2550 1514 gustaturos
2588 1463 2854 1515 mortem,
2900 1455 3069 1509 donec
3112 1473 3234 1511 eum
3285 1463 3530 1518 vidi-rent

1951 1537 2000 1588 in
2031 1535 2196 1603 gloria
2239 1539 2704 1604 transformatum,
2741 1543 2789 1594 in
2821 1559 2922 1611 qua
2966 1556 3139 1600 tamen
3188 1549 3304 1618 ejus
3339 1562 3524 1604 trans-

1951 1626 2271 1681 formatione
2295 1629 2712 1684 demonstratum
2737 1643 2838 1696 est,
2863 1637 3033 1704 qualis
3055 1639 3107 1690 in
3132 1645 3330 1694 cmlesti
3358 1645 3524 1710 patria

1951 1715 2126 1770 futura
2173 1718 2244 1770 sit
2284 1730 2592 1774 sanctorum
2641 1723 2899 1778 Ecclesia.
2949 1726 3054 1780 Sed
3109 1731 3335 1797 primum
3379 1734 3528 1787 nobis

1950 1809 2290 1876 quaerendum
2333 1820 2413 1864 est
2458 1812 2582 1880 quid
2628 1813 2701 1867 sit
2725 1815 2866 1883 quod
2899 1819 3208 1884 praedictam
3237 1820 3527 1878 Salvatoris

1955 1900 2480 1968 transflgurationem
2525 1902 2804 1958 Mattlneus
2852 1917 2969 1970 post
3015 1923 3106 1961 sex
3159 1910 3313 1975 dies,
3361 1910 3531 1966 Lucas

1954 2005 2081 2045 vero
2113 2001 2234 2060 post
2261 2002 2381 2046 octo
2409 1989 2602 2046 factam
2628 1997 2915 2062 perhibuit.
2949 1997 3316 2067 Nunquidnam
3340 2001 3530 2056 horum

1953 2088 2177 2154 quilibet
2203 2101 2232 2140 a
2257 2089 2484 2143 veritate
2516 2090 2802 2154 dissentit,
2832 2092 2956 2144 dum
2989 2094 3086 2146 sibi
3119 2095 3344 2148 invicem
3383 2096 3534 2164 quasi

1955 2193 2147 2236 neuter
2174 2181 2478 2236 censentit?
2521 2181 2627 2235 Sed
2657 2183 2932 2237 sciendum
2966 2184 3118 2240 nobis
3149 2198 3232 2240 εει
3257 2228 3272 2252 ,
3305 2187 3426 2254 quia
3475 2195 3531 2240 et

1955 2271 2257 2333 Mattha‘us,
2287 2272 2496 2325 dierum
2524 2271 2659 2325 facta
2691 2274 2962 2328 mentione
2988 2317 3002 2336 ,
3050 2289 3078 2327 ι
3123 2285 3234 2327 ιοιο
3264 2285 3452 2339 totum,
3478 2284 3535 2330 et

1971 2361 2140 2414 Lucas
2168 2375 2198 2414 a
2234 2373 2353 2414 toto
2393 2370 2594 2428 partem
2637 2363 2921 2429 expressit.
2977 2363 3207 2430 VeSpera
3256 2366 3397 2418 enim
3427 2365 3536 2420 diei

1965 2463 2101 2515 erat,
2133 2455 2344 2522 quando
2378 2464 2476 2505 Ista
2506 2454 2764 2506 Dominus
2791 2455 2996 2507 locutus
3033 2463 3133 2517 est,
3168 2470 3323 2522 quam
3358 2457 3538 2521 utique

1964 2543 2250 2598 Matthaeus
2281 2544 2499 2597 minime
2533 2543 2724 2612 tetigit.
2779 2543 2951 2597 Lucas
2993 2559 3122 2598 vero
3174 2559 3270 2611 pro
3314 2552 3421 2597 tota
3451 2544 3541 2598 die

1963 2636 2308 2704 computavit.
2347 2637 2499 2689 Mane
2527 2645 2705 2688 autem
2735 2633 2837 2686 fuit
2868 2636 3084 2700 quando
3107 2635 3247 2687 idem
3275 2637 3326 2686 in
3361 2630 3540 2687 incute

1970 2727 2377 2791 transfiguratus
2409 2735 2490 2778 est
2517 2767 2531 2788 ,
2563 2725 2704 2792 quod
2736 2723 2876 2777 sicut
2913 2723 3192 2777 Matthazus
3219 2738 3282 2775 ex
3316 2732 3428 2775 toto
3453 2737 3542 2775 re-

1963 2813 2142 2880 liquit.
2174 2814 2252 2866 sic
2281 2813 2456 2866 Lucas
2487 2827 2585 2878 pro
2618 2823 2728 2865 toto
2752 2816 3061 2880 assumpsit.
3105 2812 3384 2865 Matthaens
3413 2827 3543 2878 ergo

1961 2912 2130 2957 totum
2160 2918 2188 2956 a
2219 2911 2329 2956 toto
2353 2905 2683 2972 signiﬁcans,
2716 2903 2862 2955 solos
2902 2903 2953 2956 in
2987 2905 3163 2956 medio
3191 2915 3284 2955 sex
3320 2902 3543 2955 dies'in~

1964 3005 2143 3063 tegros
2169 2993 2432 3054 inseruit;
2463 2992 2635 3046 Lucas
2659 3007 2786 3046 vero
2807 3007 2836 3044 a
2865 3000 3013 3060 parte
3038 3000 3203 3044 totum
3228 2988 3538 3056 ostendens,

1961 3097 2014 3139 et
2042 3099 2318 3152 vesperam
2353 3083 2509 3150 primi
2556 3092 2611 3137 et
2660 3098 2818 3136 mane
2861 3083 3031 3135 octavi
3061 3080 3167 3135 diei
3196 3079 3537 3146 supputavit;

1963 3179 2049 3231 ubi
2087 3187 2268 3246 tropus
2304 3190 2512 3246 magna:
2539 3174 2832 3228 locutionis
2863 3173 3210 3242 intelligitur,
3238 3172 3325 3240 qui
3356 3172 3539 3224 Graeca

1967 3269 2238 3322 locutione
2266 3266 2644 3335 synecdochen
2679 3264 2978 3334 appellatur
3001 3305 3016 3329 ,
3047 3262 3186 3332 quod
3222 3261 3406 3315 Latine
3433 3260 3540 3314 dici

1964 3371 2176 3428 potest,
2209 3361 2290 3414 vel
2333 3376 2360 3414 a
2391 3372 2539 3430 parte
2574 3369 2742 3412 totum
2772 3400 2785 3421 ,
2821 3357 2900 3410 vel
2935 3371 3144 3410 rursum
3175 3368 3299 3422 pars
3327 3368 3354 3404 a
3388 3362 3498 3405 toto
3525 3391 3542 3416 ,

1963 3452 2161 3518 quique
2192 3467 2287 3519 per
2312 3465 2494 3504 sacras
2519 3450 2740 3519 paginas
2765 3447 3029 3513 frequenti
3053 3444 3408 3496 inculcatione
3429 3440 3544 3508 plu-

1963 3545 2126 3598 rimas
2157 3542 2389 3595 abSUIVil
2434 3540 2806 3608 qumstioites,
2849 3539 2999 3606 juxta
3045 3551 3201 3603 quem
3252 3533 3410 3586 etiam
3456 3531 3546 3585 illa

1965 3635 2229 3706 praecipue
2264 3644 2555 3699 reseratur,
2584 3649 2686 3703 qua
2720 3632 2974 3686 Dominus
3005 3630 3126 3685 coeli
3158 3628 3325 3681 tribus
3355 3626 3544 3680 diebus

1886 3752 1934 3816 ρ
1963 3741 2017 3784 et
2065 3729 2237 3783 tribus
2272 3728 2520 3782 noctibus
2567 3729 2618 3780 in
2664 3727 2913 3794 sepulcro
2945 3724 3178 3793 jacuisse
3203 3720 3502 3774 declaratur
3525 3756 3543 3784 ,

1963 3837 2084 3875 cum
2114 3821 2453 3874 manifestum
2499 3820 2571 3873 sit
2609 3819 2748 3884 quod
2790 3826 2938 3870 sexta
2984 3815 3115 3867 feria
3157 3813 3406 3866 inclinata
3434 3810 3543 3877 jam

1963 3912 2068 3972 die,
2099 3911 2225 3961 hora
2256 3910 2504 3960 videlicet
2535 3921 2696 3968 nona,
2733 3903 2977 3973 spiritum
3008 3902 3268 3965 emiserit,
3293 3912 3347 3954 et
3367 3900 3546 3952 Denti-

1963 4003 2081 4053 nica
2113 4007 2238 4051 ante
2269 4001 2437 4049 lucem
2468 3997 2784 4048 surrexerit.

2034 4133 2090 4186 5.
2125 4129 2480 4197 Quaerendum
2508 4129 2669 4184 etiam
2697 4143 2794 4180 cur
2817 4133 3021 4179 tantum
3049 4138 3170 4178 cum
3199 4123 3367 4178 tribus
3388 4120 3547 4176 disci-

1968 4224 2105 4293 pulis
2133 4231 2377 4275 oraturus
2409 4229 2645 4273 montem
2675 4216 2914 4270 ascendit
2940 4255 2956 4280 ,
2998 4216 3166 4268 tribus
3197 4224 3399 4266 tantum
3430 4211 3546 4278 glo-

1967 4318 2098 4370 riam
2148 4329 2258 4366 snat
2308 4311 2603 4380 majestatis
2649 4309 2745 4362 illo
2788 4309 2841 4359 in
2887 4317 3128 4371 tempore
3169 4300 3543 4356 manilestavit.

1968 4410 2341 4476 Nunquitlnam
2375 4406 2490 4461 sine
2520 4419 2677 4459 causa
2709 4401 2906 4456 factum
2941 4403 3105 4454 fuisse
3135 4398 3406 4467 potabitur
3431 4435 3445 4459 ,
3491 4403 3548 4447 ut

1975 4500 2109 4554 alios
2142 4510 2266 4552 tunc
2297 4500 2571 4566 apostolos
2603 4493 2856 4564 mysteria
2887 4507 2996 4544 sua:
3027 4489 3372 4544 revelationis
3402 4487 3550 4540 cela-

1969 4602 2070 4653 ret.
2099 4590 2297 4660 quibus
2334 4605 2455 4642 eum
2489 4588 2688 4640 dixisse
2733 4584 3025 4637 auctoritas
3068 4589 3249 4634 sancta
3283 4589 3545 4632 testatur:

1977 4682 2132 4736 Vobis
2162 4681 2337 4733 datum
2361 4688 2433 4732 est
2461 4693 2606 4729 nosse
2631 4675 2925 4744 mysterium
2955 4673 3097 4740 regni
3134 4670 3228 4722 Dei
3257 4668 3410 4738 (Luc.
3435 4683 3546 4733 vui,

1974 4773 2107 4840 £0)?
2160 4774 2220 4823 lu
2250 4783 2497 4823 rursum:
2531 4766 2716 4818 Omnia
2759 4776 3070 4834 quotcunque
3107 4759 3280 4811 audivi
3317 4774 3350 4810 a
3389 4755 3549 4809 Patre

1972 4879 2082 4916 meo
2106 4873 2226 4915 nata
2249 4861 2346 4929 feci
2368 4857 2508 4912 vobis
2534 4856 2714 4924 (Joan.
2743 4869 2834 4919 xv,
2861 4854 2973 4923 15).
2999 4849 3365 4904 Concedamus
3390 4848 3550 4915 igitur

1973 4956 2115 5026 quod
2147 4957 2402 5024 primates
2431 4996 2442 5019 ,
2476 4952 2615 5019 quod
2647 4951 2909 5003 columine
2948 4955 3101 4999 erant
3143 4945 3282 4998 inter
3325 4950 3549 4994 caeteros

1976 5049 2246 5114 apostolos
2269 5086 2286 5111 ,
2318 5047 2453 5099 sit-ut
2497 5045 2689 5097 Paulus
2717 5043 2849 5094 dic;t
2874 5081 2890 5104 ,
2924 5039 3114 5092 Petrus
3153 5047 3206 5089 et
3240 5034 3467 5088 Jacobus
3496 5037 3552 5083 et

1975 5141 2229 5204 Joannes,
2257 5138 2345 5201 qui
2373 5135 2673 5189 videbantur
2696 5132 2948 5185 columna:
2970 5143 3099 5190 esse,
3132 5137 3188 5180 et
3219 5125 3414 5178 idcirctt
3440 5135 3554 5174 ma-

1976 5235 2054 5301 gis
2087 5231 2192 5285 illis
2220 5242 2380 5298 quam
2412 5226 2530 5279 aliis
2572 5233 2776 5278 secreta
2817 5237 2910 5273 sua
2955 5217 3211 5272 Dominus
3257 5212 3548 5269 revelavit:

1976 5323 2167 5389 quibus
2197 5322 2355 5374 etiam
2386 5317 2515 5370 solis
2543 5313 2856 5369 maestitiam
2882 5310 3060 5364 cordis
3084 5309 3149 5362 de
3174 5307 3323 5361 ludat
3351 5305 3432 5358 vel
3458 5303 3554 5357 luo

1978 5414 2215 5466 deorum
2257 5407 2581 5479 proditione,
2620 5420 2740 5472 qua:
2776 5404 2917 5457 illius
2956 5400 3270 5456 imminente
3310 5395 3555 5459 passione

1983 5517 2104 5557 mox
2130 5503 2304 5556 futura
2352 5507 2509 5566 erat,
2561 5509 2804 5551 seorsum
2835 5494 3070 5560 aperuit.
3102 5487 3343 5557 Nunquid
3375 5494 3551 5538 tamen

1983 5587 2263 5661 propterea
2296 5589 2606 5660 mysterium
2641 5587 2816 5641 latens
2841 5585 2942 5639 hoc
2970 5584 3022 5637 in
3057 5581 3196 5635 tacto
3221 5576 3414 5646 aliquis
3451 5574 3551 5629 de-

1979 5685 2144 5739 fuisse
2167 5681 2409 5750 putabit?
2430 5679 2774 5750 Nequaquam
2798 5678 2955 5747 igitur
2975 5675 3090 5729 sine
3113 5666 3557 5742 prteﬁgurationis

1983 5783 2316 5831 sacramento
2345 5772 2408 5826 ad
2439 5781 2638 5826 tantum
2675 5767 3046 5837 Redemptoris
3073 5762 3294 5833 gloriam
3335 5759 3554 5814 intuen-
