4090 6496
598 482 732 537 1301

1374 476 1432 531 S.
1477 475 1796 530 AMBROSII
1841 469 2194 529 AUTI’ERTI
2243 469 2730 529 BENEVENTANI
2775 475 3068 530 ABBATIS

3745 482 3885 540 £303

597 597 745 662 dam,
777 594 925 650 solus
955 592 1142 648 Petrus
1166 631 1181 654 ,
1213 589 1446 645 Jacobus
1471 629 1485 654 ,
1519 597 1574 642 et
1606 588 1839 642 Joannes
1869 583 2181 638 assumitur.
2215 580 2262 638 Δ
2291 591 2406 637 erat
2436 585 2575 653 quod
2605 595 2660 640 et
2693 585 3018 656 palpandum
3049 587 3353 656 prmbebat,
3396 597 3450 644 et
3476 589 3656 660 januis
3685 591 3892 649 clausis

601 690 791 748 Petrus
823 698 1074 758 tanquam
1107 704 1135 740 a
1179 686 1337 740 Petra
1371 684 1688 740 vocabulum
1722 681 1950 748 sumpsit
1971 721 1986 746 ,
2037 677 2194 732 Petra

598 794 770 838 autem
813 789 922 835 erat
973 777 1242 842 Christus,
1293 786 1352 830 ut
1383 775 1669 842 Apostolus
1710 773 1922 828 edocuit
1970 772 2187 825 Paulus.

603 874 737 928 lluic
777 874 946 926 Petra}
979 871 1168 925 Petrus
1209 868 1335 923 dicit
1366 888 1377 921 :
1410 868 1490 921 Tu
1527 884 1581 922 es
1622 867 1856 920 Christus
1887 865 2062 918 Filius
2099 863 2195 916 Dei

603 964 698 1018 vivi
733 961 948 1033 (Matth.
984 975 1091 1024 ιιι,
1129 959 1221 1030 16)
1246 979 1260 1022 ;
1289 960 1481 1028 quibus
1519 958 1767 1012 nimirum
1797 957 2000 1022 verbis,
2031 956 2196 1010 totius

606 1054 864 1108 Ecclesia:
893 1054 1029 1108 ﬁdes
1060 1052 1304 1113 ell‘ertur,
1349 1061 1403 1105 et
1430 1066 1587 1120 quam
1615 1050 2004 1103 convenienter
2035 1046 2194 1100 Petra

606 1147 768 1203 Petro
794 1147 1114 1214 respondit:
1151 1146 1214 1199 Et
1243 1162 1338 1216 ego
1363 1146 1475 1197 dico
1511 1144 1622 1207 tibi,
1652 1144 1773 1210 quia
1798 1153 1853 1194 tu
1879 1158 1933 1194 es
1967 1140 2150 1194 Petrus
2177 1183 2192 1206 ,

600 1252 646 1294 et
676 1256 830 1310 super
851 1240 983 1292 hanc
1012 1238 1220 1291 Petram
1243 1236 1511 1304 aediﬁcabo
1535 1234 1815 1287 Ecclesiam
1836 1250 2003 1287 meum
2027 1232 2192 1299 (Ibid.

604 1329 726 1400 l8);
753 1339 938 1398 aperte
970 1329 1218 1382 videlicet
1244 1328 1428 1381 dicens
1458 1344 1469 1378 :
1497 1326 1672 1393 Super
1699 1340 1783 1378 me
1811 1325 2092 1379 ardiﬁcabo
2118 1335 2191 1387 te,

603 1422 690 1490 qui
723 1421 946 1491 ﬁguram
973 1422 1114 1487 geris
1146 1419 1261 1486 ejus
1288 1417 1561 1480 Ecclesiae,
1591 1433 1712 1484 qua:
1738 1418 1788 1470 in
1816 1427 1867 1470 te
1893 1416 2192 1470 mdiﬁcatur

604 1525 765 1580 super
794 1526 899 1566 me.
927 1509 1079 1565 Unde
1109 1525 1230 1563 cum
1253 1510 1392 1564 idem
1421 1509 1606 1562 beatus
1638 1507 1853 1570 Petrus,
1882 1507 2191 1560 testimonio

605 1612 761 1657 utens
788 1602 1122 1671 prophetico,
1143 1601 1350 1655 diceret
1375 1617 1388 1652 :
1422 1598 1553 1653 Ecce
1581 1613 1712 1666 pono
1735 1599 1787 1649 in
1813 1597 1939 1650 Sion
1964 1596 2190 1666 lapidem

597 1696 898 1766 angularem
921 1710 1178 1747 summum
1201 1692 1624 1763 pretiosissimum
1647 1691 1698 1742 in
1716 1691 2049 1759 fundamento
2074 1691 2194 1758 fun-

597 1783 777 1837 datum
806 1829 819 1850 ,
864 1785 1006 1837 illico
1037 1783 1312 1853 adjunxit:
1373 1781 1438 1834 Et
1469 1798 1552 1834 vos
1583 1790 1826 1850 tanquam
1873 1780 2068 1849 lapides
2096 1779 2193 1832 vivi

598 1875 1087 1944 supercadiﬁcamini
1119 1875 1171 1927 in
1194 1875 1371 1927 domos
1400 1872 1694 1938 spirituales
1735 1869 1826 1938 (ΙΙ
1855 1871 1995 1924 Petr.
2024 1886 2078 1936 ιι,
2110 1868 2188 1940 6).

2296 674 2346 727 in
2379 689 2502 730 vera
2533 690 2718 742 earne,
2752 679 3004 748 verisque
3032 680 3241 735 ossibus
3270 681 3649 738 introducebat
3675 685 3699 737 τ
3728 686 3884 754 Quod

2294 781 2423 834 ergo
2449 767 2645 822 dicitur
2671 786 2682 820 :
2720 768 3141 840 Trans/iguratus
3167 781 3241 825 est
3268 767 3486 842 (Matth.
3511 789 3642 842 xv",
3673 775 3756 846 2),
3783 778 3886 833 hoe

2297 867 2379 910 est
2406 857 2457 910 in
2490 859 2712 912 alteram
2747 859 2970 929 ﬁguram
3003 870 3262 928 mutatus,
3290 878 3394 917 non
3421 871 3506 919 est
3535 874 3760 933 naturae,
3788 869 3887 922 sed

2295 949 2514 1018 gloriae;
2545 951 2684 1006 unde
2713 960 2768 1006 et
2798 953 3042 1020 protinus
3071 955 3404 1010 subinfertur
3437 974 3450 1010 :

2369 1042 2422 1096 5.
2455 1042 2521 1097 Et
2550 1046 2863 1114 resplenduit
2896 1047 3053 1115 facies
3091 1049 3202 1117 ejus
3227 1049 3356 1102 sicut
3387 1049 3466 1103 sol
3507 1050 3724 1121 (Ibid.).
3759 1053 3885 1109 Iltec

2297 1147 2445 1191 certe
2470 1138 2637 1191 altera
2672 1138 2864 1206 ﬁgura,
2899 1139 3015 1192 hinc
3038 1140 3214 1194 vultus
3242 1145 3450 1210 species
3476 1144 3642 1199 altera
3661 1187 3674 1208 ,
3707 1157 3764 1200 ut
3791 1151 3884 1216 qui

2297 1237 2413 1280 erat
2443 1225 2496 1280 in
2529 1242 2690 1280 carne
2719 1228 3044 1296 conspicuus
3073 1269 3088 1294 ,
3119 1229 3299 1284 subito
3330 1245 3608 1302 appareret
3639 1234 3690 1287 in
3720 1239 3884 1303 maje-~

2299 1325 2438 1369 state
2483 1330 2763 1370 coruscus.
2810 1315 2948 1382 Quid
2996 1326 3174 1371 autem
3205 1320 3397 1373 mirum
3426 1322 3472 1375 si
3504 1322 3604 1376 hoc
3639 1323 3707 1378 de
3739 1335 3883 1378 tanta

2298 1407 2476 1460 subito
2505 1407 2556 1459 in
2589 1421 2816 1476 corpore
2841 1418 3166 1463 eoruscante
3205 1409 3401 1464 dicitur
3431 1412 3728 1482 majestate.
3762 1432 3883 1469 cum

2297 1513 2396 1552 nos
2434 1497 2674 1566 quotidie
2703 1498 2770 1552 de
2800 1499 3041 1568 quolibet
3071 1499 3253 1556 dicere
3282 1503 3548 1557 soleamus
3570 1547 3584 1570 ,
3615 1521 3732 1559 cum
3762 1521 3884 1560 eum

2298 1590 2378 1644 vel
2424 1599 2543 1658 post
2581 1589 2771 1644 sordes
2801 1591 3039 1644 ablutum
3072 1593 3155 1646 vel
3190 1603 3309 1661 post
3351 1596 3658 1650 mtestitiam
3705 1597 3884 1652 Ianum

2295 1683 2604 1750 aspicimus.
2659 1682 2775 1736 Non
2822 1690 2908 1736 est
2948 1683 3064 1752 ipse
3092 1685 3182 1754 qui
3215 1696 3371 1754 erat,
3418 1689 3554 1743 alius
3597 1701 3680 1745 est
3726 1707 3884 1759 quant

2299 1783 2435 1828 erat.
2473 1776 2530 1828 Et
2564 1775 2854 1828 notandum
2880 1775 3021 1843 quod
3044 1775 3485 1844 gloriﬁcationem
3511 1779 3886 1850 Redemptoris

2297 1864 2471 1918 oratio
2520 1866 2817 1932 przecessit,
2870 1865 3004 1934 qui,
3056 1875 3113 1919 ut
3162 1867 3334 1922 Lucas
3367 1869 3479 1934 ait,
3527 1880 3802 1938 propterea
3835 1874 3886 1926 in

599 1939 736 2020 llinc
786 1939 1085 2020 el'Paulus
1127 1979 1248 2018 cum
1290 1963 1526 2018 diceret:
1579 1961 2002 2014 Fundamentum
2050 1961 2192 2013 aliud
2229 1939 2272 1998 Β
2305 1968 2540 2012 montem
2569 1959 2850 2023 ascendit,
2885 1970 2941 2012 ut
2971 1970 3186 2026 oraret;
3238 1969 3500 2030 quatenus
3541 1963 3748 2016 scilicet
3797 1978 3889 2030 per

600 2074 748 2110 nemo
779 2068 942 2126 potest
972 2072 1158 2124 ponere
1187 2066 1374 2124 prwter
1404 2056 1458 2108 id
1491 2055 1630 2124 quod
1661 2055 1877 2123 positum
1908 2063 1983 2107 est
2009 2097 2024 2120 ,
2057 2054 2195 2123 quod

602 2160 676 2204 est
721 2149 955 2203 Christus
992 2149 1147 2203 Jesus
1173 2191 1188 2216 ,
1234 2148 1489 2203 continuo
1531 2147 1793 2217 subjecit:
1847 2149 2196 2215 unusquisque

599 2254 768 2294 autem
800 2242 970 2294 videat
1001 2241 1256 2310 quomodo
1289 2238 1662 2308 supermdiﬁcet
1689 2235 1779 2306 (ll
1812 2235 1930 2290 Cor.
1961 2251 2044 2300 ιιι,
2079 2236 2190 2305 Η).

602 2329 736 2384 Cum
769 2345 896 2398 ergo
925 2329 1126 2383 dictum
1157 2337 1243 2383 est
1269 2346 1281 2381 :
1335 2343 1500 2397 super
1531 2327 1630 2380 hoc
1660 2324 2060 2379 fundamentum
2094 2324 2194 2379 Pe-

597 2427 714 2476 trus
759 2420 1078 2474 aediﬁcando
1124 2419 1378 2489 ponitur,
1429 2417 1681 2470 nimirmn
1733 2416 1907 2469 omnis
1961 2413 2193 2468 Ecclesia

598 2526 762 2577 ευμεν
799 2511 1074 2564 Christum
1123 2507 1484 2564 construenda
1535 2507 1764 2560 locatur.
1797 2505 2032 2559 Jacobus
2065 2521 2193 2559 vero

604 2602 659 2654 in
691 2612 926 2655 nostram
957 2601 1182 2655 vertitur
1237 2600 1469 2668 linguam
1500 2599 1885 2668 supplantator.
1918 2595 2191 2665 Snpplan-

609 2699 750 2744 tator
778 2701 956 2744 autem
989 2689 1258 2759 quorum?
1289 2691 1390 2743 nisi
1421 2688 1706 2752 vitiorum;
1739 2697 1794 2741 et
1829 2702 1928 2740 nos
1959 2697 2103 2740 cvrte
2139 2687 2192 2741 in

605 2782 792 2836 Jacobi
822 2797 1048 2852 persona
1082 2783 1205 2834 vitia
1234 2782 1661 2850 supplantamus,
1694 2795 1814 2833 cum
1842 2779 2194 2847 primogenita

608 2871 864 2924 virtutum
892 2913 908 2936 ,
961 2886 1056 2939 per
1102 2884 1254 2924 sacra
1283 2869 1588 2922 orationum
1637 2867 1812 2921 studia
1841 2866 2192 2921 vindicamus.

607 2964 684 3017 De
712 2961 812 3015 hac
843 2962 1096 3015 vitiorum
1137 2960 1576 3029 supplantatione
1630 2960 1912 3013 Psalmista
1962 2959 2195 3026 loquitur

597 3051 783 3106 dicens
810 3071 822 3105 :
855 3049 1042 3106 Beatus
1066 3051 1154 3120 qui
1184 3052 1388 3116 tenebit,
1423 3059 1470 3104 et
1501 3050 1682 3104 allidet
1711 3050 1953 3120 parvulos
1979 3065 2098 3104 suos
2127 3049 2193 3101 ad

601 3155 795 3216 petram
826 3143 1018 3213 (Psal.
1051 3159 1275 3210 cxxxvr,
1305 3142 1337 3196 9
1367 3146 1405 3212 ).
1451 3141 1688 3198 Joannes
1717 3153 1894 3196 autem
1923 3141 2195 3208 interpre-

601 3243 741 3289 tatur
772 3233 1029 3300 columba,
1065 3251 1159 3302 per
1187 3250 1344 3304 quem
1400 3235 1518 3289 sine
1545 3234 1707 3288 dubio
1736 3233 1809 3287 illi
1843 3233 2142 3300 ﬁgurantur
2167 3271 2182 3298 ,

600 3329 692 3396 qui
725 3328 861 3380 intra
893 3339 1133 3380 sanctam
1185 3326 1485 3380 Ecclesiam
1518 3325 1614 3379 Dei
1661 3335 1715 3380 et
1748 3325 1973 3391 proximi
2006 3337 2190 3376 amore

601 3420 962 3471 ﬂammantur.
997 3417 1100 3471 Per
1127 3418 1430 3471 columbam
1459 3417 1658 3470 etenim
1702 3414 1937 3483 Spiritus
1969 3421 2190 3468 sanctus

600 3511 932 3580 designatur,
965 3511 1057 3580 qui
1090 3511 1264 3564 Patris
1290 3519 1341 3563 et
1369 3508 1486 3561 Filii
1512 3508 1745 3561 charitas
1768 3522 1885 3561 esse
1911 3506 2186 3576 probatur,

600 3611 655 3658 et
696 3603 952 3671 scriptum
985 3611 1105 3656 est:
1151 3602 1390 3656 Charitas
1419 3597 1516 3652 Dei
1545 3598 1735 3665 diffusa
1767 3608 1839 3651 est
1875 3597 1927 3650 in
1955 3597 2193 3650 cordibus

597 3695 786 3749 nostris
834 3710 922 3762 per
972 3692 1232 3762 Spiritum
1294 3700 1529 3746 sanctum
1579 3691 1664 3759 qui
1713 3691 1862 3743 datus
1916 3698 1988 3742 est
2051 3689 2194 3743 nobis

599 3787 782 3861 (Rom.
818 3802 874 3852 v,
903 3787 981 3855 5).
1017 3785 1159 3854 Ergo
1189 3784 1322 3837 ﬁdes
1355 3783 1407 3836 in
1441 3783 1600 3836 l’elro
1620 3824 1633 3848 ,
1664 3782 1907 3849 Operatio
1933 3782 2190 3835 virtutum

604 3875 658 3930 in
680 3873 883 3930 Jacobo
910 3914 926 3940 ,
968 3874 1204 3927 charitas
1234 3887 1361 3925 vero
1394 3874 1448 3925 in
1477 3873 1683 3926 Joanne
1713 3880 2039 3926 monstratur
2066 3888 2195 3941 apo-

605 3967 769 4022 stolo.
822 3964 1182 4032 Quamobrem
1231 3977 1337 4018 non
1384 3963 1822 4018 inconvenienter
1876 3964 1928 4016 lii
1987 3973 2190 4016 tantum

604 4059 765 4114 modo
793 4068 902 4113 tres
933 4057 985 4112 in
1020 4066 1200 4111 monte
1227 4070 1348 4109 cum
1382 4055 1611 4109 Domino
1643 4057 1939 4110 ascendunt
1963 4096 1979 4120 ,
2013 4055 2101 4123 qui
2133 4055 2194 4106 li-

604 4167 790 4219 guram
842 4153 1080 4206 omnium
1131 4161 1438 4206 sanctorum
1472 4151 1524 4204 in
1556 4151 1668 4205 suis
1698 4151 1949 4218 personis
1976 4157 2188 4217 gerunt.

603 4243 710 4299 Sed
735 4241 845 4311 jam
878 4243 1043 4310 ipsius
1066 4242 1312 4298 lectionis
1334 4242 1494 4297 verba
1527 4251 1811 4311 ponentes,
1838 4239 2046 4308 singula
2079 4239 2189 4291 dis-

599 4350 859 4392 seramus.

674 4426 727 4479 4.
758 4427 1042 4496 Assumpsit
1069 4425 1218 4480 Iesus
1258 4425 1471 4479 Petrum
1502 4435 1548 4478 et
1577 4423 1831 4476 Iacobum
1860 4432 1905 4476 et
1936 4421 2190 4477 Jomnem

595 4519 814 4589 fratrem
841 4519 954 4586 ejus
975 4558 990 4584 ,
1035 4527 1080 4571 et
1108 4518 1248 4571 ducit
1277 4516 1398 4571 illos
1427 4518 1478 4569 in
1511 4523 1733 4568 montem
1774 4513 2030 4568 excelsum
2051 4531 2190 4568 seor-

2303 2047 2404 2102 hoc
2438 2048 2632 2104 factum
2662 2049 3013 2117 ostenderet,
3065 2052 3313 2106 omnibus
3343 2051 3432 2122 qui
3462 2053 3527 2106 ad
3567 2053 3683 2120 ejus
3717 2057 3886 2122 perti-

2301 2150 2431 2194 nent
2460 2141 2767 2194 intuendam
2801 2141 3131 2211 majestalem
3183 2143 3550 2196 indesinenter
3582 2158 3702 2198 esse
3733 2160 3889 2197 oran-

2300 2231 2428 2285 dum
2457 2272 2471 2296 ,
2514 2247 2612 2287 nec
2644 2236 2694 2286 in
2738 2234 2857 2286 imis
2886 2276 2900 2299 ,
2947 2234 3042 2288 sed
3076 2234 3128 2287 in
3157 2246 3338 2290 monte
3363 2250 3577 2304 semper
3604 2235 3888 2290 orandum.

2298 2321 2452 2386 Quod
2487 2321 2740 2376 nimirum
2771 2323 2844 2375 illi
2874 2324 3126 2378 continue
3158 2335 3422 2392 possunt,
3467 2327 3555 2393 qui
3587 2325 3749 2379 nullis
3779 2336 3891 2380 ter-

2304 2411 2447 2465 renis
2476 2412 2763 2467 desideriis
2805 2429 2900 2482 per
2941 2414 3336 2470 oblectamenta
3363 2415 3609 2470 vitiorum
3641 2430 3889 2469 succum-

2305 2503 2465 2567 bunt;
2500 2503 2592 2557 sed
2637 2504 2688 2556 in
2722 2519 2954 2571 superna
2999 2519 3183 2560 amore
3212 2505 3394 2574 deﬁxi,
3437 2507 3678 2561 cmlestia
3718 2509 3890 2576 respio

2300 2592 2466 2646 ciant.
2496 2592 2647 2646 Unde
2669 2604 2722 2645 ct
2746 2593 2945 2646 Paulus
2970 2609 3338 2662 pressurarum
3364 2596 3584 2650 vinculis
3607 2597 3888 2666 colligatus

2299 2681 2511 2738 dicebat
2536 2701 2548 2734 :
2585 2681 2779 2736 Nostra
2813 2696 2982 2737 autem
3019 2687 3334 2739 conversatio
3363 2687 3414 2739 in
3445 2686 3584 2740 oculis
3613 2695 3686 2740 est
3717 2685 3888 2756 (Phil.

2304 2789 2382 2838 nt,
2407 2773 2524 2842 ι20).
2557 2775 2710 2839 Quod
2736 2777 2896 2829 etiam
2926 2776 3043 2830 aliis
3067 2775 3128 2830 'in
3154 2778 3285 2832 locis
3307 2781 3557 2847 exemplo
3586 2796 3684 2834 suo
3710 2778 3889 2835 Domi-

2302 2884 2400 2923 nus
2434 2882 2532 2922 nos
2559 2868 2835 2934 admonet,
2865 2871 2955 2938 qui
2984 2884 3104 2924 cum
3133 2867 3334 2924 nullam
3359 2872 3413 2925 in
3438 2872 3525 2926 die
3549 2873 3628 2928 vel
3651 2874 3717 2927 ad
3741 2889 3889 2928 man-

2300 2959 2601 3014 ducaudmn
2633 2960 2866 3027 quietem
2896 2952 3142 3026 haberét,
3173 2963 3223 3015 in
3252 2971 3433 3018 monte
3455 2964 3613 3018 etiam
3640 2965 3890 3033 fatigatus

2303 3053 2684 3122 pernoctabat:
2714 3067 2820 3122 quo
2850 3051 3100 3106 nimirum
3131 3055 3181 3107 in
3212 3054 3353 3109 iacto
3375 3056 3417 3108 si
3443 3056 3656 3110 licentia
3689 3057 3890 3111 trihua-

2303 3153 2409 3212 tur,
2443 3152 2496 3198 et
2525 3143 2639 3210 ipsa
2668 3145 2907 3198 exterior
2935 3144 3170 3199 solitudo
3193 3146 3257 3202 ad
3282 3146 3542 3200 orandum
3571 3147 3886 3214 inquirenda

2305 3236 2548 3304 docetur,
2582 3247 2640 3290 ut
2673 3250 2738 3290 eo
2763 3235 3073 3290 familiarius
3102 3239 3220 3306 quis
3249 3237 3414 3291 Deum
3441 3239 3757 3307 interpellet,
3782 3255 3890 3308 quo

2305 3325 2486 3380 nullus
2515 3325 2658 3378 ltunc
2685 3325 2962 3378 hominum
2992 3326 3251 3379 tumultus
3279 3328 3610 3398 circumegit.
3637 3328 3738 3382 Sed
3763 3329 3889 3397 quid

2299 3429 2399 3469 nos
2433 3415 2614 3469 miseri
2645 3459 2660 3482 ,
2696 3418 2818 3485 quid
2852 3416 2916 3470 ad
2966 3417 3078 3470 haec
3109 3431 3294 3472 smnus
3327 3417 3515 3472 dicturi
3547 3460 3560 3482 ,
3608 3420 3696 3489 qui
3728 3421 3888 3475 innu-

2301 3507 2465 3560 meris
2507 3507 2824 3561 deliCIorum
2870 3508 3202 3576 ponderibus
3249 3513 3494 3578 gravati,
3542 3514 3765 3577 primum
3799 3529 3887 3567 ve-

2300 3599 2552 3665 spertina:
2602 3599 2990 3653 lucubrationis
3039 3611 3248 3668 tempus
3294 3617 3481 3654 somno
3515 3606 3887 3670 prmvenimus.

2301 3691 2354 3746 Si
2392 3692 2532 3744 Deus
2563 3706 2625 3744 ac
2667 3691 2925 3744 Dominus
2968 3700 3152 3744 noster
3189 3694 3303 3745 sine
3336 3705 3551 3759 peccato
3577 3706 3887 3762 conceptus,

2299 3791 2353 3838 ct
2401 3796 2555 3837 natus
2601 3783 2717 3838 sine
2759 3793 2978 3851 peccato
3007 3799 3174 3853 usque
3205 3785 3270 3837 ad
3319 3785 3605 3839 indebitam
3655 3799 3878 3842 mortem

2299 3875 2616 3945 perductus,
2646 3875 2964 3944 quibusdam
2997 3875 3236 3929 noctibus
3267 3893 3483 3943 parvum
3515 3919 3529 3944 ,
3563 3880 3878 3947 quibusdam

2297 3984 2399 4024 nec
2425 3970 2692 4022 modicum
2724 3969 2825 4022 sibi
2858 3970 3125 4022 somnium
3157 3971 3397 4034 indulsit,
3424 3973 3609 4041 sicque
3641 3984 3886 4042 peccato-

2294 4063 2442 4116 ribus
2461 4062 2511 4113 in
2536 4075 2595 4114 se
2616 4059 2862 4128 praebens
2891 4062 3217 4127 exemplum,
3232 4061 3435 4115 crebris
3456 4065 3699 4131 SUspit'iis
3721 4077 3883 4135 atque

2294 4150 2579 4220 gemitibus
2627 4149 2822 4218 saapius
2865 4165 3037 4220 genua
3085 4150 3307 4205 ﬂectens
3335 4191 3348 4215 ,
3401 4153 3585 4222 plenas
3633 4155 3886 4226 lacrymis

2295 4241 2504 4310 vigilias
2531 4241 2706 4298 noctis
2733 4243 2980 4312 peregit,
3015 4253 3263 4311 tanquam
3312 4255 3365 4298 et
3413 4245 3527 4314 ipse
3573 4251 3877 4304 mortalimn

2292 4334 2541 4386 vitiorum
2570 4333 2835 4388 obnoxius
2864 4341 3032 4400 esset,
3090 4345 3146 4389 et
3176 4352 3480 4404 quanquam
3529 4339 3720 4393 mirum
3771 4357 3879 4397 non

2291 4433 2458 4489 esset,
2491 4424 2534 4478 si
2568 4425 2617 4479 id
2647 4435 2830 4494 ageret
2860 4441 2956 4495 pro
2998 4426 3152 4479 nobis
3179 4467 3195 4492 ,
3246 4429 3334 4495 qui
3369 4428 3504 4482 mori
3537 4439 3757 4484 venerat
3788 4447 3882 4500 pro

2291 4515 2464 4570 nobis.
2495 4516 2719 4571 Peccata
2743 4519 2887 4571 enim
2916 4530 3097 4572 ltOSll‘a
3131 4524 3398 4587 portabat,
3435 4532 3484 4573 et
3521 4522 3642 4576 ideo
3668 4525 3876 4578 Patrem

598 4623 715 4661 sum
743 4618 833 4675 ,‘et
861 4609 1259 4678 transﬁguratus
1290 4617 1363 4661 est
1394 4615 1513 4660 ante
1541 4606 1658 4660 illos
1691 4603 1906 4676 (Matth.
1939 4623 2069 4671 xvn,
2106 4605 2182 4673 1).
2215 4640 2268 4700 D
2291 4608 2445 4675 quasi
2491 4617 2739 4675 peccator
2772 4607 3168 4673 interpellabat,
3207 4618 3385 4664 tamen
3415 4613 3718 4680 exemplum
3763 4613 3880 4666 imi-

596 4697 786 4753 Omnis
817 4699 978 4770 igitur
999 4701 1087 4766 qui
1121 4699 1531 4766 transﬁguratur
1554 4739 1571 4765 ,
1619 4698 1671 4752 in
1709 4699 1932 4753 alterum
1962 4699 2183 4771 ﬁguram

597 4799 858 4844 mutatur.
906 4791 1058 4846 Unde
1096 4799 1152 4843 et
1198 4790 1370 4843 Lucas
1401 4791 1502 4843 hoc
1533 4790 1705 4857 ipsum
1737 4792 2042 4860 exprimens
2071 4793 2180 4847 ait:

598 4881 766 4938 Facta
786 4894 879 4950 est,
912 4883 1034 4935 dum
1057 4890 1244 4946 oraret,
1273 4881 1463 4950 species
1492 4884 1658 4936 uultus
1683 4888 1798 4955 ejus
1825 4884 1994 4939 altera
2025 4887 2181 4955 (Luc.

595 4990 674 5044 Ix,
705 4974 822 5044 29).
854 4974 950 5030 Ubi
985 4986 1207 5041 prorsus
1231 4974 1470 5028 cavenda
1517 4985 1601 5029 est
1631 4975 2009 5032 haereticorum
2042 4979 2184 5032 insa-

599 5069 708 5134 nia,
744 5065 834 5136 qui
865 5073 1052 5134 putant
1087 5077 1210 5134 post
1236 5067 1381 5120 diem
1409 5065 1596 5137 judicii
1627 5067 1860 5122 humana
1885 5085 2107 5139 corpora
2133 5071 2183 5124 in

597 5158 820 5214 alteram
853 5173 1012 5228 posse
1037 5160 1281 5214 converti
1323 5171 1587 5213 naturam.
1631 5159 1700 5213 Et
1729 5172 1876 5215 certe
1902 5163 2042 5216 idem
2074 5177 2184 5214 tne-

595 5251 770 5308 diator
797 5251 890 5307 Dei
919 5262 971 5307 et
1002 5252 1280 5307 hominum
1306 5251 1471 5307 homo
1497 5253 1746 5308 Christus
1777 5254 1956 5320 Jesus,
1987 5257 2073 5322 qui
2100 5269 2187 5308 sc-

597 5347 832 5400 cundum
882 5346 1199 5414 Apostolum
1250 5344 1567 5400 reformavit
1617 5361 1816 5414 corpus
1869 5347 2184 5401 humilitatis

595 5447 818 5508 nostrae,
871 5440 1262 5507 conﬁguratum
1312 5438 1526 5509 corpori
1574 5438 1835 5492 claritatis
1866 5454 2017 5504 suae,
2068 5451 2186 5504 post

595 5531 1042 5583 resurrectionem
1069 5544 1218 5582 suam
1243 5529 1295 5583 in
1323 5528 1563 5582 conclavi
1587 5527 1869 5596 discipulis
1895 5544 2178 5598 apparens,

592 5620 753 5678 dicit:
784 5620 1004 5692 Palpate
1028 5662 1043 5688 ,
1085 5633 1130 5675 et
1161 5622 1326 5675 videte
1347 5623 1472 5692 quia
1500 5623 1714 5689 spiritus
1745 5638 1954 5675 carnem
1994 5633 2042 5676 et
2067 5639 2184 5678 ossa

593 5725 696 5765 non
723 5711 906 5778 habet,
959 5713 1092 5767 sicut
1139 5729 1216 5766 me
1243 5714 1422 5766 ridetis
1451 5713 1638 5766 habere
1671 5712 1821 5781 (Luc.
1871 5729 1994 5769 χειν
2018 5759 2032 5784 ,
2065 5715 2180 5787 59).

594 5800 651 5855 ln
683 5803 872 5870 quibus
901 5803 1078 5860 verbis
1101 5843 1117 5870 ,
1161 5804 1286 5873 quid
1315 5804 1460 5860 aliud
1492 5805 1719 5860 dabatur
1752 5808 1979 5879 intelligi
2010 5851 2026 5875 ,
2079 5811 2179 5866 nisi

593 5893 714 5967 quia
742 5901 794 5948 et
816 5896 1030 5952 alterius
1050 5897 1254 5967 gloriir,
1281 5908 1328 5953 et
1361 5913 1466 5952 non
1493 5900 1716 5954 alterius
1744 5909 1954 5957 natura:
1977 5915 2173 5971 corpus

2293 4700 2508 4752 talionis
2538 4699 2591 4752 in
2626 4713 2683 4753 se
2715 4698 2987 4765 praebebat
3015 4743 3029 4764 ,
3061 4716 3165 4768 quo
3205 4700 3535 4755 disceremus
3566 4714 3619 4756 et
3650 4703 3746 4770 ipsi
3783 4705 3880 4758 Pa-

2292 4803 2426 4847 trem
2455 4792 2800 4858 interpellare
2830 4805 2952 4845 cum
2996 4793 3087 4846 illo
3113 4807 3208 4860 pro
3235 4793 3387 4848 nobis
3406 4836 3419 4858 ,
3449 4810 3547 4848 nec
3575 4811 3602 4848 a
3638 4798 3881 4864 precibus

2289 4883 2605 4938 cessandum
2637 4923 2653 4947 ,
2701 4898 2821 4936 cum
2866 4884 3026 4937 etiam
3079 4899 3220 4938 nunc
3269 4901 3434 4954 usque
3462 4927 3477 4951 ,
3527 4886 3668 4940 idem
3715 4887 3878 4941 vultui

2293 4976 2383 5030 Dei
2409 4988 2693 5043 apparens,
2721 4974 3027 5044 interpellat
3055 4990 3151 5044 pro
3178 4975 3348 5030 nobis.
3378 4976 3731 5030 Discutiamus
3752 4994 3880 5048 ergo

2291 5067 2521 5135 torporis
2553 5069 2814 5136 ignaviam
2846 5109 2860 5132 ,
2911 5078 2966 5123 ct
3009 5069 3074 5122 ad
3117 5077 3319 5122 tantum
3354 5069 3724 5139 Redemptoris
3755 5074 3878 5126 imi-

2291 5161 2509 5214 tandum
2541 5162 2849 5226 exemplum
2879 5202 2893 5227 ,
2926 5162 3116 5215 saltem
3164 5163 3292 5216 illud
3337 5179 3434 5218 nos
3464 5177 3735 5236 provocet,
3771 5183 3879 5234 quo

2290 5253 2429 5306 idem
2457 5254 2570 5322 ipse
2592 5253 2772 5319 nullis,
2801 5263 2857 5304 ut
2877 5251 3129 5314 diximus,
3159 5255 3390 5322 propriis
3414 5255 3876 5325 interpellantibus

2291 5344 2453 5410 vitiis,
2486 5343 2799 5398 imminente
2830 5358 2925 5397 sua
2955 5344 3107 5396 beata
3143 5346 3412 5412 passione,
3442 5347 3687 5400 crebrius
3714 5361 3877 5404 orans

2287 5452 2445 5507 atque
2477 5439 2736 5507 prolixius
2761 5479 2774 5503 ,
2812 5439 2885 5494 ita
2931 5438 3160 5492 certavit
3189 5480 3205 5504 ,
3239 5445 3295 5492 ut
3325 5453 3422 5507 pro
3451 5439 3651 5494 sudore
3676 5442 3874 5506 Carnis,

2285 5540 2459 5599 guttas
2493 5529 2782 5599 proﬁueret
2808 5530 3102 5599 sanguinis.
3137 5528 3328 5584 Factus
3359 5541 3452 5598 est,
3496 5533 3663 5602 inquit
3694 5534 3874 5588 Evan-

2284 5622 2494 5690 gelista,
2521 5623 2574 5674 in
2605 5621 2814 5690 agonia,
2843 5630 2890 5672 et
2917 5619 3170 5690 prolixius
3197 5620 3400 5688 orabat,
3421 5632 3467 5675 et
3497 5623 3664 5691 [actus
3682 5634 3756 5678 est
3780 5640 3870 5678 su-

2285 5717 2380 5768 dor
2407 5716 2516 5785 ejus
2545 5715 2677 5766 sicut
2721 5714 2985 5782 sanguinis
3025 5715 3339 5768 decurrentis
3384 5717 3436 5767 in
3478 5727 3664 5769 terram
3712 5715 3870 5786 (Luc.

2284 5821 2427 5870 χχιι,
2456 5803 2570 5872 44).
2603 5805 2679 5860 Nc
2711 5804 2892 5873 igitur,
2923 5807 3113 5859 inertia
3145 5806 3424 5870 suadente,
3461 5807 3874 5878 negligentiores

2283 5913 2406 5966 erga
2437 5911 2616 5951 sacras
2649 5897 2851 5966 vigilias
2879 5907 2932 5951 et
2962 5897 3233 5956 orationes
3253 5897 3567 5965 esistamus,
3605 5899 3739 5966 haec,
3766 5899 3873 5954 ira.
