  <div class='ocr_page' id='page_1' title='image "/cluster/home/n/w/nwhite01/storage/ocr_20150623/89/umn.31951002477382o/670.png"; bbox 0 0 4090 6416; ppageno 0'>
   <div class='ocr_carea' id='block_1_1' title="bbox 297 361 1943 488">
    <p class='ocr_par' dir='ltr' id='par_1_1' title="bbox 297 391 1943 488">
     <span class='ocr_line' id='line_1_1' title="bbox 297 391 1943 488; baseline -0.024 -1"><span class='ocrx_word' id='word_1_1' title='bbox 297 432 436 488; x_wconf 66' lang='grc' dir='ltr'><strong>ιῦἒὶθ</strong></span> <span class='ocrx_word' id='word_1_2' title='bbox 1193 408 1472 465; x_wconf 74' lang='lat' dir='ltr'><strong>IIOMILIA</strong></span> <span class='ocrx_word' id='word_1_3' title='bbox 1518 405 1581 458; x_wconf 76' lang='lat' dir='ltr'><strong>IN</strong></span> <span class='ocrx_word' id='word_1_4' title='bbox 1621 391 1943 456; x_wconf 67' lang='lat' dir='ltr'><strong>TIMNSFK</strong></span> 
     </span>
    </p>
   </div>
   <div class='ocr_carea' id='block_1_2' title="bbox 2048 361 3561 488">
    <p class='ocr_par' dir='ltr' id='par_1_2' title="bbox 2048 361 3561 443">
     <span class='ocr_line' id='line_1_2' title="bbox 2048 361 3561 443; baseline -0.019 0"><span class='ocrx_word' id='word_1_5' title='bbox 2048 385 2324 443; x_wconf 74' lang='lat' dir='ltr'><strong>lATlO&#39;NE</strong></span> <span class='ocrx_word' id='word_1_6' title='bbox 2366 377 2625 438; x_wconf 76' lang='lat' dir='ltr'><strong>DOMINI.</strong></span> <span class='ocrx_word' id='word_1_7' title='bbox 3421 361 3561 416; x_wconf 77' lang='lat' dir='ltr'><strong>l5l0</strong></span> 
     </span>
    </p>
   </div>
   <div class='ocr_carea' id='block_1_3' title="bbox 299 478 3566 604">
    <p class='ocr_par' dir='ltr' id='par_1_3' title="bbox 299 478 3566 604">
     <span class='ocr_line' id='line_1_3' title="bbox 299 478 3566 604; baseline -0.012 -36"><span class='ocrx_word' id='word_1_8' title='bbox 299 561 408 604; x_wconf 48' lang='lat' dir='ltr'><strong>&quot;es</strong></span> <span class='ocrx_word' id='word_1_9' title='bbox 455 538 779 600; x_wconf 53' lang='lat' dir='ltr'><strong>charissim,</strong></span> <span class='ocrx_word' id='word_1_10' title='bbox 824 546 1036 600; x_wconf 59' lang='lat' dir='ltr'><strong>semper</strong></span> <span class='ocrx_word' id='word_1_11' title='bbox 1065 527 1130 582; x_wconf 64' lang='lat' dir='ltr'><strong>ad</strong></span> <span class='ocrx_word' id='word_1_12' title='bbox 1175 525 1488 579; x_wconf 55' lang='lat' dir='ltr'><strong>memoriam</strong></span> <span class='ocrx_word' id='word_1_13' title='bbox 1545 525 1876 572; x_wconf 78' lang='lat' dir='ltr'><strong>revocemus.</strong></span> <span class='ocrx_word' id='word_1_14' title='bbox 1912 503 2134 567; x_wconf 71' lang='lat' dir='ltr'><strong>Acalor</strong></span> <span class='ocrx_word' id='word_1_15' title='bbox 2183 497 2418 553; x_wconf 85' lang='lat' dir='ltr'><strong>lunditus</strong></span> <span class='ocrx_word' id='word_1_16' title='bbox 2466 487 2764 547; x_wconf 78' lang='lat' dir='ltr'><strong>abolendae</strong></span> <span class='ocrx_word' id='word_1_17' title='bbox 2809 489 3160 540; x_wconf 80' lang='lat' dir='ltr'><strong>monstretur.</strong></span> <span class='ocrx_word' id='word_1_18' title='bbox 3193 478 3289 532; x_wconf 84' lang='lat' dir='ltr'><strong>Nix</strong></span> <span class='ocrx_word' id='word_1_19' title='bbox 3337 479 3566 531; x_wconf 87' lang='lat' dir='ltr'><strong>enimet</strong></span> 
     </span>
     <span class='ocr_line' id='line_1_4' title="bbox 1805 567 3566 604; baseline -0.001 0"><span class='ocrx_word' id='word_1_20' title='bbox 1805 603 1812 604; x_wconf 60' lang='lat'><strong><em>,</em></strong></span> <span class='ocrx_word' id='word_1_21' title='bbox 2104 591 2115 604; x_wconf 86' lang='lat'><strong>.</strong></span> <span class='ocrx_word' id='word_1_22' title='bbox 2256 603 2259 604; x_wconf 66' lang='lat'>,</span> <span class='ocrx_word' id='word_1_23' title='bbox 2307 583 2499 604; x_wconf 36' lang='lat'><strong>“2.2---.</strong></span> <span class='ocrx_word' id='word_1_24' title='bbox 2537 580 2692 604; x_wconf 57' lang='lat' dir='ltr'><strong>amt.-.</strong></span> <span class='ocrx_word' id='word_1_25' title='bbox 2750 584 2797 604; x_wconf 61' lang='grc' dir='ltr'><strong>Α·</strong></span> <span class='ocrx_word' id='word_1_26' title='bbox 2828 572 3059 604; x_wconf 66' lang='grc' dir='ltr'><strong>ηηιηιιοηι</strong></span> <span class='ocrx_word' id='word_1_27' title='bbox 3092 567 3310 604; x_wconf 83' lang='lat' dir='ltr'><strong>nmninn</strong></span> <span class='ocrx_word' id='word_1_28' title='bbox 3341 579 3443 604; x_wconf 86' lang='lat' dir='ltr'><strong>nnn</strong></span> <span class='ocrx_word' id='word_1_29' title='bbox 3475 578 3566 604; x_wconf 64' lang='lat' dir='ltr'><strong>re-</strong></span> 
     </span>
    </p>
   </div>
   <div class='ocr_carea' id='block_1_4' title="bbox 1984 567 3566 647">
    <p class='ocr_par' dir='ltr' id='par_1_4' title="bbox 1984 567 3566 647">
     <span class='ocr_line' id='line_1_5' title="bbox 1984 567 3566 647; baseline -0.02 0"><span class='ocrx_word' id='word_1_30' title='bbox 1984 591 2275 647; x_wconf 79' lang='lat' dir='ltr'><strong>candorem</strong></span> <span class='ocrx_word' id='word_1_31' title='bbox 2306 583 2503 639; x_wconf 90' lang='lat' dir='ltr'><strong>nivium</strong></span> <span class='ocrx_word' id='word_1_32' title='bbox 2536 580 2718 644; x_wconf 80' lang='lat' dir='ltr'><strong>habet,</strong></span> <span class='ocrx_word' id='word_1_33' title='bbox 2749 584 2804 630; x_wconf 89' lang='lat' dir='ltr'><strong>et</strong></span> <span class='ocrx_word' id='word_1_34' title='bbox 2827 572 3061 628; x_wconf 88' lang='lat' dir='ltr'><strong>calorem</strong></span> <span class='ocrx_word' id='word_1_35' title='bbox 3092 567 3310 623; x_wconf 85' lang='lat' dir='ltr'><strong>omnino</strong></span> <span class='ocrx_word' id='word_1_36' title='bbox 3340 579 3445 620; x_wconf 91' lang='lat' dir='ltr'><strong>non</strong></span> <span class='ocrx_word' id='word_1_37' title='bbox 3475 578 3566 619; x_wconf 90' lang='lat' dir='ltr'><strong>re-</strong></span> 
     </span>
    </p>
   </div>
   <div class='ocr_carea' id='block_1_5' title="bbox 1985 656 3566 751">
    <p class='ocr_par' dir='ltr' id='par_1_5' title="bbox 1985 656 3566 751">
     <span class='ocr_line' id='line_1_6' title="bbox 1985 656 3566 751; baseline -0.019 -14"><span class='ocrx_word' id='word_1_38' title='bbox 1985 683 2134 751; x_wconf 94' lang='lat' dir='ltr'><strong>cipit.</strong></span> <span class='ocrx_word' id='word_1_39' title='bbox 2185 681 2274 735; x_wconf 85' lang='lat' dir='ltr'><strong>Sic</strong></span> <span class='ocrx_word' id='word_1_40' title='bbox 2322 677 2399 730; x_wconf 92' lang='lat' dir='ltr'><strong>sic</strong></span> <span class='ocrx_word' id='word_1_41' title='bbox 2437 671 2622 728; x_wconf 79' lang='lat' dir='ltr'><strong>electis</strong></span> <span class='ocrx_word' id='word_1_42' title='bbox 2653 670 2766 731; x_wconf 86' lang='lat' dir='ltr'><strong>Dei,</strong></span> <span class='ocrx_word' id='word_1_43' title='bbox 2799 667 2879 722; x_wconf 89' lang='lat' dir='ltr'><strong>sic</strong></span> <span class='ocrx_word' id='word_1_44' title='bbox 2922 661 3242 733; x_wconf 85' lang='lat' dir='ltr'><strong>quandoque</strong></span> <span class='ocrx_word' id='word_1_45' title='bbox 3289 656 3566 724; x_wconf 71' lang='lat' dir='ltr'><strong>continget</strong></span> 
     </span>
    </p>
   </div>
   <div class='ocr_carea' id='block_1_6' title="bbox 1990 747 3569 840">
    <p class='ocr_par' dir='ltr' id='par_1_6' title="bbox 1990 747 3569 840">
     <span class='ocr_line' id='line_1_7' title="bbox 1990 747 3569 840; baseline -0.018 -13"><span class='ocrx_word' id='word_1_46' title='bbox 1990 747 2071 826; x_wconf 82' lang='lat' dir='ltr'><strong>his</strong></span> <span class='ocrx_word' id='word_1_47' title='bbox 2101 771 2191 840; x_wconf 86' lang='lat' dir='ltr'><strong>qui</strong></span> <span class='ocrx_word' id='word_1_48' title='bbox 2241 765 2582 836; x_wconf 89' lang='lat' dir='ltr'><strong>pervenerint</strong></span> <span class='ocrx_word' id='word_1_49' title='bbox 2632 760 2698 813; x_wconf 88' lang='lat' dir='ltr'><strong>ad</strong></span> <span class='ocrx_word' id='word_1_50' title='bbox 2744 758 3046 811; x_wconf 85' lang='lat' dir='ltr'><strong>claritatem</strong></span> <span class='ocrx_word' id='word_1_51' title='bbox 3094 752 3210 818; x_wconf 83' lang='lat' dir='ltr'><strong>Dui,</strong></span> <span class='ocrx_word' id='word_1_52' title='bbox 3243 747 3569 803; x_wconf 87' lang='lat' dir='ltr'><strong>obtinebunt</strong></span> 
     </span>
    </p>
   </div>
   <div class='ocr_carea' id='block_1_7' title="bbox 1991 836 3576 917">
    <p class='ocr_par' dir='ltr' id='par_1_7' title="bbox 1991 836 3576 917">
     <span class='ocr_line' id='line_1_8' title="bbox 1991 836 3576 917; baseline -0.018 0"><span class='ocrx_word' id='word_1_53' title='bbox 1991 859 2267 917; x_wconf 72' lang='lat' dir='ltr'><strong>munditia:</strong></span> <span class='ocrx_word' id='word_1_54' title='bbox 2306 857 2618 916; x_wconf 84' lang='lat' dir='ltr'><strong>candorem,</strong></span> <span class='ocrx_word' id='word_1_55' title='bbox 2655 851 2969 914; x_wconf 87' lang='lat' dir='ltr'><strong>nullumque</strong></span> <span class='ocrx_word' id='word_1_56' title='bbox 3022 843 3254 898; x_wconf 79' lang='lat' dir='ltr'><strong>sentient</strong></span> <span class='ocrx_word' id='word_1_57' title='bbox 3279 836 3576 907; x_wconf 78' lang='lat' dir='ltr'><strong>aliquando</strong></span> 
     </span>
    </p>
   </div>
   <div class='ocr_carea' id='block_1_8' title="bbox 1991 938 3219 1017">
    <p class='ocr_par' dir='ltr' id='par_1_8' title="bbox 1991 938 3219 1017">
     <span class='ocr_line' id='line_1_9' title="bbox 1991 938 3219 1017; baseline -0.016 -7"><span class='ocrx_word' id='word_1_58' title='bbox 1991 955 2058 1010; x_wconf 91' lang='lat' dir='ltr'><strong>de</strong></span> <span class='ocrx_word' id='word_1_59' title='bbox 2085 952 2266 1010; x_wconf 89' lang='lat' dir='ltr'><strong>carnis</strong></span> <span class='ocrx_word' id='word_1_60' title='bbox 2297 948 2638 1017; x_wconf 79' lang='lat' dir='ltr'><strong>corruptione</strong></span> <span class='ocrx_word' id='word_1_61' title='bbox 2665 945 2924 999; x_wconf 87' lang='lat' dir='ltr'><strong>calorem.</strong></span> <span class='ocrx_word' id='word_1_62' title='bbox 2947 938 3219 1008; x_wconf 84' lang='lat' dir='ltr'><strong>Sequitur.</strong></span> 
     </span>
    </p>
   </div>
   <div class='ocr_carea' id='block_1_9' title="bbox 2065 1024 3576 1109">
    <p class='ocr_par' dir='ltr' id='par_1_9' title="bbox 2065 1024 3576 1109">
     <span class='ocr_line' id='line_1_10' title="bbox 2065 1024 3576 1109; baseline -0.016 -9"><span class='ocrx_word' id='word_1_63' title='bbox 2065 1047 2118 1100; x_wconf 93' lang='lat'><strong>9.</strong></span> <span class='ocrx_word' id='word_1_64' title='bbox 2155 1043 2220 1096; x_wconf 82' lang='lat' dir='ltr'><strong>Et</strong></span> <span class='ocrx_word' id='word_1_65' title='bbox 2246 1057 2358 1095; x_wconf 82' lang='lat' dir='ltr'><strong>ecce</strong></span> <span class='ocrx_word' id='word_1_66' title='bbox 2384 1038 2625 1109; x_wconf 81' lang='lat' dir='ltr'><strong>apparuit</strong></span> <span class='ocrx_word' id='word_1_67' title='bbox 2657 1036 2730 1088; x_wconf 82' lang='lat' dir='ltr'><strong>eis</strong></span> <span class='ocrx_word' id='word_1_68' title='bbox 2759 1033 2964 1102; x_wconf 80' lang='lat' dir='ltr'><strong>Moyses</strong></span> <span class='ocrx_word' id='word_1_69' title='bbox 3004 1041 3051 1083; x_wconf 89' lang='lat' dir='ltr'><strong>et</strong></span> <span class='ocrx_word' id='word_1_70' title='bbox 3095 1029 3235 1083; x_wconf 83' lang='lat' dir='ltr'><strong>Elias</strong></span> <span class='ocrx_word' id='word_1_71' title='bbox 3267 1042 3382 1080; x_wconf 84' lang='lat' dir='ltr'><strong>cum</strong></span> <span class='ocrx_word' id='word_1_72' title='bbox 3409 1039 3468 1078; x_wconf 88' lang='lat' dir='ltr'><strong>eo</strong></span> <span class='ocrx_word' id='word_1_73' title='bbox 3497 1024 3576 1078; x_wconf 80' lang='lat' dir='ltr'><strong>lo-</strong></span> 
     </span>
    </p>
   </div>
   <div class='ocr_carea' id='block_1_10' title="bbox 1994 1121 3575 1210">
    <p class='ocr_par' dir='ltr' id='par_1_10' title="bbox 1994 1121 3575 1210">
     <span class='ocr_line' id='line_1_11' title="bbox 1994 1121 3575 1210; baseline -0.016 -17"><span class='ocrx_word' id='word_1_74' title='bbox 1994 1147 2200 1210; x_wconf 82' lang='lat' dir='ltr'><strong>quentes</strong></span> <span class='ocrx_word' id='word_1_75' title='bbox 2222 1132 2434 1204; x_wconf 83' lang='lat' dir='ltr'><strong>(Matth.</strong></span> <span class='ocrx_word' id='word_1_76' title='bbox 2473 1145 2601 1192; x_wconf 87' lang='lat' dir='ltr'><strong>xvu,</strong></span> <span class='ocrx_word' id='word_1_77' title='bbox 2625 1125 2949 1197; x_wconf 68' lang='lat' dir='ltr'><strong>3).Quitlam</strong></span> <span class='ocrx_word' id='word_1_78' title='bbox 2971 1130 3156 1189; x_wconf 88' lang='lat' dir='ltr'><strong>putant</strong></span> <span class='ocrx_word' id='word_1_79' title='bbox 3187 1121 3422 1186; x_wconf 78' lang='lat' dir='ltr'><strong>Moysem</strong></span> <span class='ocrx_word' id='word_1_80' title='bbox 3453 1129 3575 1171; x_wconf 87' lang='lat' dir='ltr'><strong>cum</strong></span> 
     </span>
    </p>
   </div>
   <div class='ocr_carea' id='block_1_11' title="bbox 1997 1211 3580 1289">
    <p class='ocr_par' dir='ltr' id='par_1_11' title="bbox 1997 1211 3580 1289">
     <span class='ocr_line' id='line_1_12' title="bbox 1997 1211 3580 1289; baseline -0.016 -4"><span class='ocrx_word' id='word_1_81' title='bbox 1997 1231 2114 1286; x_wconf 85' lang='lat' dir='ltr'><strong>Elia</strong></span> <span class='ocrx_word' id='word_1_82' title='bbox 2173 1225 2520 1280; x_wconf 79' lang='lat' dir='ltr'><strong>novissimum</strong></span> <span class='ocrx_word' id='word_1_83' title='bbox 2553 1219 2851 1289; x_wconf 57' lang='lat' dir='ltr'><strong>praevenire</strong></span> <span class='ocrx_word' id='word_1_84' title='bbox 2881 1214 3080 1268; x_wconf 82' lang='lat' dir='ltr'><strong>Christi</strong></span> <span class='ocrx_word' id='word_1_85' title='bbox 3129 1211 3442 1272; x_wconf 82' lang='lat' dir='ltr'><strong>adventum,</strong></span> <span class='ocrx_word' id='word_1_86' title='bbox 3480 1219 3580 1275; x_wconf 87' lang='lat' dir='ltr'><strong>pro</strong></span> 
     </span>
    </p>
   </div>
   <div class='ocr_carea' id='block_1_12' title="bbox 1997 1304 3584 1389">
    <p class='ocr_par' dir='ltr' id='par_1_12' title="bbox 1997 1304 3584 1389">
     <span class='ocr_line' id='line_1_13' title="bbox 1997 1304 3584 1389; baseline -0.018 -13"><span class='ocrx_word' id='word_1_87' title='bbox 1997 1337 2065 1378; x_wconf 88' lang='lat' dir='ltr'><strong>eo</strong></span> <span class='ocrx_word' id='word_1_88' title='bbox 2093 1318 2234 1389; x_wconf 90' lang='lat' dir='ltr'><strong>quod</strong></span> <span class='ocrx_word' id='word_1_89' title='bbox 2266 1317 2318 1370; x_wconf 89' lang='lat' dir='ltr'><strong>in</strong></span> <span class='ocrx_word' id='word_1_90' title='bbox 2351 1317 2451 1368; x_wconf 90' lang='lat' dir='ltr'><strong>hac</strong></span> <span class='ocrx_word' id='word_1_91' title='bbox 2482 1312 2597 1381; x_wconf 69' lang='lat' dir='ltr'><strong>(3le</strong></span> <span class='ocrx_word' id='word_1_92' title='bbox 2646 1304 3113 1376; x_wconf 84' lang='lat' dir='ltr'><strong>transliguratione</strong></span> <span class='ocrx_word' id='word_1_93' title='bbox 3153 1311 3377 1367; x_wconf 87' lang='lat' dir='ltr'><strong>uterque</strong></span> <span class='ocrx_word' id='word_1_94' title='bbox 3415 1312 3584 1365; x_wconf 64' lang='lat' dir='ltr'><strong>appao</strong></span> 
     </span>
    </p>
   </div>
   <div class='ocr_carea' id='block_1_13' title="bbox 2000 1393 3577 1470">
    <p class='ocr_par' dir='ltr' id='par_1_13' title="bbox 2000 1393 3577 1470">
     <span class='ocr_line' id='line_1_14' title="bbox 2000 1393 3577 1470; baseline -0.016 0"><span class='ocrx_word' id='word_1_95' title='bbox 2000 1415 2130 1470; x_wconf 86' lang='lat' dir='ltr'><strong>ruit.</strong></span> <span class='ocrx_word' id='word_1_96' title='bbox 2183 1410 2288 1466; x_wconf 87' lang='lat' dir='ltr'><strong>Sed</strong></span> <span class='ocrx_word' id='word_1_97' title='bbox 2335 1407 2424 1462; x_wconf 88' lang='lat' dir='ltr'><strong>alii</strong></span> <span class='ocrx_word' id='word_1_98' title='bbox 2455 1406 2644 1460; x_wconf 85' lang='lat' dir='ltr'><strong>melius</strong></span> <span class='ocrx_word' id='word_1_99' title='bbox 2690 1401 3090 1460; x_wconf 86' lang='lat' dir='ltr'><strong>intellexerunt,</strong></span> <span class='ocrx_word' id='word_1_100' title='bbox 3122 1395 3210 1464; x_wconf 89' lang='lat' dir='ltr'><strong>qui</strong></span> <span class='ocrx_word' id='word_1_101' title='bbox 3247 1393 3430 1447; x_wconf 83' lang='lat' dir='ltr'><strong>Enoch</strong></span> <span class='ocrx_word' id='word_1_102' title='bbox 3457 1407 3577 1445; x_wconf 85' lang='lat' dir='ltr'><strong>cum</strong></span> 
     </span>
    </p>
   </div>
   <div class='ocr_carea' id='block_1_14' title="bbox 2002 1468 3587 1560">
    <p class='ocr_par' dir='ltr' id='par_1_14' title="bbox 2002 1468 3587 1560">
     <span class='ocr_line' id='line_1_15' title="bbox 2002 1468 3587 1560; baseline -0.016 0"><span class='ocrx_word' id='word_1_103' title='bbox 2002 1505 2116 1560; x_wconf 87' lang='lat' dir='ltr'><strong>Elia</strong></span> <span class='ocrx_word' id='word_1_104' title='bbox 2159 1511 2443 1557; x_wconf 89' lang='lat' dir='ltr'><strong>venturum</strong></span> <span class='ocrx_word' id='word_1_105' title='bbox 2493 1496 2764 1557; x_wconf 87' lang='lat' dir='ltr'><strong>dixerunt,</strong></span> <span class='ocrx_word' id='word_1_106' title='bbox 2816 1503 2876 1545; x_wconf 89' lang='lat' dir='ltr'><strong>ut</strong></span> <span class='ocrx_word' id='word_1_107' title='bbox 2926 1490 2998 1545; x_wconf 91' lang='lat' dir='ltr'><strong>illi</strong></span> <span class='ocrx_word' id='word_1_108' title='bbox 3050 1497 3172 1541; x_wconf 89' lang='lat' dir='ltr'><strong>tunc</strong></span> <span class='ocrx_word' id='word_1_109' title='bbox 3228 1499 3324 1550; x_wconf 86' lang='lat' dir='ltr'><strong>pro</strong></span> <span class='ocrx_word' id='word_1_110' title='bbox 3371 1468 3587 1536; x_wconf 72' lang='lat' dir='ltr'><strong>tthristo</strong></span> 
     </span>
    </p>
   </div>
   <div class='ocr_carea' id='block_1_15' title="bbox 2005 1574 3589 1655">
    <p class='ocr_par' dir='ltr' id='par_1_15' title="bbox 2005 1574 3589 1655">
     <span class='ocr_line' id='line_1_16' title="bbox 2005 1574 3589 1655; baseline -0.017 -2"><span class='ocrx_word' id='word_1_111' title='bbox 2005 1595 2249 1653; x_wconf 88' lang='lat' dir='ltr'><strong>morituri</strong></span> <span class='ocrx_word' id='word_1_112' title='bbox 2305 1588 2614 1651; x_wconf 85' lang='lat' dir='ltr'><strong>adveniant,</strong></span> <span class='ocrx_word' id='word_1_113' title='bbox 2642 1587 2730 1655; x_wconf 93' lang='lat' dir='ltr'><strong>qui</strong></span> <span class='ocrx_word' id='word_1_114' title='bbox 2789 1583 3018 1637; x_wconf 78' lang='lat' dir='ltr'><strong>necdum</strong></span> <span class='ocrx_word' id='word_1_115' title='bbox 3074 1581 3126 1634; x_wconf 93' lang='lat' dir='ltr'><strong>in</strong></span> <span class='ocrx_word' id='word_1_116' title='bbox 3179 1591 3348 1632; x_wconf 82' lang='lat' dir='ltr'><strong>carne</strong></span> <span class='ocrx_word' id='word_1_117' title='bbox 3399 1574 3589 1627; x_wconf 82' lang='lat' dir='ltr'><strong>mortis</strong></span> 
     </span>
    </p>
   </div>
   <div class='ocr_carea' id='block_1_16' title="bbox 322 1667 3588 1782">
    <p class='ocr_par' dir='ltr' id='par_1_16' title="bbox 322 1667 3588 1782">
     <span class='ocr_line' id='line_1_17' title="bbox 322 1667 1781 1696; baseline -0.016 -5"><span class='ocrx_word' id='word_1_118' title='bbox 322 1667 552 1692; x_wconf 62' lang='grc' dir='ltr'><strong>υκιιιιαιι</strong></span> <span class='ocrx_word' id='word_1_119' title='bbox 609 1667 979 1696; x_wconf 72' lang='grc' dir='ltr'><strong>ιυιιιγυι-ι--υ---</strong></span> <span class='ocrx_word' id='word_1_120' title='bbox 1039 1667 1128 1671; x_wconf 65' lang='lat'><strong>-—~——</strong></span> <span class='ocrx_word' id='word_1_121' title='bbox 1176 1667 1183 1668; x_wconf 44' lang='grc' dir='ltr'><em>κ</em></span> <span class='ocrx_word' id='word_1_122' title='bbox 1303 1667 1315 1681; x_wconf 83' lang='grc'><em>,</em></span> <span class='ocrx_word' id='word_1_123' title='bbox 1688 1667 1691 1668; x_wconf 38' lang='grc' dir='ltr'><em>ν</em></span> <span class='ocrx_word' id='word_1_124' title='bbox 1778 1667 1781 1668; x_wconf 67' lang='lat'>,</span> 
     </span>
     <span class='ocr_line' id='line_1_18' title="bbox 322 1667 3588 1782; baseline -0.023 1"><span class='ocrx_word' id='word_1_125' title='bbox 322 1727 474 1782; x_wconf 84' lang='lat' dir='ltr'><strong>nefas</strong></span> <span class='ocrx_word' id='word_1_126' title='bbox 514 1732 601 1777; x_wconf 89' lang='lat' dir='ltr'><strong>est</strong></span> <span class='ocrx_word' id='word_1_127' title='bbox 653 1719 857 1778; x_wconf 87' lang='lat' dir='ltr'><strong>dicere,</strong></span> <span class='ocrx_word' id='word_1_128' title='bbox 908 1713 960 1765; x_wconf 91' lang='lat' dir='ltr'><strong>iu</strong></span> <span class='ocrx_word' id='word_1_129' title='bbox 1011 1721 1177 1778; x_wconf 88' lang='lat' dir='ltr'><strong>regno</strong></span> <span class='ocrx_word' id='word_1_130' title='bbox 1207 1701 1383 1756; x_wconf 84' lang='lat' dir='ltr'><strong>Patris</strong></span> <span class='ocrx_word' id='word_1_131' title='bbox 1424 1696 1554 1768; x_wconf 89' lang='lat' dir='ltr'><strong>justi</strong></span> <span class='ocrx_word' id='word_1_132' title='bbox 1604 1691 1898 1747; x_wconf 79' lang='lat' dir='ltr'><strong>claritatem</strong></span> <span class='ocrx_word' id='word_1_133' title='bbox 2007 1688 2242 1743; x_wconf 90' lang='lat' dir='ltr'><strong>debitum</strong></span> <span class='ocrx_word' id='word_1_134' title='bbox 2273 1682 2639 1739; x_wconf 87' lang='lat' dir='ltr'><strong>exsolverunt.</strong></span> <span class='ocrx_word' id='word_1_135' title='bbox 2673 1678 2821 1733; x_wconf 89' lang='lat' dir='ltr'><strong>Sicut</strong></span> <span class='ocrx_word' id='word_1_136' title='bbox 2863 1673 3068 1738; x_wconf 83' lang='lat' dir='ltr'><strong>Enoch,</strong></span> <span class='ocrx_word' id='word_1_137' title='bbox 3101 1669 3214 1739; x_wconf 88' lang='lat' dir='ltr'><strong>qui,</strong></span> <span class='ocrx_word' id='word_1_138' title='bbox 3251 1675 3309 1720; x_wconf 89' lang='lat' dir='ltr'><strong>ut</strong></span> <span class='ocrx_word' id='word_1_139' title='bbox 3353 1667 3588 1733; x_wconf 68' lang='lat' dir='ltr'><strong>Aposto-</strong></span> 
     </span>
     <span class='ocr_line' id='line_1_19' title="bbox 1880 1757 3588 1782; baseline -0.013 20"><span class='ocrx_word' id='word_1_140' title='bbox 1880 1779 1896 1782; x_wconf 71' lang='lat'><em>‘</em></span> <span class='ocrx_word' id='word_1_141' title='bbox 2013 1781 2019 1782; x_wconf 45' lang='grc' dir='ltr'>ί</span> <span class='ocrx_word' id='word_1_142' title='bbox 2146 1777 2159 1782; x_wconf 64' lang='grc'><strong>⁸</strong></span> <span class='ocrx_word' id='word_1_143' title='bbox 2513 1771 2525 1782; x_wconf 89' lang='grc'><strong><em>“</em></strong></span> <span class='ocrx_word' id='word_1_144' title='bbox 2568 1777 2579 1782; x_wconf 78' lang='lat'><strong><em>-</em></strong></span> <span class='ocrx_word' id='word_1_145' title='bbox 2766 1777 2778 1782; x_wconf 85' lang='lat'><strong><em>-</em></strong></span> <span class='ocrx_word' id='word_1_146' title='bbox 2906 1781 2915 1782; x_wconf 37' lang='grc' dir='ltr'><em>κ</em></span> <span class='ocrx_word' id='word_1_147' title='bbox 2983 1770 3204 1782; x_wconf 60' lang='lat'><strong>----_..__..</strong></span> <span class='ocrx_word' id='word_1_148' title='bbox 3263 1757 3461 1782; x_wconf 58' lang='grc' dir='ltr'><strong>..ῑιιηιιιι</strong></span> <span class='ocrx_word' id='word_1_149' title='bbox 3539 1761 3588 1782; x_wconf 61' lang='grc' dir='ltr'><strong>,ιι</strong></span> 
     </span>
    </p>
   </div>
   <div class='ocr_carea' id='block_1_17' title="bbox 322 1757 3594 1881">
    <p class='ocr_par' dir='ltr' id='par_1_17' title="bbox 322 1757 3594 1881">
     <span class='ocr_line' id='line_1_20' title="bbox 322 1757 1444 1782; baseline -0.027 0"><span class='ocrx_word' id='word_1_150' title='bbox 322 1757 474 1782; x_wconf 68' lang='lat' dir='ltr'><strong>uolua</strong></span> <span class='ocrx_word' id='word_1_151' title='bbox 514 1757 601 1777; x_wconf 70' lang='lat' dir='ltr'><strong>ca.</strong></span> <span class='ocrx_word' id='word_1_152' title='bbox 653 1757 857 1778; x_wconf 69' lang='grc' dir='ltr'><strong>υιυην,</strong></span> <span class='ocrx_word' id='word_1_153' title='bbox 909 1757 960 1765; x_wconf 87' lang='grc'><strong>..-</strong></span> <span class='ocrx_word' id='word_1_154' title='bbox 1011 1757 1163 1778; x_wconf 18' lang='grc' dir='ltr'>--σξη</span> <span class='ocrx_word' id='word_1_155' title='bbox 1424 1757 1444 1768; x_wconf 76' lang='lat'>_</span> 
     </span>
     <span class='ocr_line' id='line_1_21' title="bbox 322 1757 3594 1881; baseline -0.023 -5"><span class='ocrx_word' id='word_1_156' title='bbox 322 1820 616 1878; x_wconf 86' lang='lat' dir='ltr'><strong>habebunt,</strong></span> <span class='ocrx_word' id='word_1_157' title='bbox 648 1817 898 1881; x_wconf 85' lang='lat' dir='ltr'><strong>quantam</strong></span> <span class='ocrx_word' id='word_1_158' title='bbox 947 1804 1106 1856; x_wconf 82' lang='lat' dir='ltr'><strong>habet</strong></span> <span class='ocrx_word' id='word_1_159' title='bbox 1154 1800 1198 1853; x_wconf 88' lang='lat' dir='ltr'><strong>is</strong></span> <span class='ocrx_word' id='word_1_160' title='bbox 1250 1795 1339 1864; x_wconf 90' lang='lat' dir='ltr'><strong>qui</strong></span> <span class='ocrx_word' id='word_1_161' title='bbox 1387 1791 1509 1846; x_wconf 87' lang='lat' dir='ltr'><strong>illos</strong></span> <span class='ocrx_word' id='word_1_162' title='bbox 1550 1779 1900 1856; x_wconf 78' lang='lat' dir='ltr'><strong>justilicavit?</strong></span> <span class='ocrx_word' id='word_1_163' title='bbox 1942 1857 1980 1881; x_wconf 54' lang='grc' dir='ltr'><strong>Β</strong></span> <span class='ocrx_word' id='word_1_164' title='bbox 2011 1781 2092 1834; x_wconf 91' lang='lat' dir='ltr'><strong>lus</strong></span> <span class='ocrx_word' id='word_1_165' title='bbox 2129 1777 2305 1840; x_wconf 87' lang='lat' dir='ltr'><strong>docet,</strong></span> <span class='ocrx_word' id='word_1_166' title='bbox 2360 1771 2652 1827; x_wconf 84' lang='lat' dir='ltr'><strong>translatus</strong></span> <span class='ocrx_word' id='word_1_167' title='bbox 2700 1777 2805 1831; x_wconf 84' lang='lat' dir='ltr'><strong>est,</strong></span> <span class='ocrx_word' id='word_1_168' title='bbox 2857 1781 2926 1819; x_wconf 91' lang='lat' dir='ltr'><strong>ne</strong></span> <span class='ocrx_word' id='word_1_169' title='bbox 2982 1770 3208 1816; x_wconf 74' lang='lat' dir='ltr'><strong>mortem</strong></span> <span class='ocrx_word' id='word_1_170' title='bbox 3263 1757 3487 1819; x_wconf 80' lang='lat' dir='ltr'><strong>videt-et,</strong></span> <span class='ocrx_word' id='word_1_171' title='bbox 3539 1761 3594 1807; x_wconf 82' lang='lat' dir='ltr'><strong>et</strong></span> 
     </span>
     <span class='ocr_line' id='line_1_22' title="bbox 2017 1852 3594 1881; baseline -0.007 0"><span class='ocrx_word' id='word_1_172' title='bbox 2017 1870 2092 1881; x_wconf 80' lang='lat'><strong>-...</strong></span> <span class='ocrx_word' id='word_1_173' title='bbox 2237 1868 2252 1881; x_wconf 85' lang='lat'><strong>.</strong></span> <span class='ocrx_word' id='word_1_174' title='bbox 2371 1865 2382 1881; x_wconf 87' lang='lat'><strong>.</strong></span> <span class='ocrx_word' id='word_1_175' title='bbox 2441 1879 2470 1881; x_wconf 31' lang='grc' dir='ltr'><em>Α</em></span> <span class='ocrx_word' id='word_1_176' title='bbox 2535 1863 2763 1881; x_wconf 67' lang='lat'><strong>_.-__-.__-</strong></span> <span class='ocrx_word' id='word_1_177' title='bbox 2818 1865 2872 1881; x_wconf 87' lang='lat'><strong>...</strong></span> <span class='ocrx_word' id='word_1_178' title='bbox 2925 1857 2977 1881; x_wconf 72' lang='grc' dir='ltr'><strong>ε..</strong></span> <span class='ocrx_word' id='word_1_179' title='bbox 3022 1852 3250 1881; x_wconf 69' lang='grc' dir='ltr'><strong>-..ηΑηηι</strong></span> <span class='ocrx_word' id='word_1_180' title='bbox 3297 1859 3452 1881; x_wconf 55' lang='lat' dir='ltr'><strong>mp...“</strong></span> <span class='ocrx_word' id='word_1_181' title='bbox 3510 1860 3594 1881; x_wconf 58' lang='grc' dir='ltr'><strong>..η-</strong></span> 
     </span>
    </p>
   </div>
   <div class='ocr_carea' id='block_1_18' title="bbox 323 1852 3595 1982">
    <p class='ocr_par' dir='ltr' id='par_1_18' title="bbox 323 1852 3595 1982">
     <span class='ocr_line' id='line_1_23' title="bbox 323 1852 1564 1881; baseline -0.025 -5"><span class='ocrx_word' id='word_1_182' title='bbox 323 1852 616 1878; x_wconf 74' lang='grc' dir='ltr'><strong>ιιιιυῡυυιη,</strong></span> <span class='ocrx_word' id='word_1_183' title='bbox 648 1852 898 1881; x_wconf 63' lang='lat' dir='ltr'><strong>clum&quot;-..-</strong></span> <span class='ocrx_word' id='word_1_184' title='bbox 949 1852 1102 1856; x_wconf 46' lang='lat'><strong>--__--</strong></span> <span class='ocrx_word' id='word_1_185' title='bbox 1157 1852 1162 1853; x_wconf 33' lang='grc' dir='ltr'><em>γ</em></span> <span class='ocrx_word' id='word_1_186' title='bbox 1269 1852 1282 1864; x_wconf 87' lang='lat'>_</span> <span class='ocrx_word' id='word_1_187' title='bbox 1551 1852 1564 1856; x_wconf 39' lang='grc' dir='ltr'><strong>ν</strong></span> 
     </span>
     <span class='ocr_line' id='line_1_24' title="bbox 323 1852 3595 1982; baseline -0.022 -17"><span class='ocrx_word' id='word_1_188' title='bbox 323 1911 442 1982; x_wconf 88' lang='lat' dir='ltr'><strong>quis</strong></span> <span class='ocrx_word' id='word_1_189' title='bbox 473 1910 574 1962; x_wconf 92' lang='lat' dir='ltr'><strong>hoc</strong></span> <span class='ocrx_word' id='word_1_190' title='bbox 625 1904 722 1958; x_wconf 90' lang='lat' dir='ltr'><strong>nisi</strong></span> <span class='ocrx_word' id='word_1_191' title='bbox 776 1897 1058 1952; x_wconf 67' lang='lat' dir='ltr'><strong>haereticus</strong></span> <span class='ocrx_word' id='word_1_192' title='bbox 1107 1887 1342 1945; x_wconf 78' lang='lat' dir='ltr'><strong>dixerit?</strong></span> <span class='ocrx_word' id='word_1_193' title='bbox 1385 1882 1528 1952; x_wconf 89' lang='lat' dir='ltr'><strong>quod</strong></span> <span class='ocrx_word' id='word_1_194' title='bbox 1581 1884 1810 1947; x_wconf 83' lang='lat' dir='ltr'><strong>quatuor</strong></span> <span class='ocrx_word' id='word_1_195' title='bbox 1839 1887 1904 1925; x_wconf 85' lang='lat' dir='ltr'><strong>ex</strong></span> <span class='ocrx_word' id='word_1_196' title='bbox 1942 1857 1980 1912; x_wconf 77' lang='grc' dir='ltr'>Β</span> <span class='ocrx_word' id='word_1_197' title='bbox 2016 1870 2158 1924; x_wconf 86' lang='lat' dir='ltr'><strong>Elias</strong></span> <span class='ocrx_word' id='word_1_198' title='bbox 2189 1868 2254 1921; x_wconf 90' lang='lat' dir='ltr'><strong>ad</strong></span> <span class='ocrx_word' id='word_1_199' title='bbox 2284 1865 2477 1921; x_wconf 73' lang='lat' dir='ltr'><strong>crrlum</strong></span> <span class='ocrx_word' id='word_1_200' title='bbox 2526 1863 2786 1926; x_wconf 82' lang='lat' dir='ltr'><strong>elevatus,</strong></span> <span class='ocrx_word' id='word_1_201' title='bbox 2818 1865 2877 1910; x_wconf 92' lang='lat' dir='ltr'><strong>ut</strong></span> <span class='ocrx_word' id='word_1_202' title='bbox 2925 1857 2979 1908; x_wconf 92' lang='lat' dir='ltr'><strong>in</strong></span> <span class='ocrx_word' id='word_1_203' title='bbox 3020 1852 3253 1923; x_wconf 83' lang='lat' dir='ltr'><strong>quadam</strong></span> <span class='ocrx_word' id='word_1_204' title='bbox 3297 1859 3453 1901; x_wconf 74' lang='lat' dir='ltr'><strong>terra:</strong></span> <span class='ocrx_word' id='word_1_205' title='bbox 3510 1860 3595 1898; x_wconf 69' lang='lat' dir='ltr'><strong>re-</strong></span> 
     </span>
     <span class='ocr_line' id='line_1_25' title="bbox 1190 1940 3594 1982; baseline -0.025 47"><span class='ocrx_word' id='word_1_206' title='bbox 1190 1981 1197 1982; x_wconf 53' lang='grc'><strong>“</strong></span> <span class='ocrx_word' id='word_1_207' title='bbox 1227 1981 1231 1982; x_wconf 63' lang='grc'><strong><em>⁷</em></strong></span> <span class='ocrx_word' id='word_1_208' title='bbox 1609 1979 1617 1982; x_wconf 81' lang='grc'><strong>’</strong></span> <span class='ocrx_word' id='word_1_209' title='bbox 1737 1964 1752 1982; x_wconf 91' lang='lat'><strong><em>‘</em></strong></span> <span class='ocrx_word' id='word_1_210' title='bbox 1796 1964 1900 1982; x_wconf 43' lang='grc' dir='ltr'><strong>Μ’-</strong></span> <span class='ocrx_word' id='word_1_211' title='bbox 2203 1961 2324 1982; x_wconf 56' lang='grc' dir='ltr'><strong>εηιλ</strong></span> <span class='ocrx_word' id='word_1_212' title='bbox 2373 1956 2686 1982; x_wconf 37' lang='grc' dir='ltr'><strong>η--ιι-ν-ιοιι--ογ</strong></span> <span class='ocrx_word' id='word_1_213' title='bbox 2727 1964 2895 1982; x_wconf 58' lang='lat' dir='ltr'><strong>nam...</strong></span> <span class='ocrx_word' id='word_1_214' title='bbox 2932 1949 2994 1982; x_wconf 71' lang='grc' dir='ltr'><strong>..Α</strong></span> <span class='ocrx_word' id='word_1_215' title='bbox 3030 1945 3152 1982; x_wconf 77' lang='lat' dir='ltr'><strong>illml</strong></span> <span class='ocrx_word' id='word_1_216' title='bbox 3202 1954 3408 1982; x_wconf 61' lang='grc' dir='ltr'><strong>ιρηηη...</strong></span> <span class='ocrx_word' id='word_1_217' title='bbox 3441 1940 3594 1982; x_wconf 52' lang='grc' dir='ltr'><strong>πίνης</strong></span> 
     </span>
    </p>
   </div>
   <div class='ocr_carea' id='block_1_19' title="bbox 328 1940 3594 2057">
    <p class='ocr_par' dir='ltr' id='par_1_19' title="bbox 328 1940 3594 2057">
     <span class='ocr_line' id='line_1_26' title="bbox 328 1940 1614 1982; baseline -0.026 -17"><span class='ocrx_word' id='word_1_218' title='bbox 328 1940 442 1982; x_wconf 71' lang='grc' dir='ltr'><strong>ιιιιιδ</strong></span> <span class='ocrx_word' id='word_1_219' title='bbox 473 1940 574 1962; x_wconf 65' lang='lat' dir='ltr'><strong>&quot;Ub</strong></span> <span class='ocrx_word' id='word_1_220' title='bbox 625 1940 722 1958; x_wconf 68' lang='lat' dir='ltr'><strong>Illae</strong></span> <span class='ocrx_word' id='word_1_221' title='bbox 776 1940 1054 1952; x_wconf 65' lang='grc' dir='ltr'><strong>ιιυυ-υ--υ-ν</strong></span> <span class='ocrx_word' id='word_1_222' title='bbox 1112 1940 1248 1945; x_wconf 56' lang='lat'><strong>.__,-_,</strong></span> <span class='ocrx_word' id='word_1_223' title='bbox 1403 1940 1419 1952; x_wconf 62' lang='lat'><em>.</em></span> <span class='ocrx_word' id='word_1_224' title='bbox 1600 1940 1614 1947; x_wconf 77' lang='lat'>_</span> 
     </span>
     <span class='ocr_line' id='line_1_27' title="bbox 328 1940 3594 2057; baseline -0.021 0"><span class='ocrx_word' id='word_1_225' title='bbox 328 2000 504 2057; x_wconf 83' lang='lat' dir='ltr'><strong>causis</strong></span> <span class='ocrx_word' id='word_1_226' title='bbox 549 1996 746 2050; x_wconf 80' lang='lat' dir='ltr'><strong>factum</strong></span> <span class='ocrx_word' id='word_1_227' title='bbox 781 1991 944 2044; x_wconf 84' lang='lat' dir='ltr'><strong>luisse</strong></span> <span class='ocrx_word' id='word_1_228' title='bbox 993 1983 1123 2038; x_wconf 87' lang='lat' dir='ltr'><strong>mihi</strong></span> <span class='ocrx_word' id='word_1_229' title='bbox 1151 1981 1381 2041; x_wconf 87' lang='lat' dir='ltr'><strong>videtur,</strong></span> <span class='ocrx_word' id='word_1_230' title='bbox 1415 1972 1624 2029; x_wconf 86' lang='lat' dir='ltr'><strong>scilicet</strong></span> <span class='ocrx_word' id='word_1_231' title='bbox 1670 1964 1755 2021; x_wconf 82' lang='lat' dir='ltr'><strong>vel</strong></span> <span class='ocrx_word' id='word_1_232' title='bbox 1785 1964 1910 2034; x_wconf 81' lang='lat' dir='ltr'><strong>quia</strong></span> <span class='ocrx_word' id='word_1_233' title='bbox 2016 1965 2174 2031; x_wconf 82' lang='lat' dir='ltr'><strong>giono</strong></span> <span class='ocrx_word' id='word_1_234' title='bbox 2203 1961 2326 2014; x_wconf 89' lang='lat' dir='ltr'><strong>inde</strong></span> <span class='ocrx_word' id='word_1_235' title='bbox 2372 1956 2694 2019; x_wconf 66' lang='lat' dir='ltr'><strong>submissus,</strong></span> <span class='ocrx_word' id='word_1_236' title='bbox 2727 1964 2895 2020; x_wconf 83' lang='lat' dir='ltr'><strong>usque</strong></span> <span class='ocrx_word' id='word_1_237' title='bbox 2931 1949 2996 2001; x_wconf 84' lang='lat' dir='ltr'><strong>ad</strong></span> <span class='ocrx_word' id='word_1_238' title='bbox 3030 1945 3155 1999; x_wconf 87' lang='lat' dir='ltr'><strong>illud</strong></span> <span class='ocrx_word' id='word_1_239' title='bbox 3202 1954 3408 2010; x_wconf 78' lang='lat' dir='ltr'><strong>tempus</strong></span> <span class='ocrx_word' id='word_1_240' title='bbox 3441 1940 3594 1992; x_wconf 79' lang='lat' dir='ltr'><strong>vivus</strong></span> 
     </span>
     <span class='ocr_line' id='line_1_28' title="bbox 1838 2033 3594 2057; baseline -0.026 44"><span class='ocrx_word' id='word_1_241' title='bbox 1838 2055 1844 2057; x_wconf 39' lang='grc'><strong><em>⁴</em></strong></span> <span class='ocrx_word' id='word_1_242' title='bbox 2431 2047 2473 2057; x_wconf 84' lang='grc'><strong>“⁹</strong></span> <span class='ocrx_word' id='word_1_243' title='bbox 2756 2044 2768 2055; x_wconf 89' lang='grc'>·</span> <span class='ocrx_word' id='word_1_244' title='bbox 2957 2049 3158 2057; x_wconf 43' lang='grc' dir='ltr'><strong>κ-ι---ι</strong></span> <span class='ocrx_word' id='word_1_245' title='bbox 3218 2033 3422 2057; x_wconf 61' lang='grc' dir='ltr'><strong>ειη-...μ</strong></span> <span class='ocrx_word' id='word_1_246' title='bbox 3474 2043 3594 2057; x_wconf 67' lang='grc' dir='ltr'><strong>...πη</strong></span> 
     </span>
    </p>
   </div>
   <div class='ocr_carea' id='block_1_20' title="bbox 330 2033 3598 2146">
    <p class='ocr_par' dir='ltr' id='par_1_20' title="bbox 330 2033 3598 2146">
     <span class='ocr_line' id='line_1_29' title="bbox 330 2033 1380 2057; baseline -0.029 0"><span class='ocrx_word' id='word_1_247' title='bbox 330 2033 504 2057; x_wconf 66' lang='grc' dir='ltr'><strong>ιυυοιυ</strong></span> <span class='ocrx_word' id='word_1_248' title='bbox 549 2033 746 2050; x_wconf 73' lang='grc' dir='ltr'>ιιιυιιιιιι</span> <span class='ocrx_word' id='word_1_249' title='bbox 781 2033 944 2044; x_wconf 65' lang='grc' dir='ltr'><strong>..ι-νυν</strong></span> <span class='ocrx_word' id='word_1_250' title='bbox 995 2033 1121 2038; x_wconf 78' lang='lat'><strong>-----_-</strong></span> <span class='ocrx_word' id='word_1_251' title='bbox 1369 2033 1380 2041; x_wconf 58' lang='lat'><em>&#39;</em></span> 
     </span>
     <span class='ocr_line' id='line_1_30' title="bbox 330 2033 3598 2146; baseline -0.028 0"><span class='ocrx_word' id='word_1_252' title='bbox 330 2095 506 2146; x_wconf 87' lang='lat' dir='ltr'><strong>adhuc</strong></span> <span class='ocrx_word' id='word_1_253' title='bbox 538 2084 780 2142; x_wconf 90' lang='lat' dir='ltr'><strong>mortalis</strong></span> <span class='ocrx_word' id='word_1_254' title='bbox 813 2091 951 2143; x_wconf 90' lang='lat' dir='ltr'><strong>erat,</strong></span> <span class='ocrx_word' id='word_1_255' title='bbox 983 2084 1038 2129; x_wconf 89' lang='lat' dir='ltr'><strong>et</strong></span> <span class='ocrx_word' id='word_1_256' title='bbox 1082 2074 1196 2141; x_wconf 89' lang='lat' dir='ltr'><strong>ipsa</strong></span> <span class='ocrx_word' id='word_1_257' title='bbox 1237 2064 1414 2122; x_wconf 88' lang='lat' dir='ltr'><strong>carnis</strong></span> <span class='ocrx_word' id='word_1_258' title='bbox 1465 2057 1763 2116; x_wconf 83' lang='lat' dir='ltr'><strong>mortalitas</strong></span> <span class='ocrx_word' id='word_1_259' title='bbox 1801 2055 1913 2108; x_wconf 91' lang='lat' dir='ltr'><strong>cla-</strong></span> <span class='ocrx_word' id='word_1_260' title='bbox 2017 2062 2378 2124; x_wconf 56' lang='lat' dir='ltr'><strong>permaneret,</strong></span> <span class='ocrx_word' id='word_1_261' title='bbox 2431 2047 2614 2115; x_wconf 70' lang='lat' dir='ltr'><strong>Neque</strong></span> <span class='ocrx_word' id='word_1_262' title='bbox 2683 2044 2826 2099; x_wconf 66' lang='lat' dir='ltr'><strong>enim</strong></span> <span class='ocrx_word' id='word_1_263' title='bbox 2885 2049 3163 2109; x_wconf 53' lang='lat' dir='ltr'><strong>promer“</strong></span> <span class='ocrx_word' id='word_1_264' title='bbox 3218 2033 3424 2101; x_wconf 59' lang='lat' dir='ltr'><strong>Moyses</strong></span> <span class='ocrx_word' id='word_1_265' title='bbox 3472 2043 3598 2081; x_wconf 69' lang='lat' dir='ltr'><strong>cum</strong></span> 
     </span>
     <span class='ocr_line' id='line_1_31' title="bbox 2274 2121 3574 2146; baseline -0.028 32"><span class='ocrx_word' id='word_1_266' title='bbox 2274 2144 2305 2146; x_wconf 28' lang='lat' dir='ltr'><strong>ii</strong></span> <span class='ocrx_word' id='word_1_267' title='bbox 2403 2142 2414 2146; x_wconf 81' lang='grc'><strong>’</strong></span> <span class='ocrx_word' id='word_1_268' title='bbox 2632 2139 2643 2146; x_wconf 91' lang='grc'><strong>·</strong></span> <span class='ocrx_word' id='word_1_269' title='bbox 2988 2133 3021 2146; x_wconf 69' lang='grc' dir='ltr'><strong><em>ἰ</em></strong></span> <span class='ocrx_word' id='word_1_270' title='bbox 3100 2137 3148 2146; x_wconf 40' lang='grc' dir='ltr'><strong>γλ·</strong></span> <span class='ocrx_word' id='word_1_271' title='bbox 3187 2141 3296 2146; x_wconf 49' lang='grc' dir='ltr'><strong><em>---ω</em></strong></span> <span class='ocrx_word' id='word_1_272' title='bbox 3356 2121 3447 2146; x_wconf 71' lang='grc' dir='ltr'><strong>ιιι..</strong></span> <span class='ocrx_word' id='word_1_273' title='bbox 3482 2134 3574 2146; x_wconf 61' lang='grc' dir='ltr'><strong>-..ο</strong></span> 
     </span>
    </p>
   </div>
   <div class='ocr_carea' id='block_1_21' title="bbox 332 2121 3602 2238">
    <p class='ocr_par' dir='ltr' id='par_1_21' title="bbox 332 2121 3602 2238">
     <span class='ocr_line' id='line_1_32' title="bbox 332 2121 2033 2146; baseline -0.026 3"><span class='ocrx_word' id='word_1_274' title='bbox 332 2121 506 2146; x_wconf 67' lang='lat' dir='ltr'><strong>iltllluu</strong></span> <span class='ocrx_word' id='word_1_275' title='bbox 538 2121 644 2142; x_wconf 82' lang='lat' dir='ltr'><strong>IIIUI</strong></span> <span class='ocrx_word' id='word_1_276' title='bbox 662 2121 780 2138; x_wconf 68' lang='lat' dir='ltr'><strong>Iullo</strong></span> <span class='ocrx_word' id='word_1_277' title='bbox 814 2121 951 2143; x_wconf 72' lang='lat' dir='ltr'><strong>Vlu-,</strong></span> <span class='ocrx_word' id='word_1_278' title='bbox 985 2121 1037 2129; x_wconf 73' lang='grc' dir='ltr'><strong>νν</strong></span> <span class='ocrx_word' id='word_1_279' title='bbox 1084 2121 1195 2141; x_wconf 36' lang='lat' dir='ltr'><strong>-r_w</strong></span> <span class='ocrx_word' id='word_1_280' title='bbox 1248 2121 1260 2122; x_wconf 38' lang='grc' dir='ltr'><em>γ</em></span> <span class='ocrx_word' id='word_1_281' title='bbox 2019 2121 2033 2124; x_wconf 65' lang='lat'>_</span> 
     </span>
     <span class='ocr_line' id='line_1_33' title="bbox 332 2121 3602 2238; baseline -0.025 11"><span class='ocrx_word' id='word_1_282' title='bbox 332 2184 543 2238; x_wconf 56' lang='lat' dir='ltr'><strong>Thalem</strong></span> <span class='ocrx_word' id='word_1_283' title='bbox 572 2173 863 2232; x_wconf 68' lang='grc' dir='ltr'><strong>ἀίνίιιίιίιιὶε</strong></span> <span class='ocrx_word' id='word_1_284' title='bbox 910 2167 1051 2238; x_wconf 55' lang='lat' dir='ltr'><strong>ei“.</strong></span> <span class='ocrx_word' id='word_1_285' title='bbox 1081 2173 1138 2216; x_wconf 74' lang='grc' dir='ltr'><strong>ιη</strong></span> <span class='ocrx_word' id='word_1_286' title='bbox 1181 2170 1318 2223; x_wconf 56' lang='lat' dir='ltr'><strong>erat.</strong></span> <span class='ocrx_word' id='word_1_287' title='bbox 1351 2153 1637 2210; x_wconf 73' lang='lat' dir='ltr'><strong>OSleDdel&#39;e</strong></span> <span class='ocrx_word' id='word_1_288' title='bbox 1677 2161 1786 2203; x_wconf 73' lang='grc' dir='ltr'><strong>ῐιοη</strong></span> <span class='ocrx_word' id='word_1_289' title='bbox 1833 2145 1916 2196; x_wconf 77' lang='grc' dir='ltr'><strong>εί·-</strong></span> <span class='ocrx_word' id='word_1_290' title='bbox 2021 2149 2134 2201; x_wconf 90' lang='lat' dir='ltr'><strong>Elia</strong></span> <span class='ocrx_word' id='word_1_291' title='bbox 2170 2147 2221 2199; x_wconf 88' lang='lat' dir='ltr'><strong>in</strong></span> <span class='ocrx_word' id='word_1_292' title='bbox 2253 2144 2339 2198; x_wconf 88' lang='lat' dir='ltr'><strong>illa</strong></span> <span class='ocrx_word' id='word_1_293' title='bbox 2367 2139 2754 2212; x_wconf 84' lang='lat' dir='ltr'><strong>glorilicatione</strong></span> <span class='ocrx_word' id='word_1_294' title='bbox 2784 2133 3048 2202; x_wconf 83' lang='lat' dir='ltr'><strong>apparuit,</strong></span> <span class='ocrx_word' id='word_1_295' title='bbox 3097 2137 3153 2180; x_wconf 91' lang='lat' dir='ltr'><strong>ut</strong></span> <span class='ocrx_word' id='word_1_296' title='bbox 3181 2141 3300 2178; x_wconf 90' lang='lat' dir='ltr'><strong>cum</strong></span> <span class='ocrx_word' id='word_1_297' title='bbox 3356 2121 3450 2175; x_wconf 88' lang='lat' dir='ltr'><strong>illo</strong></span> <span class='ocrx_word' id='word_1_298' title='bbox 3482 2134 3602 2186; x_wconf 82' lang='lat' dir='ltr'><strong>pas-</strong></span> 
     </span>
     <span class='ocr_line' id='line_1_34' title="bbox 2276 2213 3601 2238; baseline -0.023 30"><span class='ocrx_word' id='word_1_299' title='bbox 2276 2235 2286 2238; x_wconf 66' lang='lat'><em>‘</em></span> <span class='ocrx_word' id='word_1_300' title='bbox 2403 2235 2412 2238; x_wconf 82' lang='grc'><strong>’</strong></span> <span class='ocrx_word' id='word_1_301' title='bbox 2608 2230 2621 2238; x_wconf 91' lang='grc'><strong><em>“</em></strong></span> <span class='ocrx_word' id='word_1_302' title='bbox 2756 2228 2793 2238; x_wconf 79' lang='lat'><em>&quot;</em></span> <span class='ocrx_word' id='word_1_303' title='bbox 2976 2225 3006 2238; x_wconf 72' lang='grc' dir='ltr'><strong><em>ὀ</em></strong></span> <span class='ocrx_word' id='word_1_304' title='bbox 3169 2229 3366 2238; x_wconf 60' lang='grc' dir='ltr'><strong>ηι----..</strong></span> <span class='ocrx_word' id='word_1_305' title='bbox 3421 2213 3601 2238; x_wconf 72' lang='grc' dir='ltr'><strong>..-ι...;.,</strong></span> 
     </span>
    </p>
   </div>
   <div class='ocr_carea' id='block_1_22' title="bbox 301 603 1880 708">
    <p class='ocr_par' dir='ltr' id='par_1_22' title="bbox 301 603 1880 708">
     <span class='ocr_line' id='line_1_35' title="bbox 301 603 1880 708; baseline -0.028 -12"><span class='ocrx_word' id='word_1_306' title='bbox 301 633 695 708; x_wconf 79' lang='lat' dir='ltr'><strong>Appendendus</strong></span> <span class='ocrx_word' id='word_1_307' title='bbox 725 638 872 682; x_wconf 86' lang='lat' dir='ltr'><strong>certe</strong></span> <span class='ocrx_word' id='word_1_308' title='bbox 901 637 1007 678; x_wconf 84' lang='lat' dir='ltr'><strong>tam</strong></span> <span class='ocrx_word' id='word_1_309' title='bbox 1043 619 1251 674; x_wconf 84' lang='lat' dir='ltr'><strong>validus</strong></span> <span class='ocrx_word' id='word_1_310' title='bbox 1283 617 1432 669; x_wconf 65' lang='lat' dir='ltr'><strong>lalzor</strong></span> <span class='ocrx_word' id='word_1_311' title='bbox 1452 654 1465 673; x_wconf 84' lang='lat'><strong>,</strong></span> <span class='ocrx_word' id='word_1_312' title='bbox 1495 623 1602 679; x_wconf 84' lang='lat' dir='ltr'><strong>quo</strong></span> <span class='ocrx_word' id='word_1_313' title='bbox 1633 603 1880 660; x_wconf 90' lang='lat' dir='ltr'><strong>tentatio-</strong></span> 
     </span>
    </p>
   </div>
   <div class='ocr_carea' id='block_1_23' title="bbox 304 699 1884 788">
    <p class='ocr_par' dir='ltr' id='par_1_23' title="bbox 304 699 1884 788">
     <span class='ocr_line' id='line_1_36' title="bbox 304 699 1884 788; baseline -0.028 0"><span class='ocrx_word' id='word_1_314' title='bbox 304 733 388 788; x_wconf 84' lang='lat' dir='ltr'><strong>nis</strong></span> <span class='ocrx_word' id='word_1_315' title='bbox 427 725 675 781; x_wconf 85' lang='lat' dir='ltr'><strong>introitus</strong></span> <span class='ocrx_word' id='word_1_316' title='bbox 701 719 986 779; x_wconf 82' lang='lat' dir='ltr'><strong>clauditur,</strong></span> <span class='ocrx_word' id='word_1_317' title='bbox 1016 711 1304 777; x_wconf 89' lang='lat' dir='ltr'><strong>omnisque</strong></span> <span class='ocrx_word' id='word_1_318' title='bbox 1346 705 1605 758; x_wconf 87' lang='lat' dir='ltr'><strong>malorum</strong></span> <span class='ocrx_word' id='word_1_319' title='bbox 1639 699 1884 750; x_wconf 89' lang='lat' dir='ltr'><strong>incursus</strong></span> 
     </span>
    </p>
   </div>
   <div class='ocr_carea' id='block_1_24' title="bbox 306 784 1886 876">
    <p class='ocr_par' dir='ltr' id='par_1_24' title="bbox 306 784 1886 876">
     <span class='ocr_line' id='line_1_37' title="bbox 306 784 1886 876; baseline -0.027 -2"><span class='ocrx_word' id='word_1_320' title='bbox 306 824 520 874; x_wconf 81' lang='lat' dir='ltr'><strong>vitatur.</strong></span> <span class='ocrx_word' id='word_1_321' title='bbox 557 815 733 875; x_wconf 80' lang='lat' dir='ltr'><strong>Orate,</strong></span> <span class='ocrx_word' id='word_1_322' title='bbox 762 810 934 876; x_wconf 87' lang='lat' dir='ltr'><strong>inquit</strong></span> <span class='ocrx_word' id='word_1_323' title='bbox 958 803 1232 866; x_wconf 88' lang='lat' dir='ltr'><strong>Dominus,</strong></span> <span class='ocrx_word' id='word_1_324' title='bbox 1257 813 1319 850; x_wconf 86' lang='lat' dir='ltr'><strong>ne</strong></span> <span class='ocrx_word' id='word_1_325' title='bbox 1347 792 1543 849; x_wconf 76' lang='lat' dir='ltr'><strong>intretis</strong></span> <span class='ocrx_word' id='word_1_326' title='bbox 1569 792 1622 843; x_wconf 85' lang='lat' dir='ltr'><strong>in</strong></span> <span class='ocrx_word' id='word_1_327' title='bbox 1654 784 1886 839; x_wconf 85' lang='lat' dir='ltr'><strong>tentatio—</strong></span> 
     </span>
    </p>
   </div>
   <div class='ocr_carea' id='block_1_25' title="bbox 305 879 1889 980">
    <p class='ocr_par' dir='ltr' id='par_1_25' title="bbox 305 879 1889 980">
     <span class='ocr_line' id='line_1_38' title="bbox 305 879 1889 980; baseline -0.028 -13"><span class='ocrx_word' id='word_1_328' title='bbox 305 929 419 967; x_wconf 87' lang='lat' dir='ltr'><strong>nem</strong></span> <span class='ocrx_word' id='word_1_329' title='bbox 468 907 634 980; x_wconf 80' lang='lat' dir='ltr'><strong>(ibid.</strong></span> <span class='ocrx_word' id='word_1_330' title='bbox 666 901 779 971; x_wconf 72' lang='grc'><strong>46).</strong></span> <span class='ocrx_word' id='word_1_331' title='bbox 815 901 880 953; x_wconf 84' lang='grc' dir='ltr'><strong>Ει</strong></span> <span class='ocrx_word' id='word_1_332' title='bbox 910 910 1119 950; x_wconf 88' lang='lat' dir='ltr'><strong>rursum</strong></span> <span class='ocrx_word' id='word_1_333' title='bbox 1151 909 1165 942; x_wconf 87' lang='lat'>:</span> <span class='ocrx_word' id='word_1_334' title='bbox 1219 887 1440 957; x_wconf 85' lang='lat' dir='ltr'><strong>Vigilate</strong></span> <span class='ocrx_word' id='word_1_335' title='bbox 1481 879 1619 935; x_wconf 87' lang='lat' dir='ltr'><strong>omni</strong></span> <span class='ocrx_word' id='word_1_336' title='bbox 1665 886 1889 943; x_wconf 82' lang='lat' dir='ltr'><strong>tempore</strong></span> 
     </span>
    </p>
   </div>
   <div class='ocr_carea' id='block_1_26' title="bbox 309 965 1890 1066">
    <p class='ocr_par' dir='ltr' id='par_1_26' title="bbox 309 965 1890 1066">
     <span class='ocr_line' id='line_1_39' title="bbox 309 965 1890 1066; baseline -0.028 -9"><span class='ocrx_word' id='word_1_337' title='bbox 309 965 532 1066; x_wconf 64' lang='lat' dir='ltr'><strong>orantes,</strong></span> <span class='ocrx_word' id='word_1_338' title='bbox 561 1008 617 1050; x_wconf 85' lang='lat' dir='ltr'><strong>ut</strong></span> <span class='ocrx_word' id='word_1_339' title='bbox 645 965 788 1064; x_wconf 78' lang='lat' dir='ltr'><strong>digni</strong></span> <span class='ocrx_word' id='word_1_340' title='bbox 817 983 1105 1041; x_wconf 81' lang='lat' dir='ltr'><strong>habeamiui</strong></span> <span class='ocrx_word' id='word_1_341' title='bbox 1135 985 1308 1050; x_wconf 80' lang='lat' dir='ltr'><strong>fugere</strong></span> <span class='ocrx_word' id='word_1_342' title='bbox 1337 977 1438 1030; x_wconf 84' lang='lat' dir='ltr'><strong>ista</strong></span> <span class='ocrx_word' id='word_1_343' title='bbox 1464 969 1636 1024; x_wconf 82' lang='lat' dir='ltr'><strong>omnia</strong></span> <span class='ocrx_word' id='word_1_344' title='bbox 1663 979 1778 1034; x_wconf 75' lang='lat' dir='ltr'><strong>qua:</strong></span> <span class='ocrx_word' id='word_1_345' title='bbox 1807 965 1890 1029; x_wconf 79' lang='lat' dir='ltr'><strong>[u—</strong></span> 
     </span>
    </p>
   </div>
   <div class='ocr_carea' id='block_1_27' title="bbox 309 1051 1889 1154">
    <p class='ocr_par' dir='ltr' id='par_1_27' title="bbox 309 1051 1889 1154">
     <span class='ocr_line' id='line_1_40' title="bbox 309 1051 1889 1154; baseline -0.028 -4"><span class='ocrx_word' id='word_1_346' title='bbox 309 1108 428 1150; x_wconf 88' lang='lat' dir='ltr'><strong>tura</strong></span> <span class='ocrx_word' id='word_1_347' title='bbox 457 1099 598 1154; x_wconf 84' lang='lat' dir='ltr'><strong>sunt,</strong></span> <span class='ocrx_word' id='word_1_348' title='bbox 630 1098 674 1141; x_wconf 88' lang='lat' dir='ltr'><strong>et</strong></span> <span class='ocrx_word' id='word_1_349' title='bbox 694 1051 830 1138; x_wconf 60' lang='lat' dir='ltr'><strong>stare</strong></span> <span class='ocrx_word' id='word_1_350' title='bbox 857 1089 976 1135; x_wconf 87' lang='lat' dir='ltr'><strong>ante</strong></span> <span class='ocrx_word' id='word_1_351' title='bbox 993 1075 1189 1128; x_wconf 82' lang='lat' dir='ltr'><strong>Filium</strong></span> <span class='ocrx_word' id='word_1_352' title='bbox 1217 1068 1432 1122; x_wconf 80' lang='lat' dir='ltr'><strong>hominis</strong></span> <span class='ocrx_word' id='word_1_353' title='bbox 1464 1063 1613 1133; x_wconf 76' lang='lat' dir='ltr'><strong>(Luc.</strong></span> <span class='ocrx_word' id='word_1_354' title='bbox 1643 1071 1754 1122; x_wconf 87' lang='lat' dir='ltr'><strong>xxI,</strong></span> <span class='ocrx_word' id='word_1_355' title='bbox 1773 1051 1889 1119; x_wconf 78' lang='lat'><strong>36).</strong></span> 
     </span>
    </p>
   </div>
   <div class='ocr_carea' id='block_1_28' title="bbox 311 1143 1896 1249">
    <p class='ocr_par' dir='ltr' id='par_1_28' title="bbox 311 1143 1896 1249">
     <span class='ocr_line' id='line_1_41' title="bbox 311 1143 1896 1249; baseline -0.03 -9"><span class='ocrx_word' id='word_1_356' title='bbox 311 1187 656 1249; x_wconf 78' lang='lat' dir='ltr'><strong>Rursumque</strong></span> <span class='ocrx_word' id='word_1_357' title='bbox 684 1195 696 1228; x_wconf 90' lang='lat'>:</span> <span class='ocrx_word' id='word_1_358' title='bbox 741 1173 953 1242; x_wconf 82' lang='lat' dir='ltr'><strong>Oportet</strong></span> <span class='ocrx_word' id='word_1_359' title='bbox 982 1178 1182 1234; x_wconf 77' lang='lat' dir='ltr'><strong>semper</strong></span> <span class='ocrx_word' id='word_1_360' title='bbox 1210 1173 1358 1215; x_wconf 83' lang='lat' dir='ltr'><strong>orare</strong></span> <span class='ocrx_word' id='word_1_361' title='bbox 1379 1194 1395 1222; x_wconf 93' lang='lat'><strong>,</strong></span> <span class='ocrx_word' id='word_1_362' title='bbox 1440 1163 1487 1206; x_wconf 87' lang='lat' dir='ltr'><strong>et</strong></span> <span class='ocrx_word' id='word_1_363' title='bbox 1529 1165 1633 1203; x_wconf 83' lang='lat' dir='ltr'><strong>non</strong></span> <span class='ocrx_word' id='word_1_364' title='bbox 1681 1143 1896 1213; x_wconf 73' lang='lat' dir='ltr'><strong>deficere</strong></span> 
     </span>
    </p>
   </div>
   <div class='ocr_carea' id='block_1_29' title="bbox 315 1267 763 1347">
    <p class='ocr_par' dir='ltr' id='par_1_29' title="bbox 315 1267 763 1347">
     <span class='ocr_line' id='line_1_42' title="bbox 315 1267 763 1347; baseline -0.031 -16"><span class='ocrx_word' id='word_1_365' title='bbox 315 1278 468 1347; x_wconf 80' lang='lat' dir='ltr'><strong>(Luc.</strong></span> <span class='ocrx_word' id='word_1_366' title='bbox 504 1285 655 1331; x_wconf 82' lang='lat' dir='ltr'><strong>xvttt,</strong></span> <span class='ocrx_word' id='word_1_367' title='bbox 690 1267 763 1336; x_wconf 83' lang='lat' dir='ltr'><strong>l).</strong></span> 
     </span>
    </p>
   </div>
   <div class='ocr_carea' id='block_1_30' title="bbox 388 1327 1891 1429">
    <p class='ocr_par' dir='ltr' id='par_1_30' title="bbox 388 1327 1891 1429">
     <span class='ocr_line' id='line_1_43' title="bbox 388 1327 1891 1429; baseline -0.03 -10"><span class='ocrx_word' id='word_1_368' title='bbox 388 1368 440 1429; x_wconf 79' lang='lat'><strong>6,</strong></span> <span class='ocrx_word' id='word_1_369' title='bbox 475 1361 609 1416; x_wconf 92' lang='lat' dir='ltr'><strong>Cum</strong></span> <span class='ocrx_word' id='word_1_370' title='bbox 661 1367 838 1410; x_wconf 86' lang='lat' dir='ltr'><strong>autem</strong></span> <span class='ocrx_word' id='word_1_371' title='bbox 886 1350 953 1404; x_wconf 92' lang='lat' dir='ltr'><strong>de</strong></span> <span class='ocrx_word' id='word_1_372' title='bbox 1001 1345 1200 1401; x_wconf 81' lang='lat' dir='ltr'><strong>sanctis</strong></span> <span class='ocrx_word' id='word_1_373' title='bbox 1229 1340 1485 1408; x_wconf 88' lang='lat' dir='ltr'><strong>scriptum</strong></span> <span class='ocrx_word' id='word_1_374' title='bbox 1536 1327 1840 1385; x_wconf 87' lang='lat' dir='ltr'><strong>noverimus</strong></span> <span class='ocrx_word' id='word_1_375' title='bbox 1878 1339 1891 1374; x_wconf 93' lang='lat'>:</span> 
     </span>
    </p>
   </div>
   <div class='ocr_carea' id='block_1_31' title="bbox 315 1420 1896 1519">
    <p class='ocr_par' dir='ltr' id='par_1_31' title="bbox 315 1420 1896 1519">
     <span class='ocr_line' id='line_1_44' title="bbox 315 1420 1896 1519; baseline -0.031 -7"><span class='ocrx_word' id='word_1_376' title='bbox 315 1420 464 1512; x_wconf 75' lang='lat' dir='ltr'><strong>Tunc</strong></span> <span class='ocrx_word' id='word_1_377' title='bbox 494 1452 615 1519; x_wconf 82' lang='lat' dir='ltr'><strong>iusti</strong></span> <span class='ocrx_word' id='word_1_378' title='bbox 645 1445 931 1518; x_wconf 77' lang='lat' dir='ltr'><strong>fulgebunt,</strong></span> <span class='ocrx_word' id='word_1_379' title='bbox 962 1439 1091 1492; x_wconf 80' lang='lat' dir='ltr'><strong>sicut</strong></span> <span class='ocrx_word' id='word_1_380' title='bbox 1121 1433 1197 1488; x_wconf 69' lang='lat' dir='ltr'><strong>sol</strong></span> <span class='ocrx_word' id='word_1_381' title='bbox 1236 1432 1288 1484; x_wconf 90' lang='lat' dir='ltr'><strong>in</strong></span> <span class='ocrx_word' id='word_1_382' title='bbox 1319 1441 1476 1499; x_wconf 81' lang='lat' dir='ltr'><strong>regno</strong></span> <span class='ocrx_word' id='word_1_383' title='bbox 1510 1420 1678 1475; x_wconf 84' lang='lat' dir='ltr'><strong>Patris</strong></span> <span class='ocrx_word' id='word_1_384' title='bbox 1719 1426 1896 1468; x_wconf 84' lang='lat' dir='ltr'><strong>eorum</strong></span> 
     </span>
    </p>
   </div>
   <div class='ocr_carea' id='block_1_32' title="bbox 319 1505 1897 1617">
    <p class='ocr_par' dir='ltr' id='par_1_32' title="bbox 319 1505 1897 1617">
     <span class='ocr_line' id='line_1_45' title="bbox 319 1505 1897 1617; baseline -0.029 -15"><span class='ocrx_word' id='word_1_385' title='bbox 319 1505 606 1617; x_wconf 22' lang='lat' dir='ltr'><strong>(Sta—pxm,</strong></span> <span class='ocrx_word' id='word_1_386' title='bbox 639 1505 1015 1606; x_wconf 46' lang='lat' dir='ltr'><strong>:7);unomodo</strong></span> <span class='ocrx_word' id='word_1_387' title='bbox 1042 1528 1144 1580; x_wconf 88' lang='lat' dir='ltr'><strong>hoc</strong></span> <span class='ocrx_word' id='word_1_388' title='bbox 1175 1523 1294 1576; x_wconf 89' lang='lat' dir='ltr'><strong>loco</strong></span> <span class='ocrx_word' id='word_1_389' title='bbox 1321 1518 1482 1571; x_wconf 68' lang='lat' dir='ltr'><strong>iacies</strong></span> <span class='ocrx_word' id='word_1_390' title='bbox 1523 1508 1719 1588; x_wconf 85' lang='lat' dir='ltr'><strong>Christi</strong></span> <span class='ocrx_word' id='word_1_391' title='bbox 1766 1505 1897 1560; x_wconf 83' lang='lat' dir='ltr'><strong>solis</strong></span> 
     </span>
    </p>
   </div>
   <div class='ocr_carea' id='block_1_33' title="bbox 321 1596 1895 1696">
    <p class='ocr_par' dir='ltr' id='par_1_33' title="bbox 321 1596 1895 1696">
     <span class='ocr_line' id='line_1_46' title="bbox 321 1596 1895 1696; baseline -0.028 -4"><span class='ocrx_word' id='word_1_392' title='bbox 321 1596 552 1692; x_wconf 53' lang='lat' dir='ltr'><strong>claritati</strong></span> <span class='ocrx_word' id='word_1_393' title='bbox 609 1621 985 1696; x_wconf 82' lang='lat' dir='ltr'><strong>comparatur?</strong></span> <span class='ocrx_word' id='word_1_394' title='bbox 1038 1626 1130 1671; x_wconf 89' lang='lat' dir='ltr'><strong>aut</strong></span> <span class='ocrx_word' id='word_1_395' title='bbox 1173 1610 1408 1681; x_wconf 90' lang='lat' dir='ltr'><strong>nunquid</strong></span> <span class='ocrx_word' id='word_1_396' title='bbox 1459 1615 1698 1668; x_wconf 82' lang='lat' dir='ltr'><strong>tantum,</strong></span> <span class='ocrx_word' id='word_1_397' title='bbox 1755 1596 1895 1668; x_wconf 89' lang='lat' dir='ltr'><strong>quod</strong></span> 
     </span>
    </p>
   </div>
   <div class='ocr_carea' id='block_1_34' title="bbox 335 2213 3605 2333">
    <p class='ocr_par' dir='ltr' id='par_1_34' title="bbox 335 2213 3605 2333">
     <span class='ocr_line' id='line_1_47' title="bbox 335 2213 1318 2238; baseline -0.026 -1"><span class='ocrx_word' id='word_1_398' title='bbox 335 2213 863 2238; x_wconf 63' lang='lat' dir='ltr'><strong>I’ttatcluunmuu..-</strong></span> <span class='ocrx_word' id='word_1_399' title='bbox 912 2213 1051 2238; x_wconf 50' lang='lat' dir='ltr'><strong>.J.--,</strong></span> <span class='ocrx_word' id='word_1_400' title='bbox 1087 2213 1137 2216; x_wconf 54' lang='grc' dir='ltr'><strong>η-</strong></span> <span class='ocrx_word' id='word_1_401' title='bbox 1189 2213 1225 2216; x_wconf 66' lang='lat'><strong>_,</strong></span> <span class='ocrx_word' id='word_1_402' title='bbox 1306 2213 1318 2223; x_wconf 64' lang='grc'>,</span> 
     </span>
     <span class='ocr_line' id='line_1_48' title="bbox 335 2213 3605 2333; baseline -0.026 -5"><span class='ocrx_word' id='word_1_403' title='bbox 335 2275 510 2333; x_wconf 75' lang='lat' dir='ltr'><strong>nebat,</strong></span> <span class='ocrx_word' id='word_1_404' title='bbox 563 2269 646 2322; x_wconf 86' lang='lat' dir='ltr'><strong>vel</strong></span> <span class='ocrx_word' id='word_1_405' title='bbox 693 2265 815 2332; x_wconf 87' lang='lat' dir='ltr'><strong>quia</strong></span> <span class='ocrx_word' id='word_1_406' title='bbox 866 2270 990 2313; x_wconf 87' lang='lat' dir='ltr'><strong>ante</strong></span> <span class='ocrx_word' id='word_1_407' title='bbox 1037 2253 1327 2309; x_wconf 78' lang='lat' dir='ltr'><strong>videntium</strong></span> <span class='ocrx_word' id='word_1_408' title='bbox 1357 2248 1562 2310; x_wconf 86' lang='lat' dir='ltr'><strong>oculos,</strong></span> <span class='ocrx_word' id='word_1_409' title='bbox 1615 2248 1672 2297; x_wconf 91' lang='lat' dir='ltr'><strong>ut</strong></span> <span class='ocrx_word' id='word_1_410' title='bbox 1715 2236 1917 2292; x_wconf 89' lang='lat' dir='ltr'><strong>intueri</strong></span> <span class='ocrx_word' id='word_1_411' title='bbox 2023 2253 2180 2292; x_wconf 69' lang='grc' dir='ltr'><strong>ειη-υς</strong></span> <span class='ocrx_word' id='word_1_412' title='bbox 2225 2235 2497 2300; x_wconf 58' lang='lat' dir='ltr'><strong>adveniat,</strong></span> <span class='ocrx_word' id='word_1_413' title='bbox 2531 2230 2624 2285; x_wconf 71' lang='lat' dir='ltr'><strong>sed</strong></span> <span class='ocrx_word' id='word_1_414' title='bbox 2657 2238 2714 2281; x_wconf 73' lang='grc' dir='ltr'><strong>οι</strong></span> <span class='ocrx_word' id='word_1_415' title='bbox 2756 2225 3102 2293; x_wconf 52' lang='lat' dir='ltr'><strong>Evangelia&quot;.</strong></span> <span class='ocrx_word' id='word_1_416' title='bbox 3155 2229 3369 2272; x_wconf 48' lang='lat' dir='ltr'><strong>autem“,</strong></span> <span class='ocrx_word' id='word_1_417' title='bbox 3421 2213 3605 2266; x_wconf 58' lang='lat' dir='ltr'><strong>saluus</strong></span> 
     </span>
     <span class='ocr_line' id='line_1_49' title="bbox 2130 2307 3599 2333; baseline -0.027 32"><span class='ocrx_word' id='word_1_418' title='bbox 2130 2330 2139 2333; x_wconf 78' lang='grc'><strong>’</strong></span> <span class='ocrx_word' id='word_1_419' title='bbox 2278 2328 2288 2333; x_wconf 85' lang='grc'><strong>’</strong></span> <span class='ocrx_word' id='word_1_420' title='bbox 2433 2324 2447 2333; x_wconf 89' lang='grc'><strong>“</strong></span> <span class='ocrx_word' id='word_1_421' title='bbox 2507 2323 2518 2333; x_wconf 91' lang='grc'><strong><em>“</em></strong></span> <span class='ocrx_word' id='word_1_422' title='bbox 2612 2331 2621 2333; x_wconf 35' lang='grc' dir='ltr'><em>Α</em></span> <span class='ocrx_word' id='word_1_423' title='bbox 2716 2321 2727 2333; x_wconf 92' lang='grc'>·</span> <span class='ocrx_word' id='word_1_424' title='bbox 2895 2326 2908 2333; x_wconf 52' lang='grc' dir='ltr'><strong><em>Α</em></strong></span> <span class='ocrx_word' id='word_1_425' title='bbox 2947 2313 3216 2333; x_wconf 45' lang='grc' dir='ltr'><strong>μηπηιμηι,</strong></span> <span class='ocrx_word' id='word_1_426' title='bbox 3293 2309 3428 2333; x_wconf 63' lang='grc' dir='ltr'><strong>ιν---</strong></span> <span class='ocrx_word' id='word_1_427' title='bbox 3458 2307 3599 2333; x_wconf 68' lang='grc' dir='ltr'><strong>Δ,,;,,,</strong></span> 
     </span>
    </p>
   </div>
   <div class='ocr_carea' id='block_1_35' title="bbox 336 2341 1915 2436">
    <p class='ocr_par' dir='ltr' id='par_1_35' title="bbox 336 2341 1915 2436">
     <span class='ocr_line' id='line_1_50' title="bbox 336 2341 1915 2436; baseline -0.023 -16"><span class='ocrx_word' id='word_1_428' title='bbox 336 2375 540 2436; x_wconf 78' lang='lat' dir='ltr'><strong>posset,</strong></span> <span class='ocrx_word' id='word_1_429' title='bbox 593 2364 754 2428; x_wconf 84' lang='lat' dir='ltr'><strong>ipsam</strong></span> <span class='ocrx_word' id='word_1_430' title='bbox 789 2353 1005 2422; x_wconf 67' lang='lat' dir='ltr'><strong>fulgoris</strong></span> <span class='ocrx_word' id='word_1_431' title='bbox 1057 2347 1137 2402; x_wconf 92' lang='lat' dir='ltr'><strong>sui</strong></span> <span class='ocrx_word' id='word_1_432' title='bbox 1178 2341 1596 2413; x_wconf 81' lang='lat' dir='ltr'><strong>magnitudinem</strong></span> <span class='ocrx_word' id='word_1_433' title='bbox 1645 2347 1915 2403; x_wconf 78' lang='lat' dir='ltr'><strong>tempera-</strong></span> 
     </span>
    </p>
   </div>
   <div class='ocr_carea' id='block_1_36' title="bbox 342 2429 1918 2522">
    <p class='ocr_par' dir='ltr' id='par_1_36' title="bbox 342 2429 1918 2522">
     <span class='ocr_line' id='line_1_51' title="bbox 342 2429 1918 2522; baseline -0.023 -9"><span class='ocrx_word' id='word_1_434' title='bbox 342 2463 452 2522; x_wconf 82' lang='lat' dir='ltr'><strong>bat,</strong></span> <span class='ocrx_word' id='word_1_435' title='bbox 486 2458 564 2509; x_wconf 79' lang='lat' dir='ltr'><strong>vel</strong></span> <span class='ocrx_word' id='word_1_436' title='bbox 598 2455 754 2507; x_wconf 88' lang='lat' dir='ltr'><strong>etiam</strong></span> <span class='ocrx_word' id='word_1_437' title='bbox 805 2448 1029 2502; x_wconf 83' lang='lat' dir='ltr'><strong>formam</strong></span> <span class='ocrx_word' id='word_1_438' title='bbox 1079 2441 1229 2494; x_wconf 88' lang='lat' dir='ltr'><strong>illam</strong></span> <span class='ocrx_word' id='word_1_439' title='bbox 1270 2429 1638 2490; x_wconf 81' lang='lat' dir='ltr'><strong>tantummodo</strong></span> <span class='ocrx_word' id='word_1_440' title='bbox 1687 2436 1918 2497; x_wconf 65' lang='lat' dir='ltr'><strong>praaten—</strong></span> 
     </span>
    </p>
   </div>
   <div class='ocr_carea' id='block_1_37' title="bbox 2023 2307 3601 2388">
    <p class='ocr_par' dir='ltr' id='par_1_37' title="bbox 2023 2307 3601 2388">
     <span class='ocr_line' id='line_1_52' title="bbox 2023 2307 3601 2388; baseline -0.018 -5"><span class='ocrx_word' id='word_1_441' title='bbox 2023 2328 2384 2384; x_wconf 83' lang='lat' dir='ltr'><strong>testimonium</strong></span> <span class='ocrx_word' id='word_1_442' title='bbox 2433 2323 2628 2377; x_wconf 86' lang='lat' dir='ltr'><strong>habeat</strong></span> <span class='ocrx_word' id='word_1_443' title='bbox 2653 2335 2681 2373; x_wconf 89' lang='lat' dir='ltr'><strong>a</strong></span> <span class='ocrx_word' id='word_1_444' title='bbox 2715 2321 2830 2388; x_wconf 87' lang='lat' dir='ltr'><strong>lege</strong></span> <span class='ocrx_word' id='word_1_445' title='bbox 2859 2326 2914 2372; x_wconf 90' lang='lat' dir='ltr'><strong>et</strong></span> <span class='ocrx_word' id='word_1_446' title='bbox 2945 2313 3240 2383; x_wconf 79' lang='lat' dir='ltr'><strong>prophetis.</strong></span> <span class='ocrx_word' id='word_1_447' title='bbox 3293 2309 3431 2362; x_wconf 81' lang='lat' dir='ltr'><strong>Ecce</strong></span> <span class='ocrx_word' id='word_1_448' title='bbox 3457 2307 3601 2359; x_wconf 66' lang='lat' dir='ltr'><strong>enim</strong></span> 
     </span>
    </p>
   </div>
   <div class='ocr_carea' id='block_1_38' title="bbox 2025 2396 3609 2493">
    <p class='ocr_par' dir='ltr' id='par_1_38' title="bbox 2025 2396 3609 2493">
     <span class='ocr_line' id='line_1_53' title="bbox 2025 2396 3609 2493; baseline -0.018 -17"><span class='ocrx_word' id='word_1_449' title='bbox 2025 2421 2372 2493; x_wconf 78' lang='lat' dir='ltr'><strong>quadraginta</strong></span> <span class='ocrx_word' id='word_1_450' title='bbox 2403 2416 2593 2470; x_wconf 84' lang='lat' dir='ltr'><strong>diebus</strong></span> <span class='ocrx_word' id='word_1_451' title='bbox 2627 2413 2858 2482; x_wconf 78' lang='lat' dir='ltr'><strong>Moyses,</strong></span> <span class='ocrx_word' id='word_1_452' title='bbox 2896 2406 3248 2476; x_wconf 82' lang='lat' dir='ltr'><strong>quadraginta</strong></span> <span class='ocrx_word' id='word_1_453' title='bbox 3285 2400 3424 2454; x_wconf 87' lang='lat' dir='ltr'><strong>Elias</strong></span> <span class='ocrx_word' id='word_1_454' title='bbox 3463 2396 3609 2466; x_wconf 86' lang='lat' dir='ltr'><strong>jeju-</strong></span> 
     </span>
    </p>
   </div>
   <div class='ocr_carea' id='block_1_39' title="bbox 2027 2494 3608 2580">
    <p class='ocr_par' dir='ltr' id='par_1_39' title="bbox 2027 2494 3608 2580">
     <span class='ocr_line' id='line_1_54' title="bbox 2027 2494 3608 2580; baseline -0.021 -9"><span class='ocrx_word' id='word_1_455' title='bbox 2027 2518 2197 2580; x_wconf 81' lang='lat' dir='ltr'><strong>navit,</strong></span> <span class='ocrx_word' id='word_1_456' title='bbox 2229 2508 2570 2580; x_wconf 81' lang='lat' dir='ltr'><strong>quadraginta</strong></span> <span class='ocrx_word' id='word_1_457' title='bbox 2617 2518 2670 2561; x_wconf 93' lang='lat' dir='ltr'><strong>et</strong></span> <span class='ocrx_word' id='word_1_458' title='bbox 2719 2504 2994 2558; x_wconf 83' lang='lat' dir='ltr'><strong>Dominus.</strong></span> <span class='ocrx_word' id='word_1_459' title='bbox 3045 2497 3152 2554; x_wconf 90' lang='lat' dir='ltr'><strong>Sed</strong></span> <span class='ocrx_word' id='word_1_460' title='bbox 3194 2494 3312 2562; x_wconf 87' lang='lat' dir='ltr'><strong>quia</strong></span> <span class='ocrx_word' id='word_1_461' title='bbox 3371 2505 3475 2543; x_wconf 88' lang='lat' dir='ltr'><strong>non</strong></span> <span class='ocrx_word' id='word_1_462' title='bbox 3524 2496 3608 2540; x_wconf 68' lang='lat' dir='ltr'><strong>est</strong></span> 
     </span>
    </p>
   </div>
   <div class='ocr_carea' id='block_1_40' title="bbox 339 2517 1921 2615">
    <p class='ocr_par' dir='ltr' id='par_1_40' title="bbox 339 2517 1921 2615">
     <span class='ocr_line' id='line_1_55' title="bbox 339 2517 1921 2615; baseline -0.022 -9"><span class='ocrx_word' id='word_1_463' title='bbox 339 2553 521 2613; x_wconf 73' lang='lat' dir='ltr'><strong>debat,</strong></span> <span class='ocrx_word' id='word_1_464' title='bbox 572 2559 728 2615; x_wconf 87' lang='lat' dir='ltr'><strong>quam</strong></span> <span class='ocrx_word' id='word_1_465' title='bbox 779 2541 831 2594; x_wconf 79' lang='lat' dir='ltr'><strong>in</strong></span> <span class='ocrx_word' id='word_1_466' title='bbox 863 2540 948 2592; x_wconf 88' lang='lat' dir='ltr'><strong>die</strong></span> <span class='ocrx_word' id='word_1_467' title='bbox 994 2533 1180 2606; x_wconf 90' lang='lat' dir='ltr'><strong>judicii</strong></span> <span class='ocrx_word' id='word_1_468' title='bbox 1230 2542 1285 2586; x_wconf 91' lang='lat' dir='ltr'><strong>et</strong></span> <span class='ocrx_word' id='word_1_469' title='bbox 1331 2527 1519 2583; x_wconf 88' lang='lat' dir='ltr'><strong>electis</strong></span> <span class='ocrx_word' id='word_1_470' title='bbox 1576 2535 1629 2578; x_wconf 91' lang='lat' dir='ltr'><strong>et</strong></span> <span class='ocrx_word' id='word_1_471' title='bbox 1679 2517 1921 2590; x_wconf 86' lang='lat' dir='ltr'><strong>reprobis</strong></span> 
     </span>
    </p>
   </div>
   <div class='ocr_carea' id='block_1_41' title="bbox 346 2611 1924 2697">
    <p class='ocr_par' dir='ltr' id='par_1_41' title="bbox 346 2611 1924 2697">
     <span class='ocr_line' id='line_1_56' title="bbox 346 2611 1924 2697; baseline -0.022 -2"><span class='ocrx_word' id='word_1_472' title='bbox 346 2652 688 2697; x_wconf 82' lang='lat' dir='ltr'><strong>ostensurum</strong></span> <span class='ocrx_word' id='word_1_473' title='bbox 737 2648 795 2687; x_wconf 91' lang='lat' dir='ltr'><strong>se</strong></span> <span class='ocrx_word' id='word_1_474' title='bbox 822 2645 939 2686; x_wconf 86' lang='lat' dir='ltr'><strong>esse</strong></span> <span class='ocrx_word' id='word_1_475' title='bbox 975 2624 1316 2694; x_wconf 70' lang='lat' dir='ltr'><strong>praesciebat,</strong></span> <span class='ocrx_word' id='word_1_476' title='bbox 1347 2619 1430 2674; x_wconf 85' lang='lat' dir='ltr'><strong>vel</strong></span> <span class='ocrx_word' id='word_1_477' title='bbox 1461 2624 1626 2680; x_wconf 90' lang='lat' dir='ltr'><strong>certe,</strong></span> <span class='ocrx_word' id='word_1_478' title='bbox 1660 2621 1715 2666; x_wconf 93' lang='lat' dir='ltr'><strong>ut</strong></span> <span class='ocrx_word' id='word_1_479' title='bbox 1748 2611 1924 2664; x_wconf 90' lang='lat' dir='ltr'><strong>verius</strong></span> 
     </span>
    </p>
   </div>
   <div class='ocr_carea' id='block_1_42' title="bbox 347 2710 1924 2801">
    <p class='ocr_par' dir='ltr' id='par_1_42' title="bbox 347 2710 1924 2801">
     <span class='ocr_line' id='line_1_57' title="bbox 347 2710 1924 2801; baseline -0.022 -15"><span class='ocrx_word' id='word_1_480' title='bbox 347 2743 506 2801; x_wconf 84' lang='lat' dir='ltr'><strong>atque</strong></span> <span class='ocrx_word' id='word_1_481' title='bbox 557 2726 853 2786; x_wconf 84' lang='lat' dir='ltr'><strong>salubrius,</strong></span> <span class='ocrx_word' id='word_1_482' title='bbox 901 2721 1021 2788; x_wconf 91' lang='lat' dir='ltr'><strong>quia</strong></span> <span class='ocrx_word' id='word_1_483' title='bbox 1075 2718 1242 2786; x_wconf 84' lang='lat' dir='ltr'><strong>ﬁgura</strong></span> <span class='ocrx_word' id='word_1_484' title='bbox 1291 2710 1654 2766; x_wconf 86' lang='lat' dir='ltr'><strong>membrorum</strong></span> <span class='ocrx_word' id='word_1_485' title='bbox 1709 2715 1924 2757; x_wconf 89' lang='lat' dir='ltr'><strong>suorum</strong></span> 
     </span>
    </p>
   </div>
   <div class='ocr_carea' id='block_1_43' title="bbox 347 2793 1929 2894">
    <p class='ocr_par' dir='ltr' id='par_1_43' title="bbox 347 2793 1929 2894">
     <span class='ocr_line' id='line_1_58' title="bbox 347 2793 1929 2894; baseline -0.023 -15"><span class='ocrx_word' id='word_1_486' title='bbox 347 2793 544 2894; x_wconf 74' lang='lat' dir='ltr'><strong>qualia,</strong></span> <span class='ocrx_word' id='word_1_487' title='bbox 576 2829 634 2872; x_wconf 94' lang='lat' dir='ltr'><strong>ut</strong></span> <span class='ocrx_word' id='word_1_488' title='bbox 665 2817 868 2870; x_wconf 87' lang='lat' dir='ltr'><strong>dictum</strong></span> <span class='ocrx_word' id='word_1_489' title='bbox 915 2818 1018 2874; x_wconf 81' lang='lat' dir='ltr'><strong>est,</strong></span> <span class='ocrx_word' id='word_1_490' title='bbox 1067 2807 1122 2860; x_wconf 93' lang='lat' dir='ltr'><strong>in</strong></span> <span class='ocrx_word' id='word_1_491' title='bbox 1169 2804 1352 2858; x_wconf 82' lang='lat' dir='ltr'><strong>futuro</strong></span> <span class='ocrx_word' id='word_1_492' title='bbox 1398 2799 1695 2867; x_wconf 78' lang='lat' dir='ltr'><strong>fulgebunt.</strong></span> <span class='ocrx_word' id='word_1_493' title='bbox 1731 2793 1782 2846; x_wconf 91' lang='lat' dir='ltr'><strong>in</strong></span> <span class='ocrx_word' id='word_1_494' title='bbox 1833 2805 1929 2844; x_wconf 88' lang='lat' dir='ltr'><strong>sua</strong></span> 
     </span>
    </p>
   </div>
   <div class='ocr_carea' id='block_1_44' title="bbox 347 2896 1292 2970">
    <p class='ocr_par' dir='ltr' id='par_1_44' title="bbox 347 2896 1292 2970">
     <span class='ocr_line' id='line_1_59' title="bbox 347 2896 1292 2970; baseline -0.023 -2"><span class='ocrx_word' id='word_1_495' title='bbox 347 2915 588 2970; x_wconf 85' lang='lat' dir='ltr'><strong>claritate</strong></span> <span class='ocrx_word' id='word_1_496' title='bbox 616 2903 964 2962; x_wconf 84' lang='lat' dir='ltr'><strong>monstrabat.</strong></span> <span class='ocrx_word' id='word_1_497' title='bbox 999 2896 1292 2966; x_wconf 89' lang='lat' dir='ltr'><strong>Sequitur:</strong></span> 
     </span>
    </p>
   </div>
   <div class='ocr_carea' id='block_1_45' title="bbox 423 2972 1934 3057">
    <p class='ocr_par' dir='ltr' id='par_1_45' title="bbox 423 2972 1934 3057">
     <span class='ocr_line' id='line_1_60' title="bbox 423 2972 1934 3057; baseline -0.022 0"><span class='ocrx_word' id='word_1_498' title='bbox 423 3004 478 3057; x_wconf 87' lang='grc'><strong>7.</strong></span> <span class='ocrx_word' id='word_1_499' title='bbox 516 2999 828 3054; x_wconf 83' lang='lat' dir='ltr'><strong>Vestimenta</strong></span> <span class='ocrx_word' id='word_1_500' title='bbox 856 3001 1026 3045; x_wconf 83' lang='lat' dir='ltr'><strong>autem</strong></span> <span class='ocrx_word' id='word_1_501' title='bbox 1053 2993 1164 3057; x_wconf 86' lang='lat' dir='ltr'><strong>ejus</strong></span> <span class='ocrx_word' id='word_1_502' title='bbox 1192 2985 1328 3054; x_wconf 83' lang='lat' dir='ltr'><strong>facta</strong></span> <span class='ocrx_word' id='word_1_503' title='bbox 1357 2989 1475 3036; x_wconf 85' lang='lat' dir='ltr'><strong>sunt</strong></span> <span class='ocrx_word' id='word_1_504' title='bbox 1503 2979 1622 3032; x_wconf 85' lang='lat' dir='ltr'><strong>alba</strong></span> <span class='ocrx_word' id='word_1_505' title='bbox 1663 2976 1795 3030; x_wconf 85' lang='lat' dir='ltr'><strong>sicut</strong></span> <span class='ocrx_word' id='word_1_506' title='bbox 1841 2972 1934 3025; x_wconf 75' lang='lat' dir='ltr'><strong>nia:</strong></span> 
     </span>
    </p>
   </div>
   <div class='ocr_carea' id='block_1_46' title="bbox 357 3067 1933 3166">
    <p class='ocr_par' dir='ltr' id='par_1_46' title="bbox 357 3067 1933 3166">
     <span class='ocr_line' id='line_1_61' title="bbox 357 3067 1933 3166; baseline -0.022 -16"><span class='ocrx_word' id='word_1_507' title='bbox 357 3094 575 3166; x_wconf 81' lang='lat' dir='ltr'><strong>(Matth.</strong></span> <span class='ocrx_word' id='word_1_508' title='bbox 602 3103 730 3154; x_wconf 89' lang='lat' dir='ltr'><strong>xvtt,</strong></span> <span class='ocrx_word' id='word_1_509' title='bbox 762 3088 844 3152; x_wconf 64' lang='grc' dir='ltr'><strong>ἓ).</strong></span> <span class='ocrx_word' id='word_1_510' title='bbox 875 3081 1102 3137; x_wconf 81' lang='lat' dir='ltr'><strong>Claritas</strong></span> <span class='ocrx_word' id='word_1_511' title='bbox 1130 3079 1254 3140; x_wconf 81' lang='lat' dir='ltr'><strong>ista,</strong></span> <span class='ocrx_word' id='word_1_512' title='bbox 1283 3073 1496 3138; x_wconf 88' lang='lat' dir='ltr'><strong>fratres,</strong></span> <span class='ocrx_word' id='word_1_513' title='bbox 1528 3083 1645 3140; x_wconf 65' lang='lat' dir='ltr'><strong>quae</strong></span> <span class='ocrx_word' id='word_1_514' title='bbox 1670 3067 1811 3121; x_wconf 79' lang='lat' dir='ltr'><strong>foras</strong></span> <span class='ocrx_word' id='word_1_515' title='bbox 1837 3078 1933 3133; x_wconf 88' lang='lat' dir='ltr'><strong>per</strong></span> 
     </span>
    </p>
   </div>
   <div class='ocr_carea' id='block_1_47' title="bbox 357 3155 1934 3241">
    <p class='ocr_par' dir='ltr' id='par_1_47' title="bbox 357 3155 1934 3241">
     <span class='ocr_line' id='line_1_62' title="bbox 357 3155 1934 3241; baseline -0.022 0"><span class='ocrx_word' id='word_1_516' title='bbox 357 3186 678 3241; x_wconf 76' lang='lat' dir='ltr'><strong>vestimenta</strong></span> <span class='ocrx_word' id='word_1_517' title='bbox 707 3175 903 3232; x_wconf 88' lang='lat' dir='ltr'><strong>Christi</strong></span> <span class='ocrx_word' id='word_1_518' title='bbox 955 3167 1214 3233; x_wconf 85' lang='lat' dir='ltr'><strong>manavit,</strong></span> <span class='ocrx_word' id='word_1_519' title='bbox 1265 3166 1333 3219; x_wconf 90' lang='lat' dir='ltr'><strong>ab</strong></span> <span class='ocrx_word' id='word_1_520' title='bbox 1379 3165 1466 3216; x_wconf 90' lang='lat' dir='ltr'><strong>illa</strong></span> <span class='ocrx_word' id='word_1_521' title='bbox 1520 3162 1637 3230; x_wconf 86' lang='lat' dir='ltr'><strong>ejus</strong></span> <span class='ocrx_word' id='word_1_522' title='bbox 1679 3155 1934 3211; x_wconf 84' lang='lat' dir='ltr'><strong>interiore</strong></span> 
     </span>
    </p>
   </div>
   <div class='ocr_carea' id='block_1_48' title="bbox 361 3249 1936 3343">
    <p class='ocr_par' dir='ltr' id='par_1_48' title="bbox 361 3249 1936 3343">
     <span class='ocr_line' id='line_1_63' title="bbox 361 3249 1936 3343; baseline -0.021 -13"><span class='ocrx_word' id='word_1_523' title='bbox 361 3277 479 3330; x_wconf 70' lang='lat' dir='ltr'><strong>luce</strong></span> <span class='ocrx_word' id='word_1_524' title='bbox 509 3268 791 3343; x_wconf 74' lang='lat' dir='ltr'><strong>processit,</strong></span> <span class='ocrx_word' id='word_1_525' title='bbox 833 3277 992 3332; x_wconf 86' lang='lat' dir='ltr'><strong>quam</strong></span> <span class='ocrx_word' id='word_1_526' title='bbox 1042 3259 1220 3314; x_wconf 89' lang='lat' dir='ltr'><strong>nullus</strong></span> <span class='ocrx_word' id='word_1_527' title='bbox 1254 3255 1471 3310; x_wconf 91' lang='lat' dir='ltr'><strong>humani</strong></span> <span class='ocrx_word' id='word_1_528' title='bbox 1503 3249 1713 3320; x_wconf 81' lang='lat' dir='ltr'><strong>generis</strong></span> <span class='ocrx_word' id='word_1_529' title='bbox 1743 3259 1936 3314; x_wconf 90' lang='lat' dir='ltr'><strong>corpo-</strong></span> 
     </span>
    </p>
   </div>
   <div class='ocr_carea' id='block_1_49' title="bbox 359 3336 1939 3421">
    <p class='ocr_par' dir='ltr' id='par_1_49' title="bbox 359 3336 1939 3421">
     <span class='ocr_line' id='line_1_64' title="bbox 359 3336 1939 3421; baseline -0.02 -1"><span class='ocrx_word' id='word_1_530' title='bbox 359 3381 484 3421; x_wconf 78' lang='lat' dir='ltr'><strong>reus</strong></span> <span class='ocrx_word' id='word_1_531' title='bbox 511 3363 696 3415; x_wconf 89' lang='lat' dir='ltr'><strong>oculus</strong></span> <span class='ocrx_word' id='word_1_532' title='bbox 725 3355 916 3412; x_wconf 87' lang='lat' dir='ltr'><strong>intueri</strong></span> <span class='ocrx_word' id='word_1_533' title='bbox 946 3359 1137 3421; x_wconf 86' lang='lat' dir='ltr'><strong>potest,</strong></span> <span class='ocrx_word' id='word_1_534' title='bbox 1172 3350 1308 3402; x_wconf 88' lang='lat' dir='ltr'><strong>sicut</strong></span> <span class='ocrx_word' id='word_1_535' title='bbox 1337 3345 1595 3413; x_wconf 92' lang='lat' dir='ltr'><strong>scriptum</strong></span> <span class='ocrx_word' id='word_1_536' title='bbox 1622 3351 1704 3395; x_wconf 90' lang='lat' dir='ltr'><strong>est</strong></span> <span class='ocrx_word' id='word_1_537' title='bbox 1732 3356 1744 3392; x_wconf 90' lang='lat'><strong>:</strong></span> <span class='ocrx_word' id='word_1_538' title='bbox 1772 3336 1939 3390; x_wconf 83' lang='lat' dir='ltr'><strong>Deum</strong></span> 
     </span>
    </p>
   </div>
   <div class='ocr_carea' id='block_1_50' title="bbox 361 3428 1942 3517">
    <p class='ocr_par' dir='ltr' id='par_1_50' title="bbox 361 3428 1942 3517">
     <span class='ocr_line' id='line_1_65' title="bbox 361 3428 1942 3517; baseline -0.019 -7"><span class='ocrx_word' id='word_1_539' title='bbox 361 3471 505 3510; x_wconf 83' lang='lat' dir='ltr'><strong>nemo</strong></span> <span class='ocrx_word' id='word_1_540' title='bbox 533 3453 657 3506; x_wconf 85' lang='lat' dir='ltr'><strong>vidit</strong></span> <span class='ocrx_word' id='word_1_541' title='bbox 689 3461 915 3517; x_wconf 81' lang='lat' dir='ltr'><strong>unquam</strong></span> <span class='ocrx_word' id='word_1_542' title='bbox 939 3441 994 3515; x_wconf 89' lang='grc' dir='ltr'><strong>(Ι</strong></span> <span class='ocrx_word' id='word_1_543' title='bbox 1025 3440 1184 3494; x_wconf 80' lang='lat' dir='ltr'><strong>Joan.</strong></span> <span class='ocrx_word' id='word_1_544' title='bbox 1215 3453 1288 3502; x_wconf 88' lang='lat' dir='ltr'><strong>Iv,</strong></span> <span class='ocrx_word' id='word_1_545' title='bbox 1323 3436 1435 3504; x_wconf 71' lang='lat'><strong>12);</strong></span> <span class='ocrx_word' id='word_1_546' title='bbox 1463 3445 1516 3488; x_wconf 90' lang='lat' dir='ltr'><strong>et</strong></span> <span class='ocrx_word' id='word_1_547' title='bbox 1537 3446 1748 3486; x_wconf 86' lang='lat' dir='ltr'><strong>rursum</strong></span> <span class='ocrx_word' id='word_1_548' title='bbox 1776 3444 1791 3482; x_wconf 89' lang='lat'><strong>:</strong></span> <span class='ocrx_word' id='word_1_549' title='bbox 1819 3428 1942 3482; x_wconf 88' lang='lat' dir='ltr'><strong>Non</strong></span> 
     </span>
    </p>
   </div>
   <div class='ocr_carea' id='block_1_51' title="bbox 363 3523 1940 3603">
    <p class='ocr_par' dir='ltr' id='par_1_51' title="bbox 363 3523 1940 3603">
     <span class='ocr_line' id='line_1_66' title="bbox 363 3523 1940 3603; baseline -0.02 0"><span class='ocrx_word' id='word_1_550' title='bbox 363 3550 499 3603; x_wconf 83' lang='lat' dir='ltr'><strong>enim</strong></span> <span class='ocrx_word' id='word_1_551' title='bbox 521 3545 702 3598; x_wconf 85' lang='lat' dir='ltr'><strong>videbit</strong></span> <span class='ocrx_word' id='word_1_552' title='bbox 720 3557 797 3602; x_wconf 87' lang='lat' dir='ltr'><strong>me</strong></span> <span class='ocrx_word' id='word_1_553' title='bbox 814 3541 983 3602; x_wconf 89' lang='lat' dir='ltr'><strong>homo,</strong></span> <span class='ocrx_word' id='word_1_554' title='bbox 997 3543 1044 3588; x_wconf 85' lang='lat' dir='ltr'><strong>et</strong></span> <span class='ocrx_word' id='word_1_555' title='bbox 1062 3534 1186 3586; x_wconf 77' lang='lat' dir='ltr'><strong>vivet</strong></span> <span class='ocrx_word' id='word_1_556' title='bbox 1209 3529 1403 3602; x_wconf 74' lang='lat' dir='ltr'><strong>(Exod.</strong></span> <span class='ocrx_word' id='word_1_557' title='bbox 1421 3541 1607 3590; x_wconf 69' lang='grc' dir='ltr'><strong>χχχιιι,</strong></span> <span class='ocrx_word' id='word_1_558' title='bbox 1621 3523 1738 3592; x_wconf 75' lang='lat'><strong>20);</strong></span> <span class='ocrx_word' id='word_1_559' title='bbox 1752 3535 1940 3591; x_wconf 88' lang='lat' dir='ltr'><strong>quam-</strong></span> 
     </span>
    </p>
   </div>
   <div class='ocr_carea' id='block_1_52' title="bbox 368 3619 1937 3710">
    <p class='ocr_par' dir='ltr' id='par_1_52' title="bbox 368 3619 1937 3710">
     <span class='ocr_line' id='line_1_67' title="bbox 368 3619 1937 3710; baseline -0.015 -21"><span class='ocrx_word' id='word_1_560' title='bbox 368 3654 495 3710; x_wconf 68' lang='lat' dir='ltr'><strong>que,</strong></span> <span class='ocrx_word' id='word_1_561' title='bbox 529 3639 666 3690; x_wconf 89' lang='lat' dir='ltr'><strong>sicut</strong></span> <span class='ocrx_word' id='word_1_562' title='bbox 694 3635 806 3702; x_wconf 90' lang='lat' dir='ltr'><strong>ipsa</strong></span> <span class='ocrx_word' id='word_1_563' title='bbox 850 3645 909 3686; x_wconf 90' lang='lat' dir='ltr'><strong>se</strong></span> <span class='ocrx_word' id='word_1_564' title='bbox 935 3630 1101 3694; x_wconf 82' lang='lat' dir='ltr'><strong>videt,</strong></span> <span class='ocrx_word' id='word_1_565' title='bbox 1128 3641 1227 3681; x_wconf 92' lang='lat' dir='ltr'><strong>nec</strong></span> <span class='ocrx_word' id='word_1_566' title='bbox 1255 3625 1427 3692; x_wconf 90' lang='lat' dir='ltr'><strong>ipsam</strong></span> <span class='ocrx_word' id='word_1_567' title='bbox 1473 3619 1647 3689; x_wconf 83' lang='lat' dir='ltr'><strong>angeli</strong></span> <span class='ocrx_word' id='word_1_568' title='bbox 1689 3621 1937 3678; x_wconf 85' lang='lat' dir='ltr'><strong>cernunt,</strong></span> 
     </span>
    </p>
   </div>
   <div class='ocr_carea' id='block_1_53' title="bbox 368 3718 1946 3804">
    <p class='ocr_par' dir='ltr' id='par_1_53' title="bbox 368 3718 1946 3804">
     <span class='ocr_line' id='line_1_68' title="bbox 368 3718 1946 3804; baseline -0.016 -18"><span class='ocrx_word' id='word_1_569' title='bbox 368 3735 460 3804; x_wconf 91' lang='lat' dir='ltr'><strong>qui</strong></span> <span class='ocrx_word' id='word_1_570' title='bbox 511 3747 626 3784; x_wconf 86' lang='lat' dir='ltr'><strong>eam</strong></span> <span class='ocrx_word' id='word_1_571' title='bbox 675 3727 944 3798; x_wconf 90' lang='lat' dir='ltr'><strong>quotidie,</strong></span> <span class='ocrx_word' id='word_1_572' title='bbox 997 3731 1152 3792; x_wconf 92' lang='lat' dir='ltr'><strong>prout</strong></span> <span class='ocrx_word' id='word_1_573' title='bbox 1183 3720 1287 3775; x_wconf 92' lang='lat' dir='ltr'><strong>illis</strong></span> <span class='ocrx_word' id='word_1_574' title='bbox 1335 3718 1518 3771; x_wconf 77' lang='lat' dir='ltr'><strong>datum</strong></span> <span class='ocrx_word' id='word_1_575' title='bbox 1564 3724 1666 3775; x_wconf 85' lang='lat' dir='ltr'><strong>est,</strong></span> <span class='ocrx_word' id='word_1_576' title='bbox 1700 3718 1946 3766; x_wconf 89' lang='lat' dir='ltr'><strong>cernunt.</strong></span> 
     </span>
    </p>
   </div>
   <div class='ocr_carea' id='block_1_54' title="bbox 369 3808 1943 3895">
    <p class='ocr_par' dir='ltr' id='par_1_54' title="bbox 369 3808 1943 3895">
     <span class='ocr_line' id='line_1_69' title="bbox 369 3808 1943 3895; baseline -0.019 -13"><span class='ocrx_word' id='word_1_577' title='bbox 369 3826 474 3895; x_wconf 85' lang='lat' dir='ltr'><strong>ipsi</strong></span> <span class='ocrx_word' id='word_1_578' title='bbox 506 3826 668 3886; x_wconf 88' lang='lat' dir='ltr'><strong>enim,</strong></span> <span class='ocrx_word' id='word_1_579' title='bbox 698 3821 836 3874; x_wconf 86' lang='lat' dir='ltr'><strong>sicut</strong></span> <span class='ocrx_word' id='word_1_580' title='bbox 866 3827 1154 3883; x_wconf 90' lang='lat' dir='ltr'><strong>utrumque</strong></span> <span class='ocrx_word' id='word_1_581' title='bbox 1185 3825 1336 3864; x_wconf 87' lang='lat' dir='ltr'><strong>sacra</strong></span> <span class='ocrx_word' id='word_1_582' title='bbox 1368 3808 1647 3876; x_wconf 86' lang='lat' dir='ltr'><strong>Scriptura</strong></span> <span class='ocrx_word' id='word_1_583' title='bbox 1696 3808 1943 3860; x_wconf 87' lang='lat' dir='ltr'><strong>testatur,</strong></span> 
     </span>
    </p>
   </div>
   <div class='ocr_carea' id='block_1_55' title="bbox 371 3903 1952 3976">
    <p class='ocr_par' dir='ltr' id='par_1_55' title="bbox 371 3903 1952 3976">
     <span class='ocr_line' id='line_1_70' title="bbox 371 3903 1952 3976; baseline -0.02 -2"><span class='ocrx_word' id='word_1_584' title='bbox 371 3929 425 3974; x_wconf 91' lang='lat' dir='ltr'><strong>et</strong></span> <span class='ocrx_word' id='word_1_585' title='bbox 471 3917 656 3971; x_wconf 79' lang='lat' dir='ltr'><strong>faciem</strong></span> <span class='ocrx_word' id='word_1_586' title='bbox 710 3911 885 3966; x_wconf 84' lang='lat' dir='ltr'><strong>Patris</strong></span> <span class='ocrx_word' id='word_1_587' title='bbox 934 3905 1169 3976; x_wconf 84' lang='lat' dir='ltr'><strong>quotidie</strong></span> <span class='ocrx_word' id='word_1_588' title='bbox 1219 3908 1470 3963; x_wconf 90' lang='lat' dir='ltr'><strong>cernunt,</strong></span> <span class='ocrx_word' id='word_1_589' title='bbox 1522 3904 1575 3950; x_wconf 92' lang='lat' dir='ltr'><strong>et</strong></span> <span class='ocrx_word' id='word_1_590' title='bbox 1621 3903 1679 3947; x_wconf 89' lang='lat' dir='ltr'><strong>ut</strong></span> <span class='ocrx_word' id='word_1_591' title='bbox 1726 3903 1952 3946; x_wconf 90' lang='lat' dir='ltr'><strong>cernere</strong></span> 
     </span>
    </p>
   </div>
   <div class='ocr_carea' id='block_1_56' title="bbox 375 3990 1956 4081">
    <p class='ocr_par' dir='ltr' id='par_1_56' title="bbox 375 3990 1956 4081">
     <span class='ocr_line' id='line_1_71' title="bbox 375 3990 1956 4081; baseline -0.02 -16"><span class='ocrx_word' id='word_1_592' title='bbox 375 4011 584 4081; x_wconf 87' lang='lat' dir='ltr'><strong>possint</strong></span> <span class='ocrx_word' id='word_1_593' title='bbox 628 4005 1035 4072; x_wconf 77' lang='lat' dir='ltr'><strong>Concupiscunt.</strong></span> <span class='ocrx_word' id='word_1_594' title='bbox 1088 3999 1272 4065; x_wconf 83' lang='lat' dir='ltr'><strong>Magna</strong></span> <span class='ocrx_word' id='word_1_595' title='bbox 1328 4003 1475 4048; x_wconf 85' lang='lat' dir='ltr'><strong>certe</strong></span> <span class='ocrx_word' id='word_1_596' title='bbox 1503 3990 1605 4053; x_wconf 86' lang='lat' dir='ltr'><strong>vis,</strong></span> <span class='ocrx_word' id='word_1_597' title='bbox 1659 3995 1956 4054; x_wconf 86' lang='lat' dir='ltr'><strong>magnaque</strong></span> 
     </span>
    </p>
   </div>
   <div class='ocr_carea' id='block_1_57' title="bbox 377 4072 1960 4163">
    <p class='ocr_par' dir='ltr' id='par_1_57' title="bbox 377 4072 1960 4163">
     <span class='ocr_line' id='line_1_72' title="bbox 377 4072 1960 4163; baseline -0.023 -3"><span class='ocrx_word' id='word_1_598' title='bbox 377 4106 513 4160; x_wconf 87' lang='lat' dir='ltr'><strong>lucis</strong></span> <span class='ocrx_word' id='word_1_599' title='bbox 548 4098 818 4155; x_wconf 88' lang='lat' dir='ltr'><strong>interioris</strong></span> <span class='ocrx_word' id='word_1_600' title='bbox 851 4094 1106 4163; x_wconf 89' lang='lat' dir='ltr'><strong>potentia,</strong></span> <span class='ocrx_word' id='word_1_601' title='bbox 1142 4104 1261 4160; x_wconf 75' lang='lat' dir='ltr'><strong>quae</strong></span> <span class='ocrx_word' id='word_1_602' title='bbox 1292 4096 1487 4139; x_wconf 87' lang='lat' dir='ltr'><strong>tantam</strong></span> <span class='ocrx_word' id='word_1_603' title='bbox 1519 4084 1691 4134; x_wconf 90' lang='lat' dir='ltr'><strong>lucem</strong></span> <span class='ocrx_word' id='word_1_604' title='bbox 1725 4072 1960 4145; x_wconf 79' lang='lat' dir='ltr'><strong>profudit</strong></span> 
     </span>
    </p>
   </div>
   <div class='ocr_carea' id='block_1_58' title="bbox 382 4167 1961 4259">
    <p class='ocr_par' dir='ltr' id='par_1_58' title="bbox 382 4167 1961 4259">
     <span class='ocr_line' id='line_1_73' title="bbox 382 4167 1961 4259; baseline -0.022 -7"><span class='ocrx_word' id='word_1_605' title='bbox 382 4195 634 4259; x_wconf 80' lang='lat' dir='ltr'><strong>exterius,</strong></span> <span class='ocrx_word' id='word_1_606' title='bbox 668 4200 725 4245; x_wconf 92' lang='lat' dir='ltr'><strong>ut</strong></span> <span class='ocrx_word' id='word_1_607' title='bbox 775 4188 906 4258; x_wconf 85' lang='lat' dir='ltr'><strong>ipsis</strong></span> <span class='ocrx_word' id='word_1_608' title='bbox 951 4185 1107 4240; x_wconf 90' lang='lat' dir='ltr'><strong>etiam</strong></span> <span class='ocrx_word' id='word_1_609' title='bbox 1141 4181 1378 4236; x_wconf 90' lang='lat' dir='ltr'><strong>vestibus</strong></span> <span class='ocrx_word' id='word_1_610' title='bbox 1425 4175 1646 4244; x_wconf 82' lang='lat' dir='ltr'><strong>gloriam</strong></span> <span class='ocrx_word' id='word_1_611' title='bbox 1702 4167 1961 4222; x_wconf 86' lang='lat' dir='ltr'><strong>tribueret</strong></span> 
     </span>
    </p>
   </div>
   <div class='ocr_carea' id='block_1_59' title="bbox 381 4258 1961 4352">
    <p class='ocr_par' dir='ltr' id='par_1_59' title="bbox 381 4258 1961 4352">
     <span class='ocr_line' id='line_1_74' title="bbox 381 4258 1961 4352; baseline -0.022 -9"><span class='ocrx_word' id='word_1_612' title='bbox 381 4301 619 4343; x_wconf 63' lang='lat' dir='ltr'><strong>coruscae</strong></span> <span class='ocrx_word' id='word_1_613' title='bbox 649 4278 962 4352; x_wconf 86' lang='lat' dir='ltr'><strong>majestatis.</strong></span> <span class='ocrx_word' id='word_1_614' title='bbox 997 4275 1077 4331; x_wconf 79' lang='lat' dir='ltr'><strong>Ab</strong></span> <span class='ocrx_word' id='word_1_615' title='bbox 1117 4274 1208 4328; x_wconf 89' lang='lat' dir='ltr'><strong>illa</strong></span> <span class='ocrx_word' id='word_1_616' title='bbox 1241 4272 1381 4334; x_wconf 88' lang='lat' dir='ltr'><strong>luce,</strong></span> <span class='ocrx_word' id='word_1_617' title='bbox 1414 4260 1751 4321; x_wconf 80' lang='lat' dir='ltr'><strong>dilectissimi</strong></span> <span class='ocrx_word' id='word_1_618' title='bbox 1783 4258 1961 4321; x_wconf 89' lang='lat' dir='ltr'><strong>nobis,</strong></span> 
     </span>
    </p>
   </div>
   <div class='ocr_carea' id='block_1_60' title="bbox 383 4349 1966 4433">
    <p class='ocr_par' dir='ltr' id='par_1_60' title="bbox 383 4349 1966 4433">
     <span class='ocr_line' id='line_1_75' title="bbox 383 4349 1966 4433; baseline -0.022 0"><span class='ocrx_word' id='word_1_619' title='bbox 383 4381 450 4433; x_wconf 85' lang='lat' dir='ltr'><strong>ab</strong></span> <span class='ocrx_word' id='word_1_620' title='bbox 480 4378 566 4432; x_wconf 90' lang='lat' dir='ltr'><strong>illa</strong></span> <span class='ocrx_word' id='word_1_621' title='bbox 606 4373 971 4431; x_wconf 88' lang='lat' dir='ltr'><strong>illuminautur</strong></span> <span class='ocrx_word' id='word_1_622' title='bbox 999 4376 1188 4422; x_wconf 89' lang='lat' dir='ltr'><strong>cuncta</strong></span> <span class='ocrx_word' id='word_1_623' title='bbox 1231 4377 1350 4433; x_wconf 56' lang='lat' dir='ltr'><strong>quae.</strong></span> <span class='ocrx_word' id='word_1_624' title='bbox 1385 4361 1581 4420; x_wconf 90' lang='lat' dir='ltr'><strong>lucent,</strong></span> <span class='ocrx_word' id='word_1_625' title='bbox 1612 4353 1690 4407; x_wconf 86' lang='lat' dir='ltr'><strong>sul</strong></span> <span class='ocrx_word' id='word_1_626' title='bbox 1723 4349 1966 4403; x_wconf 89' lang='lat' dir='ltr'><strong>videlicet</strong></span> 
     </span>
    </p>
   </div>
   <div class='ocr_carea' id='block_1_61' title="bbox 387 4440 1967 4533">
    <p class='ocr_par' dir='ltr' id='par_1_61' title="bbox 387 4440 1967 4533">
     <span class='ocr_line' id='line_1_76' title="bbox 387 4440 1967 4533; baseline -0.022 -6"><span class='ocrx_word' id='word_1_627' title='bbox 387 4471 652 4533; x_wconf 75' lang='lat' dir='ltr'><strong>cxtetius,</strong></span> <span class='ocrx_word' id='word_1_628' title='bbox 707 4469 831 4520; x_wconf 86' lang='lat' dir='ltr'><strong>luna</strong></span> <span class='ocrx_word' id='word_1_629' title='bbox 888 4457 1049 4531; x_wconf 70' lang='lat' dir='ltr'><strong>atque</strong></span> <span class='ocrx_word' id='word_1_630' title='bbox 1096 4457 1296 4519; x_wconf 66' lang='lat' dir='ltr'><strong>stellae;</strong></span> <span class='ocrx_word' id='word_1_631' title='bbox 1347 4449 1521 4520; x_wconf 88' lang='lat' dir='ltr'><strong>angeli</strong></span> <span class='ocrx_word' id='word_1_632' title='bbox 1569 4460 1696 4499; x_wconf 90' lang='lat' dir='ltr'><strong>vero</strong></span> <span class='ocrx_word' id='word_1_633' title='bbox 1744 4440 1967 4496; x_wconf 88' lang='lat' dir='ltr'><strong>interius</strong></span> 
     </span>
    </p>
   </div>
   <div class='ocr_carea' id='block_1_62' title="bbox 389 4537 2050 4633">
    <p class='ocr_par' dir='ltr' id='par_1_62' title="bbox 389 4537 2050 4633">
     <span class='ocr_line' id='line_1_77' title="bbox 389 4537 2050 4633; baseline -0.018 -15"><span class='ocrx_word' id='word_1_634' title='bbox 389 4574 550 4633; x_wconf 84' lang='lat' dir='ltr'><strong>atque</strong></span> <span class='ocrx_word' id='word_1_635' title='bbox 579 4563 772 4614; x_wconf 72' lang='lat' dir='ltr'><strong>anima:</strong></span> <span class='ocrx_word' id='word_1_636' title='bbox 801 4558 1072 4611; x_wconf 65' lang='lat' dir='ltr'><strong>humanae.</strong></span> <span class='ocrx_word' id='word_1_637' title='bbox 1106 4554 1357 4607; x_wconf 81' lang='lat' dir='ltr'><strong>Miramur</strong></span> <span class='ocrx_word' id='word_1_638' title='bbox 1383 4551 1561 4616; x_wconf 87' lang='lat' dir='ltr'><strong>itaque</strong></span> <span class='ocrx_word' id='word_1_639' title='bbox 1590 4538 1869 4596; x_wconf 90' lang='lat' dir='ltr'><strong>Dominum</strong></span> <span class='ocrx_word' id='word_1_640' title='bbox 1915 4537 1964 4590; x_wconf 90' lang='lat' dir='ltr'><strong>in</strong></span> <span class='ocrx_word' id='word_1_641' title='bbox 1997 4555 2050 4613; x_wconf 77' lang='grc' dir='ltr'><strong>ι)</strong></span> 
     </span>
    </p>
   </div>
   <div class='ocr_carea' id='block_1_63' title="bbox 2032 2575 3608 2664">
    <p class='ocr_par' dir='ltr' id='par_1_63' title="bbox 2032 2575 3608 2664">
     <span class='ocr_line' id='line_1_78' title="bbox 2032 2575 3608 2664; baseline -0.021 -4"><span class='ocrx_word' id='word_1_642' title='bbox 2032 2603 2330 2660; x_wconf 86' lang='lat' dir='ltr'><strong>mirandum</strong></span> <span class='ocrx_word' id='word_1_643' title='bbox 2359 2600 2414 2654; x_wconf 92' lang='lat' dir='ltr'><strong>in</strong></span> <span class='ocrx_word' id='word_1_644' title='bbox 2434 2575 2673 2652; x_wconf 40' lang='lat' dir='ltr'><strong>&#39;Domino</strong></span> <span class='ocrx_word' id='word_1_645' title='bbox 2705 2593 2844 2664; x_wconf 91' lang='lat' dir='ltr'><strong>quod</strong></span> <span class='ocrx_word' id='word_1_646' title='bbox 2879 2588 3151 2661; x_wconf 68' lang='lat' dir='ltr'><strong>prmtessit</strong></span> <span class='ocrx_word' id='word_1_647' title='bbox 3176 2584 3410 2653; x_wconf 88' lang='lat' dir='ltr'><strong>quolibet</strong></span> <span class='ocrx_word' id='word_1_648' title='bbox 3439 2579 3491 2631; x_wconf 90' lang='lat' dir='ltr'><strong>in</strong></span> <span class='ocrx_word' id='word_1_649' title='bbox 3523 2575 3608 2629; x_wconf 80' lang='lat' dir='ltr'><strong>fa-</strong></span> 
     </span>
    </p>
   </div>
   <div class='ocr_carea' id='block_1_64' title="bbox 2033 2681 3612 2760">
    <p class='ocr_par' dir='ltr' id='par_1_64' title="bbox 2033 2681 3612 2760">
     <span class='ocr_line' id='line_1_79' title="bbox 2033 2681 3612 2760; baseline -0.02 -8"><span class='ocrx_word' id='word_1_650' title='bbox 2033 2698 2208 2760; x_wconf 85' lang='lat' dir='ltr'><strong>mulo,</strong></span> <span class='ocrx_word' id='word_1_651' title='bbox 2243 2693 2522 2747; x_wconf 82' lang='lat' dir='ltr'><strong>videamus</strong></span> <span class='ocrx_word' id='word_1_652' title='bbox 2549 2699 2798 2743; x_wconf 88' lang='lat' dir='ltr'><strong>utrumne</strong></span> <span class='ocrx_word' id='word_1_653' title='bbox 2832 2698 3078 2752; x_wconf 83' lang='lat' dir='ltr'><strong>magnum</strong></span> <span class='ocrx_word' id='word_1_654' title='bbox 3108 2681 3267 2734; x_wconf 89' lang='lat' dir='ltr'><strong>lateat</strong></span> <span class='ocrx_word' id='word_1_655' title='bbox 3305 2683 3612 2728; x_wconf 79' lang='lat' dir='ltr'><strong>sacramen-</strong></span> 
     </span>
    </p>
   </div>
   <div class='ocr_carea' id='block_1_65' title="bbox 2036 2761 3608 2850">
    <p class='ocr_par' dir='ltr' id='par_1_65' title="bbox 2036 2761 3608 2850">
     <span class='ocr_line' id='line_1_80' title="bbox 2036 2761 3608 2850; baseline -0.017 -10"><span class='ocrx_word' id='word_1_656' title='bbox 2036 2797 2146 2840; x_wconf 82' lang='lat' dir='ltr'><strong>tum</strong></span> <span class='ocrx_word' id='word_1_657' title='bbox 2172 2785 2225 2839; x_wconf 90' lang='lat' dir='ltr'><strong>in</strong></span> <span class='ocrx_word' id='word_1_658' title='bbox 2258 2783 2361 2837; x_wconf 93' lang='lat' dir='ltr'><strong>hoc</strong></span> <span class='ocrx_word' id='word_1_659' title='bbox 2389 2780 2813 2850; x_wconf 87' lang='lat' dir='ltr'><strong>quadragenario</strong></span> <span class='ocrx_word' id='word_1_660' title='bbox 2843 2778 3050 2829; x_wconf 88' lang='lat' dir='ltr'><strong>dierum</strong></span> <span class='ocrx_word' id='word_1_661' title='bbox 3084 2783 3329 2824; x_wconf 89' lang='lat' dir='ltr'><strong>numero.</strong></span> <span class='ocrx_word' id='word_1_662' title='bbox 3362 2761 3608 2830; x_wconf 81' lang='lat' dir='ltr'><strong>Nunquid</strong></span> 
     </span>
    </p>
   </div>
   <div class='ocr_carea' id='block_1_66' title="bbox 2034 2853 3614 2930">
    <p class='ocr_par' dir='ltr' id='par_1_66' title="bbox 2034 2853 3614 2930">
     <span class='ocr_line' id='line_1_81' title="bbox 2034 2853 3614 2930; baseline -0.016 0"><span class='ocrx_word' id='word_1_663' title='bbox 2034 2877 2176 2930; x_wconf 87' lang='lat' dir='ltr'><strong>enim</strong></span> <span class='ocrx_word' id='word_1_664' title='bbox 2233 2871 2450 2928; x_wconf 78' lang='lat' dir='ltr'><strong>difﬁcile</strong></span> <span class='ocrx_word' id='word_1_665' title='bbox 2504 2869 2784 2923; x_wconf 88' lang='lat' dir='ltr'><strong>videbatur</strong></span> <span class='ocrx_word' id='word_1_666' title='bbox 2855 2863 3084 2918; x_wconf 92' lang='lat' dir='ltr'><strong>Domino</strong></span> <span class='ocrx_word' id='word_1_667' title='bbox 3139 2860 3203 2913; x_wconf 89' lang='lat' dir='ltr'><strong>ad</strong></span> <span class='ocrx_word' id='word_1_668' title='bbox 3260 2866 3472 2910; x_wconf 86' lang='lat' dir='ltr'><strong>centum</strong></span> <span class='ocrx_word' id='word_1_669' title='bbox 3528 2853 3614 2905; x_wconf 85' lang='lat' dir='ltr'><strong>vel</strong></span> 
     </span>
    </p>
   </div>
   <div class='ocr_carea' id='block_1_67' title="bbox 2041 2943 3616 3024">
    <p class='ocr_par' dir='ltr' id='par_1_67' title="bbox 2041 2943 3616 3024">
     <span class='ocr_line' id='line_1_82' title="bbox 2041 2943 3616 3024; baseline -0.018 -3"><span class='ocrx_word' id='word_1_670' title='bbox 2041 2965 2186 3021; x_wconf 91' lang='lat' dir='ltr'><strong>mille</strong></span> <span class='ocrx_word' id='word_1_671' title='bbox 2230 2964 2347 3019; x_wconf 88' lang='lat' dir='ltr'><strong>dies</strong></span> <span class='ocrx_word' id='word_1_672' title='bbox 2397 2960 2692 3016; x_wconf 79' lang='lat' dir='ltr'><strong>extendere</strong></span> <span class='ocrx_word' id='word_1_673' title='bbox 2736 2955 3024 3024; x_wconf 89' lang='lat' dir='ltr'><strong>jejunium,</strong></span> <span class='ocrx_word' id='word_1_674' title='bbox 3055 2951 3144 3018; x_wconf 91' lang='lat' dir='ltr'><strong>qui</strong></span> <span class='ocrx_word' id='word_1_675' title='bbox 3177 2947 3399 3001; x_wconf 82' lang='lat' dir='ltr'><strong>dederat</strong></span> <span class='ocrx_word' id='word_1_676' title='bbox 3446 2943 3616 2995; x_wconf 86' lang='lat' dir='ltr'><strong>servis</strong></span> 
     </span>
    </p>
   </div>
   <div class='ocr_carea' id='block_1_68' title="bbox 2040 3033 3618 3126">
    <p class='ocr_par' dir='ltr' id='par_1_68' title="bbox 2040 3033 3618 3126">
     <span class='ocr_line' id='line_1_83' title="bbox 2040 3033 3618 3126; baseline -0.02 -13"><span class='ocrx_word' id='word_1_677' title='bbox 2040 3070 2097 3113; x_wconf 90' lang='lat' dir='ltr'><strong>ut</strong></span> <span class='ocrx_word' id='word_1_678' title='bbox 2147 3055 2492 3126; x_wconf 82' lang='lat' dir='ltr'><strong>quadraginta</strong></span> <span class='ocrx_word' id='word_1_679' title='bbox 2545 3050 2832 3104; x_wconf 86' lang='lat' dir='ltr'><strong>transirent</strong></span> <span class='ocrx_word' id='word_1_680' title='bbox 2882 3045 2999 3098; x_wconf 91' lang='lat' dir='ltr'><strong>sine</strong></span> <span class='ocrx_word' id='word_1_681' title='bbox 3028 3039 3323 3108; x_wconf 83' lang='lat' dir='ltr'><strong>corporalis</strong></span> <span class='ocrx_word' id='word_1_682' title='bbox 3367 3033 3469 3088; x_wconf 87' lang='lat' dir='ltr'><strong>cibi</strong></span> <span class='ocrx_word' id='word_1_683' title='bbox 3515 3033 3618 3084; x_wconf 83' lang='lat' dir='ltr'><strong>sti-</strong></span> 
     </span>
    </p>
   </div>
   <div class='ocr_carea' id='block_1_69' title="bbox 2045 3125 3621 3220">
    <p class='ocr_par' dir='ltr' id='par_1_69' title="bbox 2045 3125 3621 3220">
     <span class='ocr_line' id='line_1_84' title="bbox 2045 3125 3621 3220; baseline -0.02 -16"><span class='ocrx_word' id='word_1_684' title='bbox 2045 3125 2274 3220; x_wconf 87' lang='lat' dir='ltr'><strong>pendio?</strong></span> <span class='ocrx_word' id='word_1_685' title='bbox 2326 3145 2454 3212; x_wconf 84' lang='lat' dir='ltr'><strong>Quis</strong></span> <span class='ocrx_word' id='word_1_686' title='bbox 2511 3154 2639 3209; x_wconf 88' lang='lat' dir='ltr'><strong>ergo</strong></span> <span class='ocrx_word' id='word_1_687' title='bbox 2688 3153 2792 3192; x_wconf 91' lang='lat' dir='ltr'><strong>non</strong></span> <span class='ocrx_word' id='word_1_688' title='bbox 2848 3133 3068 3188; x_wconf 84' lang='lat' dir='ltr'><strong>oll&#39;endit</strong></span> <span class='ocrx_word' id='word_1_689' title='bbox 3116 3130 3170 3183; x_wconf 86' lang='lat' dir='ltr'><strong>in</strong></span> <span class='ocrx_word' id='word_1_690' title='bbox 3228 3126 3368 3180; x_wconf 82' lang='lat' dir='ltr'><strong>facto</strong></span> <span class='ocrx_word' id='word_1_691' title='bbox 3398 3125 3516 3192; x_wconf 90' lang='lat' dir='ltr'><strong>plus</strong></span> <span class='ocrx_word' id='word_1_692' title='bbox 3562 3135 3621 3174; x_wconf 88' lang='lat' dir='ltr'><strong>se</strong></span> 
     </span>
    </p>
   </div>
   <div class='ocr_carea' id='block_1_70' title="bbox 2045 3211 3619 3312">
    <p class='ocr_par' dir='ltr' id='par_1_70' title="bbox 2045 3211 3619 3312">
     <span class='ocr_line' id='line_1_85' title="bbox 2045 3211 3619 3312; baseline -0.022 -16"><span class='ocrx_word' id='word_1_693' title='bbox 2045 3255 2202 3312; x_wconf 86' lang='lat' dir='ltr'><strong>posse</strong></span> <span class='ocrx_word' id='word_1_694' title='bbox 2226 3237 2466 3308; x_wconf 86' lang='lat' dir='ltr'><strong>jejunare</strong></span> <span class='ocrx_word' id='word_1_695' title='bbox 2495 3245 2656 3301; x_wconf 88' lang='lat' dir='ltr'><strong>quam</strong></span> <span class='ocrx_word' id='word_1_696' title='bbox 2699 3241 2912 3290; x_wconf 89' lang='lat' dir='ltr'><strong>servus,</strong></span> <span class='ocrx_word' id='word_1_697' title='bbox 2948 3224 3046 3274; x_wconf 91' lang='lat' dir='ltr'><strong>nisi</strong></span> <span class='ocrx_word' id='word_1_698' title='bbox 3081 3221 3201 3289; x_wconf 85' lang='lat' dir='ltr'><strong>quia</strong></span> <span class='ocrx_word' id='word_1_699' title='bbox 3248 3232 3342 3284; x_wconf 82' lang='lat' dir='ltr'><strong>per</strong></span> <span class='ocrx_word' id='word_1_700' title='bbox 3370 3211 3619 3268; x_wconf 90' lang='lat' dir='ltr'><strong>eumdem</strong></span> 
     </span>
    </p>
   </div>
   <div class='ocr_carea' id='block_1_71' title="bbox 2045 3303 3621 3388">
    <p class='ocr_par' dir='ltr' id='par_1_71' title="bbox 2045 3303 3621 3388">
     <span class='ocr_line' id='line_1_86' title="bbox 2045 3303 3621 3388; baseline -0.023 0"><span class='ocrx_word' id='word_1_701' title='bbox 2045 3334 2256 3388; x_wconf 91' lang='lat' dir='ltr'><strong>dierum</strong></span> <span class='ocrx_word' id='word_1_702' title='bbox 2314 3338 2634 3386; x_wconf 88' lang='lat' dir='ltr'><strong>nttmerum,</strong></span> <span class='ocrx_word' id='word_1_703' title='bbox 2694 3334 2798 3372; x_wconf 90' lang='lat' dir='ltr'><strong>non</strong></span> <span class='ocrx_word' id='word_1_704' title='bbox 2856 3324 2964 3368; x_wconf 86' lang='lat' dir='ltr'><strong>tam</strong></span> <span class='ocrx_word' id='word_1_705' title='bbox 3012 3311 3225 3364; x_wconf 88' lang='lat' dir='ltr'><strong>virtutis</strong></span> <span class='ocrx_word' id='word_1_706' title='bbox 3282 3303 3621 3364; x_wconf 85' lang='lat' dir='ltr'><strong>miraculum,</strong></span> 
     </span>
    </p>
   </div>
   <div class='ocr_carea' id='block_1_72' title="bbox 2047 3392 3624 3493">
    <p class='ocr_par' dir='ltr' id='par_1_72' title="bbox 2047 3392 3624 3493">
     <span class='ocr_line' id='line_1_87' title="bbox 2047 3392 3624 3493; baseline -0.019 -20"><span class='ocrx_word' id='word_1_707' title='bbox 2047 3437 2208 3493; x_wconf 87' lang='lat' dir='ltr'><strong>quam</strong></span> <span class='ocrx_word' id='word_1_708' title='bbox 2239 3417 2449 3474; x_wconf 88' lang='lat' dir='ltr'><strong>virtutis</strong></span> <span class='ocrx_word' id='word_1_709' title='bbox 2478 3411 2797 3481; x_wconf 79' lang='lat' dir='ltr'><strong>exprimitur</strong></span> <span class='ocrx_word' id='word_1_710' title='bbox 2827 3399 3259 3459; x_wconf 86' lang='lat' dir='ltr'><strong>sacramentum?</strong></span> <span class='ocrx_word' id='word_1_711' title='bbox 3287 3396 3415 3462; x_wconf 81' lang='lat' dir='ltr'><strong>Quis</strong></span> <span class='ocrx_word' id='word_1_712' title='bbox 3463 3392 3624 3461; x_wconf 88' lang='lat' dir='ltr'><strong>igitur</strong></span> 
     </span>
    </p>
   </div>
   <div class='ocr_carea' id='block_1_73' title="bbox 2051 3483 3641 3580">
    <p class='ocr_par' dir='ltr' id='par_1_73' title="bbox 2051 3483 3641 3580">
     <span class='ocr_line' id='line_1_88' title="bbox 2051 3483 3641 3580; baseline -0.024 -10"><span class='ocrx_word' id='word_1_713' title='bbox 2051 3514 2254 3569; x_wconf 88' lang='lat' dir='ltr'><strong>nesciat</strong></span> <span class='ocrx_word' id='word_1_714' title='bbox 2297 3507 2561 3580; x_wconf 83' lang='lat' dir='ltr'><strong>geminam</strong></span> <span class='ocrx_word' id='word_1_715' title='bbox 2612 3515 2731 3557; x_wconf 85' lang='lat' dir='ltr'><strong>esse</strong></span> <span class='ocrx_word' id='word_1_716' title='bbox 2785 3500 2956 3568; x_wconf 79' lang='lat' dir='ltr'><strong>legem</strong></span> <span class='ocrx_word' id='word_1_717' title='bbox 3014 3492 3322 3554; x_wconf 80' lang='lat' dir='ltr'><strong>Mosaicam,</strong></span> <span class='ocrx_word' id='word_1_718' title='bbox 3386 3483 3641 3552; x_wconf 81' lang='lat' dir='ltr'><strong>atquein.</strong></span> 
     </span>
    </p>
   </div>
   <div class='ocr_carea' id='block_1_74' title="bbox 2052 3573 3628 3674">
    <p class='ocr_par' dir='ltr' id='par_1_74' title="bbox 2052 3573 3628 3674">
     <span class='ocr_line' id='line_1_89' title="bbox 2052 3573 3628 3674; baseline -0.023 -15"><span class='ocrx_word' id='word_1_719' title='bbox 2052 3601 2313 3674; x_wconf 87' lang='lat' dir='ltr'><strong>spirituali</strong></span> <span class='ocrx_word' id='word_1_720' title='bbox 2363 3599 2618 3664; x_wconf 75' lang='lat' dir='ltr'><strong>deralogo</strong></span> <span class='ocrx_word' id='word_1_721' title='bbox 2669 3590 2827 3646; x_wconf 89' lang='lat' dir='ltr'><strong>simul</strong></span> <span class='ocrx_word' id='word_1_722' title='bbox 2876 3597 2931 3641; x_wconf 89' lang='lat' dir='ltr'><strong>et</strong></span> <span class='ocrx_word' id='word_1_723' title='bbox 2979 3585 3314 3638; x_wconf 87' lang='lat' dir='ltr'><strong>victimarum</strong></span> <span class='ocrx_word' id='word_1_724' title='bbox 3367 3573 3628 3641; x_wconf 81' lang='lat' dir='ltr'><strong>obsequio</strong></span> 
     </span>
    </p>
   </div>
   <div class='ocr_carea' id='block_1_75' title="bbox 2054 3666 3630 3755">
    <p class='ocr_par' dir='ltr' id='par_1_75' title="bbox 2054 3666 3630 3755">
     <span class='ocr_line' id='line_1_90' title="bbox 2054 3666 3630 3755; baseline -0.021 -6"><span class='ocrx_word' id='word_1_725' title='bbox 2054 3687 2501 3749; x_wconf 85' lang='lat' dir='ltr'><strong>subtlistinctam?</strong></span> <span class='ocrx_word' id='word_1_726' title='bbox 2531 3686 2650 3755; x_wconf 88' lang='lat' dir='ltr'><strong>quia</strong></span> <span class='ocrx_word' id='word_1_727' title='bbox 2693 3684 2836 3736; x_wconf 88' lang='lat' dir='ltr'><strong>enim</strong></span> <span class='ocrx_word' id='word_1_728' title='bbox 2887 3677 3097 3748; x_wconf 79' lang='lat' dir='ltr'><strong>gemina</strong></span> <span class='ocrx_word' id='word_1_729' title='bbox 3144 3673 3213 3726; x_wconf 90' lang='lat' dir='ltr'><strong>sit</strong></span> <span class='ocrx_word' id='word_1_730' title='bbox 3261 3666 3448 3738; x_wconf 75' lang='lat' dir='ltr'><strong>legalis</strong></span> <span class='ocrx_word' id='word_1_731' title='bbox 3491 3678 3630 3733; x_wconf 79' lang='lat' dir='ltr'><strong>prte-</strong></span> 
     </span>
    </p>
   </div>
   <div class='ocr_carea' id='block_1_76' title="bbox 2057 3755 3634 3853">
    <p class='ocr_par' dir='ltr' id='par_1_76' title="bbox 2057 3755 3634 3853">
     <span class='ocr_line' id='line_1_91' title="bbox 2057 3755 3634 3853; baseline -0.021 -14"><span class='ocrx_word' id='word_1_732' title='bbox 2057 3783 2252 3853; x_wconf 89' lang='lat' dir='ltr'><strong>ceptio,</strong></span> <span class='ocrx_word' id='word_1_733' title='bbox 2295 3781 2419 3834; x_wconf 91' lang='lat' dir='ltr'><strong>hinc</strong></span> <span class='ocrx_word' id='word_1_734' title='bbox 2449 3777 2680 3831; x_wconf 78' lang='lat' dir='ltr'><strong>maxime</strong></span> <span class='ocrx_word' id='word_1_735' title='bbox 2710 3774 2896 3834; x_wconf 89' lang='lat' dir='ltr'><strong>claret,</strong></span> <span class='ocrx_word' id='word_1_736' title='bbox 2927 3783 3046 3822; x_wconf 89' lang='lat' dir='ltr'><strong>cum</strong></span> <span class='ocrx_word' id='word_1_737' title='bbox 3096 3776 3150 3820; x_wconf 91' lang='lat' dir='ltr'><strong>et</strong></span> <span class='ocrx_word' id='word_1_738' title='bbox 3193 3778 3260 3816; x_wconf 90' lang='lat' dir='ltr'><strong>ex</strong></span> <span class='ocrx_word' id='word_1_739' title='bbox 3310 3775 3415 3813; x_wconf 89' lang='lat' dir='ltr'><strong>uno</strong></span> <span class='ocrx_word' id='word_1_740' title='bbox 3453 3755 3634 3826; x_wconf 88' lang='lat' dir='ltr'><strong>perlici</strong></span> 
     </span>
    </p>
   </div>
   <div class='ocr_carea' id='block_1_77' title="bbox 2059 3843 3635 3932">
    <p class='ocr_par' dir='ltr' id='par_1_77' title="bbox 2059 3843 3635 3932">
     <span class='ocr_line' id='line_1_92' title="bbox 2059 3843 3635 3932; baseline -0.024 0"><span class='ocrx_word' id='word_1_741' title='bbox 2059 3877 2270 3932; x_wconf 85' lang='lat' dir='ltr'><strong>videtur</strong></span> <span class='ocrx_word' id='word_1_742' title='bbox 2315 3883 2369 3925; x_wconf 92' lang='lat' dir='ltr'><strong>et</strong></span> <span class='ocrx_word' id='word_1_743' title='bbox 2413 3885 2479 3923; x_wconf 85' lang='lat' dir='ltr'><strong>ex</strong></span> <span class='ocrx_word' id='word_1_744' title='bbox 2509 3869 2679 3920; x_wconf 91' lang='lat' dir='ltr'><strong>altero</strong></span> <span class='ocrx_word' id='word_1_745' title='bbox 2733 3872 3067 3928; x_wconf 79' lang='lat' dir='ltr'><strong>nequaquam</strong></span> <span class='ocrx_word' id='word_1_746' title='bbox 3126 3852 3418 3920; x_wconf 75' lang='lat' dir='ltr'><strong>perﬁcitur.</strong></span> <span class='ocrx_word' id='word_1_747' title='bbox 3475 3843 3635 3896; x_wconf 86' lang='lat' dir='ltr'><strong>David</strong></span> 
     </span>
    </p>
   </div>
   <div class='ocr_carea' id='block_1_78' title="bbox 2058 3941 3640 4034">
    <p class='ocr_par' dir='ltr' id='par_1_78' title="bbox 2058 3941 3640 4034">
     <span class='ocr_line' id='line_1_93' title="bbox 2058 3941 3640 4034; baseline -0.023 -16"><span class='ocrx_word' id='word_1_748' title='bbox 2058 3966 2254 4034; x_wconf 85' lang='lat' dir='ltr'><strong>quippe</strong></span> <span class='ocrx_word' id='word_1_749' title='bbox 2301 3959 2527 4013; x_wconf 90' lang='lat' dir='ltr'><strong>Domino</strong></span> <span class='ocrx_word' id='word_1_750' title='bbox 2574 3954 2706 4007; x_wconf 88' lang='lat' dir='ltr'><strong>dicit</strong></span> <span class='ocrx_word' id='word_1_751' title='bbox 2755 3969 2767 4002; x_wconf 89' lang='lat'>:</span> <span class='ocrx_word' id='word_1_752' title='bbox 2821 3948 2969 4000; x_wconf 85' lang='lat' dir='ltr'><strong>Viam</strong></span> <span class='ocrx_word' id='word_1_753' title='bbox 3021 3941 3386 3996; x_wconf 80' lang='lat' dir='ltr'><strong>mandatorum</strong></span> <span class='ocrx_word' id='word_1_754' title='bbox 3437 3944 3640 3986; x_wconf 83' lang='lat' dir='ltr'><strong>tuorum</strong></span> 
     </span>
    </p>
   </div>
   <div class='ocr_carea' id='block_1_79' title="bbox 2059 4021 3645 4121">
    <p class='ocr_par' dir='ltr' id='par_1_79' title="bbox 2059 4021 3645 4121">
     <span class='ocr_line' id='line_1_94' title="bbox 2059 4021 3645 4121; baseline -0.023 -12"><span class='ocrx_word' id='word_1_755' title='bbox 2059 4021 2262 4108; x_wconf 54' lang='lat' dir='ltr'><strong>euenit-3&#39;</strong></span> <span class='ocrx_word' id='word_1_756' title='bbox 2310 4047 2430 4121; x_wconf 86' lang='lat' dir='ltr'><strong>(Ps.</strong></span> <span class='ocrx_word' id='word_1_757' title='bbox 2479 4059 2668 4101; x_wconf 88' lang='lat' dir='ltr'><strong>cxvm.</strong></span> <span class='ocrx_word' id='word_1_758' title='bbox 2718 4041 2833 4108; x_wconf 57' lang='grc' dir='ltr'><strong>δᾶ).</strong></span> <span class='ocrx_word' id='word_1_759' title='bbox 2888 4039 2951 4090; x_wconf 76' lang='lat' dir='ltr'><strong>Et</strong></span> <span class='ocrx_word' id='word_1_760' title='bbox 3005 4045 3258 4086; x_wconf 86' lang='lat' dir='ltr'><strong>rursum:</strong></span> <span class='ocrx_word' id='word_1_761' title='bbox 3295 4027 3336 4079; x_wconf 83' lang='grc' dir='ltr'><em>Α</em></span> <span class='ocrx_word' id='word_1_762' title='bbox 3387 4021 3645 4076; x_wconf 80' lang='lat' dir='ltr'><strong>mandatis</strong></span> 
     </span>
    </p>
   </div>
   <div class='ocr_carea' id='block_1_80' title="bbox 2062 4113 3642 4203">
    <p class='ocr_par' dir='ltr' id='par_1_80' title="bbox 2062 4113 3642 4203">
     <span class='ocr_line' id='line_1_95' title="bbox 2062 4113 3642 4203; baseline -0.022 -6"><span class='ocrx_word' id='word_1_763' title='bbox 2062 4145 2161 4197; x_wconf 86' lang='lat' dir='ltr'><strong>tuis</strong></span> <span class='ocrx_word' id='word_1_764' title='bbox 2183 4157 2285 4194; x_wconf 89' lang='lat' dir='ltr'><strong>non</strong></span> <span class='ocrx_word' id='word_1_765' title='bbox 2315 4113 2564 4191; x_wconf 69' lang='lat' dir='ltr'><strong>declinavi</strong></span> <span class='ocrx_word' id='word_1_766' title='bbox 2595 4130 2760 4203; x_wconf 72' lang='lat' dir='ltr'><strong>(Ibid.</strong></span> <span class='ocrx_word' id='word_1_767' title='bbox 2797 4126 2943 4195; x_wconf 73' lang='lat'><strong>157).</strong></span> <span class='ocrx_word' id='word_1_768' title='bbox 2973 4123 3113 4177; x_wconf 91' lang='lat' dir='ltr'><strong>Ecce</strong></span> <span class='ocrx_word' id='word_1_769' title='bbox 3144 4114 3455 4185; x_wconf 86' lang='lat' dir='ltr'><strong>adiutpletio</strong></span> <span class='ocrx_word' id='word_1_770' title='bbox 3487 4113 3642 4179; x_wconf 87' lang='lat' dir='ltr'><strong>legis,</strong></span> 
     </span>
    </p>
   </div>
   <div class='ocr_carea' id='block_1_81' title="bbox 2064 4203 3642 4291">
    <p class='ocr_par' dir='ltr' id='par_1_81' title="bbox 2064 4203 3642 4291">
     <span class='ocr_line' id='line_1_96' title="bbox 2064 4203 3642 4291; baseline -0.024 -2"><span class='ocrx_word' id='word_1_771' title='bbox 2064 4235 2158 4288; x_wconf 87' lang='lat' dir='ltr'><strong>sed</strong></span> <span class='ocrx_word' id='word_1_772' title='bbox 2189 4231 2439 4286; x_wconf 88' lang='lat' dir='ltr'><strong>nimirum</strong></span> <span class='ocrx_word' id='word_1_773' title='bbox 2487 4223 2727 4291; x_wconf 87' lang='lat' dir='ltr'><strong>decalogi</strong></span> <span class='ocrx_word' id='word_1_774' title='bbox 2775 4216 3128 4286; x_wconf 70' lang='lat' dir='ltr'><strong>spiritalibus,</strong></span> <span class='ocrx_word' id='word_1_775' title='bbox 3177 4207 3473 4263; x_wconf 83' lang='lat' dir='ltr'><strong>secundum</strong></span> <span class='ocrx_word' id='word_1_776' title='bbox 3504 4203 3642 4270; x_wconf 85' lang='lat' dir='ltr'><strong>quod</strong></span> 
     </span>
    </p>
   </div>
   <div class='ocr_carea' id='block_1_82' title="bbox 2066 4296 3649 4394">
    <p class='ocr_par' dir='ltr' id='par_1_82' title="bbox 2066 4296 3649 4394">
     <span class='ocr_line' id='line_1_97' title="bbox 2066 4296 3649 4394; baseline -0.023 -12"><span class='ocrx_word' id='word_1_777' title='bbox 2066 4338 2122 4383; x_wconf 88' lang='lat' dir='ltr'><strong>et</strong></span> <span class='ocrx_word' id='word_1_778' title='bbox 2151 4324 2438 4394; x_wconf 83' lang='lat' dir='ltr'><strong>Apostolus</strong></span> <span class='ocrx_word' id='word_1_779' title='bbox 2485 4319 2656 4372; x_wconf 90' lang='lat' dir='ltr'><strong>dicit:</strong></span> <span class='ocrx_word' id='word_1_780' title='bbox 2691 4315 2798 4367; x_wconf 71' lang='lat' dir='ltr'><strong>Leo;</strong></span> <span class='ocrx_word' id='word_1_781' title='bbox 2840 4319 3042 4374; x_wconf 81' lang='lat' dir='ltr'><strong>sancta,</strong></span> <span class='ocrx_word' id='word_1_782' title='bbox 3090 4315 3135 4359; x_wconf 89' lang='lat' dir='ltr'><strong>et</strong></span> <span class='ocrx_word' id='word_1_783' title='bbox 3182 4303 3487 4356; x_wconf 81' lang='lat' dir='ltr'><strong>mandatum</strong></span> <span class='ocrx_word' id='word_1_784' title='bbox 3537 4296 3649 4365; x_wconf 83' lang='lat' dir='ltr'><strong>ejus</strong></span> 
     </span>
    </p>
   </div>
   <div class='ocr_carea' id='block_1_83' title="bbox 2070 4385 3652 4480">
    <p class='ocr_par' dir='ltr' id='par_1_83' title="bbox 2070 4385 3652 4480">
     <span class='ocr_line' id='line_1_98' title="bbox 2070 4385 3652 4480; baseline -0.025 -8"><span class='ocrx_word' id='word_1_785' title='bbox 2070 4425 2323 4480; x_wconf 83' lang='lat' dir='ltr'><strong>sanctum,</strong></span> <span class='ocrx_word' id='word_1_786' title='bbox 2355 4422 2401 4466; x_wconf 88' lang='lat' dir='ltr'><strong>et</strong></span> <span class='ocrx_word' id='word_1_787' title='bbox 2423 4411 2646 4480; x_wconf 82' lang='lat' dir='ltr'><strong>justum,</strong></span> <span class='ocrx_word' id='word_1_788' title='bbox 2689 4415 2737 4458; x_wconf 90' lang='lat' dir='ltr'><strong>et</strong></span> <span class='ocrx_word' id='word_1_789' title='bbox 2776 4403 2966 4456; x_wconf 84' lang='lat' dir='ltr'><strong>bonum</strong></span> <span class='ocrx_word' id='word_1_790' title='bbox 3005 4396 3285 4451; x_wconf 79' lang='lat' dir='ltr'><strong>secundum</strong></span> <span class='ocrx_word' id='word_1_791' title='bbox 3325 4387 3460 4458; x_wconf 78' lang='lat' dir='ltr'><strong>quod</strong></span> <span class='ocrx_word' id='word_1_792' title='bbox 3492 4395 3537 4438; x_wconf 88' lang='lat' dir='ltr'><strong>et</strong></span> <span class='ocrx_word' id='word_1_793' title='bbox 3565 4385 3652 4453; x_wconf 82' lang='lat' dir='ltr'><strong>qui</strong></span> 
     </span>
    </p>
   </div>
   <div class='ocr_carea' id='block_1_84' title="bbox 2077 4485 3654 4582">
    <p class='ocr_par' dir='ltr' id='par_1_84' title="bbox 2077 4485 3654 4582">
     <span class='ocr_line' id='line_1_99' title="bbox 2077 4485 3654 4582; baseline -0.024 -18"><span class='ocrx_word' id='word_1_794' title='bbox 2077 4509 2249 4582; x_wconf 75' lang='lat' dir='ltr'><strong>fecerit</strong></span> <span class='ocrx_word' id='word_1_795' title='bbox 2275 4523 2335 4560; x_wconf 84' lang='lat' dir='ltr'><strong>ea</strong></span> <span class='ocrx_word' id='word_1_796' title='bbox 2359 4505 2483 4558; x_wconf 84' lang='lat' dir='ltr'><strong>vivet</strong></span> <span class='ocrx_word' id='word_1_797' title='bbox 2522 4503 2576 4553; x_wconf 86' lang='lat' dir='ltr'><strong>in</strong></span> <span class='ocrx_word' id='word_1_798' title='bbox 2601 4500 2670 4552; x_wconf 87' lang='lat' dir='ltr'><strong>eis</strong></span> <span class='ocrx_word' id='word_1_799' title='bbox 2702 4496 2878 4566; x_wconf 80' lang='lat' dir='ltr'><strong>(Rom.</strong></span> <span class='ocrx_word' id='word_1_800' title='bbox 2912 4507 3002 4554; x_wconf 89' lang='lat' dir='ltr'><strong>vtt,</strong></span> <span class='ocrx_word' id='word_1_801' title='bbox 3037 4488 3150 4555; x_wconf 67' lang='lat'><strong>1&#39;2).</strong></span> <span class='ocrx_word' id='word_1_802' title='bbox 3198 4485 3386 4538; x_wconf 89' lang='lat' dir='ltr'><strong>Petrus</strong></span> <span class='ocrx_word' id='word_1_803' title='bbox 3413 4495 3444 4533; x_wconf 93' lang='lat' dir='ltr'><strong>e</strong></span> <span class='ocrx_word' id='word_1_804' title='bbox 3469 4486 3654 4531; x_wconf 74' lang='lat' dir='ltr'><strong>contra</strong></span> 
     </span>
    </p>
   </div>
   <div class='ocr_carea' id='block_1_85' title="bbox 2076 4581 3662 4663">
    <p class='ocr_par' dir='ltr' id='par_1_85' title="bbox 2076 4581 3662 4663">
     <span class='ocr_line' id='line_1_100' title="bbox 2076 4581 3662 4663; baseline -0.025 -7"><span class='ocrx_word' id='word_1_805' title='bbox 2076 4581 2151 4656; x_wconf 83' lang='lat' dir='ltr'><strong>ait</strong></span> <span class='ocrx_word' id='word_1_806' title='bbox 2184 4618 2196 4653; x_wconf 91' lang='lat'>:</span> <span class='ocrx_word' id='word_1_807' title='bbox 2229 4597 2366 4663; x_wconf 84' lang='lat' dir='ltr'><strong>Quid</strong></span> <span class='ocrx_word' id='word_1_808' title='bbox 2395 4593 2600 4648; x_wconf 85' lang='lat' dir='ltr'><strong>tentatis</strong></span> <span class='ocrx_word' id='word_1_809' title='bbox 2631 4589 2816 4648; x_wconf 82' lang='lat' dir='ltr'><strong>Deum,</strong></span> <span class='ocrx_word' id='word_1_810' title='bbox 2847 4586 3106 4647; x_wconf 83' lang='lat' dir='ltr'><strong>imponere</strong></span> <span class='ocrx_word' id='word_1_811' title='bbox 3140 4581 3330 4648; x_wconf 85' lang='lat' dir='ltr'><strong>jugum</strong></span> <span class='ocrx_word' id='word_1_812' title='bbox 3351 4587 3504 4642; x_wconf 80' lang='lat' dir='ltr'><strong>super</strong></span> <span class='ocrx_word' id='word_1_813' title='bbox 3548 4583 3662 4620; x_wconf 77' lang='lat' dir='ltr'><strong>rer-</strong></span> 
     </span>
    </p>
   </div>
   <div class='ocr_carea' id='block_1_86' title="bbox 390 4631 1970 4715">
    <p class='ocr_par' dir='ltr' id='par_1_86' title="bbox 390 4631 1970 4715">
     <span class='ocr_line' id='line_1_101' title="bbox 390 4631 1970 4715; baseline -0.02 -4"><span class='ocrx_word' id='word_1_814' title='bbox 390 4661 572 4711; x_wconf 86' lang='lat' dir='ltr'><strong>monte</strong></span> <span class='ocrx_word' id='word_1_815' title='bbox 599 4651 728 4706; x_wconf 90' lang='lat' dir='ltr'><strong>solis</strong></span> <span class='ocrx_word' id='word_1_816' title='bbox 773 4649 1012 4703; x_wconf 89' lang='lat' dir='ltr'><strong>claritate</strong></span> <span class='ocrx_word' id='word_1_817' title='bbox 1061 4643 1349 4715; x_wconf 81' lang='lat' dir='ltr'><strong>fulgentem</strong></span> <span class='ocrx_word' id='word_1_818' title='bbox 1397 4638 1678 4697; x_wconf 81' lang='lat' dir='ltr'><strong>exterius;</strong></span> <span class='ocrx_word' id='word_1_819' title='bbox 1714 4631 1970 4684; x_wconf 90' lang='lat' dir='ltr'><strong>miremur</strong></span> 
     </span>
    </p>
   </div>
   <div class='ocr_carea' id='block_1_87' title="bbox 392 4723 1972 4822">
    <p class='ocr_par' dir='ltr' id='par_1_87' title="bbox 392 4723 1972 4822">
     <span class='ocr_line' id='line_1_102' title="bbox 392 4723 1972 4822; baseline -0.022 -18"><span class='ocrx_word' id='word_1_820' title='bbox 392 4748 571 4822; x_wconf 90' lang='lat' dir='ltr'><strong>potius</strong></span> <span class='ocrx_word' id='word_1_821' title='bbox 614 4745 756 4799; x_wconf 88' lang='lat' dir='ltr'><strong>httnc</strong></span> <span class='ocrx_word' id='word_1_822' title='bbox 783 4740 1066 4796; x_wconf 88' lang='lat' dir='ltr'><strong>divinitate</strong></span> <span class='ocrx_word' id='word_1_823' title='bbox 1115 4741 1401 4790; x_wconf 87' lang='lat' dir='ltr'><strong>micantem</strong></span> <span class='ocrx_word' id='word_1_824' title='bbox 1451 4728 1696 4784; x_wconf 89' lang='lat' dir='ltr'><strong>interius.</strong></span> <span class='ocrx_word' id='word_1_825' title='bbox 1731 4723 1972 4775; x_wconf 81' lang='lat' dir='ltr'><strong>Venero-</strong></span> 
     </span>
    </p>
   </div>
   <div class='ocr_carea' id='block_1_88' title="bbox 395 4809 1976 4904">
    <p class='ocr_par' dir='ltr' id='par_1_88' title="bbox 395 4809 1976 4904">
     <span class='ocr_line' id='line_1_103' title="bbox 395 4809 1976 4904; baseline -0.021 -8"><span class='ocrx_word' id='word_1_826' title='bbox 395 4809 514 4896; x_wconf 73' lang='lat' dir='ltr'><strong>inur</strong></span> <span class='ocrx_word' id='word_1_827' title='bbox 544 4840 700 4894; x_wconf 86' lang='lat' dir='ltr'><strong>talem</strong></span> <span class='ocrx_word' id='word_1_828' title='bbox 748 4833 920 4904; x_wconf 88' lang='lat' dir='ltr'><strong>qualis</strong></span> <span class='ocrx_word' id='word_1_829' title='bbox 965 4831 1016 4883; x_wconf 92' lang='lat' dir='ltr'><strong>in</strong></span> <span class='ocrx_word' id='word_1_830' title='bbox 1068 4840 1251 4880; x_wconf 82' lang='lat' dir='ltr'><strong>monte</strong></span> <span class='ocrx_word' id='word_1_831' title='bbox 1281 4839 1461 4878; x_wconf 90' lang='lat' dir='ltr'><strong>coram</strong></span> <span class='ocrx_word' id='word_1_832' title='bbox 1495 4821 1665 4875; x_wconf 87' lang='lat' dir='ltr'><strong>tribus</strong></span> <span class='ocrx_word' id='word_1_833' title='bbox 1693 4809 1976 4882; x_wconf 83' lang='lat' dir='ltr'><strong>discipulis</strong></span> 
     </span>
    </p>
   </div>
   <div class='ocr_carea' id='block_1_89' title="bbox 396 4902 1977 5001">
    <p class='ocr_par' dir='ltr' id='par_1_89' title="bbox 396 4902 1977 5001">
     <span class='ocr_line' id='line_1_104' title="bbox 396 4902 1977 5001; baseline -0.02 -14"><span class='ocrx_word' id='word_1_834' title='bbox 396 4932 658 5001; x_wconf 87' lang='lat' dir='ltr'><strong>apparuit,</strong></span> <span class='ocrx_word' id='word_1_835' title='bbox 690 4925 1057 4982; x_wconf 82' lang='lat' dir='ltr'><strong>desideremus</strong></span> <span class='ocrx_word' id='word_1_836' title='bbox 1090 4918 1249 4972; x_wconf 87' lang='lat' dir='ltr'><strong>talem</strong></span> <span class='ocrx_word' id='word_1_837' title='bbox 1298 4914 1468 4983; x_wconf 88' lang='lat' dir='ltr'><strong>qualis</strong></span> <span class='ocrx_word' id='word_1_838' title='bbox 1516 4912 1569 4964; x_wconf 91' lang='lat' dir='ltr'><strong>in</strong></span> <span class='ocrx_word' id='word_1_839' title='bbox 1601 4909 1738 4964; x_wconf 68' lang='lat' dir='ltr'><strong>coelo</strong></span> <span class='ocrx_word' id='word_1_840' title='bbox 1769 4902 1977 4960; x_wconf 90' lang='lat' dir='ltr'><strong>cunctis</strong></span> 
     </span>
    </p>
   </div>
   <div class='ocr_carea' id='block_1_90' title="bbox 401 4998 1978 5082">
    <p class='ocr_par' dir='ltr' id='par_1_90' title="bbox 401 4998 1978 5082">
     <span class='ocr_line' id='line_1_105' title="bbox 401 4998 1978 5082; baseline -0.022 -1"><span class='ocrx_word' id='word_1_841' title='bbox 401 4998 612 5081; x_wconf 70' lang='lat' dir='ltr'><strong>tuendis</strong></span> <span class='ocrx_word' id='word_1_842' title='bbox 668 5018 920 5074; x_wconf 88' lang='lat' dir='ltr'><strong>cordibus</strong></span> <span class='ocrx_word' id='word_1_843' title='bbox 974 5009 1277 5082; x_wconf 85' lang='lat' dir='ltr'><strong>apparebit.</strong></span> <span class='ocrx_word' id='word_1_844' title='bbox 1337 5006 1401 5059; x_wconf 85' lang='lat' dir='ltr'><strong>Et</strong></span> <span class='ocrx_word' id='word_1_845' title='bbox 1457 5017 1641 5058; x_wconf 89' lang='lat' dir='ltr'><strong>revera</strong></span> <span class='ocrx_word' id='word_1_846' title='bbox 1699 4999 1872 5070; x_wconf 90' lang='lat' dir='ltr'><strong>qualis</strong></span> <span class='ocrx_word' id='word_1_847' title='bbox 1927 4998 1978 5048; x_wconf 92' lang='lat' dir='ltr'><strong>in</strong></span> 
     </span>
    </p>
   </div>
   <div class='ocr_carea' id='block_1_91' title="bbox 402 5085 1979 5179">
    <p class='ocr_par' dir='ltr' id='par_1_91' title="bbox 402 5085 1979 5179">
     <span class='ocr_line' id='line_1_106' title="bbox 402 5085 1979 5179; baseline -0.022 -9"><span class='ocrx_word' id='word_1_848' title='bbox 402 5123 583 5171; x_wconf 89' lang='lat' dir='ltr'><strong>monte</strong></span> <span class='ocrx_word' id='word_1_849' title='bbox 607 5112 737 5166; x_wconf 83' lang='lat' dir='ltr'><strong>loris</strong></span> <span class='ocrx_word' id='word_1_850' title='bbox 761 5107 1030 5179; x_wconf 88' lang='lat' dir='ltr'><strong>apparuit,</strong></span> <span class='ocrx_word' id='word_1_851' title='bbox 1063 5103 1223 5156; x_wconf 88' lang='lat' dir='ltr'><strong>talem</strong></span> <span class='ocrx_word' id='word_1_852' title='bbox 1271 5097 1410 5151; x_wconf 89' lang='lat' dir='ltr'><strong>hunc</strong></span> <span class='ocrx_word' id='word_1_853' title='bbox 1442 5094 1493 5146; x_wconf 93' lang='lat' dir='ltr'><strong>itt</strong></span> <span class='ocrx_word' id='word_1_854' title='bbox 1535 5093 1770 5146; x_wconf 80' lang='lat' dir='ltr'><strong>futurum</strong></span> <span class='ocrx_word' id='word_1_855' title='bbox 1802 5095 1857 5141; x_wconf 93' lang='lat' dir='ltr'><strong>et</strong></span> <span class='ocrx_word' id='word_1_856' title='bbox 1881 5085 1979 5152; x_wconf 85' lang='lat' dir='ltr'><strong>ipsi</strong></span> 
     </span>
    </p>
   </div>
   <div class='ocr_carea' id='block_1_92' title="bbox 403 5177 1983 5275">
    <p class='ocr_par' dir='ltr' id='par_1_92' title="bbox 403 5177 1983 5275">
     <span class='ocr_line' id='line_1_107' title="bbox 403 5177 1983 5275; baseline -0.023 -11"><span class='ocrx_word' id='word_1_857' title='bbox 403 5207 550 5275; x_wconf 83' lang='lat' dir='ltr'><strong>impii</strong></span> <span class='ocrx_word' id='word_1_858' title='bbox 581 5177 870 5264; x_wconf 85' lang='lat' dir='ltr'><strong>videbunt;</strong></span> <span class='ocrx_word' id='word_1_859' title='bbox 915 5197 1010 5251; x_wconf 89' lang='lat' dir='ltr'><strong>sed</strong></span> <span class='ocrx_word' id='word_1_860' title='bbox 1057 5195 1219 5275; x_wconf 80' lang='lat' dir='ltr'><strong>talem</strong></span> <span class='ocrx_word' id='word_1_861' title='bbox 1262 5187 1428 5260; x_wconf 81' lang='lat' dir='ltr'><strong>qualis</strong></span> <span class='ocrx_word' id='word_1_862' title='bbox 1478 5185 1621 5238; x_wconf 90' lang='lat' dir='ltr'><strong>intus</strong></span> <span class='ocrx_word' id='word_1_863' title='bbox 1669 5177 1983 5249; x_wconf 88' lang='lat' dir='ltr'><strong>permansit,</strong></span> 
     </span>
    </p>
   </div>
   <div class='ocr_carea' id='block_1_93' title="bbox 404 5267 1180 5358">
    <p class='ocr_par' dir='ltr' id='par_1_93' title="bbox 404 5267 1180 5358">
     <span class='ocr_line' id='line_1_108' title="bbox 404 5267 1180 5358; baseline -0.028 -1"><span class='ocrx_word' id='word_1_864' title='bbox 404 5316 511 5358; x_wconf 87' lang='lat' dir='ltr'><strong>non</strong></span> <span class='ocrx_word' id='word_1_865' title='bbox 539 5297 639 5352; x_wconf 89' lang='lat' dir='ltr'><strong>nisi</strong></span> <span class='ocrx_word' id='word_1_866' title='bbox 670 5292 809 5350; x_wconf 89' lang='lat' dir='ltr'><strong>beati</strong></span> <span class='ocrx_word' id='word_1_867' title='bbox 841 5267 1122 5343; x_wconf 59' lang='lat' dir='ltr'><strong>videbunt.</strong></span> <span class='ocrx_word' id='word_1_868' title='bbox 1178 5309 1180 5312; x_wconf 54' lang='grc' dir='ltr'>ν</span> 
     </span>
    </p>
   </div>
   <div class='ocr_carea' id='block_1_94' title="bbox 481 5352 1990 5445">
    <p class='ocr_par' dir='ltr' id='par_1_94' title="bbox 481 5352 1990 5445">
     <span class='ocr_line' id='line_1_109' title="bbox 481 5352 1990 5445; baseline -0.029 1"><span class='ocrx_word' id='word_1_869' title='bbox 481 5391 532 5445; x_wconf 91' lang='lat'><strong>8.</strong></span> <span class='ocrx_word' id='word_1_870' title='bbox 565 5389 748 5443; x_wconf 89' lang='lat' dir='ltr'><strong>Potest</strong></span> <span class='ocrx_word' id='word_1_871' title='bbox 821 5391 998 5436; x_wconf 87' lang='lat' dir='ltr'><strong>autem</strong></span> <span class='ocrx_word' id='word_1_872' title='bbox 1072 5389 1168 5443; x_wconf 91' lang='lat' dir='ltr'><strong>per</strong></span> <span class='ocrx_word' id='word_1_873' title='bbox 1217 5367 1532 5425; x_wconf 83' lang='lat' dir='ltr'><strong>vestimenta</strong></span> <span class='ocrx_word' id='word_1_874' title='bbox 1612 5352 1990 5423; x_wconf 79' lang='lat' dir='ltr'><strong>Redemptoris</strong></span> 
     </span>
    </p>
   </div>
   <div class='ocr_carea' id='block_1_95' title="bbox 410 5449 1986 5543">
    <p class='ocr_par' dir='ltr' id='par_1_95' title="bbox 410 5449 1986 5543">
     <span class='ocr_line' id='line_1_110' title="bbox 410 5449 1986 5543; baseline -0.032 -1"><span class='ocrx_word' id='word_1_875' title='bbox 410 5483 580 5543; x_wconf 80' lang='lat' dir='ltr'><strong>nostri</strong></span> <span class='ocrx_word' id='word_1_876' title='bbox 637 5479 771 5535; x_wconf 87' lang='lat' dir='ltr'><strong>nivis</strong></span> <span class='ocrx_word' id='word_1_877' title='bbox 822 5475 1056 5528; x_wconf 89' lang='lat' dir='ltr'><strong>candore</strong></span> <span class='ocrx_word' id='word_1_878' title='bbox 1110 5461 1388 5534; x_wconf 77' lang='lat' dir='ltr'><strong>fulgentia,</strong></span> <span class='ocrx_word' id='word_1_879' title='bbox 1439 5452 1666 5523; x_wconf 75' lang='lat' dir='ltr'><strong>exprimi</strong></span> <span class='ocrx_word' id='word_1_880' title='bbox 1716 5449 1986 5518; x_wconf 87' lang='lat' dir='ltr'><strong>justorutn</strong></span> 
     </span>
    </p>
   </div>
   <div class='ocr_carea' id='block_1_96' title="bbox 416 5544 1994 5638">
    <p class='ocr_par' dir='ltr' id='par_1_96' title="bbox 416 5544 1994 5638">
     <span class='ocr_line' id='line_1_111' title="bbox 416 5544 1994 5638; baseline -0.034 -3"><span class='ocrx_word' id='word_1_881' title='bbox 416 5576 678 5638; x_wconf 82' lang='lat' dir='ltr'><strong>Ecclesia,</strong></span> <span class='ocrx_word' id='word_1_882' title='bbox 712 5584 815 5624; x_wconf 90' lang='lat' dir='ltr'><strong>non</strong></span> <span class='ocrx_word' id='word_1_883' title='bbox 847 5563 1017 5634; x_wconf 89' lang='lat' dir='ltr'><strong>qualis</strong></span> <span class='ocrx_word' id='word_1_884' title='bbox 1061 5573 1199 5613; x_wconf 91' lang='lat' dir='ltr'><strong>nunc</strong></span> <span class='ocrx_word' id='word_1_885' title='bbox 1227 5564 1330 5619; x_wconf 86' lang='lat' dir='ltr'><strong>est,</strong></span> <span class='ocrx_word' id='word_1_886' title='bbox 1355 5551 1478 5620; x_wconf 87' lang='lat' dir='ltr'><strong>quia</strong></span> <span class='ocrx_word' id='word_1_887' title='bbox 1511 5547 1594 5598; x_wconf 67' lang='lat' dir='ltr'><strong>hic</strong></span> <span class='ocrx_word' id='word_1_888' title='bbox 1622 5544 1738 5596; x_wconf 90' lang='lat' dir='ltr'><strong>sine</strong></span> <span class='ocrx_word' id='word_1_889' title='bbox 1773 5544 1994 5604; x_wconf 87' lang='lat' dir='ltr'><strong>peccato</strong></span> 
     </span>
    </p>
   </div>
   <div class='ocr_carea' id='block_1_97' title="bbox 417 5627 1994 5728">
    <p class='ocr_par' dir='ltr' id='par_1_97' title="bbox 417 5627 1994 5728">
     <span class='ocr_line' id='line_1_112' title="bbox 417 5627 1994 5728; baseline -0.031 -5"><span class='ocrx_word' id='word_1_890' title='bbox 417 5682 522 5722; x_wconf 80' lang='lat' dir='ltr'><strong>non</strong></span> <span class='ocrx_word' id='word_1_891' title='bbox 572 5627 678 5728; x_wconf 65' lang='lat' dir='ltr'><strong>est,</strong></span> <span class='ocrx_word' id='word_1_892' title='bbox 709 5659 802 5716; x_wconf 88' lang='lat' dir='ltr'><strong>sed</strong></span> <span class='ocrx_word' id='word_1_893' title='bbox 835 5627 1007 5727; x_wconf 47' lang='lat' dir='ltr'><strong>q-ualis</strong></span> <span class='ocrx_word' id='word_1_894' title='bbox 1058 5652 1109 5705; x_wconf 88' lang='lat' dir='ltr'><strong>in</strong></span> <span class='ocrx_word' id='word_1_895' title='bbox 1163 5648 1397 5700; x_wconf 82' lang='lat' dir='ltr'><strong>futurum</strong></span> <span class='ocrx_word' id='word_1_896' title='bbox 1451 5639 1576 5700; x_wconf 89' lang='lat' dir='ltr'><strong>erit,</strong></span> <span class='ocrx_word' id='word_1_897' title='bbox 1627 5629 1840 5702; x_wconf 89' lang='lat' dir='ltr'><strong>quando</strong></span> <span class='ocrx_word' id='word_1_898' title='bbox 1887 5627 1994 5693; x_wconf 86' lang='lat' dir='ltr'><strong>jam</strong></span> 
     </span>
    </p>
   </div>
   <div class='ocr_carea' id='block_1_98' title="bbox 418 5715 1997 5828">
    <p class='ocr_par' dir='ltr' id='par_1_98' title="bbox 418 5715 1997 5828">
     <span class='ocr_line' id='line_1_113' title="bbox 418 5715 1997 5828; baseline -0.032 -12"><span class='ocrx_word' id='word_1_899' title='bbox 418 5771 646 5828; x_wconf 74' lang='lat' dir='ltr'><strong>peceat‘e</strong></span> <span class='ocrx_word' id='word_1_900' title='bbox 677 5769 780 5807; x_wconf 89' lang='lat' dir='ltr'><strong>non</strong></span> <span class='ocrx_word' id='word_1_901' title='bbox 831 5745 1044 5818; x_wconf 88' lang='lat' dir='ltr'><strong>poterit.</strong></span> <span class='ocrx_word' id='word_1_902' title='bbox 1081 5741 1148 5796; x_wconf 86' lang='lat' dir='ltr'><strong>Ut</strong></span> <span class='ocrx_word' id='word_1_903' title='bbox 1195 5737 1402 5792; x_wconf 87' lang='lat' dir='ltr'><strong>scilicet</strong></span> <span class='ocrx_word' id='word_1_904' title='bbox 1450 5745 1545 5800; x_wconf 88' lang='lat' dir='ltr'><strong>per</strong></span> <span class='ocrx_word' id='word_1_905' title='bbox 1596 5725 1734 5779; x_wconf 81' lang='lat' dir='ltr'><strong>nivis</strong></span> <span class='ocrx_word' id='word_1_906' title='bbox 1784 5715 1997 5773; x_wconf 83' lang='lat' dir='ltr'><strong>clarita-</strong></span> 
     </span>
    </p>
   </div>
   <div class='ocr_carea' id='block_1_99' title="bbox 428 5809 1996 5915">
    <p class='ocr_par' dir='ltr' id='par_1_99' title="bbox 428 5809 1996 5915">
     <span class='ocr_line' id='line_1_114' title="bbox 428 5809 846 5828; baseline -0.024 0"><span class='ocrx_word' id='word_1_907' title='bbox 428 5809 544 5828; x_wconf 73' lang='lat' dir='ltr'><strong>r&#39;--</strong></span> <span class='ocrx_word' id='word_1_908' title='bbox 586 5809 591 5810; x_wconf 45' lang='grc' dir='ltr'><em>κ</em></span> <span class='ocrx_word' id='word_1_909' title='bbox 622 5809 635 5810; x_wconf 42' lang='grc' dir='ltr'><em>κ</em></span> <span class='ocrx_word' id='word_1_910' title='bbox 835 5809 846 5818; x_wconf 94' lang='grc'><em>.</em></span> 
     </span>
     <span class='ocr_line' id='line_1_115' title="bbox 428 5809 1996 5915; baseline -0.031 -11"><span class='ocrx_word' id='word_1_911' title='bbox 428 5860 560 5915; x_wconf 75' lang='lat' dir='ltr'><strong>tem,</strong></span> <span class='ocrx_word' id='word_1_912' title='bbox 610 5853 658 5898; x_wconf 93' lang='lat' dir='ltr'><strong>cl</strong></span> <span class='ocrx_word' id='word_1_913' title='bbox 707 5838 978 5895; x_wconf 75' lang='lat' dir='ltr'><strong>munditia:</strong></span> <span class='ocrx_word' id='word_1_914' title='bbox 1033 5831 1248 5887; x_wconf 86' lang='lat' dir='ltr'><strong>claritas</strong></span> <span class='ocrx_word' id='word_1_915' title='bbox 1293 5825 1617 5892; x_wconf 78' lang='lat' dir='ltr'><strong>designetur,</strong></span> <span class='ocrx_word' id='word_1_916' title='bbox 1663 5823 1715 5868; x_wconf 91' lang='lat' dir='ltr'><strong>ct</strong></span> <span class='ocrx_word' id='word_1_917' title='bbox 1748 5809 1996 5864; x_wconf 90' lang='lat' dir='ltr'><strong>vitiorum</strong></span> 
     </span>
    </p>
   </div>
   <div class='ocr_carea' id='block_1_100' title="bbox 2074 4670 3657 4756">
    <p class='ocr_par' dir='ltr' id='par_1_100' title="bbox 2074 4670 3657 4756">
     <span class='ocr_line' id='line_1_116' title="bbox 2074 4670 3657 4756; baseline -0.025 -9"><span class='ocrx_word' id='word_1_918' title='bbox 2074 4695 2209 4747; x_wconf 82' lang='lat' dir='ltr'><strong>vices</strong></span> <span class='ocrx_word' id='word_1_919' title='bbox 2237 4687 2625 4756; x_wconf 83' lang='lat' dir='ltr'><strong>discipulorum,</strong></span> <span class='ocrx_word' id='word_1_920' title='bbox 2658 4678 2795 4749; x_wconf 86' lang='lat' dir='ltr'><strong>quod</strong></span> <span class='ocrx_word' id='word_1_921' title='bbox 2827 4688 2989 4742; x_wconf 87' lang='lat' dir='ltr'><strong>neque</strong></span> <span class='ocrx_word' id='word_1_922' title='bbox 3025 4685 3138 4734; x_wconf 81' lang='lat' dir='ltr'><strong>nos,</strong></span> <span class='ocrx_word' id='word_1_923' title='bbox 3178 4679 3336 4734; x_wconf 80' lang='lat' dir='ltr'><strong>neque</strong></span> <span class='ocrx_word' id='word_1_924' title='bbox 3367 4670 3534 4728; x_wconf 78' lang='lat' dir='ltr'><strong>patres</strong></span> <span class='ocrx_word' id='word_1_925' title='bbox 3564 4673 3657 4709; x_wconf 80' lang='lat' dir='ltr'><strong>no-</strong></span> 
     </span>
    </p>
   </div>
   <div class='ocr_carea' id='block_1_101' title="bbox 2077 4750 3660 4851">
    <p class='ocr_par' dir='ltr' id='par_1_101' title="bbox 2077 4750 3660 4851">
     <span class='ocr_line' id='line_1_117' title="bbox 2077 4750 3660 4851; baseline -0.024 -14"><span class='ocrx_word' id='word_1_926' title='bbox 2077 4784 2170 4837; x_wconf 61' lang='grc' dir='ltr'><strong>θινὶ</strong></span> <span class='ocrx_word' id='word_1_927' title='bbox 2213 4750 2416 4851; x_wconf 76' lang='lat' dir='ltr'><strong>portare</strong></span> <span class='ocrx_word' id='word_1_928' title='bbox 2444 4775 2702 4845; x_wconf 83' lang='lat' dir='ltr'><strong>potuimus</strong></span> <span class='ocrx_word' id='word_1_929' title='bbox 2745 4765 3021 4837; x_wconf 85' lang='lat' dir='ltr'><strong>aliquando</strong></span> <span class='ocrx_word' id='word_1_930' title='bbox 3063 4761 3199 4832; x_wconf 77' lang='lat' dir='ltr'><strong>(Act.</strong></span> <span class='ocrx_word' id='word_1_931' title='bbox 3234 4771 3320 4821; x_wconf 87' lang='lat' dir='ltr'><strong>xv,</strong></span> <span class='ocrx_word' id='word_1_932' title='bbox 3359 4752 3471 4819; x_wconf 72' lang='lat' dir='ltr'><strong>l0)?</strong></span> <span class='ocrx_word' id='word_1_933' title='bbox 3521 4750 3660 4802; x_wconf 84' lang='lat' dir='ltr'><strong>Ecce</strong></span> 
     </span>
    </p>
   </div>
   <div class='ocr_carea' id='block_1_102' title="bbox 2079 4839 3661 4936">
    <p class='ocr_par' dir='ltr' id='par_1_102' title="bbox 2079 4839 3661 4936">
     <span class='ocr_line' id='line_1_118' title="bbox 2079 4839 3661 4936; baseline -0.025 -8"><span class='ocrx_word' id='word_1_934' title='bbox 2079 4870 2362 4928; x_wconf 88' lang='lat' dir='ltr'><strong>diminutio</strong></span> <span class='ocrx_word' id='word_1_935' title='bbox 2402 4865 2555 4936; x_wconf 86' lang='lat' dir='ltr'><strong>legis,</strong></span> <span class='ocrx_word' id='word_1_936' title='bbox 2605 4861 2696 4915; x_wconf 87' lang='lat' dir='ltr'><strong>sed</strong></span> <span class='ocrx_word' id='word_1_937' title='bbox 2730 4860 2914 4924; x_wconf 89' lang='lat' dir='ltr'><strong>utique</strong></span> <span class='ocrx_word' id='word_1_938' title='bbox 2953 4849 3193 4920; x_wconf 83' lang='lat' dir='ltr'><strong>obsequii</strong></span> <span class='ocrx_word' id='word_1_939' title='bbox 3226 4842 3480 4906; x_wconf 79' lang='lat' dir='ltr'><strong>carnalis,</strong></span> <span class='ocrx_word' id='word_1_940' title='bbox 3506 4839 3661 4906; x_wconf 85' lang='lat' dir='ltr'><strong>juxta</strong></span> 
     </span>
    </p>
   </div>
   <div class='ocr_carea' id='block_1_103' title="bbox 2081 4929 3663 5033">
    <p class='ocr_par' dir='ltr' id='par_1_103' title="bbox 2081 4929 3663 5033">
     <span class='ocr_line' id='line_1_119' title="bbox 2081 4929 3663 5033; baseline -0.026 -14"><span class='ocrx_word' id='word_1_941' title='bbox 2081 4963 2220 5033; x_wconf 90' lang='lat' dir='ltr'><strong>quod</strong></span> <span class='ocrx_word' id='word_1_942' title='bbox 2267 4971 2318 5013; x_wconf 91' lang='lat' dir='ltr'><strong>et</strong></span> <span class='ocrx_word' id='word_1_943' title='bbox 2367 4956 2493 5010; x_wconf 87' lang='lat' dir='ltr'><strong>illud</strong></span> <span class='ocrx_word' id='word_1_944' title='bbox 2526 4951 2719 5006; x_wconf 86' lang='lat' dir='ltr'><strong>dicitur</strong></span> <span class='ocrx_word' id='word_1_945' title='bbox 2750 4966 2762 5000; x_wconf 90' lang='lat'>:</span> <span class='ocrx_word' id='word_1_946' title='bbox 2799 4946 2925 4999; x_wconf 83' lang='lat' dir='ltr'><strong>Dedi</strong></span> <span class='ocrx_word' id='word_1_947' title='bbox 2965 4947 3037 4996; x_wconf 88' lang='lat' dir='ltr'><strong>eis</strong></span> <span class='ocrx_word' id='word_1_948' title='bbox 3071 4947 3324 5010; x_wconf 66' lang='lat' dir='ltr'><strong>praecepta</strong></span> <span class='ocrx_word' id='word_1_949' title='bbox 3371 4949 3471 4986; x_wconf 84' lang='lat' dir='ltr'><strong>non</strong></span> <span class='ocrx_word' id='word_1_950' title='bbox 3503 4929 3663 4990; x_wconf 83' lang='lat' dir='ltr'><strong>bona,</strong></span> 
     </span>
    </p>
   </div>
   <div class='ocr_carea' id='block_1_104' title="bbox 2081 5019 3664 5127">
    <p class='ocr_par' dir='ltr' id='par_1_104' title="bbox 2081 5019 3664 5127">
     <span class='ocr_line' id='line_1_120' title="bbox 2081 5019 3664 5127; baseline -0.027 -15"><span class='ocrx_word' id='word_1_951' title='bbox 2081 5060 2136 5112; x_wconf 87' lang='lat' dir='ltr'><strong>in</strong></span> <span class='ocrx_word' id='word_1_952' title='bbox 2162 5055 2344 5127; x_wconf 82' lang='lat' dir='ltr'><strong>quibus</strong></span> <span class='ocrx_word' id='word_1_953' title='bbox 2372 5067 2471 5103; x_wconf 88' lang='lat' dir='ltr'><strong>non</strong></span> <span class='ocrx_word' id='word_1_954' title='bbox 2496 5049 2679 5100; x_wconf 86' lang='lat' dir='ltr'><strong>vivent.</strong></span> <span class='ocrx_word' id='word_1_955' title='bbox 2719 5043 2783 5094; x_wconf 89' lang='lat' dir='ltr'><strong>Et</strong></span> <span class='ocrx_word' id='word_1_956' title='bbox 2809 5039 2934 5092; x_wconf 87' lang='lat' dir='ltr'><strong>illttd</strong></span> <span class='ocrx_word' id='word_1_957' title='bbox 2966 5031 3207 5102; x_wconf 87' lang='lat' dir='ltr'><strong>Apostoli</strong></span> <span class='ocrx_word' id='word_1_958' title='bbox 3243 5047 3256 5082; x_wconf 91' lang='lat'>:</span> <span class='ocrx_word' id='word_1_959' title='bbox 3292 5026 3560 5080; x_wconf 78' lang='lat' dir='ltr'><strong>Neminem</strong></span> <span class='ocrx_word' id='word_1_960' title='bbox 3591 5019 3664 5071; x_wconf 72' lang='lat' dir='ltr'><strong>att</strong></span> 
     </span>
    </p>
   </div>
   <div class='ocr_carea' id='block_1_105' title="bbox 2087 5112 3664 5220">
    <p class='ocr_par' dir='ltr' id='par_1_105' title="bbox 2087 5112 3664 5220">
     <span class='ocr_line' id='line_1_121' title="bbox 2087 5112 3664 5220; baseline -0.028 -14"><span class='ocrx_word' id='word_1_961' title='bbox 2087 5112 2364 5220; x_wconf 57' lang='lat' dir='ltr'><strong>periectum</strong></span> <span class='ocrx_word' id='word_1_962' title='bbox 2391 5138 2605 5194; x_wconf 68' lang='lat' dir='ltr'><strong>adduxit</strong></span> <span class='ocrx_word' id='word_1_963' title='bbox 2635 5138 2716 5189; x_wconf 80' lang='lat' dir='ltr'><strong>lea:</strong></span> <span class='ocrx_word' id='word_1_964' title='bbox 2737 5130 2894 5202; x_wconf 84' lang='lat' dir='ltr'><strong>(Heb.</strong></span> <span class='ocrx_word' id='word_1_965' title='bbox 2921 5142 3012 5188; x_wconf 89' lang='lat' dir='ltr'><strong>vtt,</strong></span> <span class='ocrx_word' id='word_1_966' title='bbox 3044 5124 3156 5192; x_wconf 72' lang='lat'><strong>19).</strong></span> <span class='ocrx_word' id='word_1_967' title='bbox 3182 5117 3468 5176; x_wconf 83' lang='lat' dir='ltr'><strong>Sciendum</strong></span> <span class='ocrx_word' id='word_1_968' title='bbox 3497 5112 3664 5166; x_wconf 85' lang='lat' dir='ltr'><strong>etiam</strong></span> 
     </span>
    </p>
   </div>
   <div class='ocr_carea' id='block_1_106' title="bbox 2091 5206 3673 5315">
    <p class='ocr_par' dir='ltr' id='par_1_106' title="bbox 2091 5206 3673 5315">
     <span class='ocr_line' id='line_1_122' title="bbox 2091 5206 3673 5315; baseline -0.026 -17"><span class='ocrx_word' id='word_1_969' title='bbox 2091 5245 2214 5315; x_wconf 88' lang='lat' dir='ltr'><strong>quia</strong></span> <span class='ocrx_word' id='word_1_970' title='bbox 2245 5256 2307 5293; x_wconf 86' lang='lat' dir='ltr'><strong>ex</strong></span> <span class='ocrx_word' id='word_1_971' title='bbox 2341 5253 2404 5293; x_wconf 90' lang='lat' dir='ltr'><strong>ea</strong></span> <span class='ocrx_word' id='word_1_972' title='bbox 2451 5245 2598 5302; x_wconf 85' lang='lat' dir='ltr'><strong>parte</strong></span> <span class='ocrx_word' id='word_1_973' title='bbox 2628 5244 2730 5296; x_wconf 88' lang='lat' dir='ltr'><strong>qua</strong></span> <span class='ocrx_word' id='word_1_974' title='bbox 2761 5223 3017 5294; x_wconf 89' lang='lat' dir='ltr'><strong>spiritalis</strong></span> <span class='ocrx_word' id='word_1_975' title='bbox 3048 5230 3131 5274; x_wconf 88' lang='lat' dir='ltr'><strong>est</strong></span> <span class='ocrx_word' id='word_1_976' title='bbox 3164 5220 3247 5271; x_wconf 83' lang='lat' dir='ltr'><strong>lex</strong></span> <span class='ocrx_word' id='word_1_977' title='bbox 3289 5224 3344 5269; x_wconf 91' lang='lat' dir='ltr'><strong>et</strong></span> <span class='ocrx_word' id='word_1_978' title='bbox 3391 5206 3673 5266; x_wconf 82' lang='lat' dir='ltr'><strong>observari</strong></span> 
     </span>
    </p>
   </div>
   <div class='ocr_carea' id='block_1_107' title="bbox 2095 5295 3680 5405">
    <p class='ocr_par' dir='ltr' id='par_1_107' title="bbox 2095 5295 3680 5405">
     <span class='ocr_line' id='line_1_123' title="bbox 2095 5295 3680 5405; baseline -0.026 -16"><span class='ocrx_word' id='word_1_979' title='bbox 2095 5295 2290 5405; x_wconf 63' lang='lat' dir='ltr'><strong>potest,</strong></span> <span class='ocrx_word' id='word_1_980' title='bbox 2320 5330 2374 5381; x_wconf 90' lang='lat' dir='ltr'><strong>itt</strong></span> <span class='ocrx_word' id='word_1_981' title='bbox 2404 5327 2588 5379; x_wconf 88' lang='lat' dir='ltr'><strong>decem</strong></span> <span class='ocrx_word' id='word_1_982' title='bbox 2633 5295 2881 5373; x_wconf 83' lang='lat' dir='ltr'><strong>videlicet</strong></span> <span class='ocrx_word' id='word_1_983' title='bbox 2912 5308 3220 5382; x_wconf 64' lang='lat' dir='ltr'><strong>prmceptis,</strong></span> <span class='ocrx_word' id='word_1_984' title='bbox 3249 5320 3370 5359; x_wconf 82' lang='lat' dir='ltr'><strong>eum</strong></span> <span class='ocrx_word' id='word_1_985' title='bbox 3399 5295 3680 5368; x_wconf 81' lang='lat' dir='ltr'><strong>plenitudo</strong></span> 
     </span>
    </p>
   </div>
   <div class='ocr_carea' id='block_1_108' title="bbox 2097 5395 3684 5492">
    <p class='ocr_par' dir='ltr' id='par_1_108' title="bbox 2097 5395 3684 5492">
     <span class='ocr_line' id='line_1_124' title="bbox 2097 5395 3684 5492; baseline -0.031 -8"><span class='ocrx_word' id='word_1_986' title='bbox 2097 5427 2350 5492; x_wconf 88' lang='lat' dir='ltr'><strong>temporis</strong></span> <span class='ocrx_word' id='word_1_987' title='bbox 2388 5417 2620 5481; x_wconf 87' lang='lat' dir='ltr'><strong>advenit,</strong></span> <span class='ocrx_word' id='word_1_988' title='bbox 2668 5414 2735 5467; x_wconf 86' lang='lat' dir='ltr'><strong>ad</strong></span> <span class='ocrx_word' id='word_1_989' title='bbox 2783 5410 2990 5465; x_wconf 79' lang='lat' dir='ltr'><strong>Novum</strong></span> <span class='ocrx_word' id='word_1_990' title='bbox 3048 5404 3448 5457; x_wconf 77' lang='lat' dir='ltr'><strong>Testamentum</strong></span> <span class='ocrx_word' id='word_1_991' title='bbox 3497 5395 3684 5443; x_wconf 42' lang='lat' dir='ltr'><strong>custos</strong></span> 
     </span>
    </p>
   </div>
   <div class='ocr_carea' id='block_1_109' title="bbox 2097 5483 3680 5574">
    <p class='ocr_par' dir='ltr' id='par_1_109' title="bbox 2097 5483 3680 5574">
     <span class='ocr_line' id='line_1_125' title="bbox 2097 5483 3680 5574; baseline -0.03 1"><span class='ocrx_word' id='word_1_992' title='bbox 2097 5520 2290 5574; x_wconf 65' lang='lat' dir='ltr'><strong>dii-mla</strong></span> <span class='ocrx_word' id='word_1_993' title='bbox 2336 5511 2601 5568; x_wconf 86' lang='lat' dir='ltr'><strong>transivit.</strong></span> <span class='ocrx_word' id='word_1_994' title='bbox 2657 5506 2733 5560; x_wconf 83' lang='lat' dir='ltr'><strong>Ex</strong></span> <span class='ocrx_word' id='word_1_995' title='bbox 2774 5518 2835 5558; x_wconf 88' lang='lat' dir='ltr'><strong>ea</strong></span> <span class='ocrx_word' id='word_1_996' title='bbox 2887 5513 3019 5552; x_wconf 88' lang='lat' dir='ltr'><strong>vero</strong></span> <span class='ocrx_word' id='word_1_997' title='bbox 3065 5507 3167 5562; x_wconf 88' lang='lat' dir='ltr'><strong>qua</strong></span> <span class='ocrx_word' id='word_1_998' title='bbox 3209 5483 3441 5542; x_wconf 80' lang='lat' dir='ltr'><strong>carnalis</strong></span> <span class='ocrx_word' id='word_1_999' title='bbox 3494 5489 3577 5534; x_wconf 90' lang='lat' dir='ltr'><strong>est</strong></span> <span class='ocrx_word' id='word_1_1000' title='bbox 3623 5485 3680 5530; x_wconf 87' lang='lat' dir='ltr'><strong>et</strong></span> 
     </span>
    </p>
   </div>
   <div class='ocr_carea' id='block_1_110' title="bbox 2099 5568 3678 5681">
    <p class='ocr_par' dir='ltr' id='par_1_110' title="bbox 2099 5568 3678 5681">
     <span class='ocr_line' id='line_1_126' title="bbox 2099 5568 3678 5681; baseline -0.028 -18"><span class='ocrx_word' id='word_1_1001' title='bbox 2099 5610 2299 5681; x_wconf 86' lang='lat' dir='ltr'><strong>portari</strong></span> <span class='ocrx_word' id='word_1_1002' title='bbox 2330 5621 2434 5660; x_wconf 89' lang='lat' dir='ltr'><strong>non</strong></span> <span class='ocrx_word' id='word_1_1003' title='bbox 2464 5609 2660 5671; x_wconf 89' lang='lat' dir='ltr'><strong>potest,</strong></span> <span class='ocrx_word' id='word_1_1004' title='bbox 2691 5597 2743 5650; x_wconf 92' lang='lat' dir='ltr'><strong>in</strong></span> <span class='ocrx_word' id='word_1_1005' title='bbox 2773 5593 3106 5646; x_wconf 89' lang='lat' dir='ltr'><strong>victimarum</strong></span> <span class='ocrx_word' id='word_1_1006' title='bbox 3141 5581 3346 5638; x_wconf 87' lang='lat' dir='ltr'><strong>scilicet</strong></span> <span class='ocrx_word' id='word_1_1007' title='bbox 3376 5568 3678 5638; x_wconf 88' lang='lat' dir='ltr'><strong>obsequiis,</strong></span> 
     </span>
    </p>
   </div>
   <div class='ocr_carea' id='block_1_111' title="bbox 2103 5660 3680 5760">
    <p class='ocr_par' dir='ltr' id='par_1_111' title="bbox 2103 5660 3680 5760">
     <span class='ocr_line' id='line_1_127' title="bbox 2103 5660 2658 5681; baseline -0.029 0"><span class='ocrx_word' id='word_1_1008' title='bbox 2103 5660 2270 5681; x_wconf 65' lang='lat' dir='ltr'><strong>I’&quot;&quot;&quot;&#39;</strong></span> <span class='ocrx_word' id='word_1_1009' title='bbox 2467 5660 2478 5671; x_wconf 76' lang='grc' dir='ltr'>ι</span> <span class='ocrx_word' id='word_1_1010' title='bbox 2649 5660 2658 5665; x_wconf 87' lang='grc'>,</span> 
     </span>
     <span class='ocr_line' id='line_1_128' title="bbox 2103 5660 3680 5760; baseline -0.03 0"><span class='ocrx_word' id='word_1_1011' title='bbox 2103 5704 2365 5760; x_wconf 86' lang='lat' dir='ltr'><strong>moriente</strong></span> <span class='ocrx_word' id='word_1_1012' title='bbox 2414 5698 2466 5750; x_wconf 87' lang='lat' dir='ltr'><strong>itt</strong></span> <span class='ocrx_word' id='word_1_1013' title='bbox 2509 5707 2668 5749; x_wconf 86' lang='lat' dir='ltr'><strong>cruce</strong></span> <span class='ocrx_word' id='word_1_1014' title='bbox 2719 5685 2963 5748; x_wconf 86' lang='lat' dir='ltr'><strong>Domino,</strong></span> <span class='ocrx_word' id='word_1_1015' title='bbox 3015 5673 3440 5734; x_wconf 86' lang='lat' dir='ltr'><strong>observationem</strong></span> <span class='ocrx_word' id='word_1_1016' title='bbox 3474 5660 3680 5717; x_wconf 88' lang='lat' dir='ltr'><strong>amisit.</strong></span> 
     </span>
    </p>
   </div>
   <div class='ocr_carea' id='block_1_112' title="bbox 2103 5754 3676 5864">
    <p class='ocr_par' dir='ltr' id='par_1_112' title="bbox 2103 5754 3676 5864">
     <span class='ocr_line' id='line_1_129' title="bbox 2103 5754 3676 5864; baseline -0.032 -14"><span class='ocrx_word' id='word_1_1017' title='bbox 2103 5797 2441 5864; x_wconf 85' lang='lat' dir='ltr'><strong>Quapropter</strong></span> <span class='ocrx_word' id='word_1_1018' title='bbox 2469 5789 2511 5842; x_wconf 92' lang='lat' dir='ltr'><strong>si</strong></span> <span class='ocrx_word' id='word_1_1019' title='bbox 2540 5785 2594 5839; x_wconf 87' lang='lat' dir='ltr'><strong>in</strong></span> <span class='ocrx_word' id='word_1_1020' title='bbox 2613 5778 2848 5848; x_wconf 81' lang='lat' dir='ltr'><strong>decalogi</strong></span> <span class='ocrx_word' id='word_1_1021' title='bbox 2884 5769 3151 5829; x_wconf 84' lang='lat' dir='ltr'><strong>mandatis</strong></span> <span class='ocrx_word' id='word_1_1022' title='bbox 3181 5763 3432 5835; x_wconf 76' lang='lat' dir='ltr'><strong>Spit-italis</strong></span> <span class='ocrx_word' id='word_1_1023' title='bbox 3457 5767 3536 5811; x_wconf 88' lang='lat' dir='ltr'><strong>est</strong></span> <span class='ocrx_word' id='word_1_1024' title='bbox 3569 5754 3676 5814; x_wconf 49' lang='lat' dir='ltr'><strong>lex,</strong></span> 
     </span>
    </p>
   </div>
  </div>
