4090 6454
461 409 589 464 £35”
1239 403 1296 457 S.
1342 397 1663 455 ASIBROSII
1704 394 2054 452 AUTPERTI
2094 391 2582 448 BENEVENTANI
2623 391 2911 447 ABBATIS
3592 396 3732 452 15ιῖ

460 521 514 575 in
550 517 883 572 victimarum
922 527 1132 582 quoque
1162 511 1432 581 obsequiis
1481 509 1732 574 carnalis,
1784 510 1908 562 hinc
1952 525 2036 562 sa—
2067 511 2112 566 A
2143 507 2436 563 solitudine
2478 516 2750 576 peractum
2792 496 3078 574 jejunium,
3132 501 3205 556 ad
3249 505 3443 556 terram
3495 501 3632 557 lacte
3678 513 3731 557 et

458 620 663 664 cratum
693 605 970 676 jejunium,
999 605 1147 657 illinc
1203 604 1533 670 crapulatnm
1568 601 1804 655 ostendit
1847 600 2044 653 convi-
2064 654 2118 684 ιι
2148 601 2307 654 melle
2353 607 2660 654 manantem
2688 597 3028 668 perveniunt.
3059 592 3188 648 lude
3215 593 3355 661 quod
3388 607 3486 647 nos
3514 609 3731 661 quoque

459 701 627 753 vium.
676 696 782 750 Nos
812 711 940 748 vero
971 694 1090 762 quia
1136 695 1244 760 jam
1274 693 1566 746 carnalium
1598 692 1934 744 victimarum
1965 681 2117 742 iri-“'5
2147 691 2491 758 quadraginta
2541 687 2728 741 diebus
2783 694 2906 738 ante
2953 683 3402 738 resurrectionem
3458 682 3509 736 in
3569 681 3736 736 absti-

459 790 691 858 gluviem
723 802 786 842 ex
822 794 931 838 toto
960 787 1284 854 reSpuiinus,
1317 796 1561 852 superest
1593 792 1653 836 ut
1695 782 1762 837 de
1791 781 2047 851 spiritalis

460 881 595 951 legis
616 879 823 950 jejunio
853 877 1049 946 aliquid
1081 877 1378 943 loquamur.

537 974 625 1028 10.
653 971 788 1036 Quid
818 971 958 1022 enim
990 969 1132 1022 aliud
1177 975 1261 1021 est
1287 967 1492 1022 dicere.
1520 965 1634 1017 Non
1667 963 1907 1030 occides,
1941 978 2045 1018 non

463 1065 748 1131 furaberis,
780 1080 886 1116 non
935 1061 1122 1114 t'alsum
1157 1059 1518 1114 testimonium
1567 1058 1735 1120 dices,
1770 1073 1876 1108 non
1924 1072 2049 1110 ron-

467 1156 712 1223 rupisees
761 1170 872 1208 rem
919 1152 1144 1221 proximi
1195 1151 1290 1214 ttti,
1322 1163 1419 1202 nec
1448 1149 1779 1204 desiderabis
1828 1163 2050 1203 uxorem

468 1244 608 1312 ejus,
639 1258 742 1296 non
777 1257 1012 1305 servum,
1063 1256 1167 1293 non
1217 1240 1489 1302 ancillam,
1540 1254 1644 1290 non
1680 1239 1894 1302 bovem,
1947 1254 2050 1291 non

475 1348 652 1396 ovem,
687 1347 791 1386 non
821 1332 1052 1393 asinum,
1083 1344 1181 1382 nec
1209 1328 1387 1381 omnia
1422 1343 1541 1396 qua:
1587 1329 1730 1380 illius
1761 1335 1910 1393 sunt,
1954 1327 2056 1380 nisi

471 1425 738 1494 quoddam
796 1424 990 1477 animae
1038 1422 1302 1490 jejunium
1355 1421 1668 1490 imponere?
1710 1424 1899 1474 Annon
1935 1435 2058 1474 vere

468 1517 696 1586 jejunat,
727 1519 816 1582 qui
851 1523 907 1567 ut
929 1514 1084 1566 bonis
1114 1514 1394 1574 inhtereat,
1427 1528 1454 1564 a
1487 1512 1642 1564 malis
1665 1512 1933 1566 declinat?
1953 1512 2056 1566 Sed

478 1618 539 1663 ut
568 1607 672 1661 hoc
702 1606 940 1672 decalogi
964 1605 1225 1674 jejunium
1264 1604 1317 1657 in
1344 1603 1823 1672 quadragenarium
1853 1611 2056 1670 surgat,

477 1703 692 1764 oportet
735 1703 793 1747 ut
837 1709 865 1745 a
915 1694 1071 1761 longe
1105 1691 1236 1746 Novi
1284 1691 1615 1745 Testamenti
1651 1691 1799 1758 jussa
1829 1699 2056 1759 praesto-

479 1785 639 1852 lans,
692 1784 1012 1854 qtianquue
1079 1782 1145 1836 ad
1208 1782 1555 1850 Evangelium
1612 1791 1811 1836 currat.
1875 1781 2062 1834 Veniat

2149 783 2330 836 tientia
2357 780 2663 843 custoditis,
2688 779 2753 831 ad
2775 777 3074 844 jubilreum,
3107 775 3195 844 qui
3226 783 3307 828 est
3336 788 3514 830 annus
3546 773 3741 828 remis-

2150 873 2318 927 sionis
2343 873 2635 938 plenusque
2661 869 2943 938 jucundita
2973 868 3037 933 is,
3073 867 3444 934 pertingitnus.

2231 961 2312 1017 12.
2329 963 2435 1017 Sed
2458 962 2587 1015 libet
2611 961 2802 1014 intueri
2819 958 2944 1028 quid
2965 957 3266 1024 signiﬁcent
3282 958 3333 1010 in
3356 957 3570 1012 deserto
3585 971 3736 1025 aqua:

2153 1068 2375 1117 amarae,
2407 1053 2605 1120 quidve
2632 1060 2908 1117 serpentes
2937 1047 3088 1118 igniti
3119 1066 3130 1100 :
3165 1049 3503 1116 primumque
3529 1065 3633 1102 non
3657 1050 3738 1101 in-

2155 1145 2538 1198 convenienter
2567 1141 2838 1196 :estimare
2866 1153 3155 1210 possumus
3176 1184 3188 1206 ,
3225 1140 3346 1208 quia
3377 1139 3515 1192 sicut
3546 1154 3738 1196 manna

2157 1235 2283 1288 illud
2315 1249 2422 1302 quo
2453 1232 2607 1298 plebs
2634 1231 2860 1286 .Iudaica
2897 1229 3234 1294 vescebatur,
3272 1238 3331 1282 ut
3358 1239 3541 1283 sancta
3575 1237 3744 1282 testa-

2161 1333 2244 1376 tur
2282 1322 2620 1385 auctoritas,
2673 1333 2780 1372 non
2839 1333 3005 1384 unum
3071 1317 3432 1387 euntdenique
3491 1332 3747 1385 saporem

2159 1413 2570 1469 comedentibus
2599 1411 2888 1482 praestitit,
2914 1420 3074 1479 atque
3107 1410 3210 1464 hoc
3241 1410 3331 1463 alii
3357 1410 3422 1463 ad
3455 1403 3640 1462 salutis
3665 1410 3746 1463 in-

2161 1514 2514 1570 crementum,
2538 1502 2626 1556 alii
2647 1517 2777 1557 vero
2799 1501 2866 1555 ad
2889 1501 3078 1555 salutis
3097 1501 3458 1570 dispendium;
3485 1501 3563 1554 sic
3584 1501 3742 1554 etiam

2166 1596 2268 1649 illae
2298 1611 2451 1664 aqua:
2481 1595 2604 1648 aliis
2644 1593 2900 1650 exstitere
2928 1593 3136 1658 dulces,
3162 1603 3323 1662 atque
3353 1593 3471 1647 aliis
3502 1607 3703 1646 amara:
3728 1611 3740 1645 :

2165 1704 2386 1757 quarum
2410 1687 2659 1742 videlicet
2683 1687 3141 1741 amarititudinem
3167 1686 3244 1740 illi
3271 1700 3604 1755 nequaquam
3627 1701 3749 1739 sen—

2166 1779 2461 1847 seruntqui
2486 1779 2740 1834 salutaris
2777 1779 2905 1847 ligni
2940 1779 3179 1834 remedia
3218 1778 3521 1847 intelligere
3552 1787 3750 1844 potue-

476 1891 606 1946 ergo
626 1845 846 1946 'Mo'yses
869 1845 1096 1930 etvElias
1141 1873 1208 1927 ad
1260 1845 1542 1926 Dominum
1591 1881 1842 1941 tanquam
1893 1871 1974 1926 lex
2008 1880 2062 1924 et
2097 1845 2135 1902 Β
2168 1880 2307 1937 runt,
2349 1845 2425 1925 illi
2464 1881 2644 1925 autem
2674 1845 2963 1925 senserunt
2992 1871 3082 1939 qui
3114 1871 3232 1924 sine
3262 1870 3365 1924 lide
3402 1845 3601 1938 aquam
3632 1877 3749 1922 tan-

479 1967 759 2036 prOphetia
789 1966 855 2019 ad
891 1962 1259 2033 Evangetium,
1295 1963 1388 2017 tiat
1431 1962 1746 2031 decalogum
1777 1969 2066 2030 quaterna-
2151 1963 2592 2020 tumhauserunt.
2639 1963 2732 2019 Sic
2777 1978 2988 2032 quoque
3025 1963 3076 2015 lii
3112 1972 3316 2016 tantum
3365 1976 3395 2015 a
3439 1967 3749 2028 serpentum

482 2063 622 2122 tum,
675 2055 959 2111 concludat
1008 2055 1142 2108 intra
1195 2070 1306 2108 suae
1357 2053 1757 2122 praedicationis
1803 2051 2062 2104 ambitum

478 2156 652 2201 totum
682 2162 778 2214 per
805 2155 1066 2216 quartuor
1094 2147 1346 2200 cardines
1375 2144 1496 2199 caeli
1546 2144 1598 2196 in
1643 2145 1830 2197 electis
1877 2143 2063 2195 orbem

484 2248 769 2303 terrarum,
817 2247 872 2293 et
927 2238 979 2291 in
1033 2249 1259 2307 utroque
1311 2238 1655 2290 Testamento
1711 2250 1742 2288 a
1801 2235 2066 2304 principio

487 2345 654 2401 usque
684 2331 748 2382 ad
781 2329 941 2382 ﬁnem
971 2331 1324 2399 quadraginta
1357 2329 1564 2383 dierum
1603 2327 1864 2396 jejunium
1905 2343 2066 2395 appa-

485 2427 602 2474 reat
648 2428 1041 2473 consecratum.
1089 2419 1182 2476 Ille
1231 2421 1426 2474 ctenim
1476 2418 1825 2488 quadraginta
1876 2418 2067 2472 diebus

491 2511 716 2580 mystice
740 2510 969 2579 jejunat,
1001 2512 1086 2578 qui
1120 2526 1214 2578 per
1240 2521 1467 2580 quatuor
1496 2511 1666 2563 sancti
1701 2510 1970 2575 Evangelii
2005 2509 2067 2562 li-

495 2599 622 2654 bros
663 2600 978 2667 spiritaliter
1026 2601 1194 2667 legem
1247 2600 1517 2661 observat,
1563 2600 1653 2667 qui
1704 2599 1754 2651 in
1801 2597 2067 2664 diligendo

488 2688 596 2741 Deo
646 2699 701 2742 et
755 2689 998 2754 proximo
1044 2687 1327 2739 charitatis
1370 2686 1493 2754 jura
1559 2695 1862 2739 conservat.
1915 2684 2068 2740 Unde

481 2778 739 2842 scriptum
770 2788 849 2830 est
875 2793 888 2827 :
926 2774 1203 2828 Plenitudo
1237 2776 1363 2846 lrgis
1391 2783 1464 2828 est
1497 2775 1706 2828 dilectio
1736 2774 1914 2842 (llam.
1945 2789 2064 2844 sui,

485 2870 598 2935 10).
633 2869 767 2923 Huic
797 2881 843 2922 et
883 2868 1138 2921 Dominus
1161 2883 1281 2921 cum
1307 2870 1358 2920 in
1385 2866 1672 2933 Evangelio
1701 2867 1908 2922 diceret
1933 2883 1946 2921 :
1975 2867 2066 2920 Di-

481 2962 583 3032 lige
613 2959 888 3012 Dominum
921 2958 1084 3010 Deum
1133 2968 1278 3010 tuum
1319 2975 1381 3011 ex
1424 2967 1527 3010 toto
1574 2961 1730 3010 corde
1773 2967 1883 3025 tuo,
1931 2971 1976 3012 et
2004 2975 2067 3012 ea:

483 3063 589 3106 tata
627 3052 800 3105 animo
845 3061 955 3113 tua,
987 3063 1032 3103 et
1064 3067 1125 3103 ea:
1167 3061 1279 3102 tota
1323 3051 1506 3102 virtute
1551 3061 1658 3102 tua.
1706 3051 1816 3103 Hoc
1843 3062 1934 3113 est,
1988 3052 2067 3103 in-

484 3143 697 3211 quiens,
731 3141 951 3206 primum
981 3150 1027 3193 et
1059 3142 1338 3192 maximum
1387 3140 1688 3192 mandatum
1736 3141 1787 3193 in
1825 3142 1953 3210 lege,
1980 3156 2063 3193 se-

482 3232 708 3284 cundum
755 3245 927 3284 autem
978 3231 1142 3282 simile
1187 3241 1262 3282 est
1312 3231 1428 3282 huic
1471 3246 1489 3282 .·
1531 3229 1724 3298 Diliges
1772 3231 2064 3299 proximum

486 3332 630 3375 tuum
676 3333 916 3389 tanquam
956 3331 1001 3373 te
1044 3321 1235 3387 ipsum,
1269 3322 1524 3375 continuo
1569 3320 1800 3387 subjecit
1834 3319 1941 3373 ειη
1985 3321 2064 3375 Itis

483 3411 679 3465 duobus
707 3413 968 3481 pra’ceptis
999 3421 1100 3464 tota
1131 3413 1212 3465 lea:
1240 3413 1422 3481 pendet
1469 3420 1517 3465 et
1565 3411 1825 3480 prap/ictre
1847 3411 2062 3479 (Matth.

486 3521 615 3569 χιιι,
649 3506 762 3574 57).
794 3505 1036 3559 Custodit
1065 3522 1190 3559 vero
1221 3507 1334 3560 haec
1361 3507 1468 3560 duo
1491 3521 1698 3560 summa
1735 3517 1894 3573 at'iue
1929 3522 2062 3576 pite-

484 3601 638 3668 cipua
671 3599 940 3661 mandata,
967 3599 1208 3668 quisquis
1254 3611 1422 3654 t0tutn
1473 3601 1732 3655 abhorret
1770 3601 1912 3670 quod
1943 3603 2061 3655 ani-

487 3703 625 3742 mam
674 3687 878 3741 inducit
923 3688 988 3740 ad
1027 3689 1204 3741 carnis
1228 3688 1515 3752 desideria,
1545 3690 1694 3759 quia,
1727 3701 1784 3744 ut
1828 3691 2063 3748 Joannes

485 3780 560 3832 ait
584 3797 597 3833 :
623 3778 684 3834 Si
711 3779 824 3848 quis
851 3779 1016 3847 diligit
1049 3781 1325 3844 mundum,
1372 3797 1473 3833 non
1506 3792 1580 3834 est
1621 3781 1847 3835 cluat-itas
1894 3781 2064 3835 Putris

486 3873 539 3924 in
568 3871 658 3924 illo
677 3910 692 3930 ,
726 3871 965 3940 quoniam
991 3885 1140 3924 omne
1166 3873 1304 3935 quod
1330 3872 1382 3924 in
1424 3873 1616 3924 mundo
1655 3883 1748 3938 est,
1786 3875 2062 3940 concupis-

482 3962 646 4014 centia
677 3962 844 4015 carnis
889 3971 982 4025 est,
1017 3971 1063 4014 et
1109 3965 1523 4029 concupiscentia
1567 3966 1856 4028 oculorum,
1886 3973 1932 4017 et
1974 3980 2065 4017 su-

483 4052 653 4121 perbia
680 4052 795 4104 vitae
831 4051 881 4123 (l
912 4051 1071 4106 Joau.
1107 4068 1165 4117 ll,
1201 4052 1314 4122 15).
1359 4055 1502 4109 Bene
1545 4071 1672 4124 ergo
1706 4055 1965 4108 Dominus
2009 4055 2061 4108 in

483 4155 578 4195 sua
633 4141 1097 4197 translurmatione
1154 4143 1373 4213 Moysen
1439 4153 1497 4199 et
1552 4145 1720 4198 Etiam
1775 4146 2059 4214 exhibuit,

482 4246 618 4300 quos
651 4232 722 4285 ob
767 4233 1168 4300 signiﬁcandum
1211 4236 1438 4303 gratiam
1488 4238 1566 4290 rei
1598 4236 1788 4291 futurae
1836 4237 1888 4290 in
1917 4237 2061 4305 jeju-

486 4327 663 4378 nando
705 4326 809 4380 sibi
841 4327 1042 4380 similes
1075 4327 1218 4389 fecit,
1251 4339 1511 4396 quatenus
1541 4330 1750 4383 scilicet
1789 4333 2063 4397 utriusque

487 4413 816 4469 Testamenti
851 4415 984 4468 facta
1016 4419 1324 4484 concordia,
1354 4418 1504 4486 juxta
1532 4417 1859 4482 prter-nissum
1908 4418 2062 4472 intel-

2166 2056 2432 2109 morsibus
2459 2056 2636 2109 sanari
2668 2064 2956 2124 potuerunt
2979 2053 3071 2122 qui
3099 2060 3411 2120 serpentem
3433 2065 3640 2104 aeneum
3667 2064 3753 2102 as-

2169 2147 2469 2214 picientes,
2518 2147 2829 2216 mysterium
2879 2144 3129 2198 lidentius
3162 2144 3549 2205 attenderunt,
3601 2153 3752 2194 sacra

2168 2239 2444 2306 Scriptura
2477 2228 2864 2306 pronuntiante
2891 2275 2907 2300 ,
2937 2236 3079 2305 quod
3122 2249 3228 2289 non
3273 2249 3364 2303 per
3395 2235 3496 2287 hoc
3526 2233 3752 2300 quisque

2171 2327 2267 2396 qui
2297 2327 2514 2382 videbat
2539 2327 2831 2381 sanabatur
2861 2344 2872 2378 :
2911 2341 2974 2379 ac
3005 2325 3048 2379 si
3077 2334 3264 2394 aperte
3293 2324 3564 2376 diceretur
3585 2362 3601 2387 ,
3644 2336 3747 2374 non

2172 2434 2265 2487 per
2295 2419 2398 2472 hoc
2416 2417 2558 2486 quod
2586 2417 2721 2472 f0ris
2748 2419 2893 2486 juxta
2928 2418 3159 2472 litteram
3186 2415 3423 2484 patebat,
3446 2414 3538 2466 sed
3567 2428 3658 2483 per
3683 2413 3748 2465 it-

2171 2509 2258 2562 lud
2290 2511 2427 2578 quod
2463 2511 2607 2563 intus
2637 2508 2690 2562 in
2728 2516 3067 2562 sacramento
3099 2507 3314 2560 latebat.
3348 2505 3487 2571 Quid
3521 2520 3646 2572 ergo
3674 2504 3751 2556 si-

2169 2598 2423 2667 gniticant
2445 2614 2826 2667 aquieamaraa,
2845 2597 2944 2650 nisi
2973 2596 3328 2649 adversitates
3351 2593 3509 2662 hujus
3533 2590 3756 2646 saeculi?

2171 2691 2237 2743 de
2265 2689 2458 2758 quibus
2487 2689 2737 2742 nimirum
2769 2687 2916 2741 solus
2943 2687 3031 2740 ille
3075 2686 3311 2743 indebite
3337 2686 3608 2756 gustavit,
3661 2683 3778 2750 qui.

2171 2791 2228 2834 ut
2253 2780 2305 2833 in
2330 2779 2608 2832 dexteram
2638 2778 2808 2831 Patris
2832 2777 3022 2830 sedens
3046 2787 3312 2843 regnaret,
3339 2776 3405 2829 de
3432 2786 3666 2829 torrente
3699 2777 3750 2827 in

2170 2871 2252 2924 via
2281 2869 2430 2924 bibit.
2463 2869 2589 2924 Inde
2610 2878 2692 2923 est
2716 2868 2856 2937 quod
2884 2867 3003 2922 felle
3032 2867 3260 2932 cibatus,
3285 2866 3408 2923 inde
3435 2866 3573 2933 quod
3599 2876 3754 2918 aceto

2172 2971 2384 3033 potatus
2409 3003 2422 3028 ,
2459 2962 2582 3015 inde
2609 2961 2748 3030 quod
2785 2962 2900 3028 pius
2927 2960 3171 3013 conditor
3200 2967 3254 3012 et
3291 2958 3406 3011 sitit
3433 2958 3574 3027 quod
3607 2971 3754 3009 ama-

2171 3071 2288 3108 rntn
2319 3065 2400 3108 est
2434 3095 2448 3117 ,
2481 3063 2535 3108 ct
2561 3067 2805 3106 amarum
2839 3061 3060 3120 gustatis
3088 3050 3162 3103 ait
3191 3069 3202 3102 :
3237 3049 3653 3104 Consummatur»
3684 3058 3756 3101 est

2171 3146 2353 3215 (Juan.
2391 3161 2504 3209 six,
2537 3143 2652 3211 30).
2690 3143 2842 3198 Unde
2867 3147 3044 3196 autem
3075 3157 3226 3208 aquae
3259 3156 3454 3195 amat-:e
3489 3142 3541 3195 in
3572 3140 3757 3194 dulce-

2173 3237 2298 3291 dine
2327 3252 2521 3301 versas,
2555 3237 2654 3290 nisi
2684 3250 2750 3290 ex
2782 3235 3107 3289 admistioae
3136 3233 3382 3286 salutaris
3416 3233 3562 3301 ligni.
3601 3233 3757 3284 Deni-

2169 3345 2274 3399 que
2303 3346 2424 3384 cum
2474 3335 2838 3384 murmuraret
2889 3327 3114 3395 populus
3145 3327 3306 3380 Israel
3356 3336 3574 3393 propter
3604 3338 3756 3392 aqua:

2168 3420 2582 3473 amaritudinem
2611 3462 2626 3483 ,
2657 3418 2908 3472 clamavit
2936 3418 3145 3486 Moyses
3174 3417 3239 3470 ad
3291 3416 3577 3470 Dominum
3603 3457 3618 3478 ,
3665 3413 3757 3482 qui

2167 3510 2406 3566 ostendit
2439 3511 2487 3563 ei
2523 3509 2747 3577 lignum,
2779 3507 2921 3576 quod
2952 3523 3074 3561 cum
3128 3507 3364 3560 misisset
3396 3507 3445 3559 iti
3476 3521 3666 3573 aquas,
3699 3506 3750 3558 in

2167 3602 2508 3657 dulcedinem
2559 3615 2728 3654 versae
2761 3607 2906 3654 sunt.
2943 3600 3114 3667 Ipsum
3152 3600 3391 3665 proiecto
3431 3609 3512 3651 est
3555 3598 3753 3665 lignum

2167 3695 2293 3746 vita:
2326 3693 2380 3746 in
2411 3691 2660 3760 paradiso
2694 3689 2810 3755 Dei,
2853 3690 3029 3756 ipsum
3061 3689 3206 3758 quod
3236 3691 3532 3756 ptantntnm
3563 3700 3640 3741 est
3673 3705 3756 3741 se-

2167 3801 2262 3838 cus
2311 3785 2578 3837 decursus
2641 3796 2925 3848 aquarum,
2987 3780 3244 3833 Dominus
3298 3780 3545 3833 videlicet
3600 3779 3760 3832 Jesus

2165 3871 2408 3926 Chrisms
2438 3871 2575 3921 Dem
2604 3879 2658 3920 et
2691 3869 2850 3919 homo
2877 3865 3143 3934 perfectus
3170 3907 3184 3930 ,
3233 3867 3300 3920 de
3325 3882 3432 3932 quo
3461 3869 3621 3919 etiam
3653 3869 3754 3921 Sa-

2167 3966 2349 4018 lumon
2379 3962 2509 4016 dicit
2539 3979 2550 4015 :
2583 3959 2769 4014 Beatus
2803 3961 2951 4012 homo
2979 3960 3068 4028 qui
3099 3958 3290 4013 invenit
3321 3961 3652 4028 sapientiam,
3684 3961 3752 4013 li-

2164 4074 2319 4127 gnum
2342 4057 2458 4110 vitw
2485 4065 2556 4108 est
2583 4053 2663 4108 his
2685 4053 2772 4124 qui
2799 4051 3182 4123 apprehendent
3207 4068 3338 4118 eam,
3355 4063 3404 4105 et
3423 4052 3510 4118 qui
3535 4053 3753 4106 tenuerit

2164 4163 2276 4201 eam
2306 4147 2479 4200 beatus
2505 4143 2680 4214 (Prov.
2701 4159 2782 4210 in,
2815 4143 2928 4212 l8).
2956 4143 3116 4196 Misso
3140 4143 3299 4210 igitur
3331 4143 3472 4206 ligno
3506 4145 3555 4195 in
3587 4159 3754 4211 aquas

2165 4253 2397 4299 amaras,
2433 4252 2553 4289 mox
2588 4237 2640 4288 in
2668 4235 3006 4290 dulcedinem
3031 4237 3257 4289 vertitur
3277 4235 3534 4303 quidquid
3553 4236 3754 4289 amari-

2166 4329 2364 4382 tudinis
2393 4328 2592 4382 bahere
2621 4326 2953 4392 videbatur;
2974 4327 3096 4395 quia
3123 4327 3372 4380 videlicet
3399 4327 3523 4381 dmn
3556 4330 3755 4383 nostris

2167 4421 2600 4476 tribulationibus
2634 4421 2812 4489 passio
2866 4422 3002 4473 beati
3035 4419 3339 4472 Mcdiatoris
3373 4423 3746 4486 permiscetur,

489 4508 724 4578 ligentiae
753 4509 1011 4576 regulam,
1055 4512 1364 4567 ostenderet
1402 4525 1588 4565 omnes
1633 4512 1699 4564 ad
1735 4511 1894 4565 vitam
1929 4527 2058 4580 prte-
2096 4541 2142 4599 ι)
2171 4513 2376 4580 pondus
2407 4511 2684 4582 gravitatis
2709 4525 2891 4566 earum
2927 4512 3154 4564 levatur.
3189 4511 3295 4565 Sed
3320 4511 3595 4565 sciendum
3629 4513 3749 4580 quia

491 4600 766 4650 ordinatos
791 4637 806 4660 ,
863 4599 914 4652 in
961 4600 1058 4652 hac
1091 4602 1529 4670 peregrinationis
1555 4617 1789 4656 atrumna
1837 4604 2062 4671 quadra-

484 4685 628 4754 ginta
676 4687 880 4741 dierutn
931 4687 1192 4757 jejunium
1248 4706 1342 4757 per
1391 4691 1712 4745 breviarium
1762 4695 1916 4762 legis,
1951 4710 2056 4764 quo

485 4778 695 4844 gemina
745 4787 905 4846 atque
957 4779 1260 4846 evangelica
1311 4780 1777 4837 demonstraretur
1818 4785 2059 4852 dilectio,

484 4884 695 4937 semper
721 4869 1011 4922 observare
1039 4869 1256 4937 debere,
1285 4885 1403 4939 quae
1433 4873 1611 4940 utique
1647 4883 1703 4928 et
1731 4875 1888 4931 bonis
1913 4877 2063 4932 inde-

477 4959 718 5014 sinenter
756 4960 1041 5025 inhaerere,
1091 4971 1144 5014 et
1187 4976 1216 5013 a
1261 4961 1436 5026 malis,
1465 4965 1608 5018 omni
1644 4975 1884 5036 tempore
1935 4968 2063 5023 facit

479 5052 768 5106 declinare.

553 5147 638 5199 tt.
669 5144 774 5198 Sed
801 5159 902 5198 nec
930 5145 1055 5200 illud
1083 5148 1296 5202 silentio
1328 5151 1756 5216 praetereundum
1803 5152 2056 5206 existimo

477 5236 619 5302 quod
664 5233 716 5288 in
764 5251 947 5290 eremo
997 5239 1227 5308 Moyses,
1261 5240 1312 5293 in
1345 5256 1528 5294 eremo
1577 5242 1743 5306 Elius,
1790 5243 1842 5297 in
1873 5259 2057 5298 eremo

476 5321 682 5392 iejunat
721 5334 776 5379 et
805 5326 1084 5394 Dominus,
1117 5344 1213 5397 per
1241 5331 1378 5399 quod
1428 5332 1679 5386 nimirum
1732 5335 1888 5401 hujus
1935 5338 2058 5389 vitae

480 5412 836 5483 peregrinatio
867 5416 1199 5485 designatur,
1251 5420 1304 5474 in
1353 5435 1478 5489 qua,
1533 5423 1670 5476 sicut
1716 5424 1902 5478 beatus
1949 5424 2051 5478 Job

481 5504 697 5574 indicat,
741 5510 845 5563 vita
893 5510 1128 5564 hominis
1180 5515 1405 5566 tentatio
1455 5529 1576 5569 esse
1628 5517 1902 5582 probatur.
1934 5516 2059 5572 Inde

477 5610 565 5654 est
601 5601 741 5667 quod
773 5602 824 5654 in
856 5617 1038 5656 eremo
1073 5619 1224 5670 aqua:
1255 5620 1453 5659 amara
1484 5617 1539 5660 et
1584 5607 1733 5676 igniti
1781 5617 1908 5662 sunt
1935 5624 2056 5664 ser-

477 5698 686 5757 pontes.
735 5692 862 5747 Inde
907 5695 1048 5763 quod
1090 5696 1182 5750 lilii
1232 5697 1393 5753 Israel
1443 5707 1564 5768 post
1593 5709 1800 5768 tempus
1831 5701 2056 5771 quadra-

477 5779 616 5849 ginta
672 5796 956 5850 annorum,
1011 5797 1261 5855 tanquam
1311 5790 1662 5860 quadraginta
1719 5792 1949 5859 dierum,
2004 5795 2054 5848 in

2160 4607 2312 4674 juxta
2365 4605 2696 4674 prznmissatn
2759 4603 3038 4671 parvitatis
3093 4612 3290 4655 nostras
3345 4602 3746 4672 intelligentiam

2165 4697 2286 4750 aliis
2313 4712 2510 4750 amaras
2535 4703 2915 4763 perseverant,
2940 4695 3058 4747 aliis
3083 4693 3418 4748 dulcedinem
3446 4711 3598 4764 aqua:
3621 4695 3748 4750 sub-

2166 4788 2471 4842 ministrant
2497 4802 2513 4846 ;
2549 4785 2672 4839 hinc
2701 4792 2786 4838 est
2816 4783 2958 4852 quod
2996 4800 3160 4837 unum
3191 4787 3439 4838 eumdem
3485 4787 3751 4853 passionis

2163 4877 2381 4937 calicem
2412 4877 2500 4930 alii
2522 4885 2802 4944 appetunt,
2835 4876 2924 4927 alii
2950 4876 3233 4944 refugiunt.
3261 4879 3528 4946 Appetunt
3551 4878 3752 4930 scilicet

2163 4966 2354 5035 quibus
2376 4964 2678 5018 amaritudo
2706 4964 2846 5016 illius
2865 4963 3037 5017 dulcis
3057 4973 3136 5016 est
3155 4980 3171 5018 :
3197 4964 3466 5032 refugiunt
3492 4980 3619 5019 vero
3637 4967 3753 5034 qni-

2165 5056 2261 5109 bus
2283 5070 2461 5109 amara
2485 5056 2796 5124 displicent;
2821 5063 3078 5122 appetunt
3099 5056 3186 5122 qui
3206 5065 3488 5124 angustum
3513 5058 3613 5110 iter
3635 5073 3750 5110 car-

2165 5161 2331 5219 punt;
2384 5150 2674 5220 refugiunt,
2705 5151 2796 5218 qui
2846 5150 2949 5202 lata
2979 5157 3034 5202 et
3071 5151 3304 5217 Spatiosa
3350 5152 3530 5204 mundi
3564 5151 3750 5204 itinera

2165 5243 2484 5310 voluptuose
2509 5249 2844 5310 percurrunt.
2868 5238 3028 5294 Solus
3047 5240 3189 5293 enim
3217 5240 3313 5294 ille
3336 5241 3748 5296 amaritudinem

2161 5349 2313 5404 aquae
2337 5347 2442 5387 non
2459 5333 2644 5396 sentit,
2661 5333 2748 5401 qui
2768 5331 3105 5385 dulcedinem
3127 5331 3248 5399 ligni
3275 5332 3324 5384 in
3351 5347 3502 5402 aqua;
3527 5334 3747 5386 rotatio-

2111 5487 2142 5510 κ,
2163 5441 2282 5480 nem
2305 5427 2372 5480 ab
2397 5425 2598 5479 intimis
2617 5422 2799 5488 tratiit,
2828 5434 2878 5477 et
2908 5438 3016 5490 pra:
3039 5423 3179 5476 illius
3200 5422 3480 5477 dulcedine
3502 5425 3640 5492 quod
3663 5423 3752 5476 im.

2163 5519 2410 5584 mittitur,
2429 5515 2716 5586 hnjusquze
2731 5517 2899 5568 inerat
2915 5513 3216 5568 amaritudo
3236 5528 3338 5567 non
3359 5516 3582 5568 sentitur
3601 5532 3613 5566 :
3631 5514 3748 5583 quia

2163 5611 2511 5680 videlicetqui
2532 5611 2685 5680 plene
2706 5609 2968 5678 degustat,
2993 5621 3112 5676 quin
3130 5619 3181 5663 et
3199 5618 3394 5679 quanta
3420 5611 3555 5663 intra
3573 5623 3751 5664 secre-

2164 5713 2275 5757 tum
2296 5701 2474 5758 crucis
2493 5699 2717 5756 dulcedo
2739 5699 2920 5763 lateat,
2943 5709 3132 5753 cuncta
3157 5714 3272 5768 quae
3293 5699 3440 5754 cruci
3481 5699 3747 5768 adjacent,

2163 5798 2322 5851 etiam
2355 5810 2534 5850 amara
2561 5834 2574 5859 ,
2631 5791 2803 5848 dulcia
2832 5800 2999 5860 putat.
3028 5790 3179 5848 Unde
3208 5800 3262 5845 et
3292 5807 3441 5847 sacra
3471 5792 3746 5860 Scriptura
