4090 6408
341 343 473 399 Filii

1247 344 1521 399 illiilli.“
1567 343 1628 397 l\'
1672 342 2366 400 τιιΑΝςΗιλιιιςιτιυΝΕ
2411 346 2661 402 DOMINI.

3479 358 3585 412 διδ

338 452 639 517 pronuntiat
670 452 892 504 :Anima’
914 455 1153 505 esurienti
1175 458 1519 508 etiamamara
1538 457 1708 508 dulcia
1732 457 1906 509 uiden-
1938 459 1984 513 Α
2020 456 2180 508 hitam
2216 458 2315 511 sibi
2350 460 2479 529 legis
2528 464 2861 515 severitatem
2898 466 2945 515 iu
2978 479 3035 518 se
3065 470 3379 536 suscipiens,
3414 473 3581 543 legem

336 554 420 595 tur
450 542 632 607 (Prov.
665 558 828 608 xxvtt,
857 544 935 609 7).
968 543 1093 610 Quis
1123 546 1261 596 enim
1288 554 1390 597 tam
1425 546 1680 613 ingratus,
1714 546 1800 609 qui
1830 558 1906 597 et-

337 637 380 683 ιιί
413 648 515 687 non
544 645 727 703 aperto
756 638 1032 705 martyrio,
1067 636 1252 689 saltem
1284 636 1511 699 occulto,
1545 653 1649 689 non
1683 639 1909 691 libenter

342 733 596 790 so-quatur
625 728 799 779 crucis
827 729 1157 797 magistrum,
1193 742 1311 780 cum
1344 729 1598 796 scriptum
1632 732 1858 783 retineat
1893 748 1906 783 :

339 812 399 865 Si
432 830 531 866 non
578 817 935 884 compatimur,
988 831 1078 867 nec
1120 818 1533 884 conregnabimus
1562 817 1647 886 (ll
1685 818 1813 871 Tim.
1848 835 1906 881 ιι,

340 904 451 970 12),
484 916 533 957 et
561 905 747 960 Petrus
772 908 1054 960 admoneat
1088 926 1098 959 :
1128 907 1359 961 Christus
1381 926 1567 979 passus
1593 919 1665 963 est
1699 927 1790 975 pro
1815 928 1909 963 no-

338 994 441 1055 bis,
488 995 776 1062 relinquens
809 996 943 1048 vobis
981 1000 1265 1066 exemplum
1296 1009 1350 1051 ut
1380 1001 1664 1066 sequamini
1692 1004 1900 1072 vestigia

340 1084 450 1151 ejus
475 1083 559 1149 (ll
595 1083 735 1138 Petr.
767 1101 825 1151 ιι,
846 1087 958 1155 21).
981 1087 1139 1140 Tales
1160 1089 1355 1156 quippe
1381 1090 1517 1157 apud
1544 1091 1797 1145 Hebrzeos
1827 1094 1908 1146 in-

342 1183 554 1225 venerat
589 1175 781 1229 Paulus
804 1218 818 1239 ,
846 1179 1036 1245 quibus
1083 1178 1292 1232 dicebat
1327 1197 1337 1231 :
1369 1181 1682 1246 Aspicientes
1710 1183 1763 1235 in
1818 1200 1912 1236 au-

344 1269 530 1314 ctorem
560 1264 698 1332 fidei,
731 1274 778 1317 et
806 1279 1259 1321 consummatorem
1283 1269 1478 1337 Jesum,
1501 1274 1610 1341 qui,
1642 1276 1908 1344 praposito

346 1351 442 1403 sibi
470 1354 688 1419 gaudio,
733 1358 969 1409 sustinuit
1001 1374 1229 1418 crucem,
1281 1360 1579 1426 confusione
1624 1374 1909 1429 contempta

338 1440 497 1506 (Ileb.
534 1458 626 1505 nt,
651 1442 728 1511 2).
762 1446 919 1499 Tales
949 1457 1000 1500 et
1036 1449 1154 1500 illos
1189 1449 1300 1503 ﬁeri
1330 1450 1598 1517 cupiebat,
1631 1453 1821 1520 quibus
1853 1464 1911 1508 ut

340 1534 747 1588 amaritudinem
782 1540 1042 1604 passionis
1078 1540 1128 1591 in
1163 1540 1498 1594 dulcedinem
1529 1553 1796 1606 verteret,
1833 1545 1910 1598 lo-

344 1627 603 1689 quebatur
631 1629 814 1681 dicens
852 1646 863 1681 :
900 1630 1126 1684 Srientes
1154 1633 1272 1699 quia
1301 1634 1432 1685 sicut
1458 1635 1583 1686 socii
1615 1641 1907 1701 passionum

335 1714 472 1776 estis,
502 1716 576 1766 sic
605 1726 653 1768 et
686 1718 1047 1771 consolationis
1068 1720 1207 1772 eritis
1238 1718 1326 1789 (ΙΙ
1356 1720 1472 1774 Cor.
1500 1738 1537 1787 l,
1571 1723 1651 1789 7).
1680 1724 1781 1777 Sed
1812 1740 1906 1778 nos

2018 545 2267 615 impletis,
2319 549 2473 602 simul
2507 561 2559 602 et
2589 552 2816 607 decretis
2846 569 3127 620 evacuans,
3164 568 3332 614 totum
3360 565 3496 627 quod
3527 566 3580 618 in

2013 636 2129 702 ejus
2161 640 2446 707 praeceptis
2498 655 2747 706 asperum
2799 653 2934 706 erat,
2977 646 3025 697 in
3058 647 3217 701 lenita
3246 652 3288 703 is
3319 650 3449 705 Novi
3481 653 3583 707 Te-

2010 726 2257 778 stamenti
2281 729 2499 795 gratiam
2524 732 2887 785 commutavit.
2911 734 3046 799 Quid
3066 751 3275 804 quoque
3298 740 3582 808 designant

2014 812 2162 878 igniti
2196 829 2497 883 serpentes,
2532 820 2631 871 nisi
2658 821 2861 889 antiqui
2911 823 3079 877 hostis
3110 827 3412 881 mortiferas
3455 845 3579 899 sug-

2016 904 2333 968 gestiones?
2378 908 2461 959 cui
2516 907 2751 974 proiecto
2807 915 3081 965 sententia:
3113 914 3307 967 Paulus
3347 920 3584 973 concinit

2012 992 2196 1046 dicens
2228 1013 2239 1045 :
2270 997 2526 1050 Assumile
2562 1010 2757 1050 scutum
2780 1000 2920 1067 ﬁdei,
2952 1004 3003 1054 in
3052 1020 3149 1069 quo
3185 1007 3387 1073 possitis
3415 1012 3584 1061 omnia

2012 1083 2111 1135 tela
2153 1086 2443 1153 nequissimi
2485 1089 2645 1156 ignita
2692 1093 3006 1159 exstinguere
3056 1093 3213 1163 (Eph.
3248 1113 3314 1160 ιι,
3360 1100 3471 1169 lli).
3500 1102 3581 1154 Ad

2012 1175 2151 1240 quod
2186 1176 2447 1239 maxime,
2481 1178 2587 1231 imo
2617 1190 2817 1232 tantum
2850 1182 2975 1235 illud
3012 1185 3217 1249 proﬁcit
3244 1228 3258 1251 ,
3291 1191 3430 1255 quod
3464 1205 3584 1256 per-

2012 1265 2149 1317 cussi
2181 1280 2244 1320 ne
2274 1268 2567 1321 moriantur
2587 1310 2603 1334 ,
2630 1285 2833 1323 :cneum
2886 1286 3186 1340 serpentem
3234 1279 3471 1343 astricere
3494 1281 3583 1348 ju-

2017 1354 2224 1408 bentnr.
2261 1356 2376 1421 Quo
2420 1359 2665 1412 videlicet
2698 1360 2748 1412 in
2797 1360 2934 1413 facto
2961 1402 2975 1427 ,
3010 1378 3112 1416 non
3150 1376 3328 1420 nostra
3371 1370 3582 1439 titubat,

2013 1445 2106 1497 sed
2158 1446 2361 1499 Domini
2404 1449 2670 1513 erpositio
2703 1453 2974 1504 tractantis
3016 1458 3331 1509 sententiam
3383 1458 3580 1515 ﬁrmat.

2016 1535 2099 1586 Ait
2123 1536 2265 1588 enim
2299 1553 2311 1587 :
2339 1536 2484 1590 Sicut
2506 1540 2739 1591 exultavit
2763 1539 2966 1612 Moyses
2984 1556 3263 1609 serpentem
3279 1547 3332 1597 in
3359 1547 3580 1612 deserto,

2013 1624 2082 1674 ita
2109 1624 2326 1677 exaltari
2367 1637 2562 1694 oportet
2593 1625 2783 1679 Filium
2812 1610 3052 1695 hominis,
3084 1642 3137 1685 ut
3166 1635 3331 1687 omnis
3356 1637 3443 1704 qui
3471 1610 3582 1690 crs;

2014 1716 2084 1765 dit
2109 1716 2159 1765 in
2182 1732 2316 1779 cum,
2343 1733 2444 1767 non
2462 1728 2649 1785 pereat,
2674 1720 2763 1771 sed
2782 1719 2960 1773 habeat
2982 1723 3134 1774 vitam
3155 1733 3399 1778 wternam
3427 1726 3579 1792 (Luc.

335 1804 433 1869 ista
475 1806 1033 1870 dicentes,debemus
1098 1811 1234 1862 inter
1290 1819 1514 1878 utraque
1570 1812 1903 1867 Testamenta

2020 1820 2103 1856 xu
2126 1847 2140 1867 ,
2177 1804 2289 1873 Η).
2340 1806 2478 1859 Ecce
2506 1809 2645 1860 enim
2680 1811 2943 1878 Suggessit
2971 1812 3210 1864 occultus
3242 1813 3582 1869 adversarius

335 1893 681 1962 distinguere,
705 1910 754 1950 et
781 1898 1006 1967 qualiter
1061 1899 1128 1952 ibi
1163 1916 1378 1967 aniarm,
1406 1902 1493 1955 hic
1517 1915 1692 1957 autem
1726 1906 1910 1960 dulces

334 1986 635 2040 exstiterint
690 2004 838 2057 aquae
892 1991 1087 2044 videre.
1139 1993 1349 2047 Amarae
1404 1996 1665 2062 siquidem
1700 1998 1905 2053 fuerant

337 2088 488 2141 aqua:
519 2077 621 2130 illis
665 2078 731 2132 de
762 2080 953 2147 quibus
984 2082 1174 2134 Moises
1217 2084 1465 2136 dicebat:
1514 2086 1739 2139 Oderunt
1773 2090 1910 2155 ﬁlios

341 2163 510 2218 Israel
550 2166 791 2237 Egyptii,
852 2180 897 2222 et
963 2172 1242 2240 aﬂligebant
1296 2172 1560 2227 illudentes
1606 2177 1710 2237 eis,
1764 2188 1911 2245 atque

335 2256 405 2307 ad
457 2258 848 2309 amaritudinem
900 2260 1242 2327 perducebant
1270 2263 1420 2313 vitam
1462 2278 1631 2315 eorum
1679 2267 1908 2334 operibus

331 2344 478 2395 duris
518 2345 613 2395 luti
641 2355 687 2396 et
719 2345 890 2399 lateris
918 2388 931 2409 ,
966 2350 1193 2417 omnique
1225 2350 1476 2415 famulatu
1497 2390 1512 2415 ,
1551 2369 1647 2420 quo
1678 2357 1727 2405 in
1762 2365 1908 2408 terrte

330 2434 563 2503 operibus
592 2436 945 2504 premebantur
978 2436 1174 2507 (Exod.
1210 2455 1245 2501 ι,
1292 2438 1398 2507 1⁸2).
1446 2443 1655 2495 Amarie
1709 2456 1757 2497 et
1805 2424 1908 2498 illis

330 2540 393 2577 ex
418 2540 641 2592 quorum
666 2543 893 2595 persona
912 2528 1167 2583 Jeremias
1184 2532 1283 2583 sub
1314 2543 1437 2602 typo
1460 2534 1700 2587 mulieris
1725 2536 1908 2605 loque-

328 2615 486 2666 batur
507 2616 689 2669 dicens
717 2634 728 2667 :
770 2618 953 2672 Venter
978 2637 1114 2673 meus
1136 2623 1460 2675 conturbatus
1487 2634 1579 2689 est,
1611 2626 1906 2678 subversum

332 2718 403 2759 est
425 2724 513 2759 cor
540 2725 706 2760 meum
727 2710 778 2761 in
806 2713 1119 2778 memetipsa,
1139 2716 1375 2779 quoniam
1398 2716 1739 2767 amaritudine
1760 2716 1909 2783 plena

331 2815 446 2850 sum
478 2799 692 2865 (Thren.
731 2817 766 2866 ι,
797 2800 911 2869 2U).
944 2802 1005 2854 Et
1030 2818 1238 2854 sursum
1271 2822 1281 2854 :
1318 2804 1663 2857 Circumdedit
1689 2821 1767 2858 me
1789 2808 1908 2875 felle

330 2901 375 2943 et
409 2892 579 2944 labore
625 2894 838 2958 ('l'hren.
871 2910 947 2956 ut,
990 2894 1096 2962 l5).
1133 2895 1469 2963 Rursumque
1499 2912 1511 2947 :
1550 2895 1781 2961 Ilevait
1828 2913 1905 2951 me

326 2983 779 3050 amaritudinibus,
806 2996 850 3036 et
875 2986 1138 3038 inebriavit
1179 3002 1256 3036 me
1295 2986 1561 3054 absynthio
1592 2986 1752 3051 (Ibid.
1794 2988 1901 3052 xv).

343 3074 447 3125 Sed
480 3072 591 3141 jam
638 3089 731 3141 per
762 3075 1129 3127 admistionctn
1183 3075 1309 3143 ligni
1342 3076 1586 3128 salutaris
1628 3074 1679 3127 iu
1723 3075 1904 3127 dulce-

2016 1895 2295 1961 quodlibet
2339 1898 2389 1948 in
2444 1906 2621 1952 mente
2652 1899 2887 1963 facinus;
2943 1903 3297 1970 consensisti,
3350 1919 3574 1974 serpens

2017 1989 2301 2040 momordit
2333 1998 2420 2040 te:
2452 1991 2545 2042 sed
2582 2005 2647 2043 ne
2696 1991 2929 2044 funditus
2979 1995 3364 2064 exstinguaris,
3395 1998 3577 2065 aspice

2015 2088 2319 2143 serpentem
2354 2096 2583 2145 aureum,
2618 2082 2717 2134 hoc
2748 2092 2831 2135 est
2860 2084 2911 2135 in
2939 2099 3098 2138 cruce
3130 2088 3445 2152 pendentem
3476 2089 3580 2143 Do-

2015 2170 2215 2221 minum
2236 2211 2251 2235 ,
2282 2172 2433 2236 cujus
2464 2172 2709 2224 nimirum
2743 2175 2919 2240 passio
2949 2176 3074 2228 dum
3108 2176 3242 2231 bene
3276 2179 3582 2233 considera-

2014 2269 2117 2324 tur,
2151 2262 2330 2312 omnia
2364 2262 2413 2312 in
2440 2262 2591 2314 nobis
2624 2264 2873 2315 vitiorum
2915 2266 3049 2316 mala
3087 2268 3424 2334 exstinguere
3454 2283 3579 2336 pro-

2014 2346 2186 2400 batur.
2219 2349 2359 2403 Bene
2387 2362 2559 2403 autem
2607 2351 3002 2416 consideratur,
3034 2354 3157 2406 dum
3192 2357 3301 2424 ipsa
3334 2372 3428 2425 pro
3454 2359 3581 2412 viri-

2014 2438 2110 2492 bus
2142 2440 2330 2493 imitari
2365 2452 2606 2495 conatur.
2641 2441 2814 2509 Incipe
2843 2443 3002 2510 igitur
3052 2446 3354 2512 passionem
3383 2448 3581 2501 Christi

2012 2526 2211 2581 imitari
2260 2530 2431 2596 velle,
2462 2539 2515 2583 et
2546 2531 2750 2583 nullum
2806 2530 2901 2584 erit
2934 2534 3158 2586 mortale
3205 2537 3405 2589 crimen
3437 2536 3578 2603 quod

2015 2628 2069 2673 te
2101 2621 2268 2686 possit
2295 2622 2657 2688 exstinguere.
2695 2620 2760 2673 Et
2781 2636 2899 2673 cum
2929 2621 3120 2675 Paulus
3148 2623 3286 2676 dicat
3319 2641 3331 2674 :
3370 2624 3470 2689 Qui
3491 2642 3581 2677 au-

2012 2719 2109 2762 tem
2139 2722 2255 2762 sunt
2289 2712 2498 2773 Christi,
2532 2729 2734 2765 carnem
2759 2729 2903 2765 suam
2927 2715 3288 2779 cruci/iurum
3317 2732 3429 2767 cum
3456 2718 3585 2767 vitiis

2021 2812 2068 2851 et
2091 2803 2510 2867 concupiscentiis
2543 2803 2685 2871 (Gal.
2717 2819 2746 2855 ν
2771 2843 2786 2868 ,
2828 2803 2943 2870 24).
2984 2806 3113 2868 Quae
3152 2820 3312 2874 rogo,
3345 2808 3582 2860 oblecta—

2012 2900 2187 2941 menta
2219 2892 2421 2959 peccati
2456 2891 2646 2944 talibus
2678 2901 2926 2957 poterunt
2950 2896 3270 2958 subripere?
3299 2897 3397 2959 Qui
3430 2898 3571 2950 enim

2012 2983 2304 3033 cruciﬁxus
2329 2991 2411 3033 est
2432 3022 2448 3045 ,
2490 2983 2670 3050 utique
2701 2998 2809 3049 prre
2842 2985 3029 3037 dolore
3062 2985 3229 3052 ipsius
3261 2988 3452 3040 mortis
3481 2988 3585 3042 in.-

2018 3072 2267 3123 minentis
2297 3086 2530 3124 unorsum
2565 3088 2670 3125 non
2702 3074 2873 3127 sentit
2924 3078 3169 3130 venenati
3201 3080 3484 3146 serpentis.
3512 3079 3583 3131 Da

344 3161 520 3216 dinem
553 3162 655 3215 illis
684 3179 977 3227 conversm,
1029 3166 1094 3216 de
1126 3165 1310 3233 quibus
1344 3164 1509 3218 Lucas
1540 3167 1898 3219 testimonium
1938 3161 1985 3193 ¹⁴
2020 3161 2150 3214 mibi
2182 3164 2469 3231 quemlibet
2519 3175 2804 3229 mortuum,
2842 3164 2928 3233 qui
2961 3167 3159 3221 sentire
3192 3170 3357 3235 possit
3384 3170 3586 3225 colubri

331 3254 652 3321 perhibebat
682 3255 865 3308 dicens
898 3274 907 3307 :
941 3255 1091 3307 Ibant
1134 3266 1302 3307 autem
1332 3254 1549 3321 apostoli
1572 3256 1850 3321 gaudentes
1875 3273 1904 3307 a

330 3354 606 3413 conspectu
636 3348 859 3410 concilii,
886 3347 1121 3417 quoniam
1152 3347 1295 3415 digiti
1343 3347 1500 3398 habiti
1531 3358 1645 3399 sunt
1674 3364 1766 3415 pro
1809 3364 1904 3400 no-

337 3441 472 3492 mine
500 3442 611 3509 ejus
641 3442 1001 3493 contumeliam
1054 3442 1158 3507 pati
1192 3441 1328 3510 (Act.
1350 3456 1400 3503 v,
1421 3438 1531 3503 41).
1566 3446 1774 3492 Amarae
1815 3455 1906 3493 ex-

334 3532 577 3583 stiterant
604 3541 655 3584 et
688 3532 782 3598 ipsi
818 3532 1001 3601 Moysi,
1033 3548 1151 3583 ‹·ιιιιι
1186 3540 1410 3583 ιιιωδιιιε
1440 3540 1896 3598 conquereretur:

322 3623 454 3685 Cur,
486 3623 682 3689 inquit,
736 3622 966 3686 Domine,
1020 3622 1243 3691 aﬂlixisti
1284 3638 1478 3674 servum
1530 3622 1712 3673 tumn?
1742 3638 1902 3690 quare

333 3728 433 3762 non
455 3712 654 3763 inuenio
684 3712 900 3779 gratiam
922 3726 1093 3763 coram
1123 3712 1210 3763 te?
1234 3708 1340 3763 Cur
1358 3700 1659 3771 imposuisti
1699 3710 1903 3773 pondus

328 3803 558 3853 universi
590 3801 768 3870 populi
810 3803 960 3871 hujus
990 3817 1143 3867 super
1188 3804 1311 3854 me?
1363 3802 1483 3854 Non
1514 3818 1718 3865 possunt
1770 3803 1908 3855 solus

331 3898 583 3949 sustinere
609 3913 808 3949 omnem
839 3898 972 3948 hunc
1019 3899 1260 3962 populum
1283 3933 1297 3956 ,
1322 3897 1438 3962 quia
1465 3896 1628 3963 gratis
1657 3894 1780 3947 mihi
1814 3906 1906 3947 est.

337 3990 436 4042 Sin
461 3989 608 4040 aliter
638 3988 725 4038 tibi
754 3989 972 4046 videtur,
1003 3990 1206 4037 obsecro
1234 3996 1287 4036 ut
1318 3980 1590 4041 inter/Scias
1621 4001 1717 4043 me,
1750 3995 1803 4035 ut
1833 3985 1909 4035 iu-

324 4080 526 4131 ueniam
557 4078 775 4145 gratiam
807 4078 857 4127 in
891 4078 1050 4127 oculis
1078 4076 1207 4138 tuis,
1237 4091 1296 4125 ne
1329 4078 1483 4126 tantis
1513 4074 1717 4139 afﬁcior
1756 4075 1903 4125 malis

329 4172 528 4240 (Exod.
556 4184 679 4229 xvtt,
712 4167 788 4232 4).
824 4170 1156 4235 Rursumque
1186 4184 1197 4216 :
1238 4164 1487 4217 Pusillum
1517 4174 1559 4216 rt
1610 4165 1908 4230 lapidabunt

333 4278 435 4315 me.
468 4261 674 4313 Amat-te
709 4258 917 4311 inerant
958 4267 1014 4309 et
1046 4258 1195 4320 Elite,
1227 4271 1345 4309 cum
1394 4260 1795 4320 persecutiones
1821 4254 1910 4307 le.

332 4352 531 4407 zabelis
550 4365 640 4418 per
660 4351 866 4404 deserta
891 4348 1110 4415 fugiens,
1138 4364 1181 4397 v.
1204 4362 1360 4412 mque
1386 4350 1587 4412 patiens
1611 4348 1867 4402 clamaret
1894 4364 1908 4400 :

2013 3268 2269 3307 morsum.
2308 3255 2371 3307 Et
2393 3265 2540 3308 certe
2570 3255 2707 3309 idem
2732 3262 2976 3325 egregius
3008 3259 3322 3325 praedicator
3344 3260 3589 3315 ﬁdelibus

2009 3346 2175 3400 dicit:
2213 3344 2407 3397 Mortui
2431 3345 2572 3410 estis,
2605 3354 2651 3397 et
2680 3346 2779 3397 vita
2826 3357 2987 3400 vestra
3013 3348 3338 3401 asbscondita
3359 3359 3434 3402 est
3468 3366 3583 3402 cum

2012 3438 2213 3492 Christo
2236 3438 2286 3489 in
2320 3436 2424 3490 Deo
2446 3436 2582 3508 (Col.
2608 3453 2685 3501 Ill,
2709 3438 2787 3507 5).

2087 3532 2171 3583 l-l.
2193 3533 2353 3593 Ecce,
2370 3541 2592 3599 utquam
2610 3532 2838 3584 breviter
2854 3531 3099 3584 intimare
3118 3533 3587 3600 potuimus,quare

2013 3620 2268 3674 Dominus
2298 3622 2512 3690 Moysen
2544 3629 2597 3673 et
2640 3620 2807 3673 Eliam
2856 3621 2907 3674 in
2943 3620 3412 3690 transﬁguratione
3439 3623 3591 3675 exhi-

2014 3712 2147 3773 buit,
2174 3725 2308 3778 quos
2333 3711 2384 3763 in
2414 3710 2669 3780 mysterio
2690 3708 2878 3778 jejunii
2913 3713 3093 3763 socLos
3114 3723 3271 3779 atque
3296 3709 3588 3764 concordes

2014 3800 2245 3855 fantulos
2274 3801 2475 3855 habuit.
2508 3802 2675 3866 Quam
2709 3800 2845 3853 bene
2868 3802 3025 3853 etiam
3054 3800 3299 3868 congruit
3327 3799 3465 3866 quod
3491 3800 3588 3853 Pe-

2017 3894 2079 3944 tri
2120 3900 2175 3945 et
2202 3891 2421 3944 Joannis
2452 3889 2755 3956 aspectibus
2784 3888 2998 3956 Moysen
3030 3896 3084 3939 et
3115 3888 3280 3938 Eliam
3330 3888 3545 3953 ingessit
3568 3926 3584 3951 ,

2015 3994 2070 4034 ut
2098 3981 2317 4046 scilicet,
2366 3982 2569 4034 Veteris
2597 3994 2659 4032 ac
2683 3978 2814 4032 Novi
2843 3978 3173 4031 Testamenti
3207 3978 3343 4031 facta
3368 3992 3589 4031 concor-

2015 4072 2125 4137 dia,
2163 4072 2480 4123 altrinsecus
2519 4079 2686 4125 semet
2727 4073 2807 4122 vel
2840 4070 2889 4123 in
2921 4070 3079 4132 iacto,
3114 4070 3196 4122 vel
3235 4069 3285 4121 iu
3336 4071 3590 4139 mysterio

2018 4164 2151 4215 bime
2179 4172 2537 4229 respectarent
2562 4176 2824 4228 personae.
2849 4161 3057 4230 Moyses
3073 4162 3213 4213 enim
3234 4171 3287 4228 ut
3309 4162 3373 4213 ad
3399 4178 3589 4215 manna

2022 4257 2341 4310 vescendum
2373 4259 2661 4316 transiret,
2695 4269 2839 4306 mare
2864 4253 3091 4315 dividit;
3126 4253 3315 4306 Petrus
3361 4268 3505 4317 vero,
3538 4262 3596 4304 ut

2023 4350 2088 4402 ad
2127 4349 2424 4414 Christum,
2452 4351 2537 4413 qui
2568 4362 2750 4398 verum
2778 4347 3099 4412 coclesmqne
3129 4355 3209 4397 est
3230 4358 3443 4410 manna,
3471 4357 3589 4408 per-

334 4442 542 4510 Sufficit
562 4441 701 4502 mihi,
723 4440 966 4499 Domine;
986 4438 1127 4501 tolle,
1152 4438 1582 4505 qumso,animam
1604 4453 1800 4501 meam,
1820 4456 1908 4490 ne-
1939 4475 1988 4533 υ
2025 4440 2249 4503 veniret,
2275 4454 2434 4505 super
2467 4452 2611 4489 mare
2636 4434 2959 4496 ambulavit;
3013 4434 3155 4485 Elias
3195 4448 3320 4487 vero
3349 4440 3406 4484 ut
3434 4447 3591 4498 supe-

328 4549 431 4604 que
444 4535 577 4586 enim
600 4533 776 4585 melior
802 4549 914 4585 sum
939 4546 1089 4599 quam
1114 4540 1280 4597 patres
1304 4532 1398 4582 mei
1417 4527 1539 4598 (III
1561 4529 1682 4599 lleg.
1702 4546 1806 4592 nx,
1824 4529 1901 4599 4).

332 4624 443 4679 Sed
479 4640 569 4691 per
602 4624 973 4675 admistionem
1025 4624 1147 4689 ligni
1191 4623 1493 4675 remedialts
1515 4620 1626 4689 jam
1662 4622 1825 4674 Paulo
1862 4622 1912 4675 in

343 4722 679 4773 dulcedinem
711 4734 900 4775 versae.
936 4732 1055 4769 cum
1082 4718 1220 4770 idem
1255 4717 1501 4769 ﬁdelibus
1526 4717 1732 4770 diceret
1766 4734 1779 4768 :
1813 4717 1910 4780 Qui

336 4827 467 4864 nunc
497 4811 689 4881 gaudeo
720 4810 775 4862 in
803 4807 1210 4859 tribulationibus
1240 4822 1328 4871 pro
1358 4809 1493 4859 vobis
1526 4807 1701 4875 (llom.
1736 4822 1787 4871 v,
1830 4810 1909 4872 '5).

342 4906 406 4955 lit
449 4918 657 4955 rursum
688 4920 699 4954 :
735 4900 865 4953 Mihi
916 4899 1074 4951 virere
1105 4895 1336 4949 Christus
1362 4907 1453 4958 est,
1482 4909 1527 4950 et
1556 4900 1686 4951 mori
1719 4900 1913 4952 lucrum

336 4994 502 5063 (Phil.
533 5009 569 5059 ι,
600 4993 715 5055 ει).
749 4991 1079 5058 Rursumque
1105 5007 1118 5041 :
1157 4987 1264 5055 Ego
1296 5000 1466 5041 autem
1497 5006 1597 5041 non
1628 4992 1797 5043 solum
1835 4992 1917 5043 al-

338 5084 512 5152 ligari,
554 5082 641 5135 sed
669 5090 715 5134 et
742 5081 873 5133 mori
903 5090 1112 5147 paratus
1141 5096 1253 5132 sum
1280 5078 1333 5131 in
1362 5075 1647 5131 Jerusalem
1681 5098 1775 5149 pro
1824 5100 1916 5136 ηο-

338 5179 475 5231 mine
497 5177 702 5229 Domini
727 5172 854 5227 Iesu
885 5174 1023 5243 (Act.
1064 5188 1174 5236 ut,
1214 5172 1317 5240 l5).

416 5269 506 5323 15.
540 5268 635 5320 Est
659 5275 836 5319 autem
870 5265 956 5317 hic
986 5264 1052 5317 de
1078 5265 1230 5330 aquis
1258 5264 1453 5317 amaris
1478 5272 1529 5316 et
1560 5264 1696 5317 alius
1727 5280 1917 5320 senSus

348 5367 650 5430 frequenter
694 5373 724 5411 a
757 5356 1043 5425 majoribus
1096 5354 1292 5407 nostris
1324 5355 1638 5419 inculcatas,
1692 5371 1916 5424 quarum

342 5458 590 5513 videlicet
612 5452 910 5508 amaritudo
928 5451 1049 5519 jure
1078 5449 1306 5504 refertur
1338 5450 1389 5502 in
1421 5451 1840 5507 circumcisionis
1866 5456 1915 5509 in

342 5565 505 5605 carne
550 5547 814 5609 dolorem,
855 5559 917 5597 ac
949 5558 1044 5612 pro
1072 5542 1305 5595 reatibus
1332 5542 1578 5597 vindictae
1612 5546 1917 5599 retributio-

344 5656 484 5695 nem.
515 5639 619 5697 Sed
644 5653 793 5707 aqua:
820 5635 1225 5689 amaritudinem
1252 5632 1378 5703 ligni
1403 5634 1689 5688 salubritas
1721 5636 1772 5689 in
1798 5637 1914 5691 dul-

340 5733 581 5788 cedincm
605 5729 784 5790 vertit,
806 5728 924 5795 quia
949 5725 1188 5795 proiecto
1212 5723 1535 5793 Redemptor
1565 5732 1745 5779 noster
1764 5725 1915 5780 inde-

2025 4534 2163 4586 riura
2192 4541 2413 4600 peteret,
2440 4532 2489 4582 in
2514 4544 2671 4581 rnrru
2701 4526 2854 4594 igneo
2880 4524 3154 4586 ascendit;
3186 4525 3416 4576 Joannes
3466 4537 3595 4576 vero

2030 4633 2084 4676 ut
2113 4632 2320 4677 secreta
2355 4621 2509 4673 Verbi
2537 4627 2833 4685 penetraret
2860 4657 2874 4677 ,
2910 4616 2961 4666 in
2992 4613 3235 4665 ﬂammeo
3252 4611 3447 4664 Christi
3477 4627 3596 4677 pec-

2020 4728 2134 4772 tore
2184 4717 2442 4769 recubuit.
2472 4712 2607 4777 Quid
2636 4719 2808 4761 autem
2843 4708 3062 4758 facimus
3096 4704 3163 4756 de
3192 4702 3424 4756 laenbo?
3458 4718 3596 4755 nun-

2019 4808 2141 4877 quid
2172 4808 2238 4858 ab
2283 4808 2380 4857 hac
2428 4818 2546 4856 eum
2577 4800 2857 4853 concordia
2907 4797 3213 4857 dividimus,
3244 4803 3295 4847 et
3326 4793 3589 4846 minorem

2021 4903 2179 4958 Petro
2210 4900 2287 4953 vel
2316 4899 2521 4949 .lnannc
2558 4896 2606 4946 in
2638 4887 3403 4962 pra-ﬁgurationejudicamus,
3436 4901 3591 4952 quem

2017 4996 2185 5065 Moysi
2242 5000 2295 5046 et
2344 4990 2473 5042 Elia:
2507 4985 2748 5054 personis
2776 4998 2841 5037 ex
2891 4982 2994 5034 alia
3045 4984 3249 5034 ratione
3297 4992 3591 5048 congruere

2022 5084 2344 5155 probamus?
2371 5080 2533 5133 .Iacob
2562 5077 2725 5138 enim,
2751 5085 2806 5128 ut
2841 5074 3090 5138 diximus,
3115 5071 3482 5139 supplantator
3515 5073 3593 5124 in-

2023 5183 2366 5245 terpretatur,
2389 5170 2528 5238 quod
2559 5167 2780 5221 omnino
2816 5163 2983 5233 Moysi
3010 5171 3061 5216 et
3091 5162 3218 5215 Elite
3248 5161 3378 5213 satis
3396 5172 3593 5213 conve-

2023 5271 2137 5323 nire
2188 5267 2437 5331 probatur
2471 5274 2735 5331 :quorum
2792 5270 2927 5310 unus
2980 5252 3318 5308 insidiantem
3372 5249 3597 5304 llebrieo

2021 5362 2323 5431 :Egyptiutn
2372 5357 2611 5412 clancule
2642 5351 2996 5412 interﬁciens,
3029 5348 3216 5401 sabulo
3268 5341 3545 5396 abscondit
3581 5359 3592 5391 :

2022 5456 2157 5508 alter
2211 5466 2337 5505 vero
2386 5449 2508 5503 Baal
2559 5446 2859 5510 deludens,
2911 5443 3196 5511 prophetas
3250 5437 3301 5491 in
3357 5444 3594 5488 torrente

2024 5546 2274 5600 mactavit
2318 5561 2331 5596 ι
2368 5557 2484 5609 qua:
2532 5549 2718 5594 cuncta
2772 5536 2837 5589 ad
2880 5533 3289 5589 exstinctiouem
3338 5528 3585 5581 vitiorum

2025 5636 2289 5704 pertinere
2339 5634 2551 5686 Patrum
2583 5627 2870 5683 auctoritas
2920 5620 3322 5678 demonstravit.
3352 5616 3458 5671 Sed
3515 5613 3582 5667 vi-

2022 5730 2231 5792 demus,
2261 5727 2301 5778 si
2351 5735 2649 5789 possumus,
2701 5733 2819 5787 qua:
2849 5727 2969 5769 sunt
3004 5715 3160 5768 verba
3192 5709 3510 5783 legislatoris
3540 5715 3592 5759 et
