4090 6468
520 343 660 401 1515

1313 335 1372 390 S.
1419 331 1742 388 AMBROSII
1785 327 2134 388 AUTPERTI
2178 323 2662 381 BENEVENTANI
2703 325 2994 383 ABBATIS

3653 326 3790 383 1516

516 458 792 528 propheta:
841 452 906 508 ad
937 450 1215 506 Dominum
1261 461 1606 517 utrorumque
1632 487 1648 511 ,
1707 445 1850 515 quod
1898 453 2099 497 temere
2129 443 2169 497 Α
2205 448 2460 506 tuumque
2481 437 2793 508 magistrum
2822 440 3093 508 abneges?
3123 438 3265 494 Bene
3291 439 3432 510 quod
3458 440 3550 496 tibi
3585 452 3791 496 tantum

523 550 749 604 forsitan
777 586 793 611 ,
850 545 957 598 imo
1002 551 1147 596 certe
1174 555 1343 593 vanus
1396 546 1750 607 prarsumptor
1825 546 2107 588 autumare

523 639 738 700 vellem,
775 634 876 688 nisi
903 645 1149 702 quamam
1207 630 1296 683 illa
1329 639 1512 682 essent
1536 628 1605 680 ab
1635 627 1740 680 alio
1771 623 2100 692 evangelista

515 729 844 783 didicissem.

595 817 682 873 15.
707 816 863 880 Ecce,
886 813 1077 882 inquit,
1095 811 1196 865 duo
1219 811 1311 863 viri
1337 810 1672 880 loquebantur
1691 822 1809 859 cum
1832 821 1912 859 eo.
1939 803 2103 856 Erant

529 919 703 961 autem
717 907 925 976 Moyses
949 915 994 958 et
1019 903 1186 965 Elius,
1203 915 1249 955 et
1273 901 1499 954 dicebant
1523 914 1779 952 excessum
1801 899 1932 966 ejus,
1954 909 2106 962 quem

523 1002 870 1068 completum:
910 1007 1015 1050 erat
1041 996 1092 1048 in
1137 993 1426 1047 Jerusalem
1477 991 1628 1062 (Luc.
1659 1004 1739 1054 lx,
1788 990 1906 1056 5|).
1935 988 2105 1052 Quem

529 1103 832 1152 exceSSum,
863 1087 966 1140 nisi
1009 1101 1104 1153 pro
1153 1085 1333 1138 mundi
1362 1085 1466 1135 vita
1515 1081 1802 1135 indebitutn
1846 1075 2108 1146 passionis

537 1173 1044 1244 tormentum,quod
1077 1173 1289 1241 quidem
1318 1172 1426 1240 jam
1461 1173 1822 1232 inchoaverat,
1854 1170 1947 1221 sed
1979 1182 2106 1221 nec-

529 1273 657 1325 dum
686 1268 1069 1337 compleverat,
1097 1266 1217 1334 quia
1249 1273 1305 1318 et
1333 1264 1578 1318 miserias
1619 1274 1831 1315 nostras
1861 1261 1966 1329 pati
1995 1259 2105 1328 jam

531 1369 790 1430 ceperat,
840 1367 894 1412 et
947 1365 1123 1409 tamen
1171 1355 1235 1407 ad
1283 1338 1456 1407 crucis
1503 1354 1823 1422 supplicium
1875 1351 2108 1404 nondum

535 1459 860 1505 accesserat.
911 1447 974 1501 Ut
1003 1446 1148 1501 enim
1180 1445 1304 1497 hinc
1334 1444 1491 1497 detur
1519 1442 1741 1513 intelligi
1773 1443 1916 1511 quod
1950 1441 2108 1495 verba

533 1556 723 1595 eorum
747 1555 865 1607 quae
887 1553 1023 1592 nunc
1045 1538 1182 1604 apud
1209 1537 1356 1590 illum
1383 1539 1615 1600 luerunt,
1641 1537 1758 1588 talia
1788 1545 1940 1588 erant
1963 1549 1978 1586 :
2011 1533 2113 1586 Ve-

537 1632 683 1695 nisti,
709 1632 798 1700 qui
823 1631 1116 1686 mittendus
1147 1645 1286 1693 cras,
1322 1641 1475 1684 natus
1502 1628 1571 1682 de
1601 1628 1839 1698 Virgine,
1873 1628 2107 1691 crevisti,

533 1725 773 1788 csuristi,
806 1724 965 1777 sitisti
991 1763 1006 1786 ,
1041 1722 1266 1775 lassatus
1304 1721 1519 1785 sedisti;
1552 1720 1644 1773 sed
1695 1721 1922 1774 necdum
1972 1718 2112 1772 inter

527 1814 794 1881 supplicia
819 1811 1066 1880 spiritum
1089 1809 1376 1864 tradidisti.
1400 1810 1665 1863 Inchoasti
1689 1824 1836 1877 ergo,
1859 1808 1951 1861 sed
1982 1822 2116 1861 non-
2145 1792 2193 1852 Β
2219 1811 2378 1865 sociis
2406 1811 2729 1878 evangelista
2775 1811 3029 1879 loquitur,
3075 1811 3258 1867 dicens

521 1904 657 1957 dum
687 1903 998 1970 complesti,
1031 1901 1170 1968 quod
1199 1911 1325 1954 tunc
1381 1900 1618 1967 periccxe
1648 1899 1963 1967 complebis,
1991 1913 2115 1952 cum

529 1996 652 2060 pius
678 1993 921 2046 conditor
953 1994 1004 2043 in
1029 2005 1189 2043 cruce
1220 1989 1553 2057 pependeris.
1586 1989 1766 2042 Potest
1793 2001 1970 2043 autem
2015 1987 2116 2043 hoc

533 2082 606 2134 ita
633 2081 832 2135 dictum
859 2081 1198 2148 intelligenti,
1229 2090 1287 2132 ut
1316 2081 1452 2134 idem
1479 2094 1733 2133 excessus
1757 2081 1806 2132 in
1841 2079 2116 2149 prophetis

529 2173 782 2240 catt-erit,
817 2171 909 2225 sed
942 2186 1276 2239 nequaquam
1309 2171 1359 2222 iu
1394 2172 1495 2223 illis
1532 2171 1850 2239 completus,
1905 2170 1957 2224 in
2009 2169 2115 2223 Do-

533 2265 679 2320 mino
727 2265 1100 2334 prophetarum
1144 2278 1263 2316 esse
1309 2264 1676 2331 complendus.
1732 2263 1884 2319 Unde
1913 2274 1966 2318 et
2001 2261 2116 2333 ipse

536 2357 792 2410 Dominus
816 2357 883 2411 ad
907 2356 1122 2411 Judmus
1170 2355 1298 2409 dicit
1325 2373 1341 2409 :
1371 2355 1436 2408 Et
1468 2373 1552 2410 vos
1580 2357 1784 2426 implete
1827 2373 2115 2410 mensuram

531 2457 736 2516 patrum
765 2459 1042 2501 vestrorum
1073 2446 1291 2514 (Matth.
1325 2463 1476 2512 xxiii,
1507 2447 1620 2517 52),
1652 2464 1712 2502 ac
1743 2448 1788 2503 si
1819 2459 2002 2516 aperte
2035 2448 2117 2502 di-

521 2551 668 2594 ceret
705 2557 717 2592 :
749 2539 828 2592 Illi
862 2540 1149 2608 prophetas
1187 2539 1520 2599 occiderunt.
1554 2540 1646 2596 sed
1681 2556 1784 2595 non
1815 2551 1931 2596 erat
1962 2543 2116 2609 plena

529 2645 818 2694 mensura;
860 2646 953 2682 vos
990 2630 1217 2682 occidite
1269 2630 1549 2682 Dominum
1607 2632 2007 2705 prophetarum,
2063 2641 2120 2684 et

529 2725 684 2788 (liena
715 2723 817 2775 erit
846 2737 1092 2774 mensura
1125 2734 1335 2790 patrum
1371 2732 1695 2775 vestrorum.
1727 2722 1926 2776 Omnes
1974 2722 2116 2776 enim

527 2814 790 2882 justorum
846 2814 1120 2880 passiones
1152 2813 1201 2863 in
1237 2811 1443 2864 Domini
1484 2813 1564 2864 sui
1607 2813 1947 2882 complentur
1999 2827 2118 2882 pas-

525 2904 698 2957 sione.
735 2903 833 2958 Ubi
867 2915 1043 2955 autem
1077 2902 1215 2955 hunc
1246 2902 1610 2969 complcturus
1641 2913 1784 2957 esset
1811 2918 2113 2968 excessum,

523 2997 630 3050 nisi
660 2997 711 3048 in
743 2996 1082 3049 JeruSalem?
1119 2996 1242 3063 quia
1290 2995 1404 3063 ipse
1444 2995 1518 3046 ait
1551 3014 1563 3046 :
1600 2994 1721 3048 Nan
1763 3005 1957 3066 Oportet
1996 3013 2118 3063 pro-

523 3091 728 3159 phetam
759 3091 922 3155 perire
945 3100 1092 3140 extra
1121 3085 1410 3138 Jtrusalem
1452 3088 1602 3156 (Luc.
1637 3103 1748 3150 snt,
1780 3086 1896 3156 55).
1936 3090 1980 3141 Ο
2007 3089 2109 3140 iiii-

525 3197 669 3247 sera,
711 3199 742 3234 o
782 3180 1078 3234 damnanda
1120 3177 1438 3243 Jerusalem,
1484 3194 1603 3246 qum
1655 3181 1765 3233 soli
1799 3181 1863 3232 ad
1906 3190 2109 3233 tantum

522 3273 887 3327 damnationis
915 3270 1192 3323 cumulum
1237 3270 1546 3337 perte-uisu,
1578 3281 1633 3323 ut
1664 3270 1842 3322 nullus
1887 3272 2116 3339 pr0phe-

526 3374 702 3417 tarum
728 3371 878 3415 cstra
911 3372 961 3414 te
990 3361 1304 3428 sanguinem
1341 3361 1607 3425 finderet,
1642 3361 1925 3428 nullusque
1959 3363 2116 3413 inno-

529 3457 649 3508 xius
679 3455 730 3506 in
759 3463 899 3506 terra
930 3462 1073 3507 esset
1102 3454 1316 3521 sanguis
1346 3453 1565 3516 effusus,
1598 3455 1686 3520 qui
1719 3469 1824 3506 non
1866 3470 2027 3522 super
2067 3465 2118 3507 te

526 3551 755 3614 veniret,
796 3566 827 3601 a
864 3549 1111 3618 sanguine
1155 3549 1279 3600 Abcl
1320 3549 1451 3619 justi
1497 3563 1656 3616 usque
1703 3549 1769 3598 ad
1814 3550 2118 3616 sanguinem

527 3641 813 3706 Zacharim,
831 3643 925 3709 ﬁlii
945 3640 1232 3705 Barachite,
1253 3657 1402 3709 quem
1427 3651 1500 3705 tu,
1533 3652 1751 3695 cruenta
1777 3641 1965 3704 bestia,
1987 3642 2119 3694 inter

527 3735 773 3803 templum
816 3745 860 3787 et
889 3734 1052 3786 altare
1101 3734 1410 3785 conculcain
1435 3732 1652 3804 (Matth.
1682 3749 1808 3795 xxii,
1845 3732 1959 3800 55),
1995 3747 2115 3800 pro-

536 3837 655 3896 pter
687 3827 834 3880 illum
864 3826 1064 3880 scilicet
1099 3840 1254 3893 quem
1290 3836 1412 3878 ante
1458 3826 1643 3879 faciem
1689 3826 1837 3878 l’ilati
1871 3841 2032 3891 super
2069 3835 2118 3877 te

530 3930 781 3988 tuamque
841 3920 1146 3988 progeniem
1202 3932 1485 3971 venturum
1542 3919 1888 3984 expostulasti
1923 3935 1936 3968 :
1975 3917 2114 3970 Smi-

527 4013 661 4081 guis,
696 4011 962 4080 inquiens,
997 4013 1148 4079 hujus
1180 4025 1330 4077 super
1359 4027 1450 4061 nos
1476 4019 1522 4060 et
1547 4023 1702 4076 super
1743 4009 1878 4074 ﬁlios
1918 4019 2116 4061 nostros

529 4104 744 4175 (Matth.
777 4120 938 4166 xxvii,
967 4101 1081 4171 25).
1112 4103 1215 4155 Sed
1247 4111 1501 4169 quantum
1534 4101 1734 4153 bonum
1763 4103 1860 4153 hoc.
1887 4112 1974 4152 tuo
1998 4118 2112 4152 ma-

531 4197 674 4248 ximo
705 4193 1194 4261 nel'andissimoque
1233 4192 1437 4245 seclere
1470 4193 1667 4243 mundo
1717 4191 2112 4256 procuraveris,

529 4302 662 4338 unus
694 4296 901 4338 tuorum
935 4285 1181 4336 nesciens
1209 4292 1262 4336 et
1295 4283 1615 4350 pruplietans
1655 4283 1851 4334 clamat
1889 4300 1899 4334 :
1940 4281 2115 4346 Expe-

527 4378 601 4428 dit
632 4386 686 4429 ut
718 4392 846 4428 unus
879 4376 1123 4426 moriatur
1154 4391 1244 4442 pro
1284 4380 1493 4442 populo,
1535 4389 1595 4424 ne
1634 4380 1738 4423 tida
1777 4391 1899 4441 gctts
1941 4385 2115 4441 pereat

525 4469 705 4540 (Joan.
741 4484 886 4534 svnt,
914 4465 1024 4534 14).
1051 4466 1333 4534 Sequitur:

607 4559 690 4612 16.
727 4559 1056 4628 Respondeas
1085 4567 1256 4610 autem
1288 4555 1472 4608 Petrus
1500 4557 1628 4610 dixit
1658 4560 1723 4609 ad
1752 4556 1928 4611 Jcsum
1958 4575 1976 4612 :
2010 4559 2112 4612 Do-

529 4657 685 4718 mine,
717 4655 905 4706 bonum
932 4663 1006 4706 est
1037 4669 1127 4705 nos
1155 4653 1236 4704 hic
1262 4668 1402 4715 esse;
1434 4652 1479 4704 si
1505 4653 1596 4715 vis,
1627 4657 1876 4726 faciamus
1904 4660 1985 4708 h'c
2017 4659 2115 4708 tria

527 4746 858 4798 tabernacula
880 4785 894 4806 ,
927 4743 1017 4796 tibi
1045 4759 1235 4807 unum,
1283 4741 1448 4811 Moysi
1482 4760 1659 4809 unum,
1709 4757 1756 4800 et
1788 4746 1918 4800 Elia!
1956 4765 2112 4800 unum

525 4840 744 4902 (Matth.
772 4855 902 4901 ml,
926 4839 1001 4906 4).
1025 4839 1281 4904 Obsecro,
1306 4839 1459 4894 beate
1486 4841 1916 4912 Petreaposmle,
1936 4860 2002 4897 ne
2022 4845 2110 4897 tibi

526 4932 809 5000 displiceat
850 4929 1132 4983 humillitni
1163 4933 1303 4985 servi
1336 4933 1775 4998 reprehendentis
1797 4936 2108 4997 auctoritas,

522 5024 821 5077 dmumodo
852 5023 998 5076 nulla
1027 5023 1096 5076 sit
1130 5024 1181 5075 in
1224 5023 1655 5092 reprehendente
1701 5029 1910 5083 servilis
1941 5038 2108 5081 teme-

522 5118 674 5170 ritas.
711 5116 820 5170 Hoc
851 5116 991 5168 enim
1024 5131 1052 5168 a
1097 5125 1149 5171 te
1181 5117 1478 5172 humilitate
1524 5119 1687 5172 libera
1719 5135 1898 5188 quer
1923 5161 1936 5184 ,
1969 5121 2108 5188 quod

523 5211 659 5263 alios
683 5209 795 5276 jam
845 5217 968 5262 aute
1021 5210 1301 5278 quaesiisse
1332 5209 1572 5264 invenio.
1614 5211 1703 5264 Dic
1731 5227 1859 5280 ergo
1883 5253 1900 5276 ,
1931 5227 2112 5280 quavso

527 5312 602 5367 te,
633 5310 911 5367 propterea
944 5303 993 5354 in
1018 5313 1254 5355 montem
1281 5313 1588 5371 assumptus
1613 5317 1691 5361 es.
1717 5314 1772 5356 ut
1797 5305 1910 5355 lixis
1938 5303 2111 5357 taber-

527 5394 731 5446 naculis
766 5393 1046 5446 Dominum
1094 5393 1370 5462 possideas
1418 5396 1563 5448 solus
1605 5409 1725 5448 cum
1776 5395 1998 5459 paucis?
2045 5411 2108 5449 an

529 5485 648 5537 ideo
675 5495 728 5538 ut
759 5486 870 5539 visa
898 5486 1063 5555 gloria
1098 5487 1339 5554 corporis
1368 5487 1506 5555 ejus,
1535 5502 1654 5541 cum
1688 5497 1806 5555 post
1835 5489 2108 5559 paululum

527 5584 741 5629 ventum
776 5577 934 5631 fuerit
973 5577 1040 5631 ad
1075 5579 1310 5644 vincula,
1344 5578 1408 5630 ad
1445 5577 1652 5649 ﬂagella
1675 5620 1688 5643 ,
1721 5582 1785 5634 ad
1818 5592 1968 5651 sputa
1996 5625 2010 5648 ,
2043 5585 2108 5637 ad

526 5665 732 5735 alapas,
762 5669 827 5724 ad
860 5671 1034 5725 crucis
1077 5681 1366 5737 tormenta,
1404 5672 1470 5724 ad
1510 5673 1862 5740 sepulturam,
1913 5691 2108 5745 nequa-

527 5772 687 5827 quam
720 5758 855 5814 hunc
890 5763 1053 5818 Deum
1083 5779 1224 5829 esse,
1255 5766 1337 5820 vel
1369 5765 1636 5820 hominem
1673 5767 1837 5823 Deum
1870 5774 2104 5839 plenum,

2139 4471 2339 4533 Ddem
2387 4467 2593 4521 Domini
2649 4469 2947 4535 passionis,
3001 4469 3115 4535 ipso
3161 4468 3373 4521 dicente
3419 4484 3432 4520 :

2211 544 2351 582 nunc
2398 530 2571 598 placet
2611 531 2787 585 subito
2816 531 3110 599 gloriﬁcata
3157 531 3320 586 facies
3351 534 3588 601 Christi,
3623 544 3678 588 ut
3725 537 3796 591 de

2213 629 2395 672 monte
2442 621 2581 672 nolis
2627 622 2997 676 descendere:
3031 622 3124 676 sed
3176 637 3426 692 exspema
3478 626 3796 694 paululum,

2209 721 2360 764 certe
2383 711 2581 765 oblitus
2609 713 2754 780 talia,
2783 722 2909 766 ante
2937 714 3038 768 vile
3062 717 3384 781 mancipium
3412 716 3555 771 hunc
3585 728 3634 772 te
3656 721 3796 774 scire

2212 803 2449 870 negabis,
2481 818 2600 856 eum
2634 804 2765 858 hora
2810 806 2898 860 illa
2933 809 3369 876 propinquaverit
3391 855 3406 878 ,
3441 823 3494 864 ut
3529 812 3657 868 illud
3691 815 3796 868 im-

2212 895 2418 962 pleatur
2443 936 2457 958 ,
2488 897 2629 964 quod
2671 898 2739 952 de
2785 915 2851 953 eo
2888 915 2981 966 per
3025 904 3336 970 prophetam
3381 905 3577 960 dicitur
3614 924 3627 959 :
3673 905 3796 961 Non

2209 995 2284 1040 est
2315 989 2502 1055 species
2538 991 2607 1052 ei,
2639 1006 2800 1059 neque
2841 991 3033 1056 decor;
3083 1003 3130 1045 et
3167 993 3384 1048 uidimus
3421 1011 3574 1064 eum,
3619 1006 3666 1049 et
3695 1014 3796 1050 non

2211 1087 2318 1128 erat
2362 1089 2593 1148 aspectus
2613 1123 2626 1145 ,
2659 1091 2705 1133 et
2735 1084 2880 1149 quasi
2923 1079 3254 1138 absconditus
3290 1089 3456 1139 vultus
3485 1090 3596 1152 eius
3634 1098 3681 1141 et
3710 1090 3797 1142 cle-

2212 1178 2447 1234 spectus,
2479 1170 2615 1223 unde
2641 1187 2730 1224 nec
2758 1173 3101 1240 repntavimus
3137 1190 3253 1227 eum
3287 1173 3426 1244 (Isa.
3459 1192 3570 1244 Lm,
3600 1176 3677 1246 ἓ).
3710 1179 3795 1231 Di-

2209 1271 2336 1311 cere
2366 1260 2492 1328 quin
2541 1262 2719 1329 potius
2749 1263 3009 1318 debueras
3042 1284 3054 1318 :
3086 1265 3310 1321 Domine
3335 1308 3351 1332 ,
3392 1271 3631 1324 accelera
3665 1281 3797 1324 ten!-

2215 1364 2312 1415 pus
2339 1367 2445 1418 quo
2476 1366 2666 1408 cuncta
2700 1371 2817 1423 quae
2848 1357 2916 1411 de
2949 1369 3000 1412 te
3029 1359 3223 1427 scripta
3257 1370 3381 1413 sunt
3405 1365 3795 1430 compleantur,

2213 1449 2266 1492 et
2293 1442 2371 1493 sic
2405 1445 2456 1494 in
2484 1443 2704 1512 gloriam
2737 1457 2879 1498 tuam
2915 1449 3178 1500 transiens
3206 1488 3220 1511 ,
3253 1449 3476 1503 ostende
3503 1450 3654 1513 mihi,
3689 1466 3796 1504 non

2213 1539 2387 1608 qualis
2417 1553 2559 1591 nunc
2582 1552 2662 1599 es,
2697 1539 2883 1593 faciem
2916 1549 3056 1592 tuam
3085 1557 3098 1603 ;
3125 1540 3220 1594 sed
3250 1542 3424 1608 prazbe
3456 1544 3611 1595 talem
3643 1544 3796 1597 sicuti

2213 1645 2294 1684 es.
2328 1629 2432 1684 Sed
2483 1630 2862 1698 indulgentiam
2895 1631 3298 1685 concedendum
3342 1640 3426 1684 est
3471 1633 3609 1686 tibi:
3652 1649 3798 1686 80m-

2218 1735 2342 1773 num
2374 1725 2594 1786 pateris,
2628 1734 2748 1774 cum
2785 1721 2906 1772 talia
2937 1721 3087 1774 dicis.
3123 1722 3210 1775 Sic
3240 1722 3381 1775 enim
3413 1721 3481 1775 de
3516 1733 3564 1776 te
3590 1726 3798 1792 tuisque

3299 1830 3314 1866 :
3365 1812 3551 1867 Petrus
3593 1829 3710 1869 vero
3750 1826 3800 1870 et

2217 1902 2304 1969 qui
2348 1916 2466 1952 cum
2509 1901 2599 1952 illo
2620 1938 2636 1962 ,
2672 1902 2864 1968 gravati
2893 1911 3037 1953 erant
3080 1919 3273 1956 sommo
3305 1902 3470 1974 (Luc.
3518 1919 3567 1958 Ix
3595 1943 3610 1968 .
3645 1905 3755 1975 5‘2)
3782 1947 3800 1972 ,

2218 2006 2408 2045 somno
2439 1989 2728 2054 videlicet,
2774 2006 2880 2045 non
2922 1993 3098 2046 carnis
3121 2032 3139 2059 ,
3170 1997 3263 2046 sed
3303 1997 3516 2050 mentis.
3570 1996 3719 2052 Unde
3746 2007 3802 2054 et

2221 2079 2292 2133 tui
2322 2091 2638 2148 tuorumque
2663 2082 2931 2137 suciowm
2959 2085 3156 2139 oblitus
3179 2125 3194 2150 ,
3229 2087 3293 2140 de
3323 2087 3550 2141 Domino
3575 2129 3590 2153 ,
3622 2089 3803 2159 Moyse

2218 2181 2376 2239 atque
2419 2171 2530 2224 Elia
2563 2186 2686 2226 eras
2715 2174 2974 2229 sollicitus
3016 2194 3027 2228 :
3062 2174 3372 2245 Faciamus,
3415 2182 3682 2250 inquiens,
3720 2184 3801 2235 hic

2218 2261 2316 2313 tria
2365 2262 2727 2330 tabernacula,
2770 2263 2862 2318 tibi
2891 2281 3046 2319 unum
3072 2308 3086 2332 ,
3138 2267 3308 2338 Moysi
3350 2287 3540 2335 unum,
3573 2280 3621 2325 et
3676 2271 3802 2325 Elite

2219 2367 2400 2406 unum.
2451 2352 2587 2408 Ecce
2615 2353 2756 2407 enim
2805 2354 3064 2410 Dominus
3107 2358 3354 2412 claritate
3396 2361 3522 2414 solis
3567 2363 3800 2428 caueat,

2219 2443 2438 2510 Moysen
2484 2455 2535 2499 et
2585 2446 2752 2499 Ellam
2802 2447 2973 2504 lucida
3023 2449 3192 2504 nubes
3238 2453 3565 2517 obumbrat;
3613 2455 3802 2521 quibus

2218 2547 2348 2604 ergo
2377 2549 2512 2602 opus
2538 2547 2618 2589 est
2651 2539 3046 2592 tabernaculum
3073 2581 3088 2606 ,
3123 2543 3274 2596 vobis
3313 2544 3506 2609 quibus
3544 2545 3672 2596 nihil
3709 2547 3802 2595 ho-

2221 2640 2336 2677 rum
2369 2627 2651 2695 contingit,
2686 2642 2755 2680 an
2789 2628 2893 2681 illis
2922 2632 3115 2698 quibus
3147 2632 3250 2684 tale
3281 2647 3471 2685 munus
3515 2634 3802 2701 provenit?

2219 2715 2356 2783 Quid
2407 2717 2564 2785 igitur
2592 2718 2660 2770 de
2709 2728 2760 2772 te
2801 2733 2864 2772 ac
2913 2723 3014 2772 tuis
3059 2721 3528 2776 contubernalibus
3559 2725 3802 2792 cogitas!

2219 2809 2301 2860 An
2334 2810 2468 2862 forte
2498 2809 2654 2863 binos
2682 2825 2777 2878 per
2805 2812 3012 2879 singula
3058 2813 3135 2864 vis
3181 2815 3387 2867 suciare
3417 2815 3754 2869 tabernacula
3785 2855 3802 2882 ,

2220 2910 2277 2953 ut
2320 2901 2396 2953 illi
2429 2901 2534 2954 sint
2564 2901 2790 2966 domini,
2841 2918 2934 2955 vos
2968 2905 3018 2955 in
3065 2903 3288 2971 singulis
3320 2906 3679 2960 tabernaculis
3708 2907 3803 2958 do-

2217 2989 2487 3044 minorum
2521 2994 2705 3046 servi?
2736 2993 2864 3059 Quis
2894 3009 3023 3064 ergo
3054 3009 3290 3048 vestrum
3322 2997 3424 3070 crit
3452 2997 3657 3050 Domini
3687 3013 3802 3051 ser-

2219 3083 2364 3135 vus?
2411 3085 2530 3150 quis
2579 3084 2794 3153 Moysi?
2839 3086 2958 3154 quis
3001 3087 3171 3140 Eli-ae?
3212 3071 3559 3143 Tolerabilius
3605 3092 3803 3159 quippe

2220 3173 2395 3226 iuerat
2439 3175 2638 3227 dixisse
2673 3193 2684 3226 :
2719 3176 2942 3230 Domine
2971 3218 2985 3241 ,
3019 3179 3274 3233 iaciamus
3305 3182 3390 3233 hic
3429 3197 3587 3234 uuqu
3621 3185 3802 3235 tuber-

2219 3267 2494 3329 naculum,
2527 3278 2583 3320 ut
2611 3267 2822 3338 Moyses
2865 3281 2918 3323 et
2949 3271 3116 3340 Elias,
3150 3289 3269 3342 ego,
3302 3274 3530 3328 Jacobus
3559 3283 3613 3328 et
3641 3274 3804 3329 Joan-

2222 3375 2317 3414 nes
2341 3400 2357 3425 ,
2389 3362 2484 3415 tibi
2516 3365 2564 3413 in
2600 3377 2706 3414 uno
2739 3362 3084 3418 tabernaculo
3113 3367 3426 3420 serviamus.

2294 3449 2382 3505 17.
2417 3451 2519 3504 Sed
2551 3466 2668 3519 nos,
2703 3453 2895 3507 fratres
2920 3457 3252 3524 charissimi,
3285 3459 3420 3511 sicut
3451 3458 3501 3509 in
3531 3462 3630 3511 hoc
3660 3458 3804 3512 dicto

2223 3542 2574 3610 ignorantiam
2627 3543 2768 3597 Petri
2821 3560 2928 3597 non
2981 3547 3288 3614 sequimur,
3347 3549 3424 3600 sic
3479 3549 3799 3615 prmcipuum

2224 3649 2466 3686 amorem
2499 3634 2643 3687 illius
2672 3649 2797 3704 erga
2831 3637 3107 3689 Dominum
3147 3653 3482 3705 veneremur,
3513 3654 3672 3707 quem
3700 3654 3803 3692 sa:-

2221 3730 2446 3796 pissime
2478 3729 2679 3796 apertis
2712 3730 2922 3782 indiciis
2947 3729 3085 3784 idem
3119 3732 3477 3784 validissimus
3505 3732 3802 3785 dilectionis

2219 3838 2334 3883 e,ns
2362 3829 2651 3875 exseratur
2681 3823 2822 3875 intus
2850 3825 3028 3876 celare
3058 3837 3162 3875 non
3196 3823 3376 3875 Valens
3400 3861 3415 3885 ,
3465 3821 3594 3874 loris
3621 3831 3803 3876 osten-

2221 3915 2317 3964 dit.
2371 3913 2494 3965 lude
2533 3915 2780 3981 estquod
2833 3913 2932 3975 ipsi
2979 3912 3203 3964 Domino
3245 3911 3524 3964 duodecim
3574 3914 3805 3966 interro-

2219 4006 2360 4075 ganti
2396 4025 2406 4058 :
2443 4008 2604 4071 Quem
2638 4022 2712 4057 me
2742 4019 2850 4057 esse
2885 4003 3098 4056 dicitis?
3130 4003 3335 4071 primus
3375 4004 3687 4072 reSpondit:
3724 4004 3803 4058 Tu

2217 4122 2268 4156 cs
2297 4105 2529 4157 Christus
2561 4102 2730 4155 Filius
2763 4102 2858 4154 Dei
2887 4103 2984 4155 vivi
3014 4100 3229 4172 (Matth.
3265 4117 3316 4166 ι,
3352 4101 3460 4169 13).
3507 4099 3633 4155 lude
3659 4101 3802 4170 quod

2221 4197 2532 4265 magistrum
2565 4210 2667 4246 non
2696 4197 2808 4247 vult
2841 4196 2946 4263 pati
2977 4237 2991 4261 ,
3027 4195 3120 4248 sed
3147 4197 3450 4263 passionem
3483 4193 3804 4247 denuntian-

2219 4293 2324 4337 tem
2361 4283 2630 4348 redarguit
2672 4283 2857 4337 dicens
2890 4301 2906 4339 ;
2942 4285 3081 4337 Absit
3111 4300 3142 4335 a
3183 4293 3250 4346 te,
3288 4283 3502 4335 Domine
3525 4326 3539 4349 ,
3584 4300 3686 4336 non
3717 4285 3802 4350 ﬁet

2218 4377 2354 4429 istud
2397 4374 2558 4442 (Ibid.
2609 4381 2760 4442 uti).
2800 4376 2924 4428 lude
2969 4377 3108 4443 quod
3142 4377 3452 4429 imminente
3499 4377 3627 4428 hora
3660 4377 3804 4445 ejus-

3481 4470 3669 4520 Omncs
3715 4485 3800 4520 vos

2215 4562 2515 4614 scandalum
2569 4559 2833 4626 patiemini
2881 4559 2931 4610 iu
2985 4575 3063 4611 me
3112 4561 3165 4610 in
3215 4561 3312 4610 ista
3363 4570 3508 4613 nocte
3559 4561 3797 4626 (Matth.

2217 4670 2359 4718 xxvr,
2393 4653 2454 4705 5i
2481 4650 2538 4720 );
2572 4667 2690 4704 cum
2731 4650 2817 4704 alii
2853 4652 3211 4715 turbarentur,
3262 4653 3556 4719 intrepidus
3588 4654 3684 4705 iste
3717 4667 3799 4704 re-

2216 4746 2470 4814 spondit:
2507 4742 2618 4795 Etsi
2665 4758 2839 4794 omnes
2878 4743 3218 4795 scandalizati
3262 4745 3452 4811 fuerint
3494 4744 3542 4793 in
3587 4753 3661 4806 te,
3707 4757 3798 4810 ego

2215 4851 2476 4904 nunquam
2526 4834 2920 4888 scandalizabor
2973 4832 3138 4903 (Ibid.
3198 4835 3404 4902 XXXIII).
3461 4833 3798 4903 [lassumque

2215 4929 2396 4981 etiam.
2433 4926 2493 4980 Si
2537 4941 2614 4978 me
2653 4935 2933 4994 oportuerit
2966 4929 3092 4978 mori
3131 4936 3295 4977 tecum
3319 4964 3334 4990 ,
3383 4941 3487 4977 non
3531 4935 3578 4976 te
3607 4924 3798 4995 negabo

2216 5021 2379 5091 (Ibid.
2425 5025 2555 5092 Lm).
2589 5023 2716 5075 inde
2761 5021 2900 5090 quod
2947 5020 3038 5073 illo
3066 5022 3175 5088 jam
3205 5021 3597 5088 comprehenso
3621 5058 3636 5081 ,
3677 5022 3794 5088 gia-

2213 5117 2360 5168 dium
2395 5117 2589 5180 educit,
2626 5115 3095 5185 persecuturisque
3124 5114 3414 5167 auriculam
3445 5115 3498 5166 in
3533 5117 3792 5167 lliCN‘illtl'l

2217 5209 2378 5262 ictum
2409 5207 2644 5278 dirigi-ns
2674 5206 2922 5260 abscidit.
2957 5206 3080 5260 Inde
3109 5206 3250 5273 quod
3284 5208 3334 5258 in
3381 5205 3619 5258 navicula
3650 5221 3682 5272 p
3704 5209 3796 5259 νει--

2217 5313 2298 5354 ius
2322 5339 2338 5365 ,
2374 5300 2485 5354 viso
2517 5301 2568 5354 in
2621 5301 2795 5353 littore
2825 5298 3038 5351 Clitisto
3065 5339 3081 5363 ,
3131 5310 3184 5352 ut
3232 5299 3433 5364 primus
3463 5297 3697 5350 omnium
3728 5298 3793 5350 ad

2215 5393 2368 5448 illum
2420 5395 2636 5457 veniat,
2693 5393 2928 5446 secundo
2983 5400 3153 5445 semet
3206 5392 3450 5444 ﬂuetibus
3505 5391 3794 5458 immergit.

2213 5489 2365 5555 Quod
2396 5490 2625 5558 probans
2653 5488 2904 5541 Dominus
2930 5501 3048 5538 cum
3081 5491 3462 5538 resuzrexisset
3489 5500 3516 5535 a
3546 5486 3791 5553 mai-tuis,

2214 5584 2390 5637 sciens
2435 5581 2559 5650 quid
2608 5580 3000 5648 interrogaret,
3053 5579 3187 5630 dixit
3237 5597 3247 5630 :
3300 5579 3480 5632 Simon
3528 5578 3795 5646 Joannis,

2214 5677 2386 5744 ailigis
2415 5673 2529 5744 plus
2560 5672 2684 5724 his?
2717 5673 2784 5724 Et
2821 5673 2906 5726 ille
2939 5689 2951 5723 :
2988 5671 3220 5735 Domine,
3253 5671 3435 5739 inquit,
3470 5683 3520 5725 tu
3552 5672 3650 5724 scis
3677 5669 3798 5738 quia

2214 5786 2329 5821 amo
2360 5780 2406 5820 te
2436 5766 2609 5835 (Joan.
2645 5781 2754 5832 xxi,
2787 5764 2899 5834 lii).
2937 5765 3044 5818 llac
3073 5766 3359 5820 dilectione
3383 5777 3710 5836 quanquam,
3740 5770 3799 5814 ut
