4090 6416
262 377 398 432 1517

1178 379 1463 434 HOMI-LIA
1506 379 1568 433 IN
1611 377 2312 439 TllANSFIGURATIOhE
2355 384 2604 441 DOMINI.

3399 383 3533 439 i3l8

260 488 585 558 evangelista
619 488 880 558 loquitur,
910 490 1160 544 nesciens
1185 490 1311 559 quid
1340 490 1500 556 dicat,
1528 492 1640 544 visa
1669 490 1848 544 vultus
1879 496 1927 555 Α
1953 508 2068 549 cem
2099 497 2366 562 exprimit.
2405 496 2495 553 Sic
2525 497 2602 551 sic
2637 495 2767 550 Novi
2799 495 3127 551 Testamenti
3162 498 3330 566 gratia
3365 498 3532 568 legem

262 579 472 633 Domini
515 579 788 642 claritate,
820 581 932 633 vult
961 581 1013 634 in
1047 592 1226 635 monte
1271 597 1485 636 manere
1509 623 1525 648 ,
1556 593 1608 635 et
1651 597 1751 636 uec
1777 583 1842 636 ad

259 680 594 726 momentum
627 673 975 728 descendere.
1012 673 1237 744 ReSpuit
1275 674 1495 741 gloriam
1527 674 1727 738 saeculi,
1763 684 1843 727 to-

259 775 371 820 tum
415 766 556 833 quod
607 767 658 819 in
711 769 913 820 mundo
961 767 1231 820 blanditur
1269 765 1598 829 contemnit,
1649 767 1762 820 sola
1797 765 1845 818 ei

259 855 505 910 claritate
531 855 661 910 solis
683 857 920 910 emicans
943 854 1140 910 Christi
1175 856 1336 910 iacies
1361 857 1552 924 placet.
1585 856 1722 923 Quid
1755 870 1846 923 pu-

258 947 484 1000 tamus?
513 946 782 1016 quomodo
819 947 1075 1014 placeret,
1105 949 1149 1000 si
1200 947 1357 1000 talem
1389 955 1514 1000 tunc
1547 957 1726 1013 posset
1767 946 1847 998 in-

261 1036 397 1092 tueri
429 1052 523 1106 per
544 1052 740 1105 corpus
771 1039 1018 1101 mortale,
1045 1040 1259 1109 qualem
1292 1055 1433 1093 nunc
1458 1040 1630 1093 cernit
1656 1049 1847 1093 exutus

260 1128 602 1182 mortalitate.
655 1128 815 1182 Certe
866 1145 970 1182 non
1018 1131 1194 1184 solum
1247 1129 1694 1198 subterjacentt-m
1743 1140 1848 1184 ter-

257 1231 372 1270 ram
397 1259 412 1279 ,
457 1216 550 1270 sed
578 1227 631 1271 et
682 1219 856 1286 ipsum
893 1233 1056 1287 super
1085 1233 1144 1273 se
1191 1222 1386 1273 malum
1435 1229 1803 1274 contemneret
1829 1263 1844 1284 ,

260 1318 465 1362 tantum
501 1319 557 1361 ut
585 1312 639 1363 in
671 1319 854 1365 monte
884 1326 1003 1363 cum
1039 1312 1264 1366 Domino
1294 1311 1344 1364 in
1393 1321 1704 1380 perpetuum
1737 1327 1847 1364 ma-

257 1409 435 1455 neret.
486 1399 590 1455 Sed
626 1402 1058 1456 descendendmu
1091 1414 1172 1456 est
1212 1403 1373 1457 Petro
1402 1394 1470 1457 de
1501 1415 1680 1457 monte
1705 1445 1719 1466 ,
1763 1419 1848 1456 se-

259 1493 503 1559 quendus
549 1503 632 1546 est
669 1494 882 1547 interim
932 1495 1188 1548 Dominus
1221 1511 1422 1564 pauper
1446 1536 1460 1559 ,
1501 1496 1785 1548 imitandus
1816 1509 1845 1547 a

260 1583 422 1634 Petro
451 1581 540 1635 ille
585 1584 672 1648 qui
709 1583 883 1637 dixit:
924 1582 1116 1652 Vulpes
1157 1585 1326 1654 foveas
1365 1585 1573 1650 habent,
1622 1595 1667 1636 et
1699 1586 1844 1636 uolu-

257 1690 367 1728 cres
396 1675 508 1728 τιεΙὲ
537 1676 684 1728 nidos
725 1689 744 1728 :
789 1673 956 1728 Filius
1001 1686 1168 1729 autem
1198 1677 1418 1729 hominis
1452 1693 1550 1729 non
1579 1675 1726 1728 habet
1761 1675 1844 1728 ubi

259 1775 412 1835 caput
440 1781 590 1818 suum
637 1765 844 1818 reclinet
875 1766 1088 1836 (Matth.
1141 1783 1234 1821 VIII
1261 1807 1276 1832 ,
1320 1767 1435 1836 20).
1469 1767 1757 1820 Imitandus
1786 1767 1838 1820 in

1950 595 2004 639 et
2046 585 2382 654 prophetiam
2413 587 2696 642 obumb’rat
2739 596 2792 640 et
2837 598 3158 651 conservat,
3206 590 3432 644 occultat
3483 602 3535 644 et

1951 683 2118 728 tenet.
2151 675 2448 732 Ubumbrat
2476 677 2685 732 scilicet
2709 678 2760 732 iu
2792 678 2988 742 littera,
3021 675 3305 734 causervat
3330 682 3384 736 in
3415 683 3535 750 spi-

1953 765 2074 818 ritu.
2120 765 2362 821 Occultat
2404 767 2456 822 iu
2488 767 2671 837 ﬁguris
2691 807 2707 832 ,
2741 779 2883 824 tenet
2922 770 2975 824 in
3007 771 3275 841 mysteriis
3307 789 3320 825 :
3352 774 3539 842 sicque

1951 853 2011 906 lit
2040 863 2095 907 nt
2125 855 2378 926 quidquid
2411 859 2494 912 lex
2536 869 2594 914 et
2625 861 2899 928 prapbetia
2949 861 3201 932 loquitur,
3234 880 3534 934 quanquam

1951 944 2296 1010 spiritualiter
2325 950 2740 1015 observandum,
2775 951 3084 1020 recipiatur.
3110 956 3153 1009 Ο
3178 971 3334 1022 quam
3371 958 3534 1010 multa

1952 1035 2020 1086 de
2051 1035 2222 1089 futura
2253 1037 2381 1092 Novi
2407 1039 2737 1094 Testamenti
2758 1043 2924 1111 gratia
2954 1052 3078 1098 ante
3104 1047 3394 1100 adventum
3427 1049 3536 1101 lle-

1951 1125 2246 1192 demptoris
2284 1130 2336 1182 in
2381 1145 2544 1186 carne
2570 1174 2585 1198 ,
2634 1146 2756 1186 cum
2798 1133 3080 1189 tenebrosa
3117 1147 3260 1191 esset
3303 1154 3436 1208 aqua
3485 1141 3536 1194 in

1953 1217 2186 1272 nubibus
2225 1220 2368 1272 aeris
2395 1261 2412 1286 ,
2461 1222 2634 1275 locuta
2667 1235 2747 1276 est
2777 1222 2860 1277 lex
2891 1235 2945 1278 ct
2994 1227 3290 1296 prophetia.
3335 1233 3402 1282 At
3448 1230 3538 1284 ubi

1953 1318 2166 1362 ventum
2212 1322 2292 1364 est
2343 1313 2407 1366 ad
2458 1315 2653 1369 nubem
2699 1316 2962 1380 lucidam,
3018 1319 3104 1372 ubi
3157 1321 3326 1373 nubes
3369 1323 3538 1378 lucida

1955 1399 2173 1470 Moysen
2217 1402 2544 1472 obumbrat,
2585 1414 2641 1460 et
2685 1405 2855 1460 Eliam
2883 1448 2897 1472 ,
2933 1408 3055 1461 silet
3097 1409 3307 1479 Moyses
3335 1453 3350 1477 ,
3399 1422 3540 1468 tacet

1957 1488 2117 1543 Elias.
2165 1492 2265 1546 Per
2299 1495 2469 1547 solam
2504 1496 2699 1550 nubem
2735 1497 2966 1551 lucidam
3014 1508 3234 1566 paterna
3265 1517 3360 1555 vox
3395 1503 3540 1558 inso~

1953 1589 2088 1632 nat:
2121 1579 2224 1632 Hic
2254 1594 2326 1634 est
2370 1581 2540 1637 Filius
2585 1602 2723 1639 meus
2754 1587 2968 1642 dilectus
3011 1588 3064 1641 in
3107 1606 3206 1659 quo
3253 1591 3376 1644 mihi
3417 1593 3542 1647 bene

1952 1673 2260 1740 complacrti,
2294 1675 2460 1744 ipsum
2492 1679 2687 1731 audite.

2026 1765 2113 1818 19.
2150 1765 2215 1819 Et
2246 1769 2508 1822 audientes
2551 1772 2791 1840 discipuli
2820 1775 3110 1828 ceciderunt
3140 1777 3192 1829 in
3236 1779 3394 1847 [acies
3423 1795 3540 1832 sua:

259 1857 436 1910 crucis
469 1864 738 1911 tormento
766 1897 780 1920 ,
814 1857 1035 1925 insuper
1081 1873 1236 1912 verso
1267 1874 1478 1913 sursum
1525 1859 1697 1912 crucis
1740 1872 1842 1911 ve-
1878 1846 1921 1904 Β
1950 1873 2106 1924 super
2136 1869 2321 1910 terram
2351 1869 2400 1913 et
2431 1861 2708 1915 timuerunt
2741 1867 2931 1917 valde:
2965 1867 3185 1919 levantes
3215 1846 3381 1919 autem
3414 1885 3538 1920 ocu~

261 1946 444 2018 stigio,
473 1957 527 2002 et
554 1950 631 2004 sic
654 1951 978 2004 aeternallter
1006 1952 1258 2006 intuenda
1292 1950 1458 2007 facies
1485 1951 1699 2014 Christi,
1733 1951 1848 2003 sine

260 2037 370 2090 ullo
404 2040 684 2110 temporali
717 2041 927 2094 delectu
961 2060 971 2093 :
1005 2043 1145 2106 quod
1191 2057 1291 2097 nec
1338 2044 1454 2110 ipse
1500 2042 1687 2095 beatus
1727 2053 1849 2095 tunc

264 2130 453 2186 Petrus
483 2135 668 2186 abnuit
691 2175 706 2198 ,
738 2135 824 2203 qui
873 2135 971 2188 etsi
1004 2149 1125 2188 cum
1177 2135 1404 2188 Domino
1435 2136 1485 2187 in
1527 2143 1705 2189 monte
1738 2149 1843 2187 ma-

265 2236 395 2275 nere
427 2223 613 2287 voluit,
649 2230 827 2278 tamen
854 2225 921 2278 de
961 2225 1185 2290 ligendis
1217 2225 1576 2279 tabernaculis
1608 2227 1848 2279 volunta-

261 2322 366 2367 tem
399 2313 515 2381 ejus
543 2314 807 2382 quaesivit.
852 2314 942 2370 Sic
970 2316 1112 2368 enim
1144 2317 1274 2370 dixit
1303 2333 1316 2368 :
1353 2316 1606 2380 Domine,
1651 2318 1694 2368 si
1733 2319 1805 2369 vis
1830 2356 1845 2380 ,

259 2406 514 2473 faciamus
543 2407 627 2459 hic
655 2409 753 2459 tria
797 2408 1145 2476 tabernacula,
1194 2410 1283 2463 ubi
1321 2424 1652 2477 consequens
1697 2411 1848 2464 intel-

262 2497 430 2555 lectus
451 2507 532 2550 est
563 2515 575 2550 :
603 2498 657 2552 Si
682 2512 788 2552 non
813 2500 916 2564 vis,
943 2515 1046 2552 non
1074 2501 1349 2554 iaciamus.
1374 2501 1430 2556 Si
1457 2515 1584 2570 ergo
1611 2501 1710 2564 vis,
1737 2516 1848 2554 mao

263 2600 488 2641 netmus
508 2603 521 2651 ;
545 2587 588 2640 si
621 2602 726 2642 non
759 2589 840 2642 vis
863 2605 1099 2652 manere,
1123 2592 1531 2645 descendamus.
1556 2591 1807 2658 Sequitur
1834 2610 1845 2644 :

339 2679 421 2733 ιδ.
457 2680 640 2732 Adhuc
663 2697 722 2734 eo
750 2683 999 2750 loquente,
1029 2699 1138 2737 ecce
1159 2684 1314 2738 nubes
1343 2685 1512 2738 lucida
1541 2687 1850 2738 obumbravit

261 2785 368 2824 eos.
405 2768 470 2822 Et
495 2786 606 2824 ecce
633 2787 728 2825 vox
759 2774 821 2825 de
851 2774 982 2826 nube
1012 2775 1179 2826 dicens
1207 2790 1225 2826 :
1260 2775 1362 2826 llic
1405 2785 1478 2826 est
1514 2775 1680 2827 Filius
1712 2791 1852 2828 meus

259 2863 474 2917 dilectus
496 2903 511 2928 ,
559 2865 610 2917 in
641 2881 742 2934 quo
793 2865 920 2917 mihi
947 2867 1068 2919 bene
1097 2867 1384 2933 complacui
1408 2906 1422 2929 ,
1468 2867 1634 2935 ipsum
1673 2868 1848 2920 audite

263 2952 477 3021 (Matth.
519 2971 622 3010 xvu
646 2997 660 3020 ,
694 2955 772 3026 5).
806 2959 915 3025 Age
942 2999 957 3025 ,
987 2956 1144 3010 beate
1175 2957 1331 3010 Peire
1358 2998 1372 3020 ,
1404 2956 1579 3010 ablata
1609 2967 1691 3010 est
1719 2973 1844 3010 cura

263 3047 590 3116 iigendurum
621 3050 1104 3118 tabernaculorum,
1149 3050 1370 3104 recessit
1403 3049 1632 3119 Moyses,
1668 3064 1847 3102 reces-

260 3139 332 3192 sit
364 3139 507 3192 Elias
531 3183 544 3205 ,
579 3141 772 3208 quibus
804 3141 1146 3195 tabernacula
1192 3140 1368 3194 facere
1405 3140 1639 3193 volebas.
1693 3138 1845 3194 Servi

269 3239 457 3295 erant;
483 3230 848 3295 uondomini;
881 3243 1140 3285 venerant
1169 3247 1273 3284 non
1299 3241 1353 3283 ut
1379 3229 1647 3298 juberent,
1671 3229 1764 3284 sed
1792 3243 1848 3283 ut

262 3323 543 3377 audientes
586 3325 728 3391 justa
760 3326 1114 3391 complerent.
1152 3324 1247 3378 Hic
1279 3323 1424 3376 solus
1456 3321 1543 3391 qni
1591 3323 1850 3375 remansit

259 3425 343 3469 est
384 3415 669 3479 Dominus,
701 3415 787 3470 hic
829 3418 974 3468 solus
1019 3431 1174 3483 quem
1208 3416 1336 3469 estis
1380 3414 1547 3467 secuti
1577 3456 1590 3478 ,
1624 3411 1850 3466 dilettus

260 3515 345 3559 est
369 3505 554 3559 Filius.
583 3508 636 3558 In
667 3506 768 3560 hoc
795 3509 910 3561 solo
940 3507 1080 3560 Patri
1108 3509 1246 3562 bene
1272 3507 1612 3575 complacuit.
1646 3504 1706 3558 Et
1733 3507 1850 3574 qui-

263 3598 384 3651 dem
431 3603 600 3666 potuit
645 3599 856 3670 Moyses
897 3600 1001 3653 dici
1035 3600 1173 3654 lilius
1215 3599 1348 3662 Dei,
1400 3600 1567 3664 potuit
1603 3607 1656 3650 et
1686 3595 1848 3650 Elias.

263 3687 387 3742 Fuit
417 3701 564 3743 certe
603 3689 811 3758 Moyses
841 3689 951 3744 Deo
987 3689 1216 3743 dilectus
1236 3730 1248 3750 ,
1283 3690 1377 3742 fuit
1406 3696 1462 3741 et
1495 3688 1633 3740 Elias
1659 3728 1672 3751 ,
1705 3702 1854 3740 com-

273 3780 475 3848 placuit
524 3781 632 3835 Deo
664 3784 714 3835 in
756 3782 970 3852 Moysen
1000 3823 1014 3847 ,
1057 3783 1378 3850 complacuit
1421 3790 1475 3834 et
1522 3783 1572 3833 in
1607 3781 1735 3834 Elia.
1773 3781 1850 3833 Ad

277 3871 435 3937 hujus
466 3881 642 3926 tamen
675 3875 1153 3942 comparationem,
1204 3873 1290 3942 qui
1339 3881 1494 3926 natus
1519 3883 1602 3926 est
1629 3888 1694 3926 ex
1723 3874 1852 3927 sub-

265 3961 463 4014 stantia
512 3961 723 4029 Patris,
775 3979 871 4018 nec
904 3966 1112 4033 Moyses
1160 3965 1329 4024 illius,
1375 3979 1472 4015 nec
1528 3964 1707 4027 Elias;
1755 3979 1855 4018 nec

264 4050 474 4120 Moyses
514 4050 623 4104 Deo
651 4051 876 4103 dilectus
903 4092 916 4114 ,
952 4066 1050 4103 nec
1082 4051 1263 4115 Elias;
1316 4066 1411 4102 nec
1450 4050 1661 4119 Moyses
1705 4065 1855 4104 acce-

268 4152 387 4207 ptus
417 4179 430 4200 ,
487 4153 583 4191 nec
616 4139 755 4204 Elius
783 4157 796 4204 ;
840 4140 935 4193 sed
966 4151 1020 4192 ut
1068 4149 1287 4206 paterna
1319 4155 1416 4192 vox
1461 4140 1674 4193 edocuit
1706 4156 1718 4191 :
1757 4139 1856 4192 llic

261 4241 333 4284 est
356 4228 528 4283 Filius
575 4247 714 4283 meus
745 4232 983 4294 dilectus,
1012 4233 1063 4283 in
1091 4249 1188 4300 quo
1218 4232 1341 4284 mihi
1369 4232 1490 4283 bene
1527 4232 1811 4299 complacui
1835 4245 1854 4284 :

271 4323 386 4374 Non
412 4335 540 4390 ergo
567 4320 806 4391 Moysen,
834 4336 938 4374 non
969 4321 1163 4386 Eliam,
1195 4322 1288 4375 sed
1319 4323 1489 4390 ipsum
1512 4325 1711 4374 audite.
1734 4321 1856 4376 Jus-

269 4424 414 4468 serat
447 4413 641 4483 quippe
673 4413 883 4482 Moyses
927 4411 1039 4467 ﬁeri
1074 4413 1443 4477 tabernacula,
1485 4412 1578 4465 sed
1611 4412 1856 4468 Christus

1952 1951 2063 2012 los,
2117 1950 2368 2002 neminem
2417 1954 2693 2020 uiderunt,
2746 1955 2844 2008 nisi
2889 1955 3054 2008 solum
3097 1957 3274 2010 Jesum
3321 1956 3538 2026 (Matth.

1951 2051 2084 2101 xvtt,
2119 2040 2194 2108 6).
2226 2039 2337 2093 Vox
2371 2041 2459 2094 illa
2489 2057 2607 2110 qua:
2637 2058 2795 2097 aures
2824 2045 3205 2112 discipulorum
3239 2047 3538 2114 percussit,

1951 2132 2067 2183 sive
2100 2144 2192 2197 per
2226 2134 2571 2200 semetipsum
2593 2173 2608 2198 ,
2641 2135 2753 2188 sive
2783 2150 2880 2202 per
2921 2137 3213 2205 angelicam
3242 2147 3539 2192 creaturam

1951 2222 2276 2277 elementum
2309 2224 2469 2279 nubis
2511 2225 2769 2281 Dominus
2799 2228 3189 2293 commoverit;
3226 2238 3400 2281 tamen
3447 2243 3544 2297 per

1953 2313 2151 2366 nubem
2191 2313 2388 2367 sonuit.
2435 2317 2566 2382 Quia
2614 2331 2743 2370 vero
2783 2322 2851 2371 de
2889 2317 3028 2371 nube
3074 2318 3374 2386 processit,
3420 2335 3541 2388 qua:

1954 2403 2252 2472 discipulos
2283 2408 2336 2460 in
2373 2418 2567 2461 terram
2598 2409 2670 2461 ita
2700 2408 3010 2474 constravit,
3057 2410 3109 2462 iu
3143 2410 3359 2463 modum
3403 2410 3541 2463 toni-

1955 2502 2056 2554 trni
2112 2499 2247 2554 facta
2280 2500 2415 2565 fuit,
2464 2501 2595 2555 sicut
2641 2510 2767 2556 tunc
2811 2501 3024 2570 quando
3065 2503 3377 2555 imminente
3420 2518 3539 2568 pas-

1953 2592 2105 2646 sione
2137 2594 2273 2646 idem
2307 2593 2474 2647 Filius
2501 2595 2565 2646 ad
2604 2594 2814 2645 Patrem
2842 2593 2973 2645 dixit
3002 2610 3013 2644 :
3052 2586 3206 2644 Nunc
3234 2594 3404 2644 anima
3429 2608 3544 2646 mea

1954 2688 2154 2740 turbata
2186 2696 2280 2750 est,
2326 2696 2374 2740 et
2406 2685 2528 2756 quid
2573 2687 2780 2747 dicam,
2817 2683 3022 2737 Pater?
3071 2682 3318 2750 Salviﬁca
3364 2699 3444 2737 me
3479 2698 3546 2738 ea:

1954 2782 2049 2832 hac
2078 2779 2247 2842 hora;
2279 2780 2365 2830 sed
2405 2788 2674 2845 propterea
2703 2777 2816 2828 veni
2857 2779 2908 2828 in
2947 2775 3125 2828 horam
3160 2775 3312 2828 hanc.
3361 2774 3543 2840 l‘aler,

1953 2869 2183 2931 clari/ica
2213 2879 2357 2919 tuum
2379 2883 2581 2920 nomen.
2627 2865 2765 2917 Venit
2794 2880 2912 2932 ergo
2941 2880 3038 2917 vox
3063 2864 3126 2917 de
3154 2867 3277 2918 calo
3301 2863 3401 2918 :Et
3432 2864 3540 2918 cla-

1953 2959 2171 3025 ri/icuvi,
2197 2967 2242 3008 et
2264 2957 2450 3008 iterum
2473 2955 2792 3022 clari/icabo.
2817 2953 2988 3005 Turba
3010 2969 3129 3024 ergo
3150 2970 3264 3020 qua:
3283 2957 3466 3017 stabat,
3495 2965 3543 3006 et

1954 3050 2212 3111 audierat,
2238 3047 2437 3100 dicebat
2459 3047 2738 3098 tonitruum
2763 3045 2957 3114 factum
2978 3059 3089 3098 esse
3110 3042 3292 3111 (Joan.
3324 3057 3400 3107 xI,
3421 3042 3540 3111 27).

1957 3139 2060 3193 Sed
2091 3138 2216 3206 quid
2247 3149 2332 3192 est
2359 3139 2499 3205 quod
2532 3138 2604 3192 ibi
2641 3139 2932 3189 tonitruum
2965 3137 3219 3199 audiens,
3255 3137 3403 3190 turba
3437 3153 3540 3189 non

1955 3232 2116 3295 cadit,
2147 3233 2232 3309 hic
2258 3239 2435 3284 autem
2469 3231 2715 3297 discipuli
2746 3229 2796 3282 in
2827 3228 3018 3282 faciem
3046 3230 3259 3294 cadunt,
3291 3230 3388 3282 nisi
3418 3230 3540 3298 quia

1954 3325 2028 3379 ibi
2071 3326 2350 3394 superbia,
2402 3325 2488 3379 hic
2531 3337 2707 3379 autem
2741 3324 3012 3377 humilitas
3058 3323 3263 3393 pavet?
3300 3338 3397 3377 nec
3426 3324 3542 3375 sine

1953 3431 2115 3470 causa
2165 3426 2342 3484 pavet,
2387 3431 2508 3484 qua:
2553 3414 2826 3482 praemium
2867 3412 3000 3466 tanti
3050 3415 3266 3482 pavoris
3310 3413 3538 3480 accepit.

1957 3505 2107 3561 Unde
2132 3517 2184 3561 et
2213 3507 2468 3561 Dominus
2499 3508 2740 3575 protinus
2765 3507 2990 3570 accedit,
3019 3506 3312 3574 discipulos
3341 3505 3528 3570 tangit,

1955 3610 2010 3652 ut
2041 3608 2259 3669 surgant
2306 3600 2570 3667 imperat,
2603 3613 2670 3651 ne
2711 3598 2932 3650 timeant
2975 3597 3125 3664 jubet
3159 3614 3169 3647 :
3203 3611 3321 3663 quae
3363 3607 3543 3650 tamen

1955 3691 2280 3745 charismata
2314 3691 2512 3758 aliquid
2560 3690 2715 3744 nobis
2747 3691 3036 3758 spiritna'is
3076 3689 3264 3755 gratiae
3294 3689 3538 3742 innuunt.

1957 3785 2033 3836 Ac
2067 3784 2111 3836 si
2153 3794 2340 3851 aperte
2381 3781 2638 3835 Dominus
2683 3780 2960 3846 discipulis
2991 3781 3131 3831 dicat
3177 3775 3540 3832 :‘l’imenduni

1957 3885 2093 3942 erat,
2127 3878 2170 3928 si
2202 3876 2419 3944 Moysen
2467 3871 2791 3925 andiendurn
2825 3883 2922 3922 vox
2964 3869 3221 3920 clamaret
3249 3885 3265 3933 ;
3297 3867 3340 3920 si
3373 3868 3543 3920 Eliarn

1959 3967 2275 4020 imitandum
2308 3973 2570 4027 moneret,
2601 3977 2830 4032 quorum
2868 3975 3006 4014 unus
3037 3959 3219 4027 viginti
3248 3959 3345 4010 tria
3377 3958 3541 4010 millia

1959 4059 2288 4124 peccantium
2337 4073 2440 4110 una
2471 4057 2557 4110 die
2589 4053 2859 4109 interfecit
2882 4093 2895 4115 ,
2951 4065 3049 4104 nec
3080 4051 3363 4120 pepercit;
3405 4049 3542 4102 alter

1959 4149 2086 4202 Baal
2116 4153 2408 4216 prophetas
2433 4152 2550 4204 sine
2572 4150 2677 4202 ulla
2706 4144 3052 4201 miseratione
3077 4143 3354 4212 jugulavit,
3383 4142 3544 4195 duos-

1957 4253 2061 4308 que
2090 4237 2575 4307 qninquagenarios
2597 4253 2718 4292 cum
2750 4235 3134 4306 quinquaginta
3167 4233 3303 4299 suis,
3326 4241 3544 4286 centum

1958 4330 2164 4384 scilicet
2196 4331 2358 4392 viros,
2392 4330 2601 4384 caelesti
2629 4329 2877 4385 incendio
2901 4327 3288 4382 concremavit.
3320 4325 3388 4377 At
3415 4324 3544 4394 quia

1956 4435 2053 4490 ego
2081 4420 2375 4474 audiendus
2426 4420 2708 4487 praedicor,
2747 4421 2837 4487 qui
2871 4419 3214 4487 publicanum
3257 4418 3308 4472 in
3342 4415 3548 4483 templo

264 4505 419 4575 jubet
449 4503 701 4557 :edilicari
733 4503 1046 4558 Ecclesiam.
1080 4504 1254 4572 Ipsum
1287 4519 1416 4574 ergo
1443 4503 1590 4569 audi,
1623 4517 1848 4556 venera~

1955 4517 2306 4572 conﬁtentem
2335 4513 2567 4582 jusﬁﬁco
2588 4553 2602 4574 ,
2636 4513 2727 4581 qui
2756 4513 3056 4579 apostolum
3090 4521 3371 4579 negantem
3405 4509 3542 4564 reci-

271 4595 390 4651 bilis
427 4597 606 4660 Petre,
639 4595 725 4664 qui
756 4607 805 4649 te
837 4611 940 4649 non
971 4596 1433 4651 tabernaculorum
1468 4596 1727 4657 lictorem,
1753 4595 1848 4649 sed

269 4689 449 4741 ovium
483 4701 698 4740 suarum
726 4686 1001 4739 consuluit
1025 4698 1314 4755 pastorem.
1340 4688 1475 4754 Quid
1498 4696 1673 4741 autent
1701 4695 1854 4753 puta-

273 4793 414 4842 mus,
455 4777 668 4841 iratres,
699 4777 927 4844 exprimi
958 4791 1052 4844 per
1079 4780 1273 4831 nubem
1302 4780 1554 4845 lucidam,
1589 4783 1688 4836 nisi
1721 4783 1850 4837 Novi

268 4872 598 4927 Testamenti
644 4873 867 4941 gratiam
889 4912 904 4935 ,
937 4882 988 4925 et
1019 4871 1235 4940 quidem
1268 4884 1391 4926 ante
1432 4875 1712 4930 adventum
1747 4876 1854 4931 Me-

267 4966 524 5032 diatoris,
577 4976 636 5019 ut.
675 4967 932 5032 scriptum
978 4973 1097 5029 est,
1131 4965 1412 5019 tenebrosa
1468 4979 1581 5020 erat
1615 4983 1747 5038 aqua
1799 4971 1852 5024 in

273 5057 506 5113 nubibus
537 5057 697 5122 aeris,
730 5059 831 5110 hoc
857 5066 940 5111 est
969 5057 1197 5112 obscura
1229 5057 1512 5110 verborum
1544 5061 1769 5114 scientia
1801 5061 1852 5115 in

267 5157 388 5226 iege
413 5166 571 5224 atque
603 5160 876 5226 prophetis
910 5175 921 5208 :
956 5158 1050 5212 sed
1079 5156 1188 5225 jam
1235 5156 1368 5212 Novi
1398 5155 1728 5212 Testamenti
1757 5158 1854 5213 do-

269 5249 442 5303 ctrina
488 5265 594 5302 non
624 5258 706 5302 est
743 5248 796 5303 in
844 5250 982 5303 nube
1027 5250 1305 5314 tenebrosa
1334 5290 1347 5312 ,
1393 5248 1489 5303 sed
1522 5265 1615 5317 per
1661 5251 1854 5304 nubem

271 5340 499 5394 lucidam
543 5350 734 5394 tonans
785 5351 1002 5409 paterna
1043 5356 1175 5396 voce
1219 5342 1518 5410 perspicua.
1554 5341 1618 5396 Et
1661 5350 1856 5396 notan-

268 5433 398 5487 dqu
440 5433 579 5504 quod
629 5436 796 5489 nubes
841 5435 1013 5488 lucida
1064 5437 1277 5507 Moysen
1322 5447 1374 5490 et
1419 5437 1584 5490 Eliatu
1631 5444 1776 5490 tenet
1805 5447 1860 5491 et

269 5527 600 5594 obumbrat,
642 5527 816 5580 aufert
864 5537 917 5582 et
948 5531 1202 5582 occultat.
1261 5529 1326 5582 Et
1371 5545 1492 5583 cum
1542 5529 1756 5598 Moysen
1804 5540 1858 5584 et

272 5619 443 5672 Eliam
480 5628 656 5674 teneat
685 5631 734 5672 et
766 5621 999 5674 occultet
1023 5637 1176 5686 ,nou
1211 5629 1395 5676 tamen
1424 5623 1533 5688 jam
1568 5620 1776 5690 Moyses
1805 5631 1858 5676 et

273 5710 422 5765 Eiias
451 5714 515 5764 de
549 5713 686 5764 nube
716 5721 929 5776 sonant,
962 5713 1012 5765 in
1045 5729 1144 5780 qua
1177 5714 1359 5766 lateat.
1394 5712 1499 5767 Sed
1529 5711 1673 5766 solus
1703 5712 1857 5768 Pater

275 5819 372 5874 per
397 5804 589 5859 nubem
615 5804 866 5872 loquitur.
898 5805 1019 5858 Sola
1052 5805 1219 5859 nubes
1251 5804 1420 5859 lucida
1457 5816 1730 5873 paternam
1763 5819 1852 5858 vo-

1959 4606 2064 4675 pio,
2089 4609 2178 4675 qui
2211 4603 2546 4659 meretricem
2575 4602 2911 4670 lapidaudam
2941 4601 3132 4663 libero,
3156 4599 3245 4668 qui
3277 4599 3542 4652 latronem

1959 4697 2011 4750 iti
2037 4710 2198 4750 cruce
2227 4696 2572 4762 pmnitentem
2599 4690 2874 4746 sant-tilica
2898 4709 2910 4743 :
2937 4705 3033 4743 cur
3062 4689 3266 4757 pavetis
3293 4689 3550 4743 insolito?

1957 4787 2038 4842 Sit
2069 4789 2245 4852 itaque
2283 4788 2334 4840 in
2371 4789 2488 4857 iege
2530 4800 2712 4854 pavor,
2745 4785 2796 4838 in
2843 4780 3130 4853 Evangelio
3159 4796 3330 4836 amor.
3360 4781 3546 4835 Timor

1959 4880 2099 4934 enim
2132 4891 2236 4932 non
2265 4888 2348 4932 est
2375 4879 2426 4930 in
2458 4877 2720 4930 t-haritate
2739 4917 2753 4940 ,
2786 4876 2876 4928 sed
2914 4875 3137 4946 perfecta
3165 4872 3390 4926 eharitas
3418 4872 3550 4942 foris

1961 4973 2111 5026 mittit
2141 4972 2373 5024 timorem
2403 4968 2454 5038 (1
2485 4968 2642 5022 Joan.
2676 4983 2748 5033 Iv,
2787 4967 2898 5035 l8).
2930 4965 3220 5034 Sequitur:

2029 5063 2121 5117 20.
2156 5061 2217 5114 Et
2248 5059 2662 5113 descendentibus
2698 5058 2760 5110 de
2787 5066 2954 5110 monte
2976 5095 2991 5122 ,
3023 5056 3261 5126 precepit
3289 5055 3363 5107 eis
3391 5052 3547 5107 .lesus

1961 5155 2135 5208 dicens
2164 5170 2179 5207 :
2204 5152 2412 5206 Nemini
2437 5150 2667 5204 dixeritis
2696 5149 2968 5216 visionem,
2999 5148 3160 5199 donec
3185 5143 3352 5199 Filius
3373 5145 3542 5197 Itami-

1961 5248 2041 5298 nis
2071 5264 2102 5299 a
2133 5247 2342 5299 mortuis
2377 5251 2607 5313 resurgat
2635 5241 2785 5312 (Luc.
2825 5255 2931 5294 xvu
2957 5279 2972 5302 ,
3006 5239 3082 5304 8).
3114 5236 3231 5290 Non
3276 5236 3454 5290 statim
3483 5244 3540 5288 ut

1963 5337 2169 5407 Moyses
2200 5349 2254 5390 et
2283 5337 2424 5401 Elias
2447 5337 2512 5390 de
2541 5341 2833 5403 conspectu
2856 5330 3066 5386 Domini
3095 5337 3147 5384 et
3175 5327 3539 5395 apostolorum

1961 5428 2156 5480 sublati
2189 5435 2332 5492 sunt,
2366 5426 2432 5479 de
2463 5434 2644 5478 monte
2664 5422 3052 5478 descenderunt
3083 5435 3097 5485 ;
3131 5417 3224 5473 sed
3250 5420 3385 5471 sicut
3406 5416 3544 5471 alius

1962 5521 2284 5590 evangelista
2310 5528 2505 5584 narrat,
2534 5518 2722 5573 eadem
2748 5524 2903 5572 nocte
2928 5515 2998 5570 ibi
3021 5519 3350 5579 manserunt,
3374 5519 3540 5580 atque

1963 5615 2014 5666 in
2039 5613 2279 5680 sequenti
2303 5613 2389 5667 die
2420 5611 2586 5666 turbis
2615 5607 3070 5679 exspectantibus,
3097 5605 3162 5660 ad
3192 5605 3344 5675 plana
3379 5615 3546 5656 vene-

1963 5714 2102 5759 runt.
2136 5704 2242 5758 Sed
2274 5696 2700 5764 nesciofl'ratres
2725 5741 2740 5766 ,
2771 5710 2950 5754 utrum
2995 5705 3204 5752 noctem
3236 5702 3542 5752 senserunt,

1962 5797 2049 5868 qui
2075 5797 2234 5852 talem
2264 5797 2432 5852 lucem
2466 5794 2648 5850 videre
2674 5802 2978 5849 meruerunt
3011 5809 3022 5844 :
3051 5805 3168 5860 quae
3199 5788 3298 5844 etsi
3326 5787 3392 5841 ab
3420 5797 3545 5839 ocu-
