4090 6570
615 504 721 557 519

1353 500 1412 554 S.
1454 498 1776 555 AMBROS"
1816 496 2162 554 AUTPERTI
2205 495 2684 552 BENEVENTANI
2724 496 3014 553 ABBATIS

3694 500 3714 553 Ι
3727 500 3837 558 3‘20

576 617 642 671 lis
670 614 869 681 carnis,
900 620 954 665 ut
985 622 1101 668 erat
1129 626 1387 681 corporea
1407 655 1423 679 ,
1453 613 1660 667 sublata
1689 621 1813 678 est;
1844 612 2038 667 mansit
2067 621 2147 665 ta-
2177 614 2222 670 Α
2254 607 2319 661 Et
2353 607 2480 661 illud
2507 625 2520 659 :
2555 609 2653 673 Qui
2676 620 2748 662 est
2776 625 2838 662 ea:
2866 609 3093 674 ueritate,
3118 608 3265 661 audit
3293 624 3453 661 meant
3477 624 3644 663 uocem
3667 609 3833 681 (Ibid.

567 722 695 761 meo
726 705 781 760 in
827 704 1118 766 cordibus,
1160 703 1250 758 ubi
1296 704 1495 757 nullum
1544 719 1794 759 occasum
1833 702 2149 772 incorporea

566 813 726 868 passa
773 806 876 852 est.
926 797 1017 852 Sic
1045 797 1276 865 denique
1303 806 1357 851 ct
1398 796 1609 867 Moyses
1659 796 1845 851 beatus
1886 796 2149 856 internam

576 892 750 946 lucum
782 890 924 944 intus
953 888 1321 957 conspiciens,
1348 889 1697 958 quadraginta
1745 888 1936 942 diebus
1964 898 2020 941 et
2049 904 2147 942 no-

562 980 765 1046 ctihus,
794 994 896 1032 non
929 977 1148 1042 famem,
1177 993 1282 1032 non
1310 979 1454 1033 sitim
1481 1019 1494 1042 ,
1528 994 1633 1033 non
1668 981 1912 1034 tenebras
1939 978 2147 1043 sensit,

558 1078 880 1138 tantumque
928 1070 1015 1123 lux
1039 1069 1226 1123 amata
1271 1077 1546 1134 aspectum
1601 1070 1872 1125 interioris
1914 1068 2151 1123 hominis

563 1158 825 1225 dilatavit,
859 1170 916 1213 ut
936 1160 1106 1215 etiam
1137 1160 1226 1212 illa
1257 1158 1424 1214 videri
1456 1169 1678 1228 posset,
1710 1176 1831 1229 qua:
1861 1173 2148 1229 antequam

564 1249 731 1306 homo
760 1250 932 1315 heret,
966 1249 1018 1301 in
1052 1247 1310 1317 principio
1339 1249 1478 1303 Deus
1510 1251 1653 1304 fecit.
1688 1251 1802 1319 Ipsa
1832 1251 1918 1304 illa
1951 1253 2037 1305 lux
2068 1260 2149 1306 est

557 1355 686 1411 quze
716 1340 767 1393 in
800 1341 1033 1394 tenebris
1064 1341 1237 1407 lucet,
1267 1349 1321 1394 et
1351 1342 1587 1397 tenebrae
1616 1358 1735 1396 eam
1766 1357 1870 1396 non
1902 1358 2146 1412 compre-

566 1430 895 1493 heodcrunt;
923 1437 981 1482 ut
1003 1429 1128 1497 quid
1162 1429 1295 1484 hoc?
1313 1432 1435 1496 quia
1465 1433 1749 1486 dilexerunt
1780 1433 2009 1489 homines
2037 1450 2147 1486 ma-

554 1522 643 1585 gis
666 1517 899 1572 tenebras
938 1535 1088 1586 quam
1116 1518 1280 1574 lucem
1313 1519 1492 1593 (Joan.
1534 1538 1612 1588 Ill,
1648 1523 1761 1591 l9).
1798 1524 1942 1578 llanc
1972 1524 2144 1579 lucrm

563 1619 936 1676 persecutores
963 1609 1162 1665 Christi
1194 1604 1375 1667 videre
1407 1615 1761 1682 nequiverunt
1786 1655 1799 1673 .
1847 1624 1900 1669 et
1931 1613 2053 1668 ideo
2077 1615 2145 1668 ad

556 1713 748 1753 necem
780 1699 918 1754 illius
945 1702 1071 1757 caici
1103 1715 1496 1771 pervenerunt:
1517 1704 1579 1760 Si
1606 1708 1739 1761 enim
1768 1709 2141 1773 cognovissent,

561 1804 825 1860 nunquam
855 1789 1128 1847 Dominum
1158 1793 1340 1862 gloria
1359 1796 1730 1861 cruciﬁxissent
1756 1794 1809 1868 (l
1830 1795 1949 1849 Cor.
1979 1811 2039 1859 ll,
2060 1794 2140 1864 8).

566 1878 908 1949 Cognoscere
936 1893 1114 1938 autem
1148 1884 1288 1937 illam
1314 1894 1580 1953 poterant,
1608 1887 1650 1940 si
1681 1885 1745 1940 ad
1770 1887 1921 1940 istius
1949 1901 2067 1953 quae
2091 1886 2142 1938 in

2254 700 2343 770 57)
2370 742 2384 764 ,
2415 700 2735 766 quibusdam
2769 701 2980 755 indiciis
3029 700 3224 755 Filium
3256 699 3349 754 Dei
3385 700 3527 755 hunc
3555 717 3676 756 esse
3716 704 3838 758 exi-

2253 793 2478 846 Stimans
2503 831 2519 857 ,
2561 793 2718 845 toties
2747 797 3052 861 saepiusque
3085 793 3198 845 vult
3225 791 3437 857 eripere
3462 801 3624 862 atque
3651 794 3838 849 diruit-

2254 896 2388 939 tere.
2423 885 2549 937 inde
2577 897 2654 939 est
2687 886 2830 955 quod
2861 900 2984 939 eum
3030 884 3285 952 ﬂagellari
3329 883 3500 952 jubet,
3535 900 3682 939 veste
3713 901 3840 953 pur-

2252 991 2413 1045 purea
2445 976 2789 1039 circumdari,
2821 978 2989 1044 spinis
3017 975 3284 1037 coronari,
3336 985 3394 1029 ut
3422 974 3523 1028 hac
3547 976 3658 1041 ipsa
3688 976 3838 1030 deri-

2250 1071 2417 1124 sioois
2442 1069 2601 1139 plena
2632 1071 2839 1123 visione
2865 1052 3175 1124 Iudaeorum
3206 1068 3406 1121 rabiem
3432 1066 3611 1134 satiat,
3632 1082 3839 1134 eosque

2250 1160 2319 1215 ab
2347 1160 2467 1228 ejus
2496 1161 2866 1215 interiectione
2897 1171 3132 1216 revocet.
3180 1163 3278 1226 Qui
3326 1160 3486 1228 igitur
3515 1170 3621 1214 tam
3656 1162 3836 1231 parvis

2253 1252 2541 1309 verborum
2572 1249 2737 1318 signis
2757 1251 2823 1304 de
2845 1250 2962 1318 ejus
2990 1251 3228 1319 potentia
3252 1248 3517 1305 sollicitos
3541 1250 3731 1315 factus,
3757 1259 3839 1307 tot

2253 1345 2523 1410 tantisque
2548 1343 2878 1409 argumentis
2908 1342 3022 1396 vult
3052 1342 3202 1410 illu‘m
3242 1343 3514 1396 dimittere
3534 1382 3552 1407 ,
3583 1342 3709 1409 quid
3758 1341 3836 1394 la-

2248 1442 2416 1494 ceret,
2448 1434 2492 1485 si
2524 1430 2663 1486 scire
2693 1441 2871 1498 posset
2898 1471 2915 1497 ,
2954 1431 3128 1501 qualis
3145 1402 3210 1485 .in
3243 1442 3424 1484 monte
3451 1445 3633 1484 coram
3665 1431 3836 1483 tribus

2246 1522 2532 1591 discipulis
2562 1523 2845 1592 apparuit?
2871 1523 3049 1580 Credo
3075 1522 3195 1590 quia
3226 1523 3397 1590 ipsam
3425 1520 3655 1576 Casaris
3683 1530 3832 1590 pote-

2246 1621 2438 1666 statem
2469 1628 2627 1681 quam
2672 1620 2871 1681 pavet,
2919 1628 3017 1682 pro
3059 1612 3227 1665 nihilo
3270 1613 3512 1666 duceret.
3550 1611 3837 1665 Interdicat

2246 1715 2377 1770 ergo
2431 1703 2549 1769 pius
2597 1701 2922 1770 Redemptor
2972 1701 3280 1770 discipulis,
3333 1716 3401 1755 ne
3443 1716 3565 1755 eum
3617 1703 3833 1769 qualem

2244 1802 2564 1863 agnoscunt,
2593 1794 2839 1862 cuiquam
2872 1793 3120 1859 prodant,
3162 1805 3217 1847 ut
3243 1793 3543 1861 incognitus
3569 1792 3838 1862 despicia-

2247 1891 2352 1945 tur,
2386 1882 2897 1950 comprehendatur,
2922 1883 3194 1955 alligetur,
3219 1883 3538 1954 ﬂagellatur,
3570 1897 3835 1953 conspira-

556 1985 745 2028 monte
768 1972 903 2029 facta
927 1985 1029 2039 est,
1057 1975 1334 2043 pervenire
1358 1977 1685 2042 potuissent:
1710 1977 1850 2046 quod
1877 1979 1922 2031 si
1945 1974 2139 2029 laetum
2176 1977 2220 2037 Β
2250 1983 2355 2037 tur,
2383 1972 2767 2043 colaphizetor,
2797 1974 2966 2043 spinis
2986 1985 3294 2042 coronetur,
3326 1975 3693 2045 cruciﬁgatnr,
3719 1990 3833 2029 tuo-

558 2062 752 2119 fuisset
774 2104 790 2128 ,
820 2064 1069 2120 Christus
1099 2066 1255 2121 nobis
1284 2067 1423 2135 quod
1456 2075 1612 2121 natus
1655 2067 1826 2121 fuerat
1856 2066 1988 2121 nihil
2018 2080 2141 2131 pro-

556 2154 767 2212 fuisset.
798 2157 927 2211 lnde
956 2159 1116 2211 etiam
1150 2163 1495 2213 vehementer
1523 2159 1818 2228 discipulos
1847 2160 2142 2214 commina-

559 2255 649 2300 tur
677 2286 693 2310 ,
725 2262 791 2300 ne
819 2257 947 2301 ante
973 2249 1418 2303 resurrectionem
1450 2249 1569 2319 ejus
1597 2251 1662 2305 ad
1692 2251 2001 2320 cujusquam
2044 2264 2141 2303 no-

557 2334 726 2392 titiam
745 2337 886 2392 hanc
911 2340 1169 2394 visionem
1196 2342 1513 2410 perducant.
1547 2340 1789 2410 Denique
1814 2356 1937 2396 cum
1964 2341 2143 2410 passio

551 2428 669 2499 ejus
703 2429 775 2498 pii
806 2428 1185 2499 Redemptoris
1215 2431 1267 2484 in
1298 2431 1500 2486 [oribus
1530 2434 1764 2496 adesset,
1791 2433 2014 2487 audiens
2049 2431 2141 2487 Pi-

550 2522 693 2580 latus
721 2525 787 2581 ab
814 2540 880 2582 eo
905 2526 1138 2595 Regnum
1163 2542 1329 2581 meum
1348 2544 1454 2582 non
1481 2528 1601 2582 hinc
1629 2527 1808 2598 (Joan.
1836 2543 1994 2611 ἰνιιι,
2020 2529 2134 2599 36).

2246 2067 2457 2134 riatur,
2489 2067 2821 2137 sepeliatur;
2872 2077 3055 2136 sicque
3099 2070 3214 2125 ovis
3264 2069 3472 2138 perdita
3519 2083 3833 2136 quairatur,

2247 2159 2587 2226 inveniatur,
2642 2159 2962 2227 inventaque
3007 2160 3248 2215 humeris
3289 2161 3356 2230 pii
3397 2161 3628 2230 pastoris
3657 2162 3832 2230 impo-

2247 2265 2405 2308 natur
2427 2295 2443 2319 ,
2489 2264 2546 2308 ut
2589 2264 2807 2323 pastore
2833 2270 2863 2309 ι
2895 2257 3117 2309 mortuis
3147 2268 3460 2325 resurgente
3483 2295 3500 2320 ,
3540 2255 3606 2307 ad
3636 2255 3832 2309 caelum

2247 2347 2364 2400 ovis
2408 2345 2624 2399 inventa
2654 2359 2774 2399 cum
2804 2359 3021 2416 paswre
3052 2348 3272 2408 feratur,
3313 2347 3403 2416 qui
3430 2360 3550 2399 cum
3581 2348 3739 2400 Patre
3779 2356 3828 2398 et

2245 2436 2446 2505 Spiritu
2478 2447 2664 2491 sancto
2693 2437 2822 2491 vivit
2859 2448 2913 2492 et
2958 2446 3144 2507 regnat
3173 2437 3312 2492 Deus
3335 2476 3352 2501 ,
3402 2451 3498 2505 per
3521 2435 3702 2490 omnia
3730 2448 3833 2489 sa:-

2250 2529 2368 2583 cula
2399 2529 2742 2583 smculorum.
2767 2530 2960 2584 Amen.

1086 2811 1222 2925 8.
1300 2812 2213 2926 AMBROSH
2287 2813 3259 2925 AUTPEBTI

1819 3001 2266 3054 BENEVENTAM
2304 3000 2573 3051 ABBATIS

542 3163 894 3283 VITA
979 3158 1183 3285 SS.
1271 3156 2056 3296 PALDONIS,
2171 3152 2782 3268 TASONIS
2866 3154 3044 3265 ET
3137 3154 3806 3271 TATONIS.

1064 3452 1157 3518 (Ex
1178 3461 1319 3504 torno
1344 3451 1408 3503 Vl
1436 3451 1587 3502 italia
1611 3464 1761 3501 sacrae
1780 3447 2079 3503 Ferdinandi
2109 3449 2331 3514 Ughelli,
2356 3451 2481 3513 apud
2504 3451 2689 3503 Mabill.
2717 3453 2827 3503 Act.
2854 3452 2942 3503 SS.
2967 3452 3023 3501 Β.
3048 3463 3161 3501 saec.
3184 3451 3279 3514 ut.)

1650 3669 2320 3731 OBSERVA‘TIONES
2369 3670 2735 3731 PRIEVUE.

609 3825 662 3880 l.
690 3824 881 3875 Paulus
902 3815 1224 3873 Warnelridi
1246 3856 1261 3880 ,
1287 3815 1545 3867 diaconus
1569 3824 1622 3866 et
1649 3814 1944 3866 monachus
1970 3812 2122 3866 Casi-
2154 3815 2199 3876 (ζ
2234 3813 2584 3884 mendatione
2615 3813 2795 3881 digna.
2835 3814 2959 3871 Istic
2984 3816 3285 3873 ﬂoruerunt
3314 3827 3431 3884 post
3457 3827 3678 3876 sanctos
3703 3836 3814 3877 mo-

534 3895 724 3948 uensis
744 3930 759 3951 .
790 3890 857 3944 de
885 3888 967 3941 his
992 3888 1136 3940 Actis
1172 3899 1464 3950 eorumque
1502 3895 1717 3937 auctore
1748 3887 1818 3935 ita
1850 3884 2032 3936 scribit
2066 3884 2115 3937 iu

536 3964 633 4018 lib.
672 3978 720 4014 vt
766 3962 830 4010 do
873 3967 1035 4027 gestts
1087 3954 1359 4027 Longob.._
1406 3968 1527 4027 cap.
1678 3971 1696 4027 :_
1746 3952 2113 4027 Monasterimn

541 4032 602 4087 Β.
644 4022 899 4086 Vincenti?
942 4030 1183 4095 martyris
1222 4023 1359 4093 quod
1390 4024 1544 4091 juxta
1598 4022 1838 4095 Vulturni
1887 4023 2115 4095 [taurinis

536 4105 727 4175 {autent
764 4102 913 4154 situm
942 4093 1125 4175 δεμ-,ξι
1155 4109 1291 4175 nunc
1316 4094 1939 4175 ntagnafongregatione"
1952 4093 2109 4161 reful-

568 4183 648 4227 ct.
677 4190 710 4225 a
735 4173 891 4223 tribus
919 4168 1169 4220 nobilibus
1199 4161 1463 4232 fratribus,
1496 4162 1591 4215 Itoc
1616 4161 1688 4216 est
1719 4162 1869 4225 'l‘ato,
1899 4161 2032 4214 Taso
2063 4171 2116 4215 et

568 4192 616 4227 ει
638 4216 648 4227 .
677 4192 710 4225 a
735 4192 891 4223 U'rmtl
919 4192 1169 4220 ηυυιιιυαδ
1199 4192 1463 4232 patruus),
1496 4192 1589 4215 ιιυυ
1616 4192 1688 4216 τοι
1725 4192 1741 4215 ι
1760 4192 1869 4225 utu,
1902 4192 1921 4214 ι
1944 4192 2032 4213 «anu
2063 4192 2110 4215 cs

533 4192 706 4298 g’aido
726 4283 741 4305 ,
764 4244 878 4311 jam
919 4249 1038 4311 tunc
1077 4234 1611 4311 (adiﬁcatutntsicul
1639 4233 2110 4311 viri_eruditissirni

535 4304 1024 4378 Aut‘brrti'ejusdrm
1052 4304 1348 4378 monasterii
1370 4304 1566 4378 abbatis
1586 4306 1645 4378 in
1678 4304 1931 4378 volumine
1973 4304 2111 4368 quod

532 4388 596 4436 de
627 4383 723 4435 hac
766 4373 833 4433 γε’
859 4377 1146 4447 composuit
1165 4416 1182 4441 ,
1214 4376 1413 4447 scripta,
1434 4374 1752 4447 signiﬁcant;
1779 4373 1856 4427 De
1885 4375 1941 4426 S.
1978 4380 2111 4447 Aut-

530 4453 615 4507 bet
632 4465 683 4505 to
721 4466 816 4504 sou
858 4443 1115 4513 Antperto
1156 4447 1309 4515 plura
1351 4444 1417 4498 ad
1458 4460 1655 4498 annnrn
1688 4443 1827 4506 778,
1860 4458 1967 4511 quo
2012 4445 2109 4496 de-

527 4524 755 4576 ccs~isse
786 4517 969 4573 l'ertur.

598 4592 651 4643 2.
687 4592 912 4642 Carolus
948 4590 1165 4655 Magnus
1196 4585 1247 4638 in
1290 4584 1583 4651 diplomate
1611 4598 1707 4635 suo
1740 4592 1941 4655 sanctos
1971 4584 2106 4635 viros

2229 3881 2448 3956 nosterii
2479 3884 2787 3956 conditores
2815 3886 3089 3956 Aatperms
3128 3896 3174 3938 ιι
3215 3881 3402 3951 Iosue,
3435 3889 3655 3944 abbates
3688 3907 3811 3947 san—

2221 3954 2478 4023 ctissimi,
2512 3953 2597 4004 hic
2626 3956 2825 4006 saeculo
2857 3953 3045 4023 tx'qno
3072 3957 3230 4009 etiam
3266 3963 3517 4018 nongenti
3554 3964 3804 4016 rnonaclti

2220 4022 2462 4092 ejusdem
2492 4022 2725 4074 cmnolrii
2756 4038 2785 4074 a
2820 4025 3103 4077 Saracenis
3149 4028 3412 4092 martyrio
3444 4039 3575 4080 sunt
3606 4030 3808 4088 allecti.

2220 4090 2426 4167 Fluxitin
2453 4092 2612 4167 etiam
2657 4097 2856 4145 s:ecttlo
2891 4107 2943 4144 iit
2983 4090 3307 4167 venerabilis
3337 4096 3492 4167 abbas
3526 4096 3808 4167 Hilarius,

2217 4164 2305 4227 qui
2341 4162 2598 4213 miracula
2630 4174 2868 4226 patrasse
2899 4174 3140 4214 morum.
3185 4165 3401 4217 dicitur.
3435 4165 3577 4218 Idem
3616 4162 3808 4222 omni»;

2219 4233 2362 4286 bium
2395 4233 2535 4286 rexit
2562 4229 2813 4286 Nicetius
2839 4231 2902 4285 de
2932 4230 3188 4286 Fractara
3226 4237 3563 4289 decretorum
3595 4242 3806 4298 doctor,

2216 4313 2341 4356 ante
2372 4301 2666 4357 monachus
2714 4302 3056 4374 (Σιιξὶηοεηκίε,
3100 4308 3187 4371 qui
3235 4306 3478 4374 regulam
3524 4306 3581 4374 S.
3618 4306 3677 4362 l’.
3711 4309 3808 4362 lie-

2215 4373 2411 4427 nediCti
2460 4372 2864 4427 commentariis
2918 4374 3204 4429 illttstravtt
3248 4372 3388 4427 anno
3440 4373 3602 4432 1298.
3661 4381 3801 4431 Istud

2217 4446 2630 4514 monasterium,
2663 4453 2802 4497 ti-ste
2849 4441 2914 4497 V.
2946 4444 3004 4497 Ε.
3044 4447 3248 4514 Angelo
3295 4445 3363 4499 de
3414 4445 3558 4499 Nnce
3614 4448 3807 4503 abliae

2213 4508 2495 4566 Casinensi
2531 4515 2583 4563 iu
2617 4514 2755 4586 notis
2785 4508 3300 4586 adACltron.Casin.
3322 4554 3343 4586 ,ν
3376 4517 3463 4569 lib.
3504 4534 3553 4580 1,,
3585 4533 3705 4586 cap.
3737 4520 3791 4579 4,

2212 4598 2347 4635 nunc
2394 4585 2619 4651 undique
2660 4582 2987 4634 solitudinem
3030 4585 3190 4651 spirat
3234 4593 3282 4635 et
3324 4585 3620 4650 horrorem,
3653 4582 3806 4642 omni

533 4660 815 4713 Paldonent
834 4699 848 4722 ,
879 4652 1125 4712 Tutonem
1167 4667 1213 4710 et
1262 4656 1513 4722 Tasoncgn
1539 4655 1787 4716 appellat.
1824 4652 1914 4706 Sic
1943 4655 2102 4722 etiam
2203 4653 2573 4704 monachorum
2596 4656 2737 4703 cultu
2761 4652 3088 4718 destitutum,
3119 4653 3288 4707 abbati
3315 4666 3515 4708 tantum
3539 4671 3801 4712 commen-

530 4730 777 4783 Tutonem
808 4729 1027 4797 pingunt
1055 4725 1294 4797 nonnulli
1314 4765 1333 4796 ι
1362 4734 1417 4776 et
1443 4721 1727 4775 Baldonem
1756 4731 1942 4775 auctor
1973 4721 2104 4774 Viue

524 4801 583 4856 S.
614 4796 830 4854 'l'homte
864 4796 1068 4852 abbatis
1100 4796 1385 4850 Farlensts.

599 4873 648 4926 5.
685 4872 1105 4924 (Zelelierritnnm
1133 4865 1398 4931 quondam
1442 4860 1537 4913 fuit
1576 4860 1637 4915 S.
1674 4860 1935 4916 Vincenlii
1981 4875 2099 4912 mo-

525 4944 851 5002 uanerinm,
899 4940 1062 4992 situm
1112 4937 1163 4987 in
1212 4933 1480 5002 provincia
1526 4932 1748 4985 Samnio
1791 4948 1886 4986 seu
1934 4932 2101 4984 Bene-

523 5024 681 5066 vento
710 5011 774 5062 ad
820 5000 1018 5060 fontem
1053 5001 1295 5057 Vulturni
1343 5000 1612 5064 ﬂuminis,
1661 5006 1943 5057 duodecim
1990 5004 2100 5056 lere

522 5083 758 5134 millibus
786 5094 816 5131 a
846 5078 1044 5133 Casino
1071 5075 1297 5127 distans.
1331 5070 1384 5124 lu
1416 5077 1723 5125 monasterii
1759 5072 2097 5127 Vincentiani

517 5152 814 5207 Chronico.
866 5162 1020 5211 Cujus
1070 5144 1369 5212 fragmenta
1426 5142 1571 5194 varia
1622 5144 1794 5198 edidit
1848 5145 2090 5197 Andrer

801 5190 953 5273 ἰυιῖιίί
976 5216 1015 5271 11
1045 5190 1185 5270 Hist?
1212 5213 1404 5268 Frattc.
1438 5213 1582 5281 plura
1611 5216 1916 5269 referuntur
1940 5229 2087 5267 cont-
2120 5190 2168 5248 θ

2208 4723 2407 4774 dataria
2439 4736 2600 4774 comm
2614 4723 2783 4774 ‘ssum.

2279 4790 2332 4845 4.
2459 4792 2512 4843 Ρ.
2550 4791 2821 4865 licitedicti
2874 4792 3109 4865 regulam
3142 4797 3468 4848 monasterio
3497 4796 3561 4847 ab
3592 4799 3801 4865 origine

2208 4859 2512 4926 impositam
2546 4862 2706 4913 luisse
2733 4872 2963 4915 constat.
2995 4863 3141 4916 Nulla
3173 4876 3281 4918 tum
3313 4875 3638 4919 monasteria
3670 4859 3803 4921 cort-

2206 4933 2488 5002 dabantur,
2517 4932 2616 4982 nisi
2640 4932 2704 5002 ad
2736 4933 3316 5002 linjusprmscriptntu.
3343 4938 3634 5002 Autpertus
3664 4938 3798 4993 inita

2206 5018 2352 5054 num.
2392 5000 2455 5055 18
2512 5001 2746 5070 regulam
2778 5001 2839 5056 S.
2873 5000 3047 5057 Patris
3078 5000 3288 5067 iandat,
3321 5017 3375 5059 et
3413 5000 3634 5061 Carolus
3678 5008 3787 5060 Ma-

2203 5087 2343 5140 gnus
2376 5071 2428 5125 in
2459 5074 2753 5143 diplomate
2784 5074 2834 5126 in
2874 5073 2986 5127 Vita
3018 5075 3077 5129 S.
3113 5076 3355 5143 Autperti
3388 5084 3586 5141 relate,
3620 5094 3794 5132 neeu-

2205 5147 2331 5196 tiam
2362 5141 2608 5219 concedit
2651 5145 2928 5219 monachis
2965 5141 3328 5219 Vincentianis
3370 5148 3591 5219 eligendi
3631 5150 3787 5201 abba-

2194 5224 2295 5266 tem
2322 5212 2599 5266 secundum
2626 5217 2858 5282 regulam
2887 5213 2951 5270 S.
2984 5214 3261 5271 Benedicti.

518 5357 3797 5394 μα’-Μ*ᾙῆ

1470 5502 1477 5511 ·
1578 5466 2123 5545 PROLOGUS
2182 5462 2717 5541 AUCTOBIS.

585 5627 637 5681 1.
681 5626 906 5681 Humani
953 5622 1171 5694 generis
1212 5622 1417 5693 primus
1462 5636 1658 5691 parens
1696 5621 1762 5675 ad
1808 5620 2094 5689 imaginem

516 5716 609 5771 Dei
643 5719 841 5779 iactus,
873 5718 923 5769 in
967 5714 1214 5784 paradiso
1257 5714 1550 5783 voluptatis
1591 5713 1836 5784 positus;
1870 5724 1930 5768 ut
1975 5713 2097 5766 vine

514 5816 777 5876 prmcepta
808 5814 1082 5869 servaret,
1114 5805 1180 5858 ab
1213 5804 1324 5872 ipsa
1360 5813 1465 5856 vita
1506 5819 1626 5872 qua:
1671 5805 1809 5858 Deus
1838 5812 1921 5858 est
1942 5843 1956 5866 ,
1992 5801 2092 5856 fuit

514 5897 847 5960 admonitus,
879 5908 931 5949 et
963 5913 1029 5951 ne
1061 5899 1197 5951 hanc
1244 5913 1338 5966 pro
1370 5896 1592 5956 minimo
1635 5896 1855 5953 duceret
1939 5913 2087 5952 mor-

2204 5628 2309 5673 tem
2358 5628 2441 5673 est
2485 5617 2536 5673 ei
2584 5618 2963 5673 comminatus.
3010 5617 3116 5673 Sed
3162 5615 3278 5672 haec
3308 5617 3397 5674 ille
3433 5630 3790 5679 centemneus

2200 5720 2392 5780 sponte
2420 5711 2660 5768 deseruit
2686 5708 3032 5775 Creatorem.
3063 5720 3119 5765 et
3170 5719 3387 5767 secutus
3439 5724 3524 5766 est
3575 5727 3786 5783 pareto-

2199 5811 2431 5872 plorent.
2468 5804 2606 5857 Deus
2633 5818 2785 5866 vero,
2816 5803 2908 5873 qui
2940 5804 3178 5870 mentiri,
3208 5813 3261 5858 ut
3300 5812 3385 5857 est
3425 5804 3647 5869 veritas,
3676 5819 3782 5859 non

2198 5900 2343 5951 novit
2366 5936 2382 5960 ,
2414 5896 2573 5951 morti
2600 5910 2702 5966 quo
2731 5896 2963 5951 minatus
2986 5910 3107 5950 eum
3137 5894 3376 5950 addicit:
3405 5895 3614 5951 dixerat
3639 5896 3781 5951 enim
