4090 6464
234 418 367 475 1521

1113 417 1272 474 \‘l'l‘A
1311 418 1410 475 SS.
1455 419 1810 489 PALDONIS,
1853 420 2141 477 TASOXIS
2183 420 2268 476 ET
2309 419 2623 476 'l'ATO-NIS.

3358 427 3496 482 1523

229 532 305 588 tili
338 539 498 597 atque
529 542 645 598 ejus
679 527 831 583 uxori
864 545 874 582 :
911 527 974 583 In
1002 546 1302 601 quacunque
1332 533 1413 585 die
1451 533 1720 584 comedetis
1750 533 1812 587 de
1843 540 1890 595 Α
1921 531 2144 599 tionem,
2171 533 2237 586 de
2263 532 2643 600 praedicatione
2668 529 2733 584 ad
2758 529 3064 598 opprobria,
3093 531 3160 587 de
3185 533 3489 602 opprobriis

227 626 372 694 ligno
397 623 624 677 scientia:
649 621 768 674 boni
798 630 844 675 et
875 623 998 675 mali
1019 665 1031 689 ,
1059 633 1223 676 morte
1252 624 1536 677 moriemini
1565 624 1715 694 (Gen.
1742 638 1780 677 ιι
1800 665 1815 691 ,

231 713 348 783 l7).
371 712 504 779 Qua:
526 712 778 769 videlicet
799 713 1064 768 sententia
1087 729 1193 768 non
1225 716 1395 769 solum
1424 716 1686 784 corporis,
1719 715 1815 768 sed

229 815 287 861 et
327 807 524 860 animae
556 814 784 860 mortem
824 806 1076 860 ostendit.
1121 805 1228 861 Sed
1257 807 1375 873 quia
1406 807 1819 876 benignissimus

236 898 384 953 Deus
413 898 698 966 serpentis
715 897 1054 952 suasionibus
1082 897 1456 952 miserabiliter
1481 898 1614 952 vidit
1643 897 1819 951 homi-

232 1003 358 1043 nem
392 987 679 1058 deceptum
699 1031 714 1056 ,
748 988 1145 1057 fragiliorisque
1177 1003 1298 1043 esse
1327 978 1564 1044 matériae
1597 989 1820 1059 ﬁgmen-

234 1091 377 1146 tum,
411 1079 586 1134 noluit
615 1080 757 1133 hunc
791 1095 914 1134 esse
945 1081 995 1133 in
1033 1088 1292 1133 aeternum
1321 1080 1653 1133 damnatum.
1687 1080 1819 1135 Hinc

236 1168 381 1222 enim
430 1175 607 1222 actum
653 1177 769 1234 est,
820 1178 879 1222 ut
924 1169 1230 1236 unigenitus
1262 1169 1356 1222 Dei
1387 1169 1556 1223 Filius
1597 1184 1817 1224 carnem

231 1274 454 1314 sumens
485 1271 782 1316 moreretur
811 1277 908 1330 pro
937 1261 1091 1316 nobis
1111 1303 1127 1327 ,
1165 1276 1231 1316 ne
1262 1277 1407 1316 mors
1442 1265 1643 1316 animae
1679 1262 1816 1316 ultra

236 1360 490 1420 regnaret
519 1353 573 1406 in
605 1353 792 1419 nobis,
826 1361 882 1407 ut
910 1353 1048 1422 quod
1080 1353 1133 1406 in
1164 1353 1332 1408 Adam
1365 1355 1768 1422 perdideramus
1798 1395 1812 1419 ,

238 1441 538 1498 tn'Cbristo
582 1443 964 1512 reciperemus.
1014 1443 1148 1496 llinc
1194 1445 1338 1496 enim
1384 1443 1642 1511 scriptum
1690 1452 1814 1498 est:

233 1535 366 1587 Cum
397 1543 528 1588 venit
556 1533 818 1604 plenitudo
847 1535 1108 1601 temporis,
1127 1535 1262 1587 misit
1281 1533 1418 1588 Deus
1447 1532 1643 1587 Filium
1669 1551 1818 1588 suum

234 1627 426 1691 factum
451 1639 521 1676 ea:
550 1622 791 1690 muliere,
835 1624 1030 1693 factum
1069 1625 1160 1678 sub
1203 1623 1348 1694 lege,
1379 1634 1433 1677 ut
1476 1640 1558 1677 eos
1598 1626 1686 1694 qui
1726 1624 1816 1678 sub

234 1715 346 1784 lege
371 1725 514 1768 erant
539 1716 840 1780 redimeret,
871 1723 926 1768 ut
954 1715 1280 1785 adoptionem
1310 1716 1538 1781 filiorum
1566 1716 1816 1784 recipere-

235 1822 349 1860 mus
398 1804 596 1875 (Colat.
626 1821 696 1870 tv,
729 1803 810 1876 4).
840 1806 946 1860 Sed
978 1823 1084 1874 quo
1112 1806 1389 1861 charitatis
1432 1805 1626 1861 ardore
1655 1806 1706 1860 id
1737 1805 1815 1860 fe-

1920 623 1988 676 ad
2021 623 2229 692 ﬂagella
2251 664 2264 687 ,
2298 624 2364 678 de
2395 622 2621 690 ﬂagellis
2649 623 2714 676 ad
2745 632 2900 689 sputa
2922 667 2934 688 ,
2966 623 3034 678 de
3063 625 3234 691 Sputis
3263 625 3329 678 ad
3373 641 3495 680 cru-

1921 725 2037 764 cem
2063 751 2078 775 ,
2128 711 2194 765 de
2239 727 2400 765 cruce
2447 711 2512 764 ad
2559 711 2883 778 sepulturam
2927 713 3189 779 pervenit.
3233 712 3269 766 li
3299 717 3496 768 etenim

1919 810 2045 856 sunt
2072 817 2290 872 gressus
2323 803 2417 857 Dei
2450 802 2503 856 in
2535 813 2672 856 terra
2695 842 2712 867 ,
2746 801 2813 855 de
2840 805 3032 870 quibus
3065 803 3348 859 PSalmista
3379 805 3454 858 ait
3481 825 3492 858 :

1931 889 2036 944 Visi
2077 901 2192 945 sunt
2238 909 2441 962 gressus
2472 893 2574 958 tui,
2611 893 2776 956 Deus,
2804 893 3060 959 ingressus
3093 892 3188 946 Dei
3219 895 3315 946 mei
3345 893 3499 963 Regis

1919 982 2022 1051 (P.
2038 984 2113 1037 al.
2148 999 2292 1038 van
2315 1024 2329 1046 ,
2360 983 2494 1050 25).
2550 983 2657 1037 llos
2705 983 2992 1036 imitandos
3025 999 3146 1038 esse
3179 985 3501 1038 denuntians

1921 1076 2216 1130 l’etrus‘ait
2249 1074 2495 1131 lidclibus
2527 1092 2540 1128 :
2573 1073 2806 1128 Christus
2836 1090 3022 1143 passus
3057 1084 3134 1128 est
3179 1093 3272 1143 pro
3317 1077 3459 1128 nobis
3482 1116 3498 1140 ,

1918 1169 2059 1224 vobis
2102 1170 2390 1238 relinquens
2420 1169 2707 1236 exemplum
2738 1177 2791 1220 ut
2819 1169 3107 1233 sequamini
3150 1171 3361 1240 vestigia
3385 1175 3498 1241 ejus

1921 1261 1940 1333 (
1968 1261 1990 1314 l
2022 1260 2140 1315 Pet.
2172 1277 2245 1326 ιι,
2275 1261 2337 1316 21
2367 1258 2409 1330 ).
2459 1261 2550 1314 llis
2596 1275 2656 1314 se
2690 1261 3030 1329 passionibus
3070 1265 3216 1330 sequi
3261 1263 3374 1331 ipsa
3408 1263 3500 1316 Via

1925 1358 2168 1412 insinuat
2199 1356 2385 1411 dicens
2418 1373 2430 1409 :
2463 1355 2520 1408 Si
2547 1355 2659 1425 quis
2690 1355 2799 1407 vult
2828 1363 2940 1424 post
2969 1371 3048 1409 me
3074 1356 3264 1421 uenire,
3293 1359 3502 1427 abneget

1921 1448 2282 1517 semetipsum,
2310 1455 2356 1499 et
2385 1447 2531 1500 tollat
2559 1460 2758 1498 crucem
2790 1461 2934 1497 suam
2965 1445 3213 1513 quotidie.
3245 1455 3292 1499 et
3321 1463 3502 1516 sequa-

1919 1547 2007 1590 tur
2032 1554 2111 1591 me
2141 1537 2312 1608 (Luc.
2346 1553 2396 1590 ιι
2421 1582 2433 1604 ,
2463 1536 2532 1588 25
2558 1536 2598 1606 ).
2650 1536 2718 1590 Et
2767 1535 2961 1590 Paulus
3009 1536 3083 1589 ait
3114 1553 3125 1588 :
3173 1535 3500 1591 Mihinutem

1917 1629 2048 1684 absit
2073 1629 2318 1700 gloriari,
2349 1628 2446 1684 nisi
2477 1628 2530 1680 in
2560 1643 2708 1680 cruce
2753 1625 2961 1680 Domini
3005 1628 3165 1679 nostri
3193 1624 3320 1680 Iesu
3348 1625 3501 1680 Chri-

1918 1721 2014 1784 s:i,
2065 1735 2156 1788 per
2199 1734 2349 1787 quem
2393 1718 2518 1771 mihi
2567 1720 2787 1770 mundus
2836 1716 3110 1784 cruciﬁxus
3156 1727 3266 1783 est,
3314 1727 3361 1770 et
3408 1733 3500 1786 ego

1919 1811 2114 1863 mundo
2148 1808 2365 1881 (Colat.
2402 1823 2484 1874 vt,
2520 1808 2586 1861 14
2611 1807 2650 1876 ).
2702 1806 2743 1860 li
2790 1820 3005 1875 gressus
3049 1817 3228 1861 autem
3255 1817 3309 1861 et
3335 1822 3500 1877 angu-

244 1894 378 1948 cerit
410 1909 506 1962 pro
533 1897 710 1960 nobis,
742 1896 919 1950 nullus
951 1897 1126 1951 verbis
1155 1898 1389 1966 explicat
1415 1912 1479 1951 ex
1513 1896 1666 1950 nobis
1692 1913 1706 1961 ;
1737 1900 1812 1950 ait
1844 1890 1886 1948 Β
1917 1913 2054 1954 szam
2088 1899 2462 1969 ingrediuntur
2488 1898 2662 1963 viam,
2691 1912 2810 1965 qua:
2834 1896 2980 1950 ducit
3003 1896 3068 1951 ad
3099 1896 3282 1952 vitam.
3315 1895 3354 1950 li
3383 1912 3501 1951 ant-

234 1985 378 2039 enim
412 1986 525 2054 ipse
556 1986 647 2040 Dei
679 1986 846 2041 Filius
877 2004 888 2039 :
923 1986 1015 2042 Sic
1043 1985 1182 2041 Deus
1221 1987 1400 2040 dilexit
1446 1987 1727 2050 mundum,
1760 1995 1812 2039 ut

239 2071 437 2127 Filium
463 2091 614 2127 suum
645 2076 958 2146 unigenitum
988 2077 1132 2130 daret
1160 2074 1356 2146 (.Ioan.
1391 2091 1482 2140 ιιι,
1518 2076 1585 2130 16
1607 2077 1650 2143 ).
1680 2076 1816 2131 υἷιιο

238 2164 432 2218 iterum
465 2164 662 2220 Paulus
693 2167 824 2222 dicit
854 2184 865 2219 ε
913 2167 1015 2231 Qui
1043 2169 1222 2221 dilexit
1254 2183 1366 2233 me,
1397 2177 1444 2221 et
1487 2168 1701 2220 tradidit
1738 2183 1815 2220 se-

234 2256 405 2325 ipsum
436 2273 529 2325 pro
557 2274 654 2312 me.
681 2257 756 2312 De
787 2274 892 2327 quo
925 2274 1110 2314 rursus
1139 2261 1212 2314 ait
1237 2278 1248 2312 :
1275 2259 1406 2313 Cum
1433 2262 1488 2312 in
1519 2261 1688 2328 forma
1717 2259 1815 2313 Dei

236 2358 392 2416 esset,
418 2367 518 2403 non
541 2350 778 2419 rapinam
803 2350 1076 2403 arbitratus
1101 2359 1174 2405 est
1198 2367 1306 2405 esse
1327 2366 1382 2403 se
1403 2352 1651 2420 aequalem
1675 2350 1813 2404 Dto:

235 2439 326 2491 sed
368 2439 692 2510 semetipsum
735 2441 1015 2494 exinanivit
1063 2442 1286 2511 formam
1327 2443 1454 2495 servi
1481 2442 1734 2510 accipiens
1763 2442 1816 2495 in

233 2529 627 2582 similitudinem
669 2530 930 2584 hominum
976 2533 1164 2603 factus,
1208 2543 1255 2586 et
1297 2533 1472 2586 habitu
1499 2533 1732 2586 inventus
1761 2543 1814 2586 ut

237 2625 408 2678 homo.
457 2623 762 2680 llumiliauit
799 2629 1144 2698 semetipsum,
1187 2631 1356 2698 factus
1386 2628 1619 2683 obediens
1659 2645 1816 2699 usque

238 2719 309 2771 ad
338 2728 585 2786 mortem,
617 2730 831 2776 mortem
859 2731 1030 2776 autem
1058 2723 1226 2777 crucis
1252 2720 1513 2793 (Philipp.
1543 2737 1578 2776 tt
1601 2763 1614 2786 ,
1644 2724 1723 2788 6).
1757 2721 1815 2775 In

238 2824 342 2879 qua
393 2810 608 2865 scilicet
662 2812 1010 2866 humanitatis
1064 2813 1233 2866 turnia
1281 2821 1631 2866 conversatus
1677 2812 1816 2864 inter

245 2900 495 2955 homines
527 2915 620 2969 per
651 2903 830 2956 omnia
865 2911 924 2955 ut
949 2903 1142 2968 homo,
1176 2911 1399 2970 excepto
1431 2911 1648 2968 peccato
1669 2941 1684 2966 ,
1715 2901 1817 2954 iter

242 2991 322 3043 eis
350 2989 588 3043 ostendit
617 3005 724 3059 quo
761 2990 826 3044 ad
857 2989 1114 3044 derelicta
1154 2991 1344 3058 gaudia
1388 2990 1647 3058 repedare
1693 3002 1813 3058 pos-

240 3079 372 3132 sint.
405 3077 464 3132 Si
494 3088 673 3134 autent
707 3081 846 3149 quod
876 3081 946 3134 sit
978 3079 1077 3134 hoc
1109 3082 1207 3134 iter
1253 3080 1604 3148 inquirimus,
1637 3078 1816 3132 Domi-

241 3184 368 3222 num
401 3170 455 3224 in
489 3170 777 3240 Evangelia
808 3171 1076 3226 dicentem
1123 3171 1489 3235 attendamus,
1523 3169 1597 3222 ait
1623 3170 1764 3223 enim
1797 3186 1813 3221 :

237 3257 352 3330 Ego
381 3276 493 3314 sum
521 3261 638 3326 uia,
671 3271 719 3314 et
748 3277 894 3314 nemo
920 3261 1054 3314 venit
1092 3261 1160 3313 ad
1192 3260 1434 3325 Patrem,
1475 3261 1574 3313 nisi
1609 3275 1698 3328 per
1737 3276 1815 3313 me

233 3351 434 3424 (Joan.
465 3369 558 3406 xiv
580 3395 596 3422 ,
624 3356 657 3408 6
680 3355 721 3425 ).
755 3355 892 3410 Ecce
920 3353 1221 3409 audivimus
1263 3355 1365 3409 iter
1396 3369 1491 3423 per
1534 3355 1674 3424 quod
1718 3371 1809 3424 pa-

247 3445 406 3498 triam
438 3456 773 3514 repetamus,
805 3447 1078 3501 videamus
1125 3461 1264 3502 nunc
1308 3446 1502 3515 quibus
1544 3447 1715 3501 modis
1744 3448 1812 3502 ad

239 3538 626 3592 ambulandum
660 3553 880 3607 gressus
911 3540 1224 3609 dirigamus.
1273 3540 1372 3606 Qui
1408 3540 1620 3611 (inquit
1647 3539 1810 3594 Joan-

234 3631 354 3699 nes)
385 3631 506 3683 dicit
537 3647 590 3685 se
615 3632 669 3685 in
701 3632 901 3686 Christo
928 3649 1148 3698 manere,
1181 3633 1323 3687 debet
1360 3634 1486 3687 sicut
1513 3635 1598 3685 ille
1626 3632 1810 3686 ambac-

238 3723 361 3776 lauit
388 3733 436 3776 et
464 3725 570 3793 ipse
599 3723 860 3778 ambulare
888 3724 940 3796 (I
965 3723 1120 3780 Joan.
1151 3742 1213 3790 ιι,
1243 3725 1320 3797 6).
1341 3723 1491 3779 Libet
1521 3736 1693 3780 autem
1727 3726 1810 3780 in-

231 3813 370 3866 tueri
391 3828 508 3882 quae
528 3817 636 3870 sint
664 3817 776 3871 haec
808 3817 1001 3872 Christi
1030 3819 1272 3888 vestigia,
1301 3817 1391 3887 qui
1421 3832 1658 3887 gressus,
1682 3818 1806 3888 qui-

232 3901 334 3954 bus
373 3901 427 3955 in
457 3917 618 3958 carne
647 3907 938 3962 ambulavit
968 3923 1062 3977 pro
1091 3911 1264 3964 nobis.
1293 3909 1357 3965 Ut
1387 3921 1578 3964 ctetera
1604 3920 1807 3965 taceam

229 4004 351 4056 qua:
392 3995 698 4062 evangelica
750 3997 1074 4064 plenitudine
1113 4009 1395 4052 narrantur
1437 4000 1502 4053 de
1545 3999 1808 4066 baptismo

229 4083 294 4134 ad
327 4086 672 4140 tentatiouem
705 4103 767 4141 ac
790 4089 1089 4154 jejunium,
1123 4091 1188 4142 de
1212 4090 1418 4157 jejunio
1446 4090 1513 4142 ad
1545 4089 1806 4156 praedica-

261 4265 582 4282 *ιιι-ιο

1926 1992 2113 2048 bulant
2140 2007 2305 2060 super
2333 1990 2575 2058 aspidem
2603 1999 2659 2043 et
2691 1987 2996 2041 basiliscum
3020 2031 3034 2053 ,
3081 1994 3138 2041 et
3181 1987 3498 2042 conculcant

1919 2085 2132 2141 leonem
2160 2094 2216 2139 et
2244 2083 2536 2138 draconem
2564 2100 2575 2134 :
2602 2083 2653 2134 in
2688 2080 2772 2134 his
2799 2079 3208 2134 ambulaverunt
3235 2078 3490 2146 apostoli,

1919 2177 2016 2230 hos
2046 2187 2313 2246 martyres
2341 2185 2395 2228 et
2423 2173 2763 2228 eonfessores
2792 2183 2916 2226 sunt
2942 2171 3238 2226 subsecuti.
3266 2171 3372 2225 Hos
3403 2185 3498 2239 per

1917 2281 2143 2336 gressus
2193 2265 2414 2334 perfecti
2459 2265 2796 2318 incesserunt
2842 2262 3122 2328 monachi,
3153 2262 3345 2331 quibus
3374 2277 3498 2328 spe-

1915 2357 2127 2410 cialiter
2145 2371 2176 2409 a
2204 2356 2426 2409 Domino
2457 2354 2650 2408 dicitur
2679 2370 2691 2405 :
2722 2352 2909 2406 Tollite
2933 2354 3115 2422 jugum
3146 2368 3312 2405 meum
3339 2367 3497 2420 super

1916 2464 2032 2511 uos,
2064 2457 2113 2500 et
2143 2448 2323 2500 discite
2362 2463 2394 2499 a
2423 2462 2502 2499 me
2530 2447 2653 2515 quia
2682 2445 2818 2497 mitis
2849 2459 2964 2497 sum
2989 2453 3034 2496 et
3063 2443 3270 2497 humilis
3309 2443 3498 2508 corde,

1917 2549 1964 2594 et
1991 2539 2251 2592 invenietis
2281 2537 2502 2606 requiem
2531 2536 2799 2589 animabus
2827 2535 3002 2588 uestris
3034 2533 3256 2603 (Matth.
3281 2533 3490 2603 st,?.9).

1984 2631 2040 2684 2.
2073 2631 2177 2687 Sed
2207 2632 2328 2700 quia
2355 2645 2451 2683 nos
2482 2628 2534 2682 in
2563 2629 2772 2683 illorum
2800 2640 3006 2691 tempus
3045 2625 3384 2690 devenimus,
3413 2626 3484 2679 de

1916 2741 2022 2795 quo
2055 2725 2313 2778 Dominus
2347 2724 2399 2777 in
2428 2722 2718 2792 Evangelio
2747 2721 2822 2774 ait
2851 2721 3128 2788 discipulis
3173 2720 3306 2785 suis,
3365 2719 3490 2788 quia

1916 2814 2194 2867 abundabit
2243 2814 2506 2882 iniquitas,
2581 2813 2876 2880 refrigescet
2929 2811 3154 2864 charitas
3215 2812 3496 2864 multarunt

1918 2903 2153 2975 (Matth.
2203 2904 2518 2972 xxiv,12);
2549 2916 2612 2955 ac
2635 2901 2928 2955 secundum
2964 2901 3313 2970 Apocalypsis
3365 2916 3494 2955 sen-

1918 2995 2155 3061 tentiam,
2189 3008 2519 3064 nequaquam
2553 2991 2838 3055 ferventes,
2883 2991 2977 3044 sed
3025 2991 3214 3061 (quod
3263 3006 3493 3058 gemen-

1917 3089 2042 3141 dum
2101 3087 2214 3152 est)
2273 3084 2479 3153 tepidos
2534 3085 2822 3151 aSpicimus
2871 3081 3193 3146 monachos;
3237 3081 3304 3136 ad
3353 3081 3491 3137 inci-

1921 3179 2110 3234 tandos
2137 3179 2346 3232 animos
2374 3191 2582 3241 eorum,
2618 3185 2725 3229 tres
2755 3189 2923 3243 nuper
2949 3172 3013 3225 ad
3045 3172 3314 3227 Christum
3361 3189 3485 3227 con-

1921 3284 2104 3324 versos
2134 3268 2440 3339 evangelica
2499 3265 2828 3334 perfectione
2886 3265 3137 3334 probatos
3182 3265 3487 3320 auditorum

1918 3360 2444 3431 animisingerimus,
2465 3357 2755 3412 Paldonem
2773 3353 2996 3420 scilicet,
3037 3355 3302 3409 Tasonetn
3332 3365 3492 3424 atque

1917 3452 2202 3518 Tatonem,
2237 3458 2543 3504 sanctorum
2565 3447 2781 3501 Patrum
2814 3445 3098 3501 sudoribus
3121 3461 3184 3500 ac
3216 3446 3490 3501 laboribus

1917 3543 2311 3613 coaequandos;
2347 3540 2516 3610 utqui
2563 3537 2818 3592 desidiosi
2851 3552 2914 3590 ac
2963 3536 3196 3605 languidi
3245 3536 3494 3604 antiquos

1918 3635 2110 3690 Patres
2136 3645 2348 3688 nostros
2377 3646 2474 3686 nos
2503 3630 2702 3684 imitari
2735 3643 2841 3682 non
2866 3642 3025 3699 posse
3054 3641 3360 3693 caueamur,
3396 3627 3494 3680 ho-

1917 3721 2047 3782 runl‘
2072 3741 2240 3796 nuper
2285 3737 2674 3780 conversorutn
2704 3721 2869 3776 vitam
2925 3721 3228 3776 recolentes
3275 3719 3496 3773 erubes—

1913 3834 2120 3876 camus.
2155 3818 2265 3874 llos
2293 3833 2422 3889 ergo
2450 3831 2555 3872 non
2586 3814 2902 3870 temeritatis
2930 3829 3061 3867 ausu
3085 3813 3366 3879 impulsus,
3393 3815 3490 3865 sed

1914 3912 2123 3965 abbatis
2146 3909 2250 3962 mei
2279 3909 2480 3961 monita
2512 3915 2747 3967 secutus,
2778 3918 2949 3970 eaque
2981 3903 3140 3954 modo
3167 3901 3307 3968 stylo
3362 3915 3486 3968 pro—

1915 4013 2131 4068 sequor,
2164 3997 2230 4050 de
2259 3996 2451 4064 quibus
2478 3994 2651 4046 adhuc
2675 4001 2841 4047 testes
2871 3992 3111 4044 existunt
3135 3991 3224 4060 qui
3263 4005 3322 4044 se
3368 3991 3486 4045 hac

1914 4089 1982 4142 ab
2013 4088 2093 4142 bis
2131 4084 2346 4138 audi-se
2368 4083 2707 4137 confirmant.

1498 4422 1898 4500 INCIPIT
1957 4421 2224 4498 VITA.

305 4614 358 4668 5.
389 4613 523 4668 'lres
551 4611 714 4685 igitur
735 4625 802 4665 ex
831 4609 994 4665 nobili
1017 4625 1212 4679 genere
1242 4618 1364 4677 orti,
1412 4625 1534 4679 jure
1577 4624 1808 4665 consan-
1838 4586 1887 4648 υ
1913 4605 2085 4660 sionis
2111 4601 2467 4670 corporaliter
2497 4597 2822 4652 fruerentur.
2848 4595 2986 4662 Quid
3019 4594 3203 4664 plura?
3234 4606 3291 4649 ut
3310 4595 3490 4650 animo

232 4706 510 4777 guinitatis
535 4704 839 4774 pr0pinqni,
890 4703 1076 4771 Pa'do,
1109 4703 1248 4757 Taso
1276 4712 1331 4757 et
1379 4701 1534 4766 Tato,
1593 4700 1809 4755 fuerunt

235 4797 340 4852 viri
393 4795 798 4851 Beneventani:
851 4808 917 4846 ex
974 4796 1168 4862 quibus
1221 4794 1470 4862 superior
1525 4792 1690 4848 Paldo
1741 4807 1806 4848 ex

235 4888 520 4953 nno,‘l‘aso
543 4901 669 4942 vero
681 4895 736 4941 et
755 4883 884 4938 Tata
907 4899 972 4937 ex
997 4885 1168 4937 altero
1196 4887 1355 4939 fratre
1375 4893 1501 4938 sunt
1519 4887 1805 4955 procreati.

234 4981 276 5036 li
297 4979 600 5049 evangelica
631 4992 762 5033 voce
787 4977 1328 5044 excitati,divinoque
1365 4990 1551 5030 amore
1590 4975 1806 5030 inﬂatu-

233 5073 387 5136 mati,
412 5086 514 5126 una
538 5071 616 5125 eis
643 5069 929 5134 sententia,
961 5083 1121 5121 unum
1147 5064 1431 5121 consilium
1457 5065 1576 5132 fuit,
1608 5083 1805 5122 unum-

233 5178 340 5234 que
367 5161 574 5216 exstitit
596 5168 801 5224 votum,
829 5158 1013 5227 patriae
1041 5157 1240 5222 solum,
1267 5155 1480 5210 divitias
1529 5168 1810 5225 parentes-

233 5269 337 5322 que
393 5254 720 5322 relinquere,
776 5259 831 5307 et
877 5250 1048 5304 nudos
1080 5252 1281 5304 nudum
1310 5249 1582 5306 Christum
1631 5248 1808 5317 sequi,

233 5344 405 5400 nudos
434 5359 555 5400 cum
594 5343 736 5397 nudo
788 5341 1093 5396 adversario
1123 5353 1380 5410 pugnare,
1409 5339 1808 5411 Galliarumque

235 5437 564 5508 provinciam
592 5449 688 5505 pro
718 5444 844 5489 voto
870 5445 1158 5502 expetere:
1188 5441 1349 5502 atque
1376 5432 1526 5499 inibi,
1555 5446 1802 5500 corpore,

233 5543 341 5584 non
373 5538 552 5583 mente
582 5526 793 5591 ductos,
818 5525 1028 5580 diversa
1059 5525 1379 5580 monasteria
1404 5525 1694 5594 inquirere,
1726 5525 1805 5580 le-

235 5621 398 5691 nique
420 5619 550 5688 jngo
579 5617 777 5672 Christi
801 5617 937 5672 colla
967 5617 1162 5671 mentis
1193 5615 1527 5671 submittere.
1561 5615 1671 5670 Hoc
1698 5631 1805 5669 au-

230 5722 338 5766 tem
398 5711 596 5766 idcirco
625 5709 864 5763 studiose
897 5708 1072 5763 facere
1099 5709 1483 5778 praevidebant,
1509 5718 1566 5763 ut
1589 5718 1806 5779 propter

237 5803 502 5860 Christum
543 5816 609 5858 ne
639 5815 745 5855 uno
768 5801 857 5870 qui
887 5810 1404 5870 superessepoterat
1457 5810 1675 5871 aspectu
1727 5803 1804 5856 vi-

633 5938 902 6000 ΡΑΤιιοι..
953 5935 1307 6004 LXXXIX.

1917 4705 1971 4749 et
1998 4703 2178 4748 mente
2203 4700 2579 4760 conceperant,
2631 4689 2733 4743 iter
2760 4694 3082 4757 praeparant,
3133 4700 3232 4741 nec
3283 4701 3492 4740 moram

1915 4783 2144 4850 faciunt,
2171 4799 2270 4838 nec
2295 4781 2609 4836 dilationem
2640 4779 2999 4850 praetendunt.
3051 4778 3155 4833 Sed
3197 4778 3492 4833 carnalium

1917 4888 2196 4945 parentum
2228 4889 2397 4930 nexus
2425 4873 2888 4942 pertimescentes,
2922 4871 3012 4938 qui
3045 4883 3258 4936 semper
3314 4868 3488 4936 impe.

1915 4969 2211 5024 dimentum
2268 4966 2401 5020 fiunt
2466 4964 2534 5018 ad
2609 4961 2877 5016 Christum
2946 4961 3248 5024 conversis,
3306 4974 3494 5013 eorum

1915 5061 2100 5115 oculos
2122 5059 2204 5127 pia
2231 5057 2576 5111 simulatione
2598 5053 2880 5118 deludunt,
2909 5053 2979 5106 ita
3033 5060 3209 5104 tamen
3258 5059 3316 5104 ut
3342 5065 3494 5104 tnen-

1913 5151 2055 5206 dacii
2111 5150 2314 5205 crimen
2367 5161 2701 5217 nequaquam
2759 5145 3059 5199 incurrant.
3111 5143 3302 5196 Dicunt
3348 5142 3490 5195 enim

1915 5258 1973 5298 se
2001 5245 2223 5297 Romam
2249 5256 2470 5310 per-gere
2491 5238 2649 5304 velle,
2673 5236 3038 5306 apostolorum
3065 5233 3324 5302 principis
3347 5232 3490 5286 Petri

1912 5350 1972 5390 se
1993 5335 2258 5404 sull‘ragiis
2294 5330 2694 5396 commendare,
2729 5327 2950 5396 ejusque
2977 5325 3280 5380 desiderata
3309 5323 3492 5377 limina

1913 5428 2142 5482 osculari
2200 5444 2212 5478 :
2264 5424 2406 5492 quod
2454 5434 2507 5478 et
2548 5421 2813 5476 fecerunt.
2844 5417 3011 5472 Sicuti
3053 5425 3230 5469 autem
3285 5411 3493 5468 nobiles

1909 5520 2085 5583 decet,
2109 5517 2346 5574 oneratis
2375 5512 2696 5569 animalibus
2741 5507 3046 5577 stipendiis,
3073 5503 3384 5576 praeparatis
3421 5502 3492 5556 ad

1909 5611 2202 5668 sedendum
2233 5608 2407 5679 equis,
2435 5604 2752 5659 famulorum
2787 5601 2903 5656 fulti
2930 5598 3226 5669 obsequiis,
3255 5595 3360 5650 sibi
3398 5608 3486 5646 so-

1912 5706 2056 5773 lique
2088 5703 2198 5757 Deo
2225 5701 2349 5772 quid
2371 5713 2530 5769 agere
2559 5697 2758 5754 vellent
2790 5695 2984 5769 [suppL
3009 5687 3254 5758 conscii],
3273 5701 3490 5758 gressus

1911 5802 1974 5856 ad
1999 5796 2378 5854 ambulandum
2405 5788 2639 5852 movent.

2897 5924 2972 5983 'tQ

2938 5964 2973 5983 id
