4090 6426
562 391 597 447 ἶ
610 392 710 446 ἰῒῖὃ

634 503 794 561 Stlrps
831 497 1102 548 veneranda
1127 498 1261 561 satis,
1288 494 1752 561 nimiumprzecelsa
1779 500 1985 558 parente
2013 527 2024 547 ,

695 559 886 613 Primus
908 573 930 606 a
957 561 1196 622 principio
1220 559 1343 608 luxit
1366 567 1418 606 ut
1438 559 1560 622 orbe
1581 559 1706 605 dies.

633 626 867 676 Germine
885 619 1132 684 purpureo
1151 622 1302 668 decus
1326 622 1416 684 hoc
1435 619 1543 684 tulit
1567 622 1682 684 urbs
1717 619 2036 666 Beneventus

695 687 816 735 Jure
837 682 1118 735 sa'lutiferos
1137 684 1286 732 traxit
1308 683 1370 729 ab
1393 682 1516 728 urbe
1543 683 1688 731 viros.

633 748 880 798 Scandere
907 758 1061 805 regna
1088 753 1262 805 petunt.
1285 742 1506 805 sublimia
1531 746 1676 805 cordi}
1701 752 1882 788 sereno
1903 774 1914 798 ,

705 810 864 870 Digne
885 801 1019 856 sacra
1040 801 1205 854 ferunt
1224 806 1361 866 signa
1387 816 1473 864 pro
1496 801 1612 863 lege
1642 803 1750 849 Dei.

633 865 819 922 'l‘erréa
844 877 1016 918 cuncta
1043 875 1229 927 terunt,
1254 865 1397 926 gazas
1417 873 1471 927 ut
1493 873 1708 913 stercora
1736 865 1996 922 spernunt.

690 932 888 981 Laudes
909 925 1352 992 magnificog'auvte
1374 925 1568 992 referre
1598 927 1717 974 Deo.

1008 989 1091 1038 tiui
1116 990 1246 1036 salus
1267 993 1318 1036 et
1343 989 1517 1044 virtus,

1000 1050 1117 1100 Rex
1142 1052 1299 1098 bonus
1321 1050 1548 1097 invictus.

648 1160 705 1214 ι.
749 1160 816 1212 At
836 1171 971 1210 vero
997 1155 1085 1209 ubi
1121 1155 1364 1223 proprius
1394 1154 1524 1206 lines
1546 1161 1671 1206 sunt
1698 1149 1923 1219 egressi,
1950 1146 2160 1201 Marso-

581 1263 806 1318 rumque
843 1255 868 1283 ι
903 1246 1230 1311 provinciam
1263 1243 1508 1312 ingressi,
1539 1243 1932 1295 descenderunt
1982 1237 2156 1307 equis,
2189 1250 2193 1254 '

582 1340 971 1393 admonuerunt
997 1349 1214 1404 pueros,
1248 1342 1453 1387 ut'cum
1483 1333 1633 1402 equis
1665 1341 1720 1385 et
1747 1332 1828 1384 his
1855 1343 1973 1400 qua!
2001 1328 2163 1380 allata

583 1429 794 1483 fuerant
814 1428 882 1481 ad
901 1427 1110 1497 propria
1136 1433 1456 1478 remearent.
1488 1424 1550 1478 Et
1574 1421 1680 1476 hoc
1709 1429 2161 1491 propterea,qno-

577 1519 725 1574 suiarn
757 1517 858 1573 sibi
890 1517 996 1571 tale
1024 1528 1205 1570 vorum
1255 1513 1528 1570 exStitisse
1575 1512 1848 1577 dicebant,
1883 1519 1940 1563 ut
1973 1510 2008 1563 ii
2059 1515 2168 1562 tres

591 1618 793 1662 tantum
823 1607 934 1662 suis
963 1606 1184 1675 pedibus
1208 1604 1432 1658 Romam
1463 1617 1686 1673 pergere
1711 1602 1989 1656 deberent.
2043 1598 2170 1664 Qui-

591 1701 692 1755 hus
734 1698 985 1754 ﬂentibus
1009 1712 1070 1751 ac
1101 1695 1423 1765 lugentibus,
1444 1695 1564 1763 jure
1596 1693 1872 1762 potestatis
1905 1691 2172 1758 imperant

593 1801 647 1844 ut
677 1789 948 1844 recedant.
977 1787 1088 1841 Illis
1113 1797 1292 1839 autem
1325 1783 1752 1848 abscedentibus,
1791 1781 1917 1834 dum
1960 1776 2168 1848 praefati
2201 1775 2209 1848 ξ

596 1881 776 1935 famuli
798 1878 992 1934 Christi
1015 1877 1281 1931 scandunt
1306 1877 1427 1940 iter,
1449 1875 1663 1931 obviam
1686 1875 1883 1930 habent
1905 1884 2168 1943 pauperes

589 1975 784 2029 vilibus
813 1987 876 2026 ac
903 1971 1088 2028 scissis
1119 1970 1445 2024 indumentis
1473 1970 1783 2038 adopertos.
1826 1967 1945 2021 .lam
1979 1966 2012 2019 ii
2044 1978 2172 2033 pau-

585 2067 812 2136 pertatis
841 2078 1027 2118 amore
1056 2062 1369 2116 inﬂammati
1399 2062 1553 2114 aiunt
1580 2060 1720 2114 inter
1749 2073 1809 2112 se
1833 2076 1844 2111 :
1895 2055 1972 2111 Ne
2001 2058 2072 2110 sit
2119 2055 2171 2108 in

588 2159 744 2213 nobis
769 2155 912 2226 quod
945 2155 1177 2209 mundus
1207 2155 1455 2218 honoret,
1486 2167 1554 2208 ne
1580 2152 1722 2222 quod
1754 2151 1890 2205 latro
1917 2148 2170 2218 diripiat;

593 2252 674 2304 his
719 2264 814 2303 nos
861 2247 1097 2303 veStibus
1149 2260 1434 2313 exuamus,
1470 2244 1801 2314 pauperibus
1855 2242 2171 2304 tribuamus,

591 2344 915 2411 illorumque
942 2356 1042 2395 nos
1069 2338 1344 2394 vilissimis
1368 2353 1430 2392 ac
1452 2336 1685 2392 sordidis
1709 2337 2015 2390 induamus.
2045 2332 2176 2386 Hinc

594 2433 925 2504 perpendam
951 2434 1040 2501 qui
1074 2445 1266 2486 nomen
1291 2429 1544 2484 monachi
1604 2428 1964 2499 praetendunt,
1996 2422 2177 2494 quanti

594 2534 774 2580 reatus
799 2522 1042 2579 criminis
1070 2525 1140 2577 sit
1185 2523 1285 2578 sub
1333 2521 1547 2577 Christo
1597 2536 1830 2591 paupere
1881 2520 2169 2589 degentes,

596 2614 920 2669 indumentis
949 2624 1194 2680 comptos
1232 2621 1287 2666 et
1315 2627 1420 2669 non
1473 2612 1711 2666 moribus
1736 2610 2006 2664 incedere.
2041 2609 2178 2662 Ecce

593 2703 794 2758 etenim
824 2703 878 2764 ii,
905 2716 998 2769 per
1024 2716 1158 2770 quos
1205 2700 1308 2755 hoc
1353 2702 1733 2754 monasterium
1777 2698 1984 2752 initium
2034 2709 2182 2750 surn-

603 2795 728 2862 psit,
759 2791 954 2847 talibus
979 2790 1150 2846 induti
1191 2789 1398 2845 amictis
1426 2789 1633 2844 initium
1673 2803 1784 2844 sua:
1813 2785 2181 2842 conversionis

585 2885 880 2940 dederunt.

755 2993 966 3043 Mundus
990 2992 1046 3040 ad
1071 2994 1160 3040 ima
1186 2992 1304 3053 ruit,
1330 2992 1611 3041 miserosad
1637 2995 1815 3040 tartara
1835 2993 1981 3041 ducit.

757 3058 1002 3104 Maternus
1027 3063 1212 3116 vestes,
1234 3060 1441 3114 nostras,
1469 3055 1622 3112 Deus,
1644 3055 1829 3104 instrue
1852 3061 2077 3103 mentes:

758 3118 831 3166 Ne
851 3118 911 3165 sit
935 3116 1064 3179 quod
1090 3115 1244 3178 fortis,
1266 3115 1362 3178 l'ur,
1390 3117 1510 3166 latro
1536 3117 1712 3166 tollere
1734 3118 1936 3179 possint.

1372 386 1427 438 S.
1471 381 1787 439 AMBROSH
1827 373 2168 436 AU'l‘l‘ERTl
2210 367 2694 426 BENEVENTANI
2735 365 3027 423 ABBATIS

2177 490 2223 546 Α
2325 482 2382 537 6.
2418 483 2643 538 Peracto
2674 482 2852 550 itaque
2877 479 3078 534 charita
3089 477 3152 530 tis
3173 473 3352 530 officio
3375 471 3653 542 noctisque
3673 483 3839 528 cursu

3697 355 3833 415 1521

2256 583 2552 639 transacto,
2584 588 2705 627 cum
2754 586 2946 626 aurora
2994 570 3148 624 daret
3195 565 3404 620 initium
3455 564 3580 628 diei,
3616 565 3842 618 seorsitn

2254 683 2348 722 eos
2376 667 2568 724 blanda
2594 665 2871 721 locutione
2900 661 3174 731 inquisivit
3205 660 3292 729 qui
3321 666 3525 724 essent,
3561 656 3725 715 unde.
3748 671 3844 710 cur

2257 759 2590 823 advenerint,
2607 773 2674 812 ne
2693 759 2830 812 forte
2856 756 3076 825 aliquod
3100 751 3470 824 praeiudicium
3489 751 3842 811 sustinerent,

2258 865 2328 904 ne
2363 851 2562 918 peccati
2595 848 2822 902 crimine
2850 855 3067 915 peracto
3119 845 3385 914 fugerent,
3418 840 3737 911 promittens
3788 853 3848 892 se

2257 942 2337 995 eis
2361 943 2412 994 in
2442 956 2548 1008 quo
2573 940 2776 994 valeret
2805 937 3135 1007 arljutorium
3169 934 3478 989 ministrare
3507 950 3519 984 :
3558 939 3762 985 tantum
3789 939 3846 983 ut

2262 1032 2659 1099 profiterentur,
2686 1043 2782 1083 cur
2807 1043 2839 1083 e
2861 1043 2887 1082 s
2913 1028 2984 1080 ita
3020 1026 3279 1096 placuerit
3309 1032 3509 1077 tantam
3544 1021 3842 1076 simulatio-

2262 1137 2384 1178 nem
2428 1122 2690 1190 arripere.
2740 1121 2823 1174 Ad
2878 1120 2992 1174 haec
3039 1119 3114 1173 illi
3164 1114 3548 1186 obstupefacti,
3600 1111 3844 1167 videntes

2262 1213 2548 1270 consilium
2579 1227 2735 1266 suum
2763 1211 2964 1265 seniori
2994 1208 3160 1263 celari
3208 1223 3314 1262 non
3369 1220 3560 1277 posse,
3616 1202 3848 1260 consilio

2266 1312 2504 1373 accepto,
2536 1311 2757 1356 narrant
2791 1310 2977 1358 cuncta
3036 1315 3130 1369 per
3177 1299 3444 1364 ordinem,
3475 1296 3566 1365 qui
3623 1294 3844 1363 fuerint,

2268 1395 2448 1459 unde,
2475 1409 2572 1449 cur
2621 1393 2959 1455 advenerint,
3005 1404 3232 1461 quaeque
3283 1389 3574 1460 gesserint,
3619 1403 3848 1453 quorum

2269 1487 2388 1553 ﬁlii,
2404 1486 2599 1558 quibus
2626 1484 2936 1540 nominibus
2957 1493 3299 1548 vocarentur,
3315 1481 3608 1553 qualiterve
3623 1479 3850 1536 Romam

2272 1595 2495 1650 pergere
2525 1578 2747 1644 vellent,
2784 1577 3018 1646 indeque
3044 1575 3338 1630 Galliarum
3389 1574 3637 1642 regiones
3682 1585 3852 1642 expe-

2275 1683 2386 1729 tere
2415 1690 2430 1727 :
2457 1671 2637 1726 multis
2675 1686 2795 1724 eum
2824 1667 3248 1737 adjurationibus
3299 1663 3752 1733 constringentes,
3787 1675 3855 1715 ne

2274 1779 2462 1820 eorum
2495 1762 2770 1832 praposito
2801 1761 2920 1828 ipse
2962 1761 3118 1814 lleret
3167 1755 3572 1827 impedimento.
3631 1753 3708 1808 Ad
3742 1753 3857 1806 haec

2277 1855 2631 1922 ingemiscens
2686 1851 3013 1908 venerabilis
3062 1864 3230 1904 senex
3260 1847 3382 1902 ait:
3419 1863 3439 1900 ι
3484 1845 3856 1914 Nequaquam,

2275 1959 2308 2000 ο
2335 1944 2453 2009 filii,
2476 1942 2528 1998 in
2560 1943 2662 1998 hoc
2695 1951 2800 1996 tam
2833 1941 3083 1995 laudabili
3129 1939 3405 2008 proposito
3453 1950 3549 1991 vos
3597 1935 3859 2005 impedire

2275 2035 2454 2106 cupio,
2485 2033 2578 2089 sed
2602 2033 2772 2103 magis
2812 2030 3073 2102 adjuvare
3103 2047 3115 2083 :
3149 2043 3249 2084 nec
3297 2042 3392 2084 vos
3443 2027 3657 2081 interim
3699 2025 3860 2079 relin-

2276 2142 2459 2199 quam,
2481 2125 2869 2195 aliquantisper
2893 2123 3171 2178 vobiscum
3199 2135 3439 2188 pergam,
3468 2116 3672 2172 itineris
3696 2115 3861 2170 vestri

2279 2234 2448 2290 usque
2471 2218 2536 2272 ad
2560 2217 2922 2287 apostolorum
2947 2215 3128 2270 limina
3159 2229 3245 2268 me
3272 2210 3535 2266 habebitis
3551 2210 3822 2265 comitem.
3839 2226 3858 2258 ι

2279 2310 2568 2379 Propterea
2594 2317 2770 2361 autem
2803 2307 2882 2360 vir
2907 2305 3014 2360 Deo
3041 2304 3232 2374 plenus
3263 2303 3467 2357 itineris
3491 2300 3705 2355 illorum
3738 2313 3861 2367 par-

2280 2402 2448 2470 ticeps
2476 2401 2588 2454 fieri
2619 2399 2901 2469 gestiebat,
2927 2406 2987 2452 ut
3015 2411 3133 2464 eos,
3159 2395 3316 2448 sicuti
3339 2402 3392 2449 et
3413 2392 3556 2456 fecit,
3576 2390 3688 2447 suis
3719 2390 3860 2444 salu-

2283 2494 2487 2546 taribus
2531 2491 2774 2544 consiliis
2817 2489 2886 2544 ab
2920 2489 3062 2544 illius
3105 2487 3316 2542 itineris
3348 2483 3679 2555 longitudine
3709 2496 3868 2536 revo-

2283 2593 2450 2636 caret.
2499 2581 2652 2648 Quod
2700 2581 2794 2636 Dei
2843 2579 3182 2650 providentia
3232 2580 3428 2632 factum
3483 2577 3646 2631 fuisse
3693 2573 3866 2629 nullus

2285 2676 2514 2747 ignorat,
2543 2675 2634 2745 qui
2668 2676 2768 2730 hoc
2797 2674 3182 2729 monasterium
3210 2673 3402 2729 cernit.

2442 2788 2541 2850 llos
2564 2789 2748 2847 specie,
2772 2787 2944 2850 forma,
2965 2789 3217 2848 cognoscit
3242 2798 3452 2850 munere
3473 2787 3667 2850 dogma,

2443 2849 2652 2902 Consilio
2677 2850 2886 2909 refovet,
2915 2847 3303 2910 levat_obsequio
3329 2849 3476 2897 Pater
3504 2847 3680 2905 almus,

2445 2913 2517 2962 l\'c
2545 2922 2769 2975 paveant,
2795 2908 3014 2974 faveant,
3039 2908 3381 2973 facils‘pateat
3403 2909 3541 2958 labor
3565 2911 3709 2957 altus.

2361 3021 2414 3073 7.
2451 3021 2682 3090 Pergunt
2725 3021 2929 3075 interea
2975 3018 3136 3076 simul
3168 3027 3224 3073 ut
3262 3019 3405 3072 senis
3453 3016 3554 3070 fuit
3601 3015 3872 3082 voluntas,

2294 3111 2583 3181 multisque
2628 3111 2880 3182 lacrymis
2914 3111 3144 3179 pro'usis
3182 3108 3524 3164 devotionem
3554 3121 3706 3162 suam
3735 3121 3869 3176 apo-

678 3223 730 3275 5,
778 3222 841 3274 Et,
871 3232 923 3274 ut
949 3219 1015 3274 ad
1067 3219 1400 3290 propositum
1458 3229 1717 3285 revertar,
1769 3230 1948 3290 εωυιο
2003 3193 2267 3278 “inet-ec
2299 3201 2559 3257 stolurum
2627 3201 3014 3256 commiserunt
3085 3198 3374 3269 suffragiis.
3419 3196 3675 3252 Oratione
3749 3210 3880 3250 vero

609 3325 872 3385 pergunt,
935 3312 1002 3366 ad
1054 3312 1439 3366 monasterium
1472 3311 1718 3382 gloriosa:
1773 3312 1866 3367 Dei
1921 3313 2194 3382 genitricis

607 3407 789 3461 Maria:
817 3405 956 3475 quod
989 3413 1071 3459 cst
1099 3404 1152 3458 in
1199 3403 1415 3458 Sabinis
1465 3403 1812 3472 perveniunt,
1842 3404 1896 3458 in
1957 3419 2062 3475 quo
2111 3406 2192 3459 vir

612 3502 734 3553 vita:
765 3497 1086 3554 venerabilis
1118 3495 1352 3550 Thomas
1375 3493 1401 3532 δ
1430 3494 1588 3549 Pater
1618 3504 1846 3563 praeerat
1875 3510 1889 3548 :
1925 3497 1992 3550 de
2020 3510 2128 3566 quo
2157 3514 2186 3550 a

615 3593 856 3662 pluribus
881 3590 1078 3656 audivi,
1095 3589 1219 3659 quia
1243 3588 1372 3643 olim
1396 3589 1448 3641 in
1475 3587 1712 3656 partibus
1731 3588 1969 3644 Orientis
1991 3589 2196 3644 consti-

616 3695 781 3747 tutus,
825 3683 964 3736 sicut
1006 3682 1124 3750 ipse
1175 3681 1432 3744 narravit,
1467 3680 1650 3734 tandiu
1698 3680 1764 3734 ad
1822 3680 2199 3750 Redemptoris

617 3773 923 3840 sepulcrum
975 3769 1206 3824 orationi
1235 3771 1463 3836 vacavit,
1491 3770 1838 3841 quoadusque
1888 3771 2202 3840 impetraret

620 3865 761 3933 quod
822 3861 1068 3932 precibus
1120 3860 1447 3930 postulabat.
1507 3861 1772 3929 Denique,
1825 3869 1883 3914 ut
1931 3873 2200 3925 asserunt,

614 3965 780 4010 nocte
809 3952 1037 4022 quadarn
1060 3951 1309 4021 precibus
1343 3951 1586 4021 fatigato,
1619 3967 1919 4022 soporeque
1943 3952 2203 4021 depresso

625 4044 797 4099 astitit
821 4043 870 4098 ei
899 4042 1114 4111 quidam
1150 4051 1364 4110 gestans
1395 4041 1446 4094 in
1480 4057 1639 4095 manu
1672 4043 1820 4096 miras
1851 4042 2201 4112 pulchritudi-

630 4138 713 4190 nis
746 4149 957 4204 panem,
983 4133 1071 4188 cui
1099 4140 1153 4187 et
1180 4131 1349 4186 dixit:
1383 4135 1581 4202 Accipe
1608 4132 1749 4187 hunc
1779 4147 1988 4202 panem,
2007 4135 2202 4187 etahs-

625 4225 795 4292 cede;
836 4227 970 4280 scito
1019 4234 1197 4279 autem
1250 4234 1301 4278 te
1356 4225 1531 4280 minus
1581 4240 1646 4279 ex
1698 4225 1887 4279 eodem
1938 4240 2206 4293 nunquam

620 4320 955 4376 habiturum.
984 4318 1170 4372 Tantae
1199 4317 1394 4372 etenim
1427 4317 1703 4387 deinceps,
1729 4327 1783 4372 ut
1805 4319 1951 4372 aiunt
1975 4319 2064 4386 qui
2085 4332 2207 4370 enm

629 4411 894 4476 viderant,
921 4407 1346 4476 compunctionis
1383 4408 1465 4462 vir
1520 4409 1640 4474 l'uit,
1695 4419 1751 4462 ut
1800 4423 1936 4478 pene
1987 4409 2054 4461 de
2104 4408 2213 4461 Deo

628 4505 754 4558 sine
784 4502 1032 4573 lacrymis
1066 4502 1138 4554 nil
1171 4510 1353 4570 posset
1379 4500 1540 4569 loqui.
1590 4499 1638 4554 ls
1682 4498 1807 4552 dum
1840 4499 2089 4565 praefatos
2121 4499 2211 4553 Dei

641 4599 870 4652 famulos
903 4595 1134 4663 hospitio
1166 4593 1509 4662 suscepisset.
1540 4603 1596 4646 ut
1624 4592 2006 4646 monachorum
2037 4607 2098 4644 ac
2127 4592 2216 4645 ho-

638 4706 828 4746 norum
859 4688 1026 4744 moris
1054 4695 1139 4742 est
1192 4685 1641 4751 Christianorum,
1685 4698 1805 4738 cum
1859 4682 2131 4748 fratribus,
2166 4691 2223 4736 ut

641 4787 692 4840 ei
720 4783 934 4839 solitum
974 4779 1092 4845 fuit,
1121 4777 1415 4833 secundum
1444 4775 1652 4830 Domini
1677 4787 1998 4847 praeceptum
2035 4790 2220 4829 eorum

639 4875 807 4944 pedes
835 4873 1060 4928 abluere
1093 4871 1288 4939 pergit.
1325 4867 1362 4923 li
1397 4877 1575 4932 autem
1599 4869 1686 4939 qui
1715 4869 2061 4932 advenerant,
2092 4867 2224 4921 deli-

638 4981 756 5022 cata
787 4981 849 5021 ac
869 4963 1098 5020 candida
1129 4963 1368 5016 membra
1419 4960 1610 5014 vilibus
1663 4975 1726 5014 ac
1776 4960 2008 5014 sordidis
2061 4960 2225 5012 vesti-

646 5059 845 5114 mentis
896 5055 1166 5125 tegebant,
1194 5052 1493 5121 elegantem
1534 5067 1596 5106 ac
1641 5054 1997 5119 compositum
2049 5052 2226 5105 vultus

655 5157 930 5219 aspectum
982 5143 1408 5215 praitendebant.
1466 5142 1828 5210 Quamobrem
1887 5157 1986 5197 nec
2041 5158 2228 5197 eorum

647 5249 918 5298 secretum
945 5237 1199 5292 abscondi
1227 5236 1395 5304 potuit
1425 5235 1596 5289 oculis
1625 5235 1722 5289 viri
1765 5235 1876 5288 Dei.

719 5413 746 5441 ι
782 5399 1057 5456 Provincia
1116 5397 1248 5451 Latii
1302 5395 1452 5464 juxta
1508 5394 1682 5448 lacum
1739 5393 2032 5458 Fucinum,
2088 5391 2229 5448 dicta

649 5474 884 5536 Valeria,
930 5472 982 5525 in
1031 5485 1131 5536 qua
1163 5467 1518 5536 S.A‘3quitius
1567 5467 1734 5518 abbas
1772 5465 2004 5536 _floruit._
2035 5464 2230 5536 Paulus

653 5533 918 5599 Diaconus
949 5544 1016 5594 de
1039 5533 1174 5607 gest.
1208 5533 1445 5607 Lougub.
1474 5553 1590 5604 cap.
1623 5536 1696 5607 ευ
1721 5550 1734 5586 :
1762 5533 2048 5607 Prouincia
2081 5533 2232 5586 Vale-

652 5618 749 5677 ria,
781 5616 864 5668 cui
893 5622 966 5666 est
1004 5605 1197 5663 Nursia
1225 5605 1452 5673 adnexa,
1483 5609 1615 5660 inter
1650 5605 1914 5677 Urirbrfam
1941 5615 1986 5677 et
2010 5605 2231 5672 Campa-

652 5673 786 5737 niam
819 5683 1162 5750 Picenumque
1187 5680 1438 5750 consistit,
1469 5695 1583 5748 qua:
1605 5678 1666 5730 ab
1701 5675 1911 5731 Oriente
1939 5673 2232 5750 Samnitum

651 5755 921 5825 regionem
940 5748 1216 5821 attingit...
1248 5749 1577 5825 Marsorum
1604 5764 1801 5819 quoque
1828 5750 2084 5825 regionem
2105 5748 2230 5825 ideo

646 5819 787 5880 inira
825 5819 1086 5878 Valeriani
1115 5822 1425 5893 provinciam
1467 5819 1663 5877 tertiana
1691 5820 1998 5888 computari,
2031 5819 2149 5888 quia
2179 5819 2231 5872 in

2299 3293 2565 3364 completa
2595 3292 2760 3361 cmpit
2800 3307 2896 3346 eos
2921 3289 3228 3345 reverendae
3259 3287 3532 3343 memoria:
3559 3286 3665 3356 iam
3706 3286 3883 3340 dictus

2299 3387 2461 3440 Pater
2487 3383 2672 3438 verbis
2719 3383 2979 3438 suasor-iis
3019 3381 3332 3444 admonere,
3363 3388 3422 3433 ut
3461 3393 3644 3434 secum
3671 3377 3736 3431 ad
3770 3394 3886 3431 tno-

2303 3476 2595 3533 nasterium
2643 3481 3080 3529 reverterentur:
3115 3481 3171 3527 et
3212 3469 3521 3540 aliquandiu
3568 3469 3709 3539 apud
3759 3482 3885 3523 eum

2303 3567 2582 3633 remorati,
2625 3565 2964 3635 propositum
3013 3563 3364 3618 institutionis
3407 3576 3518 3617 suae
3569 3559 3800 3616 videndo
3827 3569 3886 3614 et

2304 3657 2575 3729 operando
2618 3655 2973 3720 addiscerent,
3005 3663 3060 3709 et
3089 3663 3200 3708 tum
3251 3654 3465 3708 demum
3495 3666 3600 3722 quo
3630 3665 3723 3705 eos
3772 3650 3886 3704 Do-

2307 3752 2482 3806 minus
2514 3749 2677 3803 vellet
2704 3762 2896 3802 vocare
2925 3751 3296 3816 pr0perarcnt.
3343 3744 3409 3797 Et
3440 3753 3497 3796 ut
3536 3741 3714 3796 verbis
3743 3740 3886 3794 illius

2319 3847 2474 3892 utar:
2519 3854 2537 3886 ‹
2563 3835 2778 3899 Audite,
2803 3835 2994 3901 inquit,
3022 3848 3054 3886 o
3084 3833 3208 3896 ﬁlii,
3238 3832 3522 3885 consilium
3556 3845 3770 3883 .meum.
3809 3828 3892 3883 Ad

2309 3927 2692 3984 monasterium
2739 3925 2824 3979 cui
2871 3923 3116 3978 deservio
3174 3920 3502 3986 revertimini
3554 3934 3796 3984 mecum,
3841 3929 3897 3974 et

2313 4027 2531 4092 propter
2575 4017 2821 4071 ardorem
2865 4015 3026 4069 vestri
3073 4011 3352 4080 desiderii,
3390 4025 3690 4081 quanquam
3739 4020 3896 4064 extra

2314 4129 2475 4168 usum
2504 4111 2834 4172 monasterii,
2857 4105 3178 4161 intrinsecus
3221 4118 3316 4158 vos
3348 4103 3622 4170 recipiam,
3651 4111 3710 4155 ut
3737 4101 3898 4155 simul

2314 4221 2436 4262 cum
2484 4203 2736 4258 fratribus
2784 4199 2974 4264 cdatis,
3021 4197 3179 4252 simul
3241 4195 3542 4262 dormiatis,
3575 4194 3734 4248 simul
3777 4207 3901 4246 ora-

2319 4297 2448 4352 tioni
2478 4295 2702 4361 vacetis,
2731 4293 2999 4361 simulque
3023 4290 3089 4344 ad
3117 4305 3253 4357 Opus
3285 4302 3538 4342 manuum
3565 4286 3772 4340 exeatis
3799 4301 3813 4339 :
3843 4293 3904 4338 ut

2322 4387 2404 4440 his
2429 4384 2704 4441 exercitiis
2749 4382 2954 4452 probati
3003 4379 3187 4433 sciatis
3223 4377 3416 4446 quibus
3445 4374 3617 4430 modis
3649 4375 3901 4443 proposi-

2325 4489 2434 4533 tum
2467 4474 2717 4532 monachi
2741 4473 3034 4540 adimplere
3060 4468 3304 4525 Valeatis.
3337 4487 3356 4520 ι
3387 4468 3511 4523 Haec
3526 4478 3578 4523 et
3597 4468 3678 4521 his
3703 4466 3897 4520 similia

2244 4553 2298 4615 Ι)
2326 4587 2392 4628 eo
2419 4571 2630 4626 dicente
2659 4567 3004 4636 praebuerunt
3033 4576 3332 4625 assensum,
3362 4559 3666 4628 pariterque
3687 4573 3805 4612 cum
3832 4573 3901 4611 eo

2325 4668 2392 4722 ad
2427 4663 2812 4720 monasterium
2845 4667 2971 4713 sunt
3007 4655 3259 4728 regressi,
3289 4654 3342 4709 in
3369 4668 3476 4724 quo
3505 4652 3686 4722 paucis
3715 4649 3903 4706 diebus

2327 4755 2580 4814 remorati
2605 4753 2672 4808 ad
2705 4753 2919 4822 plenum
2950 4749 3194 4803 instructi
3225 4755 3368 4800 sunt.

2487 4844 2560 4894 Te
2582 4842 2725 4893 simul
2752 4854 2870 4891 ecce
2897 4845 3089 4902 petunt.
3115 4838 3246 4886 Petri
3272 4838 3384 4885 dum
3412 4835 3573 4882 limina
3597 4839 3842 4902 quaerunt,

2489 4906 2640 4955 Roma
2666 4906 2804 4954 beata
2839 4895 2995 4959 mntis,
3024 4903 3319 4958 fratreSqne,
3343 4910 3601 4958 senexque
3628 4895 3813 4953 tidelis,

2487 4971 2624 5027 Quos
2647 4966 2795 5016 trahit
2816 4967 2917 5027 ipsa
2938 4964 3105 5010 ferens
3129 4963 3237 5009 tidei
3268 4970 3355 5020 per
3376 4959 3531 5006 littora
3557 4961 3706 5006 navis.

2405 5053 2458 5106 8.
2493 5050 2702 5106 Accidit
2740 5061 2916 5103 autem
2947 5058 3004 5099 ut
3048 5049 3171 5097 dum
3217 5052 3365 5112 pater
3408 5043 3633 5096 duorum
3665 5043 3912 5105 fratrum,

2333 5143 2558 5198 Tatonis
2600 5140 2807 5194 scilicet
2834 5148 2994 5206 atque
3026 5134 3273 5198 'I‘asonis,
3302 5149 3421 5188 cum
3457 5131 3667 5186 creteris
3712 5147 3910 5200 paren-

2339 5238 2479 5292 tibus
2507 5235 2610 5290 huc
2639 5233 2868 5300 illucque
2898 5244 2992 5284 eos
3032 5233 3352 5297 qurererent,
3387 5224 3724 5295 rapidissimo
3754 5239 3916 5278 cursu

2336 5396 2572 5466 catalogo
2630 5394 3005 5466 provinciarum
3058 5389 3231 5466 Italia:
3273 5389 3484 5442 minime
3553 5385 3615 5439 ab
3694 5384 3916 5466 antiquis

2337 5457 2592 5532 descripta
2624 5457 2716 5520 est.
2753 5464 2812 5520 Si
2839 5465 2951 5536 quis
2989 5471 3156 5536 autent
3196 5461 3327 5536 hunc
3369 5473 3551 5536 per-sc
3603 5457 3915 5536 provinciam

2338 5557 2448 5593 esse
2484 5527 2601 5591 tura
2655 5527 2863 5588 ratione
2900 5533 3296 5604 comprobavvrit
3324 5569 3338 5593 ,
3371 5527 3546 5604 hujus
3599 5527 3917 5580 rationabilis

2338 5610 2587 5664 sententia
2612 5607 2777 5660 modis
2799 5600 3029 5659 omnibus
3060 5604 3152 5657 erit
3173 5600 3462 5655 retinenda.

2413 5682 2438 5718 ιι
2471 5680 2548 5733 De
2592 5680 2795 5731 Thoma
2845 5674 3117 5730 Fartcnsis
3168 5671 3479 5726 monasterii
3551 5670 3916 5724 instauratore

2341 5761 2516 5805 actum
2546 5749 2611 5802 ad
2644 5765 2772 5803 ann.
2803 5747 2931 5815 715,
2957 5747 3046 5803 ubi
3080 5746 3194 5802 hazc
3223 5752 3529 5801 sanctorum
3562 5740 3918 5810 peregrinatio

2344 5822 2460 5878 fuse
2491 5820 2838 5877 describitur.
