4090 6456
259 389 391 444 I525

1130 392 1284 451 VITA
1322 396 1419 453 SS.
1464 392 1819 462 PALDONIS,
1862 392 2149 455 TASONIS
2189 392 2277 451 ΕΤ
2318 396 2637 451 TATONIS.

3374 402 3510 459 £326

257 501 477 556 Romam
505 501 766 559 venirent.
804 504 952 570 Quos
981 506 1106 561 dum
1137 506 1377 563 studiose
1410 516 1737 574 quaererent,
1766 521 1828 561 ac
1860 511 1907 566 A
1936 507 2143 570 dantes.
2180 506 2354 561 Nolite
2396 523 2622 576 querere
2664 521 2780 575 quia
2817 516 2979 560 vestra
3022 519 3141 564 sunt
3179 512 3395 583 singuli,
3422 519 3513 569 sed

257 609 588 663 nequaquam
621 596 746 651 inibi
792 598 1125 664 invenirent;
1174 600 1399 652 audiunt
1448 614 1477 652 a
1526 599 1826 653 dicentibus

258 684 493 749 Sabinis,
519 700 613 740 eos
639 701 759 742 esse
799 687 853 741 in
881 690 1206 743 monasterio
1237 690 1484 759 gloriosa:
1537 688 1629 742 Dei
1676 686 1829 756 geni-

260 776 407 830 tricis
436 775 634 831 Mariae.
663 776 814 833 Tunc
845 779 919 834 illi
950 778 1172 849 majoris
1217 782 1414 834 amoris
1460 780 1690 834 stimulis
1720 780 1832 845 agi-

260 869 356 922 tati
400 870 629 938 spatium
674 871 882 926 itineris
928 873 1070 927 illius
1114 874 1263 943 quasi
1318 873 1728 929 transvolantes.
1767 871 1832 924 ad

263 961 578 1029 praedictum
634 964 1015 1018 monasterium
1068 973 1528 1034 pervenerunt:a
1580 962 1836 1032 praedicto

262 1056 574 1109 monasterii
629 1055 785 1111 Patre
834 1058 1121 1127 petierunt,
1168 1065 1226 1111 ut
1265 1057 1572 1126 aspectibus
1619 1055 1830 1111 illorum

264 1156 732 1215 prmsentarentur.
774 1149 1107 1206 Venerabilis
1154 1160 1335 1206 autem
1385 1166 1575 1217 senex,
1621 1160 1677 1205 ut
1722 1159 1839 1205 erat

264 1239 544 1294 suadibilis
570 1240 802 1310 eloquio,
831 1243 1113 1298 admonuit
1154 1254 1210 1298 ut
1237 1243 1471 1299 exirent.
1506 1244 1611 1297 Illis
1660 1252 1839 1298 autem

261 1330 619 1385 renitentibus
648 1332 902 1399 compulit
928 1346 1041 1396 eos,
1069 1343 1126 1387 ut
1169 1334 1271 1388 sibi
1322 1335 1607 1399 imperanti
1638 1333 1843 1388 obedi-

262 1429 405 1474 rent.
438 1420 503 1477 Ut
551 1437 678 1476 vero
719 1424 921 1493 egressi
964 1434 1104 1488 sunt,
1139 1435 1498 1494 parentesque
1546 1440 1640 1478 eos
1689 1426 1838 1479 vide-

262 1518 410 1577 runt,
435 1513 782 1568 vehementer
828 1514 958 1571 ﬂere
1006 1526 1313 1585 cmperunt,
1345 1518 1661 1587 elevataque
1707 1532 1845 1572 voce

262 1603 331 1656 ad
362 1618 454 1659 eos
483 1604 768 1659 dixerunt:
800 1607 909 1662 Cur
934 1623 1032 1664 nos
1075 1619 1385 1678 peccatores
1417 1620 1665 1679 tanquam
1699 1625 1845 1663 mor-

265 1702 390 1749 tuos
420 1696 738 1763 reliquistis?
763 1706 818 1751 ut
842 1699 968 1769 quid
1002 1715 1180 1754 curam
1214 1699 1506 1755 animarum
1541 1710 1841 1754 nostrarum

268 1786 617 1840 deseruistis?
662 1789 910 1844 nullusne
955 1791 1107 1844 vobis
1157 1791 1293 1844 inest
1325 1792 1539 1858 pietatis
1586 1790 1841 1858 affectus,

272 1877 417 1931 nulla
459 1881 937 1949 consanguinitatis
987 1883 1321 1950 compassio?
1350 1884 1720 1947 obsecramus,
1769 1885 1851 1937 in-
1888 1889 1929 1951 Β

272 1967 479 2035 quiunt,
525 1969 890 2035 obsecramus,
921 1980 975 2026 et
1008 1987 1100 2041 per
1133 1974 1295 2027 Deum
1347 1974 1676 2028 conditorem
1728 1972 1849 2028 creti

276 2070 333 2113 et
380 2068 537 2114 terra:
592 2060 965 2130 deprecamur,
1011 2080 1079 2119 ne
1128 2080 1228 2120 nos
1271 2065 1577 2120 deseratis:
1619 2064 1738 2134 quia
1786 2067 1853 2119 ad

275 2147 544 2205 Christum
588 2154 852 2217 converti,
880 2162 932 2209 et
964 2156 1218 2210 smculum
1271 2157 1505 2211 funditus
1546 2158 1855 2227 relinquere

275 2254 460 2296 sumus
509 2242 698 2309 parati.
743 2243 836 2299 Sin
887 2256 1088 2310 autem,
1132 2256 1501 2301 contestamur
1549 2248 1750 2303 caelum
1800 2256 1857 2302 et

278 2340 495 2394 terram,
557 2334 867 2403 sanguinem
900 2346 1140 2390 nostrum
1173 2336 1239 2392 de
1280 2353 1441 2392 manu
1471 2347 1646 2392 vestra
1679 2353 1708 2392 a
1743 2338 1853 2394 Deo

282 2419 398 2473 fore
440 2423 806 2488 qumrendum.
850 2424 930 2479 Ad
981 2441 1205 2493 quorum
1259 2428 1419 2481 verba
1487 2427 1858 2498 lacrymasque

280 2517 442 2577 atque
469 2512 727 2578 singultus
756 2513 882 2568 dum
934 2516 1006 2568 illi
1040 2517 1237 2585 pietate
1284 2530 1617 2586 nequaquam
1671 2533 1855 2573 move-

279 2612 490 2669 rentur,
534 2618 713 2672 seque,
742 2616 799 2661 ut
849 2607 958 2663 Deo
1004 2610 1382 2679 promiserant,
1416 2610 1614 2665 Gallias
1665 2620 1852 2679 petere

288 2692 557 2761 dicerent;
609 2706 911 2765 propterea,
958 2710 1013 2753 ut
1040 2710 1226 2769 aperte
1272 2717 1413 2756 nunc
1454 2703 1850 2769 cognoscimus,

290 2781 460 2837 fertur
498 2799 658 2839 senex
692 2786 756 2839 ad
786 2801 880 2840 eos
906 2803 1037 2843 voce
1078 2789 1317 2844 dixisse:
1350 2790 1637 2855 Conlidite,
1667 2790 1859 2858 inquit,

278 2874 400 2941 lilii,
433 2875 704 2941 conlidite,
735 2885 789 2930 et
838 2876 906 2931 de
953 2876 1048 2931 Dei
1100 2878 1468 2933 misericordia
1518 2880 1859 2946 praesumite;

286 2964 405 3033 quia
434 2965 476 3017 si
510 2966 667 3018 modo
698 2967 830 3021 meis
857 2967 1072 3022 monitis
1098 2983 1277 3022 aurem
1302 2967 1622 3023 obedientiie
1646 2982 1862 3022 accom-

286 3055 651 3122 modaveritis,
703 3058 854 3112 mulli
904 3073 999 3126 per
1040 3068 1233 3113 vestrm
1280 3060 1507 3114 actionis
1549 3059 1852 3128 exemplum

287 3144 509 3200 cmleste
555 3147 917 3217 ingredientur
963 3165 1208 3221 regnum.
1252 3149 1467 3216 Audite,
1513 3151 1712 3220 inquit,
1770 3148 1859 3204 ﬁlii

1935 615 2049 665 qut:
2075 599 2281 652 alterius
2310 597 2362 669 (I
2385 598 2502 652 Cor.
2528 615 2582 664 ς,
2606 596 2730 668 ἓ‹4);
2761 598 2826 653 ab
2858 599 2938 654 his
2975 615 3094 669 quae
3124 611 3405 670 cmperant
3429 622 3514 659 re-

1937 696 2132 743 vocant
2184 691 2412 753 animos,
2443 700 2604 757 atque
2649 690 2718 742 ab
2749 690 2937 745 eodem
2988 690 3365 749 benedictione
3397 710 3523 763 per-

1937 787 2087 847 cepta
2122 780 2220 833 iter
2246 780 2531 848 arripiunt,
2558 789 2611 833 et
2639 779 2704 832 ad
2736 779 2877 833 hunc
2906 795 3065 848 quem
3097 782 3381 836 incolimus
3410 799 3533 853 per-

1939 875 2155 928 veniunt
2203 875 2401 941 locum,
2445 873 2577 928 nihil
2624 888 2807 929 secum
2854 873 2907 927 in
2959 874 3231 929 alimoniis
3273 878 3521 945 corporis

1940 974 2135 1034 prieter
2163 965 2412 1018 viaticum
2442 964 2494 1018 in
2527 964 2779 1033 sportella
2814 963 3071 1030 ferentes,
3101 967 3207 1029 jam
3241 973 3368 1021 tunc
3400 980 3507 1019 non

1942 1059 2283 1113 immemores
2312 1056 2454 1110 illius
2486 1055 2738 1124 praecepti
2778 1056 3008 1110 dicentis
3041 1074 3053 1108 :
3092 1056 3269 1110 Nolite
3311 1057 3526 1111 solliciti

1943 1165 2049 1202 esse
2072 1149 2197 1217 quid
2227 1147 2563 1212 manducetis,
2588 1155 2676 1199 aut
2700 1147 2825 1216 quid
2852 1146 3033 1200 bibatis
3061 1146 3279 1215 (Matth.
3305 1160 3376 1211 vr,
3399 1146 3524 1214 51);

1944 1250 2021 1305 et,
2041 1238 2213 1291 Nolite
2236 1237 2445 1291 solliciti
2467 1253 2576 1291 esse
2594 1238 2646 1289 in
2670 1238 2949 1289 crastinum
2974 1234 3162 1304 (Ibid.,
3181 1235 3294 1303 54).
3312 1234 3417 1290 Sed
3442 1236 3530 1289 illc

1944 1327 2036 1397 qui
2065 1336 2277 1395 propter
2305 1326 2574 1379 miseriam
2606 1324 2823 1391 inopum
2863 1332 2915 1376 et
2944 1324 3196 1391 gemitum
3228 1337 3523 1393 pauperum

1945 1425 2005 1470 ut
2034 1416 2153 1483 pius
2178 1425 2327 1481 pater
2347 1414 2603 1483 exsurgit,
2634 1414 2721 1480 qui
2749 1412 2871 1466 talia
2895 1413 3173 1481 agentibus
3197 1412 3526 1480 repromit'tit

1947 1509 2130 1563 dicens
2173 1526 2183 1559 :
2232 1507 2457 1573 Quaerite
2500 1506 2719 1576 primum
2763 1521 2976 1572 regnum
3034 1502 3131 1557 Dei
3178 1514 3225 1556 et
3268 1504 3528 1574 justitiam

1947 1600 2087 1669 ejus,
2126 1607 2172 1653 et
2226 1600 2335 1652 ltazc
2382 1598 2551 1651 omnia
2597 1597 2902 1665 adﬁcientur
2953 1596 3092 1649 vobis
3133 1594 3278 1667 (Ibid
3307 1596 3357 1663 );
3391 1595 3529 1649 hanc

1948 1705 2134 1746 eorum
2221 1689 2379 1744 fidem
2440 1687 2743 1760 aspiciens,
2808 1690 2916 1743 cito
2985 1688 3177 1758 stipem
3252 1687 3527 1757 largiendo

1949 1782 2135 1837 adluit.

2078 1873 2205 1922 Tres
2228 1875 2324 1922 iter
2347 1878 2616 1933 assumunt,
2636 1870 2752 1920 nihil
2777 1872 2871 1919 huc
2891 1873 2979 1919 nisi
3002 1870 3426 1933 corporaducunt.

2078 1936 2163 1983 Est
2185 1936 2431 1995 regimen,
2457 1931 2629 1995 victus,
2657 1940 2879 1993 tegmen,
2903 1934 3170 1995 miseratio,
3194 1931 3430 1995 Christus.

2081 1995 2184 2044 Lex
2210 1994 2406 2057 quoque
2426 2007 2561 2043 sacra
2586 1994 2699 2055 Dei,
2727 1995 2809 2042 lux
2830 1996 2986 2043 noctis
3008 1995 3113 2042 sive
3136 1994 3253 2041 diei.

2030 2081 2115 2135 ll.
2143 2079 2275 2135 Nam
2304 2093 2423 2132 cum
2452 2078 2519 2132 ad
2568 2079 2707 2133 hunc
2752 2080 2802 2132 in
2847 2093 2953 2149 quo
2993 2077 3312 2142 residemus,
3343 2086 3400 2131 ut
3444 2076 3535 2131 di-

1956 2178 2103 2225 ctum
2146 2180 2249 2235 est,
2303 2169 2619 2239 perveniunt
2671 2170 2871 2232 locum,
2899 2171 3021 2237 quia
3064 2177 3253 2223 cuncta
3303 2183 3423 2236 qua:
3465 2169 3532 2223 ad

1959 2277 2085 2317 usus
2115 2262 2357 2330 corpm-is
2385 2271 2507 2316 sunt
2537 2261 2835 2315 necessaria
2866 2261 3113 2326 deerant,
3140 2259 3204 2312 ad
3240 2259 3386 2313 illum
3417 2275 3541 2327 pro-

1960 2352 2102 2405 tinus
2136 2359 2369 2405 mentem
2403 2358 2714 2415 erexerunt,
2746 2350 2796 2403 in
2827 2365 2930 2417 quo
2957 2358 3009 2402 et
3038 2362 3132 2417 per
3160 2364 3317 2418 quem
3358 2351 3539 2404 omnia

1959 2444 2166 2496 vivunt.
2197 2443 2575 2512 Ingrediuntur
2594 2440 2829 2509 denique
2851 2440 3163 2505 oratorium,
3196 2450 3454 2511 peragunt
3483 2442 3535 2494 in

1963 2535 2059 2590 Dei
2116 2533 2364 2589 laudibus
2414 2532 2669 2597 cilicium,
2714 2540 2874 2600 atque
2925 2532 3339 2599 superveniente
3385 2542 3542 2586 ηοριμ

1963 2627 2131 2697 quieti
2186 2626 2425 2682 membra
2482 2624 2777 2694 deponunt.
2831 2623 2935 2678 Sed
2994 2640 3089 2678 cur
3144 2624 3285 2691 dico,
3342 2626 3542 2694 quieti?

1967 2733 2091 2772 cum
2140 2725 2439 2771 terratenus
2493 2724 2695 2769 tantum
2741 2723 2890 2767 artus
2933 2713 3190 2774 locantes.
3228 2711 3294 2766 ad
3338 2728 3543 2769 morem

1966 2807 2284 2874 patriarcha:
2336 2806 2503 2859 Iacob
2563 2804 2769 2872 lapides
2826 2803 3091 2869 capitibus
3142 2807 3547 2871 supposuerint.

1968 2894 2094 2950 Dico
2121 2905 2319 2960 tamen,
2344 2895 2574 2964 quietem
2600 2909 2722 2948 esse
2749 2911 2762 2945 :
2794 2892 2845 2946 in
2876 2908 2981 2961 quo
3006 2894 3104 2947 etsi
3132 2908 3259 2947 caro
3290 2896 3540 2961 tabescit,

1966 2985 2179 3055 spiritus
2208 2984 2528 3056 pinguescit.
2566 2984 2632 3038 Et
2676 2998 2804 3038 ecce
2836 2984 2975 3036 iacto
3025 2998 3187 3051 parvo
3234 2985 3538 3047 intervallo,

1968 3078 2109 3133 venit
2137 3078 2203 3131 ad
2232 3091 2325 3131 eos
2345 3076 2559 3143 quidam
2589 3075 2748 3127 homo
2776 3073 2988 3143 ignotus
3015 3083 3279 3128 nocturno
3300 3074 3546 3138 silentio,

1969 3170 2273 3238 regiamque
2296 3167 2371 3239 [id
2392 3175 2463 3220 est
2493 3163 2719 3235 portam]
2748 3164 2967 3217 oratorii
3000 3163 3221 3233 pulsans
3247 3162 3320 3217 ait
3346 3181 3357 3215 :
3385 3164 3546 3229 Quis-

295 3234 589 3304 ίιοηιίηυῐην
623 3239 803 3294 audite
843 3240 1122 3295 οοηεῖίῖυῐη
1174 3242 1336 3311 Patris
1364 3241 1550 3309 νθείῖῖν
1577 3251 1631 3295 el
1674 3241 1864 3296 horum
1894 3241 1941 3305 C
1974 3234 2096 3315 nam
2130 3234 2229 3314 hoc
2257 3234 2314 3314 iii
2342 3260 2457 3314 loco
2496 3234 2759 3327 quiescit?
2787 3254 2868 3309 Ad
2900 3269 3082 3308 vocem
3123 3254 3380 3309 essiliens
3410 3256 3544 3309 taci-

290 3342 476 3396 preces
513 3342 768 3397 spernere
811 3332 993 3385 nolite.
1040 3333 1326 3386 Ostendam
1380 3334 1549 3401 vobis,
1583 3333 1627 3386 si
1677 3333 1858 3399 vultis,

288 3432 319 3470 a
384 3418 493 3471 Deo
544 3419 691 3473 vobis
750 3419 923 3475 locum
972 3432 1349 3491 praeparatum.
1404 3423 1574 3491 Spero
1618 3424 1759 3476 enim
1814 3424 1862 3479 iu

290 3510 534 3578 Domino,
582 3514 831 3581 quoniam
866 3515 970 3568 illic
1000 3515 1312 3583 adiniplchit
1364 3518 1499 3571 Deus
1528 3516 1860 3571 desiderium

289 3610 552 3668 vestrum,
582 3603 757 3677 ibique
787 3602 948 3659 faciet
992 3606 1099 3660 Deo
1128 3608 1352 3660 fructum
1381 3618 1682 3677 acceptum.
1723 3608 1869 3661 ludi-

290 3691 430 3745 cium
480 3702 655 3746 autem
697 3694 799 3749 loci
854 3697 1147 3766 percipite,
1190 3708 1240 3753 et
1280 3698 1345 3752 ad
1387 3714 1505 3753 eum
1554 3701 1870 3769 quantocius

294 3795 596 3852 properate.

444 3890 549 3961 Ifon
569 3894 715 3961 Pater
740 3896 828 3943 hos
849 3899 1061 3957 monitis,
1082 3900 1269 3960 gemitu
1306 3912 1506 3950 movere
1526 3907 1773 3961 parentes.

444 3955 772 4021 Sedpatriam
795 3967 999 4019 gentem
1024 3955 1344 4011 enitemucre
1370 3964 1461 4010 rite
1487 3955 1719 4021 fatentes,

451 4017 612 4066 Mollia
636 4017 951 4081 spernentes,
980 4034 1067 4081 pro
1091 4022 1287 4071 Christo
1307 4022 1425 4069 dura
1446 4022 1682 4070 ferentes.

359 4121 414 4175 9.
451 4120 545 4173 Est
568 4128 766 4183 autem,
793 4120 1152 4183 dilectissimi,
1183 4123 1331 4175 locus
1359 4123 1423 4175 ad
1456 4138 1611 4190 quem
1653 4137 1750 4176 vos
1781 4123 1860 4177 ire

288 4212 541 4266 desidero
585 4210 636 4264 in
684 4210 885 4264 Samnii
918 4211 1157 4278 partibus
1204 4226 1366 4278 super
1413 4212 1581 4281 ripam
1616 4212 1865 4268 Vulturni

292 4303 551 4370 ﬂuminis,
584 4301 673 4356 ubi
702 4299 913 4356 initium
943 4302 1106 4356 sumit
1134 4318 1163 4356 a
1194 4302 1340 4358 mille
1373 4303 1481 4357 lere
1523 4303 1787 4370 passibus,
1816 4306 1867 4358 in

295 4412 401 4464 quo
454 4394 703 4449 videlicet
753 4394 870 4449 loco
918 4394 1079 4449 situm
1134 4405 1217 4450 est
1270 4397 1563 4449 oratorium
1621 4400 1870 4467 martyris

294 4487 495 4541 Christi
551 4488 815 4542 Vincentii
880 4489 1098 4542 nomine
1145 4487 1489 4542 dedicatum:
1530 4505 1596 4542 ex
1646 4498 1871 4558 utraque

294 4592 423 4632 vero
454 4586 601 4646 parte
638 4577 868 4632 ﬂuminis
897 4578 1027 4631 silva
1059 4578 1402 4643 densissima,
1429 4594 1545 4646 quae
1576 4578 1866 4631 habitatio-
1900 4589 1949 4646 ι)

295 4684 418 4723 nem
450 4676 652 4723 tantum
686 4676 900 4736 prastat
926 4667 1185 4737 ferarum,
1220 4669 1547 4738 latibulaque
1577 4671 1865 4724 latronum.

296 4758 648 4826 Omnipotens
704 4766 883 4812 autem
949 4758 1208 4813 Dominus
1263 4760 1348 4813 cui
1411 4775 1506 4813 vos
1564 4760 1871 4813 famulatum

295 4850 553 4905 exhibere
581 4848 916 4913 desideratis,
948 4857 1004 4903 et
1040 4864 1133 4902 vos
1166 4851 1217 4902 in
1250 4850 1438 4904 eodem
1492 4851 1611 4904 loco
1675 4851 1876 4905 illaesos

296 4942 555 5008 servabit,
580 4950 633 4997 et
658 4942 862 4996 cunctis
891 4942 993 4996 iter
1018 4942 1299 5009 agentibus
1326 4956 1354 4994 a
1384 4941 1577 4996 timore
1605 4943 1871 4998 latronum

299 5041 544 5100 pacatum
576 5039 735 5098 atque
764 5046 1013 5086 securum
1046 5032 1356 5095 constituet,
1389 5046 1594 5085 necnon
1636 5043 1690 5086 et
1718 5047 1874 5086 cera.

301 5125 396 5188 sis,
428 5122 623 5187 dumis,
666 5137 729 5174 ac
776 5123 1036 5188 sentibus,
1070 5123 1223 5191 lignis
1263 5122 1554 5176 frurtileris
1604 5122 1877 5187 abundare

300 5214 478 5267 faciet.
509 5212 601 5279 Ite,
633 5214 727 5278 ait,
762 5212 874 5278 lilii,
904 5222 959 5266 et
988 5215 1038 5266 in
1068 5212 1256 5268 eodem
1287 5212 1405 5267 loco
1452 5214 1569 5266 sine
1600 5221 1748 5265 metu
1783 5226 1878 5266 cu~

300 5308 597 5376 juscunque
629 5314 958 5375 permancle.

456 5418 556 5468 Hos
580 5425 717 5478 pater
742 5418 814 5465 ire
838 5423 1019 5477 monet,
1049 5415 1148 5463 loca
1174 5420 1406 5462 monstrat
1425 5414 1594 5478 pervia
1619 5410 1782 5478 nullis,

456 5474 724 5546 Arboribus
748 5479 929 5537 multis,
949 5474 1273 5546 quaecomant
1297 5474 1499 5546 timuiita
1520 5474 1748 5546 pulchris,

456 5542 698 5591 Montibus
715 5579 728 5601 ,
753 5547 804 5588 et
830 5538 1008 5598 ventis,
1036 5540 1229 5587 nivibus
1252 5546 1367 5585 sunt
1388 5538 1563 5596 frigida
1586 5538 1788 5585 mmstis.

379 5645 464 5701 10.
496 5645 590 5699 llis
618 5645 775 5715 igitur
798 5652 851 5699 et
880 5641 1245 5714 hujuscemodi
1288 5641 1466 5696 verbis
1495 5656 1522 5694 a
1554 5640 1728 5711 rigore
1776 5640 1874 5693 ob-

306 5737 605 5791 stinationis
649 5737 893 5800 emolliti,
942 5744 1189 5804 tanquam
1238 5734 1510 5789 Christum
1563 5734 1615 5787 iu
1661 5733 1876 5787 seniore

304 5826 611 5898 loquentem
659 5828 1018 5900 attendentes,
1052 5827 1402 5897 Apostolique
1449 5825 1647 5881 dictum
1682 5840 1875 5882 recor-

1972 3363 2055 3407 tus
2085 3352 2232 3406 venit
2259 3352 2323 3405 ad
2351 3366 2472 3405 eum
2504 3348 2821 3403 venerabilis
2843 3345 2999 3401 Taso.
3035 3345 3129 3399 Cui
3163 3346 3252 3401 ille
3283 3363 3297 3399 :
3327 3347 3547 3411 Audivi,

1970 3444 2159 3513 inquit,
2203 3459 2229 3496 a
2279 3441 2596 3505 dicentibus,
2640 3439 2891 3509 quoniam
2931 3437 3018 3492 hic
3061 3438 3335 3507 peregrini
3392 3438 3553 3492 ades-

1971 3542 2123 3598 sent,
2155 3542 2207 3587 ct
2245 3543 2523 3600 prOpterea
2570 3529 2956 3600 apastoribus
2998 3529 3133 3583 meis
3182 3530 3424 3595 veniens,
3455 3529 3551 3583 dc-

1972 3622 2063 3676 tuli
2097 3621 2332 3675 modium
2379 3619 2565 3674 farinae
2591 3634 2652 3674 ac
2696 3619 2828 3685 vini,
2863 3618 2907 3673 si
2942 3618 3106 3673 habes
3147 3618 3235 3673 ubi
3272 3619 3372 3671 hoc
3406 3619 3549 3687 quod

1971 3710 2123 3766 attuli
2172 3711 2460 3765 recondas.
2506 3711 2657 3765 Tunc
2703 3710 2790 3765 ille
2837 3709 3081 3778 quaedam
3132 3709 3349 3764 vascula
3398 3724 3551 3778 repe-

1973 3803 2140 3868 riens,
2175 3812 2425 3871 tanquam
2454 3816 2484 3855 a
2517 3801 2626 3857 Deo
2654 3801 2753 3855 sibi
2788 3800 2962 3853 oblata
3005 3801 3240 3866 suscepit
3268 3814 3387 3866 quae
3413 3799 3549 3854 olle-

1974 3895 2264 3948 rehantur:
2295 3910 2398 3962 quo
2443 3893 2764 3946 abscedente
2795 3892 2974 3944 nullus
3001 3890 3255 3959 deinceps
3301 3906 3552 3960 comper-

1976 3991 2061 4034 tus
2088 3980 2183 4032 luit
2206 3982 2449 4049 quisnam
2476 3981 2567 4033 ille
2600 3980 2783 4032 fuisset
2811 3979 2900 4048 qui
2933 3979 3033 4034 hoc
3060 3996 3249 4034 munus
3274 3991 3550 4049 gratanter

1973 4072 2273 4125 obtulisset.
2306 4070 2400 4124 llis
2452 4071 2611 4139 igitur
2654 4070 2862 4124 indiciis
2912 4071 3078 4124 claret
3117 4087 3145 4122 a
3184 4080 3384 4140 quanta
3430 4086 3556 4140 per-

1975 4162 2207 4216 fectione
2235 4169 2512 4229 cmperunt
2544 4161 2598 4227 ii,
2633 4176 2725 4228 per
2749 4175 2884 4231 quos
2914 4160 3057 4214 hunc
3088 4163 3261 4217 locum
3290 4164 3358 4215 ad
3389 4172 3548 4216 tanta:

1978 4251 2360 4322 magnitudinis
2401 4251 2778 4308 excellentiam
2832 4253 3125 4322 perduCcre
3174 4256 3426 4323 dignatus
3468 4270 3551 4310 est

1978 4346 2318 4415 omnipotens
2349 4346 2489 4400 Deus
2502 4384 2516 4399 .

2102 4458 2320 4517 Angelus
2340 4459 2563 4515 accessit,
2588 4458 2814 4519 dixitque
2834 4458 2997 4519 rQuSs
3020 4460 3097 4507 hic
3122 4458 3434 4518 requiescit?

2106 4521 2276 4570 Εκειιὶι
2299 4520 2411 4568 inde
2434 4519 2559 4568 Τις)
2587 4518 2899 4579 ιειοὶισιιεὰθ,
2924 4529 3125 4579 pectore
3148 4530 3290 4579 grato
3311 4534 3323 4568 :
3478 4556 3481 4559 λ

2100 4583 2303 4632 Munera
2323 4583 2400 4631 cui
2425 4591 2659 4644 praestans
2680 4584 2860 4641 vinum,
2885 4580 3109 4641 similam,
3136 4582 3263 4629 redit
3285 4591 3443 4630 extra.

2051 4689 2139 4744 12.
2194 4688 2251 4743 In
2300 4687 2401 4743 bac
2443 4687 2673 4756 denique
2720 4687 2918 4743 Christi
2955 4694 3267 4754 paupertate
3314 4686 3542 4741 sollicite

1978 4782 2345 4852 persistentes,
2390 4795 2575 4834 eorum
2634 4781 2741 4832 vita
2793 4795 2951 4848 quam
2985 4779 3121 4833 Deus
3151 4780 3214 4830 ad
3245 4780 3548 4847 ext-mplnnt

1980 4871 2330 4943 plurimorum
2360 4869 2645 4924 ostendere
2673 4868 2960 4936 disposuit.
2999 4870 3152 4938 longe
3187 4870 3395 4938 lateque
3429 4886 3551 4937 per-

1978 4964 2174 5028 sonuit,
2223 4972 2380 5033 atque
2425 4964 2638 5017 lucerna
2695 4976 2855 5028 super
2919 4962 3303 5016 candelabrum
3382 4963 3554 5030 posita

1979 5057 2179 5111 diutius
2204 5054 2372 5108 latere
2394 5068 2498 5109 non
2532 5054 2697 5121 potuit
2723 5069 2736 5106 :
2764 5061 2963 5106 etcum
2991 5053 3138 5105 multi
3172 5068 3361 5106 eorum
3387 5056 3546 5106 vitam

1980 5145 2174 5200 imitari
2222 5145 2480 5211 cupiunt,
2518 5141 2803 5196 multitudo
2832 5142 3181 5195 fraternitatis
3212 5143 3277 5196 ad
3306 5156 3399 5197 eos
3422 5157 3554 5197 con-
3629 5160 3639 5180 ιν

1980 5253 2195 5294 currere
2224 5238 2406 5302 capit.

2102 5351 2271 5409 Longe
2298 5362 2386 5409 per
2410 5349 2515 5410 [F.,
2539 5347 2635 5407 ter]
2654 5350 2851 5410 centum
2880 5345 3022 5410 sociis
3042 5344 3292 5410 moderare
3319 5343 3557 5395 talentum

2099 5405 2451 5462 Famina'sacr'a
2476 5405 2654 5466 feruni,
2678 5407 2883 5469 palmam
2906 5405 3126 5469 bellique
3151 5405 3373 5455 tulerunt
3394 5420 3406 5453 :

2102 5474 2165 5523 lit
2186 5476 2381 5534 capiunt
2404 5474 2579 5519 multos
2600 5466 2753 5517 valido
2778 5470 2840 5516 de
2865 5466 3065 5530 gurgite
3085 5466 3273 5516 ductos.

2055 5557 2143 5609 15.
2174 5554 2384 5609 Primus
2430 5554 2609 5621 itaque
2658 5549 2870 5618 prml'uit
2897 5562 3051 5603 sacro
3080 5548 3228 5618 gregi
3262 5546 3428 5602 Paldo
3459 5548 3553 5602 Dei

1979 5644 2229 5710 famulus,
2260 5643 2351 5713 qui
2392 5652 2509 5698 erat
2551 5641 2772 5696 omnino
2825 5640 3159 5707 mitissimus,
3207 5638 3406 5708 quique
3459 5654 3557 5709 per

1978 5736 2155 5791 omnia
2179 5735 2280 5790 hoc
2310 5737 2362 5787 in
2395 5734 2504 5787 suis
2525 5734 2729 5788 actibus
2754 5732 3088 5802 ostendebat,
3121 5731 3262 5800 quod
3284 5732 3399 5787 suis
3425 5735 3551 5785 sul:-

1973 5826 2131 5897 jectis
2162 5839 2293 5882 voce
2322 5824 2645 5894 praedicabat
2679 5841 2693 5888 ;
2730 5822 2800 5878 ita
2847 5830 3054 5878 amator
3089 5823 3288 5879 Christi
3317 5835 3557 5893 panper-
