4090 6418
539 367 668 423 1527

1331 356 1384 410 S.
1432 352 1747 408 AMBROSH
1791 346 2129 403 AUTI’EIlTl
2175 338 2654 397 BE‘NEVEN'I‘ANI
2697 302 2984 389 ABBATiS

3639 324 3776 382 1328

541 479 685 540 tatis,
713 485 812 528 nec
839 469 992 526 sicuti
1017 469 1280 531 carnales,
1314 479 1549 520 aestuans
1594 463 1800 517 divitiis
1851 458 2100 513 terrenis.
2139 463 2183 520 Α
2211 452 2466 505 deberi-nt
2492 446 2678 509 laetari,
2711 441 2987 498 subdeudo
3031 436 3332 492 manifestat
3363 434 3547 488 dicens
3581 449 3598 485 :
3632 434 3775 488 Gau-

545 568 639 622 llic
665 578 855 628 nempe
884 561 1046 615 fertur
1071 558 1136 613 ad
1163 557 1558 611 confirmandus
1607 555 1809 607 animas
1837 550 2101 610 Fratrum,

540 666 598 712 ut
646 659 699 710 in
763 658 1070 722 paupertate
1137 663 1293 718 quam
1355 653 1631 715 creperant
1717 642 2108 711 perdurarent,

541 750 739 803 dixisse
776 763 788 797 :
819 744 1032 798 Credite
1081 741 1212 795 mihi
1242 782 1256 806 ,
1293 740 1507 804 fratres,
1536 738 1656 807 quia
1701 735 1993 791 monachus
2024 734 2112 787 ille

543 838 716 909 quiin
762 837 864 890 hoc
905 832 1233 888 monasterio
1285 831 1581 901 persistens
1633 844 1801 898 usque
1839 826 1904 880 ad
1951 825 2111 879 tinem

547 926 900 997 permanserit
931 967 948 992 ,
978 925 1154 979 anima
1185 923 1302 992 ejus
1353 931 1552 976 aeterna
1595 919 1858 989 supplicia
1913 930 2114 984 nequa-

545 1033 702 1085 quam
738 1016 1041 1080 sustinebit,
1073 1013 1166 1068 sed
1200 1014 1361 1067 vitam
1390 1024 1644 1066 aeternam
1674 1008 1971 1078 possidebit
2016 1024 2028 1058 :
2063 1013 2118 1059 et

549 1110 649 1162 hoc
695 1114 894 1161 sanctae
938 1102 1369 1174 congregationis
1417 1102 1798 1155 monasterium
1847 1111 2012 1166 usque
2048 1097 2114 1148 ad

550 1202 708 1251 tinem
740 1195 926 1250 smcnli
949 1195 1017 1252 ad
1046 1192 1338 1248 servandas
1362 1191 1566 1245 animas
1594 1190 1945 1260 permanebit.
1965 1185 2116 1255 Quod

549 1287 762 1357 quidam
811 1286 1138 1353 ignorantes,
1180 1297 1285 1352 qua
1331 1283 1628 1336 intentione
1661 1281 1775 1335 inec
1804 1286 2118 1348 prosecutus

551 1380 736 1444 fuerit,
762 1381 889 1432 falsa
915 1381 1122 1443 seipsos
1151 1377 1439 1432 securitate
1489 1373 1763 1441 decipiunt
1798 1372 1844 1439 ⁸,
1875 1370 2117 1439 quamvis

550 1473 687 1527 male
715 1471 951 1526 viventes
974 1513 990 1538 ,
1019 1479 1074 1526 et
1099 1480 1288 1525 contra
1314 1468 1566 1538 Regulam
1613 1468 1825 1521 Patrum
1865 1462 1892 1501 δ
1926 1464 2122 1519 facien-

549 1576 654 1627 tes,
684 1563 784 1616 hoc
811 1563 864 1616 in
891 1561 1222 1616 monasterio
1251 1563 1293 1616 si
1327 1560 1742 1630 permanserint,
1776 1557 1952 1612 salvos
2001 1569 2123 1610 esse

551 1653 604 1706 in
634 1653 865 1707 futurum
897 1666 1056 1722 posse
1089 1670 1100 1705 :
1137 1666 1258 1707 cum
1307 1659 1515 1706 constet
1543 1649 1791 1704 omnibus
1835 1647 1956 1716 quia
2005 1647 2122 1714 qui—

553 1756 764 1812 cunque
807 1743 858 1797 in
908 1744 1304 1812 perpetratione
1355 1743 1594 1796 crimin's
1625 1741 1725 1796 hoc
1756 1741 1806 1794 in
1838 1741 1955 1794 loco
1985 1754 2117 1808 per-

557 1836 871 1900 manserint,
906 1844 966 1890 et
999 1843 1121 1890 ante
1164 1834 1390 1892 extremi
1420 1835 1597 1889 obitus
1625 1833 1766 1888 diem
1799 1848 1858 1888 se
1901 1833 2121 1888 minime

547 1925 912 1991 correxerint,
952 1925 1016 1978 ad
1059 1925 1220 1980 vitam
1269 1940 1599 1996 nequaquam
1652 1939 1808 1994 posse
1863 1937 2116 1978 transne.

552 2016 839 2070 Dicendum
869 2029 1046 2070 autem
1093 2016 1195 2070 illis
1242 2025 1326 2071 est
1357 2056 1371 2077 .
1417 2029 1750 2085 nequaquam
1807 2016 1976 2068 virum
2026 2013 2120 2068 Dei

549 2116 737 2161 contra
767 2106 940 2160 divina
972 2107 1181 2176 eloquia
1215 2108 1534 2161 sententiam
1569 2106 1887 2174 protulisse;
1932 2105 2024 2158 sed
2060 2104 2110 2158 in

551 2197 655 2251 illis
681 2199 814 2251 hanc
840 2196 1154 2251 sententiam
1186 2211 1494 2265 permanere
1518 2196 1743 2264 dixisse,
1772 2195 1860 2265 qui
1884 2196 2120 2264 ipsorum

550 2289 780 2345 sobriam
807 2303 858 2345 et
887 2299 1087 2346 castam
1117 2290 1278 2344 vitam
1302 2304 1364 2344 ac
1391 2289 1710 2345 laudabilem
1753 2295 2120 2359 paupertatem

553 2383 748 2462 vellent
786 2381 1002 2436 imitari.

670 2518 893 2592 Qulmine
918 2517 1149 2592 praeclaro
1168 2522 1396 2592 renitens
1417 2519 1692 2592 diademate
1713 2533 1872 2592 sacro,

671 2579 865 2643 Primus
887 2579 1141 2642 praeﬁcitur
1167 2581 1327 2630 Pacuo
1350 2584 1675 2643 reverendus,
1701 2592 1753 2631 et
1775 2579 1940 2631 Abbas

612 2701 614 2704 ν
675 2640 962 2690 innumeras
985 2643 1164 2690 animas
1187 2643 1379 2691 Christo
1399 2657 1548 2704 super
1567 2640 1752 2692 aethera
1772 2643 1985 2694 mandat.

625 2784 712 2839 14.
743 2784 950 2840 Interea
982 2786 1130 2841 turba
1173 2786 1395 2843 fratrum
1429 2802 1820 2859 succrescente,
1845 2807 2124 2863 cmperunt

555 2889 740 2934 contra
770 2890 947 2934 votum
981 2881 1202 2947 habere,
1217 2899 1312 2950 per
1336 2887 1476 2954 quod
1505 2897 1723 2954 possent
1751 2889 1956 2944 eisdem
1987 2905 2122 2960 quos

558 2970 810 3038 regebant
853 2971 1156 3027 subvenire.
1199 2973 1438 3044 Dumque
1499 2979 1740 3046 praedicti
1797 2981 2125 3036 venerabilis

556 3059 726 3114 Patris
764 3059 983 3116 Thomas
1021 3063 1362 3121 immemores
1402 3067 1552 3133 dicti,
1601 3070 1797 3126 multos
1828 3086 1923 3141 per
1947 3087 2039 3127 eos
2069 3073 2122 3129 in

2156 1799 2204 1860 B

2214 544 2327 595 dele
2372 550 2541 593 autem
2571 537 2704 602 quod
2736 535 2941 587 nomina
2970 539 3132 584 vestra
3161 528 3349 594 scripta
3376 537 3489 579 sunt
3523 525 3572 577 in
3618 527 3778 578 cretis.

2215 636 2399 704 Magna
2424 631 2684 702 siquidem
2711 631 2898 689 virtus,
2953 635 3306 691 magnumque
3360 627 3414 674 et
3467 617 3785 672 admirabile

2215 727 2425 783 exstitit
2473 728 2701 793 signum,
2737 736 2848 774 suae
2893 713 3318 772 conversationis
3370 710 3625 779 exemplo
3677 719 3784 762 tam

2215 817 2524 872 innumeros
2551 813 2618 866 de
2651 811 2807 865 terris
2835 810 3077 862 elevasse
3105 805 3170 857 ad
3202 801 3367 858 cmlos
3393 841 3410 867 ,
3444 799 3512 854 de
3545 797 3788 853 tenebris

2217 908 2284 963 ad
2311 908 2504 970 lucem,
2532 903 2600 959 de
2631 909 2803 956 morte
2825 898 2891 952 ad
2933 898 3114 960 vitam,
3154 894 3223 949 de
3265 890 3464 948 exsilio
3503 888 3788 943 reduxisse

2218 1000 2284 1054 ad
2316 999 2558 1068 patriam.
2617 995 2683 1047 Et
2738 1000 2793 1045 nt
2836 999 3008 1060 empta
3057 999 3369 1056 prosequar,
3415 995 3557 1048 saepe
3614 979 3790 1033 dictus

2221 1086 2542 1144 venerabilis
2595 1083 2760 1138 Paldo
2786 1123 2800 1146 ,
2858 1077 3178 1148 evangelicae
3210 1070 3547 1142 perfectionis
3583 1071 3664 1122 vir
3695 1083 3790 1135 per

2223 1193 2402 1234 omnia
2432 1182 2852 1236 consummatus,
2898 1169 3142 1223 humanis
3171 1165 3326 1220 rebus
3355 1162 3620 1218 excedens
3652 1173 3789 1228 prte-

2222 1268 2391 1324 sentis
2415 1267 2536 1319 vita:
2564 1266 2719 1318 finem
2751 1259 2874 1315 fecit
2903 1275 2929 1313 v
2963 1257 3038 1312 id.
3067 1257 3310 1321 0clUDt‘.,
3344 1253 3526 1306 indict.
3560 1249 3614 1316 5,
3641 1263 3784 1301 armo

2225 1355 2608 1412 incarnationis
2664 1350 2946 1404 dominica:
2996 1361 3162 1402 cccxx
3197 1387 3212 1410 ,
3259 1343 3526 1398 residente
3577 1341 3628 1393 in
3663 1337 3795 1392 sede

2225 1447 2516 1517 apostolica
2576 1441 2892 1500 venerandae
2946 1439 3217 1495 memoria:
3270 1433 3526 1504 Gregorio
3579 1431 3643 1486 ll.
3699 1430 3797 1484 llic

2225 1545 2533 1606 susceperat
2586 1535 2723 1588 sacri
2773 1529 2998 1587 ccenobii
3040 1529 3296 1597 regimina
3333 1527 3399 1580 ab
3429 1524 3796 1579 incarnatione

2229 1628 2439 1684 Domini
2463 1641 2605 1682 anno
2630 1639 2801 1680 nccvn
2826 1622 2924 1677 sub
2953 1629 3138 1674 sancto
3163 1633 3294 1688 papa
3323 1615 3581 1671 Sisinnio.

2351 1739 2442 1798 En,
2469 1736 2712 1798 paradiso,
2733 1739 2842 1798 tuos
2869 1736 3128 1798 vernantes
3150 1725 3331 1798 collige
3349 1725 3501 1798 liores

2352 1777 2747 1857 iiéltt's'séﬁiéit’ts'
2760 1777 2811 1822 ἶ
2821 1777 2958 1857 annis
2981 1777 3486 1857 moderatus‘babenis

2354 1861 2439 1911 Est
2463 1849 2611 1908 Paldo
2624 1858 2771 1916 felix,
2793 1852 2983 1916 quando
3005 1858 3085 1901 tua
3105 1851 3278 1912 gaudia
3301 1849 3449 1909 cepit.

2305 1966 2394 2020 15.
2425 1963 2522 2018 Cui
2566 1959 2806 2017 succedit
2832 1958 2885 2013 in
2914 1965 3098 2012 sancto
3126 1950 3385 2023 regimine
3407 1947 3573 2008 Taso,
3623 1943 3797 1998 minor

2232 2057 2445 2127 quidem
2469 2055 2642 2118 annis,
2671 2051 2762 2106 sed
2795 2049 3063 2103 ardentior
3094 2044 3146 2098 in
3175 2050 3359 2098 sancto
3381 2037 3654 2110 proposito
3681 2051 3793 2091 om-

2234 2154 2388 2204 nibus
2417 2145 2539 2200 illis.
2583 2145 2718 2209 Quia
2749 2157 2875 2196 vero
2906 2149 3284 2206 nonnunquam
3316 2133 3360 2187 is
3387 2133 3477 2202 qui
3509 2138 3724 2200 przeest,
3751 2129 3798 2182 si

2234 2239 2580 2294 considerare
2607 2231 2838 2302 negligat
2865 2240 2914 2286 et
2948 2226 3187 2284 contueri
3241 2223 3571 2278 infirmorum
3625 2217 3800 2273 imbe-

2233 2333 2481 2387 cillitates
2507 2369 2520 2392 ,
2554 2340 2752 2395 eosque
2781 2338 2884 2377 non
2914 2331 2970 2376 ut
3000 2316 3373 2387 praevalucriut
3397 2357 3411 2380 ,
3444 2312 3537 2367 sed
3572 2319 3628 2364 ut
3659 2310 3801 2378 rigor

2233 2420 2584 2480 districtionis
2613 2416 2729 2488 ejus
2771 2413 3068 2477 dictaverit,
3103 2409 3328 2464 voluerit
3359 2404 3558 2460 arctius
3605 2401 3801 2456 astrin-

2236 2530 2382 2584 gere,
2415 2522 2746 2580 nequaquam
2792 2521 2886 2560 eos
2939 2519 3044 2572 quo
3091 2501 3235 2570 cupit
3277 2497 3568 2567 perducere
3615 2495 3758 2548 valet
3786 2532 3801 2557 ,

2234 2581 2356 2672 quia
2406 2599 2528 2653 huic
2575 2597 2770 2651 nimius
2820 2593 2919 2648 zeli
2995 2592 3173 2646 fervor
3248 2588 3418 2658 potuit
3489 2581 3800 2639 dominari:

2235 2693 2411 2750 simile
2464 2689 2714 2760 quiddam
2744 2687 2796 2742 ei
2833 2683 3091 2740 accidisse
3117 2678 3460 2752 cognoscitur
3485 2696 3496 2730 :
3529 2691 3655 2730 nam
3680 2690 3802 2729 cum

2235 2787 2379 2840 hunc
2426 2781 2593 2836 arduo
2640 2777 2833 2833 itinere
2885 2775 3216 2830 incedentem
3273 2782 3608 2838 nequaquam
3651 2765 3804 2834 sequi

2235 2877 2496 2939 valerent,
2527 2872 2738 2941 penitus
2766 2869 3078 2923 deserentes
3106 2864 3438 2934 abjecerunt,
3470 2858 3805 2925 fratremque

2235 2968 2351 3038 ejus
2399 2965 2652 3034 majorem
2706 2970 2832 3015 natu
2875 2959 2991 3013 loco
3039 2957 3157 3026 ejus
3206 2952 3614 3009 constituerunt.
3648 2948 3809 3004 Unde

2237 3057 2436 3114 factum
2467 3065 2552 3110 est
2596 3063 2651 3107 nt
2702 3052 2769 3106 ab
2799 3051 3040 3119 utrisque
3100 3048 3336 3118 partibus
3386 3044 3452 3098 ad
3504 3042 3807 3111 pontificem

561 3152 661 3204 ίιοο
689 3151 805 3207 Ιοοθ
844 3165 964 3208 esse
987 3154 1290 3224 salvandus,
1319 3157 1541 3214 amicam
1575 3132 1936 3230 paupertaieln
1968 3165 2116 3218 εοιιί-
2158 3163 2205 3226 c
2244 3156 2540 3205 llomanum
2593 3145 2784 3202 relatio
2831 3144 3154 3198 mitteretur.
3189 3140 3339 3207 Quod
3367 3153 3486 3192 cum
3522 3132 3809 3204 Gregorius

555 3243 658 3296 cite
704 3243 1035 3310 rezatirentes
1082 3245 1172 3316 [Ε.
1217 3248 1543 3322 requirunt],
1594 3252 1826 3322 abjicere
1869 3267 2129 3311 conantur

562 3347 646 3399 ea,
694 3347 813 3403 qum
868 3337 1140 3402 possidere
1184 3338 1518 3395 videbantur.
1570 3343 1676 3398 Sed
1725 3350 2009 3400 resistente
2049 3348 2129 3402 eis

557 3423 956 3494 divinojudicio
983 3426 1140 3482 turba
1176 3428 1443 3498 Fratrum,
1488 3434 1812 3490 studuerunt
1835 3438 2003 3507 magis
2030 3452 2119 3493 se-

555 3517 784 3572 cundum
837 3516 1145 3586 Apostolum
1189 3536 1294 3576 non
1333 3537 1430 3578 sua
1460 3527 1677 3595 singuli,
1711 3529 1804 3582 sed
1847 3545 1967 3599 quae
1989 3531 2130 3585 alte-

558 3610 669 3663 rius
691 3617 836 3674 sunt,
860 3625 1123 3677 quasrere,
1156 3621 1210 3667 et
1242 3614 1368 3668 illud
1403 3634 1415 3668 :
1447 3617 1702 3672 Omnibus
1739 3624 1912 3676 omnia
1960 3627 2128 3690 factus

557 3713 691 3764 sum,
723 3707 779 3749 ut
806 3714 981 3752 orantes
1007 3701 1177 3754 salvos
1209 3707 1430 3771 facerem
1468 3706 1522 3777 (1
1553 3708 1669 3762 Cor.
1700 3727 1774 3776 tx,
1818 3711 1935 3783 22).
1966 3715 2129 3768 Multa

558 3787 820 3856 siquidem
849 3799 975 3842 tunc
996 3787 1138 3844 inter
1157 3806 1250 3846 eos
1286 3791 1457 3850 fuisse
1497 3797 1731 3853 cbaritas
1755 3843 1770 3866 ,
1807 3804 1970 3854 multa
2003 3817 2134 3856 con-

561 3879 746 3933 cordia
779 3881 995 3935 unitatis
1017 3920 1033 3945 ,
1065 3882 1232 3936 multa
1257 3887 1562 3955 compassio
1586 3887 1939 3944 fraternitatis
1962 3891 2132 3947 refer-

567 3982 670 4024 tur.
705 3970 774 4025 Et
803 3972 1018 4040 quidem
1050 3984 1336 4029 narrantur
1359 3977 1424 4031 de
1464 3980 1541 4032 eis
1569 3981 1812 4048 quzcdam
1844 3980 2001 4052 digna
2029 3983 2135 4038 tui-

563 4060 780 4140 raculis,
813 4061 905 4116 sed
937 4070 1176 4118 nostrum
1227 4066 1294 4119 ad
1349 4067 1448 4122 hoc
1499 4079 1698 4123 tantum
1759 4072 1853 4125 fuit
1900 4072 2135 4127 studium

567 4151 840 4204 incitatum
865 4193 881 4216 ,
912 4161 970 4205 ttt
1019 4155 1210 4221 quibus
1263 4158 1434 4213 modis
1485 4161 1740 4214 sawulum
1767 4178 1831 4216 ac
1859 4163 2133 4218 diabolum

565 4242 815 4309 vicerint,
845 4245 1083 4312 apicibus
1108 4261 1516 4318 prosequamur.
1563 4253 1745 4322 Neque
1776 4257 1917 4308 enim
1963 4258 2134 4324 majus

565 4350 683 4389 esse
711 4346 883 4404 pctest
909 4337 1248 4404 miraculum,
1276 4353 1432 4408 quam
1461 4341 1600 4408 quod
1633 4352 1740 4397 tota
1772 4354 1950 4398 mente
1981 4359 2134 4399 mun-

565 4430 692 4481 tlum
721 4425 1073 4494 reliquerunt.
1107 4430 1170 4482 lit
1215 4431 1338 4496 quia
1370 4433 1520 4486 multi
1569 4434 1823 4488 videntur
1847 4438 2132 4492 miraculo-

2241 3257 2371 3312 papa
2405 3240 2443 3295 Il
2477 3238 2732 3304 audisset,
2765 3235 2959 3290 factum
2989 3233 3275 3302 improbat,
3328 3228 3424 3284 hos
3475 3235 3664 3284 contra
3717 3241 3806 3281 ca-

2234 3349 2400 3389 nones
2449 3329 2642 3386 fecisse
2698 3339 2891 3391 notat,
2948 3339 3242 3392 manusque
3298 3336 3421 3375 suas
3457 3319 3509 3372 in
3542 3318 3801 3374 cbristum

2235 3423 2444 3482 Domini
2476 3421 2781 3478 extendisse
2797 3417 3092 3474 denuntiat.
3116 3413 3318 3480 Quibus
3349 3418 3406 3466 et
3435 3408 3805 3480 pmuitentiam

2237 3517 2500 3578 indicens,
2533 3515 2687 3581 ltujus
2713 3510 2841 3566 faeti
2865 3509 3161 3566 efﬁcaciam
3204 3503 3404 3559 ademit
3436 3520 3447 3554 :
3480 3517 3638 3572 quam
3664 3500 3810 3554 scili-

2237 3618 2323 3663 cet
2345 3607 2600 3661 indictam
2625 3603 2725 3658 sibi
2760 3599 3130 3672 paenitentiam
3167 3597 3254 3650 vix
3295 3609 3414 3648 cum
3447 3607 3641 3662 magno
3671 3589 3811 3644 diffi-

2239 3701 2452 3755 cultatis
2479 3697 2781 3761 conamine,
2809 3693 3102 3749 obsistente
3148 3688 3288 3742 aeris
3317 3687 3532 3751 ardore,
3557 3685 3813 3754 perlicere

2241 3790 2540 3843 valuerunt.

2359 3877 2475 3927 Post
2498 3875 2719 3936 sequitur
2741 3877 2901 3922 socius
2919 3873 3142 3936 retinens
3165 3869 3496 3936 moderamina
3513 3866 3643 3935 Taso
3666 3862 3691 3900 εἰ
3714 3901 3728 3926 ,

2359 3939 2451 3997 Qui
2478 3929 2630 3985 minor
2655 3943 2732 3984 est
2753 3938 2908 3993 anuis,
2936 3932 3122 3982 validus
3142 3929 3376 3997 sapientia
3400 3929 3640 3997 quamvis.

2362 3989 2454 4050 Hic
2475 3999 2655 4058 alacer,
2679 3997 2842 4053 fortis,
2864 3989 3062 4044 fervens
3083 3989 3277 4054 quodue
3303 3989 3481 4040 robore
3504 3989 3679 4037 cordis.

2314 4086 2402 4140 16.
2433 4084 2542 4140 Sed
2590 4093 2648 4136 ut
2701 4081 3010 4136 ostenderet
3067 4078 3404 4146 omnipotens
3449 4075 3589 4128 Deus
3635 4072 3817 4142 quanti

2244 4186 2422 4232 reatus
2477 4176 2679 4230 crimen
2759 4171 3109 4227 admisissent
3156 4169 3191 4224 ii
3222 4169 3312 4237 qui
3346 4176 3612 4235 pastorem
3640 4179 3670 4217 a
3705 4165 3820 4218 Deo

2242 4266 2590 4336 praelectum
2623 4262 2970 4333 abjecissent,
2999 4275 3331 4330 nequaquam
3375 4258 3473 4313 hac
3506 4255 3814 4326 ptenitentia

2241 4361 2504 4427 placatus,
2535 4372 2656 4411 mox
2685 4355 2802 4410 sine
2830 4370 2975 4408 mora
3023 4351 3278 4422 judicium
3310 4348 3549 4404 exercuit
3578 4347 3814 4402 ultionis.

2244 4453 2374 4506 ham
2399 4453 2466 4504 ita
2498 4455 2775 4515 ctepcrnnt
2802 4445 2998 4516 singuli
3062 4443 3313 4497 humanis
3343 4441 3504 4496 rebus
3526 4439 3814 4502 decedere,

563 4533 678 4573 rum
708 4533 827 4575 esse
855 4521 1170 4590 participes,
1224 4524 1314 4578 sed
1360 4524 1659 4581 nullatenus
1692 4527 1906 4582 nomina
1936 4527 2138 4584 habent

2246 4554 2302 4599 ut
2327 4545 2553 4598 duorum
2576 4550 2667 4594 aut
2695 4541 2857 4594 trium
2881 4552 3166 4606 corporum
3204 4537 3357 4590 ﬁeret
3403 4549 3504 4587 una
3558 4530 3814 4587 memoria

562 4613 762 4681 scripta
787 4614 838 4668 in
861 4614 1036 4680 caelis,
1065 4630 1398 4684 nequaquam
1424 4617 1524 4671 hoc
1553 4619 1604 4672 in
1637 4629 1876 4688 tempore
1905 4622 2137 4676 virtutes

566 4705 618 4756 in
645 4702 884 4759 Ecclesia
915 4743 930 4769 ,
963 4706 1055 4760 sed
1087 4707 1375 4774 perfectam
1408 4708 1571 4761 vitam
1603 4709 1944 4779 requirimus.
1979 4711 2136 4768 Unde

565 4795 819 4851 Dominus
860 4797 1146 4864 discipulos
1195 4798 1265 4853 de
1309 4799 1640 4869 subjectione
1669 4803 1975 4858 dtentonum
2006 4820 2132 4875 gau-

562 4887 747 4942 dentes
775 4887 1012 4944 deterret
1039 4888 1223 4944 dicens
1256 4908 1268 4944 :
1307 4889 1484 4944 Nolite
1511 4895 1736 4964 gaudere
1787 4897 1841 4948 in
1889 4900 1985 4951 hoc
2015 4901 2134 4967 quia

560 4977 813 5032 dwutonia
838 4979 975 5032 vobis
1004 4978 1347 5049 subjiciuntur
1370 4980 1522 5053 (Luc.
1550 5000 1603 5050 x,
1626 4985 1741 5055 20).
1773 4985 1828 5041 In
1860 5003 1967 5058 quo
2001 5005 2128 5044 vero

630 5127 656 5154 ⁸
689 5119 838 5194 Multi
867 5120 1142 5194 venditant
1171 5121 1222 5194 id
1252 5137 1420 5194 genus
1448 5124 1720 5193 privilegia
1748 5166 1762 5189 ,
1792 5128 1986 5194 quibus
2008 5143 2139 5182 eor-

558 5190 1359 5272 rigendis_i_nsignisrhicﬁlogus.
1405 5190 1546 5272 μεθ
1575 5190 1839 5266 Atigelutn
1873 5203 1940 5252 de
1985 5199 2137 5254 Nuce

557 5261 611 5316 itt
640 5276 760 5328 cap.
795 5263 859 5315 17
890 5261 1022 5317 Vita)
1052 5262 1111 5317 S.
1147 5262 1209 5317 P.
1242 5261 1538 5319 Benedicti.

631 5329 660 5367 δ
689 5331 990 5414 βηβεςυῑθ
1022 5334 1080 5390 S.
1106 5332 1386 5414 Benedicti
1417 5335 1608 5414 dicitur
1629 5335 1828 5414 Begula
1861 5337 2092 5414 Patrum
2117 5356 2136 5394 :

559 5400 703 5485 quod
730 5402 890 5485 etiam
924 5418 1118 5485 nomen
1150 5405 1421 5485 ei_tribuit
1440 5406 1588 5485 Ur_do_
1628 5400 1920 5472 lioinanus,
1953 5409 2038 5464 ubi
2063 5410 2131 5464 de

560 5474 897 5593 grdilritatione
923 5474 1152 5530 abbatis.
1201 5474 1340 5544 Lege
1383 5475 1752 5532 Praefationem
1803 5479 1926 5534 huic
1985 5490 2132 5535 tonto

600 5559 669 5593 ['32
715 5559 856 5593 xum.

562 5557 856 5611 praeturam.

635 5622 656 5649 ο
677 5613 738 5690 Si
760 5615 975 5697 quidem
1000 5614 1156 5670 annis
1180 5616 1563 5697 septemdecim
1591 5617 1751 5672 Paldo
1775 5620 1911 5676 rexit
1936 5637 2128 5677 mona-

559 5687 780 5760 sterium
805 5724 818 5760 ε
854 5687 1090 5760 obiitque
1117 5701 1258 5740 anno
1290 5689 1392 5742 720
1413 5727 1432 5754 ,
1473 5689 1541 5742 ab
1568 5704 1709 5742 anno
1733 5691 1838 5744 795
1883 5695 2123 5760 regimen

561 5755 740 5811 iniisse
791 5757 1040 5814 dicendus
1087 5765 1188 5816 cst.
1223 5760 1534 5832 Quanquam
1565 5762 1650 5817 hic
1679 5761 1828 5821 locus
1859 5755 2004 5821 recte
2038 5781 2116 5822 διο

2247 4644 2269 4672 ο
2295 4631 2711 4700 receptaculum.
2739 4631 2919 4699 anue
2941 4630 3041 4683 hac
3071 4628 3187 4699 (sic)
3209 4636 3445 4696 grassata
3478 4625 3577 4679 fuit
3603 4633 3810 4679 senten-

2245 4728 2340 4794 tia,
2369 4724 2714 4795 quoadusque
2738 4737 2872 4791 pene
2901 4723 3077 4775 nullus
3097 4735 3283 4774 eorum
3303 4721 3352 4772 iu
3382 4733 3607 4786 corpore
3639 4731 3810 4772 rema-

2241 4827 2393 4872 neret
2421 4817 2510 4885 qui
2536 4813 2696 4883 hujus
2743 4814 2879 4868 [ιωνὶ
2907 4813 3117 4868 fuerant
3144 4813 3372 4867 consilio
3402 4809 3679 4864 maculati.
3710 4807 3816 4863 Sed

2240 4922 2342 4962 nec
2371 4908 2486 4974 ipse
2513 4905 2604 4960 diu
2634 4915 2894 4970 moratus,
2921 4904 3140 4959 eosdem
3171 4912 3254 4957 est
3277 4901 3552 4956 moriendo
3574 4908 3814 4955 secutus.

2246 4999 2451 5053 Idcirco
2499 5007 2677 5053 autem
2723 4999 2879 5067 hujus
2910 4996 3037 5052 facti
3078 4997 3454 5052 adversitatem
3498 4996 3624 5052 huic
3669 4997 3814 5066 operi

2241 5133 2515 5191 conciliari
2548 5143 2752 5204 potest,
2785 5133 2912 5187 utsi
2952 5134 3018 5204 a_b
3060 5134 3312 5188 inchoato
3351 5135 3679 5189 monasterio
3701 5137 3816 5190 eal-

2241 5207 2417 5260 culum
2447 5202 2634 5271 ducas,
2664 5220 2862 5258 annuat
2893 5202 2994 5260 795
3019 5221 3032 5268 ;
3065 5205 3108 5258 si
3137 5219 3166 5258 a
3190 5205 3447 5272 perfecto,
3479 5221 3677 5261 annum
3701 5205 3815 5261 707

2243 5277 2540 5347 praelaturze
2566 5275 2814 5347 Paldonis
2845 5275 3055 5347 initium
3085 5276 3326 5331 definias.

2312 5344 2339 5382 ἀ
2372 5348 2436 5400 Ει
2467 5356 2641 5418 tamen
2674 5345 2834 5418 index
2870 5345 3121 5418 abbatum
3153 5347 3220 5418 ab
3249 5347 3476 5418 Ughello
3505 5348 3680 5418 editus
3711 5349 3817 5404 Ta-

2245 5414 2659 5483 tonernprmiert
2689 5415 3131 5487 'l‘asoni.7Verum
3173 5414 3332 5482 Taso‘,
3373 5420 3464 5487 qui
3491 5417 3646 5475 tertio
3700 5420 3816 5474 loco

2243 5501 2402 5555 supra
2434 5487 2736 5558 nominatus
2760 5495 2865 5558 est,
2912 5486 3012 5541 fuit
3051 5487 3266 5555 quidem
3298 5486 3425 5544 natu
3454 5490 3629 5544 minor
3653 5530 3670 5558 ,
3718 5492 3813 5546 sed

2246 5559 2472 5610 alterum
2504 5557 2554 5610 in
2585 5557 2841 5625 regimine
2869 5559 3177 5612 antevertit.

2321 5634 2345 5660 υ
2379 5628 2429 5680 ld
2461 5639 2540 5680 cst
2587 5641 2724 5680 unus
2774 5630 3027 5690 tumulus,
3090 5643 3209 5681 nam
3265 5642 3408 5696 Stepe
3453 5627 3708 5686 Memoria
3751 5633 3812 5687 ad

2247 5712 2552 5756 sanetorum
2597 5699 2852 5753 tumulum
2890 5699 3272 5769 designandum
3303 5711 3604 5770 usurpatur.
