4090 6418
244 478 380 539 θεας)

1116 482 1273 537 VITA
1315 482 1413 539 SS.
1456 482 1809 544 PALDONIS,
1851 480 2139 536 TASONIS
2176 479 2260 534 ET
2304 476 2613 532 TATONIS.

3356 476 3487 531 1350

243 601 571 657 adttcl'lillluﬁ
590 639 608 664 ,
639 608 694 653 ut
725 613 754 653 a
789 594 877 652 tali
926 594 1179 665 deinceps
1222 600 1483 654 seditione
1531 608 1584 654 et
1631 606 1813 666 pastor
1841 598 1892 655 Α
1920 596 2055 650 hanc
2079 595 2396 650 humilitatis
2418 592 2803 647 confessionem
2825 596 2878 645 et
2900 588 3073 643 mihia
3100 587 3212 643 Deo
3229 590 3378 643 venia
3398 590 3487 644 da.

240 704 295 749 et
321 709 448 761 grex
475 690 630 744 alieni
662 692 912 745 existant.
941 689 1071 754 Quia
1104 692 1203 745 etsi
1235 705 1567 757 nequaquam
1591 704 1686 743 eos
1716 703 1813 756 per

240 781 340 835 hoc
368 778 585 843 factum,
621 789 800 849 utpote
824 780 1135 847 incipientes
1167 784 1451 845 paenitere,
1478 780 1811 833 damnandos

241 872 510 926 afﬁrmare
540 872 818 932 audemus,
851 886 975 925 cum
1005 872 1211 925 scilicet
1246 881 1424 939 pastor
1454 870 1554 923 zeli
1580 869 1808 932 fervore,

238 971 291 1016 et
316 977 442 1031 grex
474 962 907 1030 pusillanimitate
936 963 1219 1027 erraverit;
1249 972 1450 1015 tantum
1480 960 1575 1034 [F.
1609 960 1811 1030 tamen]

232 1052 498 1107 incertum
530 1062 611 1106 est
639 1062 812 1107 utrum
845 1068 938 1107 eos
969 1054 1085 1107 haec
1110 1053 1292 1121 jodicii
1326 1054 1585 1107 sententia
1611 1053 1675 1105 ad
1704 1052 1812 1119 ple-

236 1156 364 1195 num
416 1140 574 1209 hujus
621 1151 798 1195 reatus
850 1142 1074 1195 crimine
1126 1144 1498 1209 rnundaverit,
1530 1158 1595 1194 an
1651 1143 1810 1194 etiam

234 1233 527 1300 purgatorii
579 1239 604 1267 ⁸
659 1242 779 1300 post
836 1244 1061 1285 mortem
1114 1231 1373 1301 supplicio
1428 1232 1563 1299 ignis
1616 1231 1812 1285 fuerint

233 1322 485 1377 absoluti.
527 1323 673 1379 Obiit
720 1334 897 1377 autem
931 1323 1067 1376 Taso
1119 1324 1405 1392 praedictus
1437 1323 1591 1376 Pater
1624 1338 1682 1376 III
1730 1322 1806 1377 ld.

232 1411 536 1478 Januarias,
570 1427 711 1467 anno
740 1413 1016 1465 dominicre
1049 1413 1423 1467 incarnationis
1451 1414 1812 1481 septingente-

231 1500 371 1555 simo
400 1501 657 1570 vigesimo
684 1516 845 1567 nono,
871 1501 1161 1556 indictione
1195 1502 1249 1556 lt
1284 1502 1398 1576 μη,
1432 1502 1541 1572 12].

357 1590 513 1653 Fratri
541 1590 768 1652 prtelatus
793 1604 980 1652 poenam
1004 1592 1130 1640 Taso
1152 1591 1345 1653 fertque
1371 1601 1538 1641 reatus

354 1651 508 1699 Annis
531 1651 639 1711 post
663 1660 772 1701 octo
793 1656 1026 1713 migrans,
1055 1654 1133 1701 cui
1156 1651 1372 1702 cesserat
1398 1659 1518 1702 ordo
1544 1668 1556 1703 :

355 1715 514 1770 Quem
538 1715 758 1774 sequitur
784 1713 982 1761 fratrum
1008 1726 1239 1763 numerus
1254 1715 1345 1763 sub
1363 1725 1501 1776 peste
1527 1724 1744 1766 necatus.

314 1796 394 1848 l7.
442 1795 745 1861 Succedunt
793 1806 1049 1863 prmterea
1099 1804 1218 1865 post
1268 1795 1427 1866 hujus
1478 1797 1806 1853 discriminis

228 1886 370 1939 luem
399 1927 415 1952 ,
468 1896 524 1940 ut
545 1886 762 1950 aSsolet,
786 1887 902 1939 laeta
936 1886 1177 1955 quaedam
1208 1896 1367 1956 atque
1394 1888 1645 1955 jucunda,
1686 1902 1805 1943 cum

227 1985 500 2044 superstes
532 1976 663 2029 Tato
697 1980 811 2031 loco
844 1976 1177 2045 paternitatis
1207 1977 1468 2031 succedit.
1512 1976 1611 2030 llic
1641 1977 1803 2031 deni-

227 2083 333 2137 que
362 2068 610 2121 virtutum
644 2069 876 2121 omnium
907 2078 1075 2123 matre
1106 2068 1295 2137 plenus
1340 2068 1540 2121 exstitit
1572 2068 1806 2122 charita-

238 2158 415 2221 te,in
472 2158 749 2211 animabus
808 2157 1117 2226 colligendis
1175 2156 1636 2225 studiosissimus,
1688 2160 1805 2214 zelo

231 2248 323 2302 Dei
379 2247 821 2315 ferventissimus,
872 2249 1070 2317 pietate
1127 2247 1449 2314 uberrimus,
1482 2249 1805 2304 discretione

226 2344 569 2397 cautissimus
599 2360 613 2396 :
638 2343 831 2412 quique
868 2342 1027 2397 veluti
1072 2350 1242 2396 mater
1284 2356 1447 2413 super
1505 2342 1641 2398 filios
1668 2382 1682 2408 ,
1727 2343 1806 2397 sic

228 2447 444 2501 semper
484 2432 745 2487 sollicitus
778 2432 872 2486 fuit
922 2446 1083 2501 super
1112 2432 1406 2501 subjectos,
1451 2434 1795 2501 semetipsum

220 2521 277 2577 in
308 2522 579 2577 laboribus
601 2523 881 2577 durissime
923 2537 1200 2589 exercens,
1240 2526 1384 2593 gregi
1416 2534 1470 2579 ut
1501 2534 1649 2593 pater
1680 2540 1803 2592 par—

223 2628 387 2682 cens;
423 2616 559 2671 inter
592 2616 747 2672 mites
775 2619 953 2672 mitior
983 2620 1238 2683 existens,
1274 2619 1411 2673 inter
1437 2620 1604 2673 elatos
1629 2620 1800 2674 zelum

222 2705 570 2761 districtionis
624 2723 900 2763 exercens.
971 2709 1159 2763 Fertur
1213 2710 1375 2763 etiam
1446 2725 1512 2763 ex
1576 2726 1684 2778 quo
1733 2710 1799 2765 ad

230 2799 480 2853 monachi
530 2799 764 2854 habitum
798 2802 961 2866 venit,
1022 2816 1353 2870 nequaquam
1396 2800 1600 2855 balneis
1643 2816 1798 2856 usum

230 2888 415 2952 fuisse,
456 2905 727 2958 nunquam
780 2899 937 2957 caput
987 2890 1200 2955 lavisse,
1256 2904 1523 2959 nunquam
1567 2906 1797 2943 novacu—

221 2979 326 3034 lam
378 2996 537 3046 super
576 2991 732 3050 caput
777 2991 867 3035 aut
939 2982 1154 3037 barbam
1206 2981 1473 3036 duxisse:
1534 2991 1608 3046 et,
1658 2983 1798 3050 quod

224 3070 309 3125 his
336 3070 604 3125 difficilius
654 3081 757 3135 est,
791 3071 978 3126 diebus
1027 3085 1189 3140 opere
1230 3086 1483 3125 manuum
1516 3070 1793 3137 insudans,

233 3163 475 3216 noctibus
506 3162 697 3231 vigiliis
748 3164 1023 3233 perpetuis
1066 3178 1300 3230 vacans;
1342 3163 1521 3218 lorica;
1568 3179 1700 3219 onus
1731 3164 1796 3218 ad

221 3270 438 3310 carnem
490 3264 733 3325 gestans,
767 3271 1040 3325 quousque
1086 3256 1252 3310 virtus
1304 3255 1542 3325 corporis
1588 3272 1791 3326 prteva-

221 3346 375 3411 leret,
410 3362 514 3398 non
537 3346 878 3415 deposuisse.
909 3346 1043 3399 Cum
1077 3361 1202 3400 vero
1228 3346 1452 3401 defessis
1477 3361 1538 3401 ac
1569 3347 1799 3417 fatigatis

218 3436 330 3505 jam
364 3436 616 3490 membris
666 3436 801 3490 hanc
832 3435 971 3489 ferre
1016 3452 1123 3489 non
1155 3446 1358 3505 posset,
1408 3437 1667 3492 circulmu
1698 3439 1798 3491 sibi

221 3540 289 3579 ex
344 3525 531 3578 eadem
564 3526 774 3579 occulte
845 3525 963 3580 fieri
997 3529 1285 3593 praecepit,
1335 3543 1492 3593 quem
1535 3537 1587 3581 et
1633 3544 1799 3596 usque

214 3615 282 3669 ad
312 3615 455 3669 diem
503 3618 680 3670 obitus
726 3617 810 3671 sui
861 3617 1106 3685 gestavit.
1161 3618 1308 3670 llunc
1356 3629 1599 3673 asserunt
1648 3620 1796 3672 lecti-

212 3707 413 3762 sternia
482 3707 765 3778 refugisse.
831 3708 1020 3762 Fertur
1064 3716 1119 3762 et
1168 3708 1553 3763 hebdomadam
1594 3710 1796 3778 jejunio

212 3798 504 3865 peregisse.
533 3798 623 3851 llis
656 3798 797 3851 enim
831 3812 892 3852 ac
923 3797 1132 3851 caneris
1158 3798 1440 3852 virtutibus
1467 3802 1700 3868 repletus
1729 3800 1794 3854 ad

213 3888 373 3941 finem
400 3903 563 3957 usque
596 3889 890 3956 perdurans
912 3930 925 3953 ,
961 3899 1357 3943 consummatus
1412 3889 1541 3943 obiit
1579 3891 1629 3944 in
1670 3907 1795 3959 pace

211 3977 280 4033 ΙΙΙ
340 3980 457 4034 ldus
488 3980 818 4047 Decembris,
852 3981 968 4036 ind.
1002 3980 1175 4037 γετοῦ
1201 3980 1310 4054 [L.,
1339 3981 1413 4052 η,
1437 3981 1573 4037 felici
1602 3984 1812 4053 gaudio.

209 4072 388 4139 laetus,
414 4087 553 4125 anno
595 4072 803 4125 incarn.
839 4072 1117 4127 dominica:
1139 4074 1606 4144 septingentesimo
1634 4074 1791 4144 trige-

210 4164 344 4217 simo
370 4179 511 4216 nono
540 4162 588 4215 δ.

331 4254 424 4316 liic
448 4257 579 4314 prius
600 4254 838 4313 abiectus,
865 4255 915 4303 fit
939 4263 1103 4316 postea
1131 4266 1290 4316 pastor
1309 4258 1543 4307 honestus

333 4314 552 4379 undeuis
577 4317 711 4379 actis,
740 4314 987 4379 postquam
1008 4314 1356 4379 'l‘aso‘praefu-t,
1384 4322 1535 4369 armis.

328 4377 401 4425 Ad
426 4378 567 4440 linem
595 4378 774 4425 durans
799 4378 1019 4439 explevit
1044 4377 1260 4439 tempora
1285 4383 1454 4440 longa,

329 4440 421 4497 Qui
446 4438 604 4488 fuerat
624 4452 831 4501 magnus
855 4438 1044 4501 studiis,
1071 4442 1243 4502 opibus
1260 4438 1459 4504 quoque
1483 4442 1664 4504 largus.

278 4522 366 4576 18.
408 4523 533 4577 11³⁸0
588 4523 655 4578 de
702 4524 785 4577 his
817 4523 1016 4577 dixisse
1056 4524 1347 4592 sufﬁciant,
1404 4542 1628 4594 quorum
1690 4541 1786 4582 nos

1922 687 2059 740 bitur
2086 728 2100 753 ,
2134 696 2185 742 ct
2234 687 2339 740 illis
2368 685 2594 739 salubris
2644 682 2906 737 correctio
2938 680 3349 736 ministrabitur.
3382 683 3487 737 Sed

1917 781 2055 835 unde
2070 780 2357 835 exordiar?
2384 778 2524 832 unde
2546 775 2815 846 loquendo
2841 776 3051 828 initium
3070 773 3307 829 sumam?
3329 775 3486 827 Omni

1920 872 2061 925 enim
2097 886 2162 925 ex
2182 878 2330 938 parte
2346 878 2585 921 sanctum
2626 881 2656 919 a
2682 866 2833 919 nobis
2864 865 3192 933 propositum
3230 863 3480 927 violatur,

1917 971 1970 1014 et
1995 975 2128 1027 pene
2160 960 2286 1012 nihil
2317 959 2468 1011 nobis
2501 964 2765 1022 superest,
2802 954 2901 1007 nisi
2935 952 3072 1020 quod
3095 960 3313 1007 sanctus
3335 951 3492 1006 Pater

1916 1052 2161 1121 praedixit
2190 1050 2502 1104 Benedictus
2534 1046 2692 1116 (Reg.
2723 1062 2841 1111 cap.
2875 1045 2963 1109 t.),
3012 1059 3108 1112 per
3135 1051 3407 1097 tonsuram
3435 1051 3511 1103 et,

1917 1141 2154 1197 habitum
2186 1154 2281 1192 nos
2325 1140 2436 1192 Deo
2468 1136 2703 1191 mentiri.
2741 1135 2993 1189 Videinur
3038 1149 3177 1202 pene
3200 1148 3389 1189 omnes
3420 1136 3483 1185 ad

1914 1234 2213 1304 superbiam
2244 1231 2491 1300 prorupti,
2519 1230 2583 1283 ad
2610 1227 3029 1291 contentionem,
3052 1227 3116 1279 ad
3147 1224 3480 1287 scandalum,

1914 1325 1979 1379 ad
2005 1324 2412 1386 detractionem,
2443 1320 2507 1373 ad
2542 1319 2903 1381 mendacium,
2931 1320 2995 1371 ad
3028 1317 3483 1378 maledicendum,

1913 1415 1980 1469 ad
2035 1412 2386 1469 acetisationis
2439 1409 2756 1474 lzesionem,
2816 1408 2882 1462 ad
2935 1408 3368 1471 contumaciam,
3422 1409 3486 1459 ad

1915 1505 2071 1570 iram,
2119 1504 2183 1558 ad
2214 1502 2619 1556 amaritudinem
2652 1511 2706 1555 et
2748 1499 3169 1569 despectionem,
3207 1499 3271 1552 ad
3303 1514 3487 1552 susur-

1915 1597 2197 1659 rationem,
2235 1594 2302 1648 ad
2335 1598 2706 1658 murmurium,
2732 1592 2796 1645 ad
2826 1593 3023 1661 gulam,
3058 1600 3215 1659 atque
3244 1590 3308 1644 ad
3330 1605 3488 1643 orna-

1915 1697 2022 1743 tum
2059 1688 2282 1742 ve~tium
2331 1699 2514 1739 sumus
2568 1684 2767 1739 illecti:
2802 1693 2857 1739 et
2922 1692 2977 1736 ut
3019 1683 3250 1737 breviter
3294 1693 3480 1738 cuncta

1912 1775 2326 1845 perstringamus
2359 1819 2372 1843 ,
2406 1790 2467 1829 ea
2516 1788 2610 1843 per
2635 1788 2754 1843 quae
2805 1773 2975 1826 sancti
3017 1772 3251 1827 etelestia
3283 1788 3475 1827 conse-

1911 1865 2019 1920 cuti
2048 1875 2171 1919 sunt
2199 1879 2383 1935 regna,
2412 1863 2464 1918 id
2507 1871 2588 1918 est
2629 1862 3018 1926 tribulationes,
3053 1862 3478 1931 persecutiones,

1836 1942 1884 2004 Β
1913 1958 2257 2013 adversitates
2283 1997 2301 2023 ,
2333 1957 2607 2027 angustias
2630 1997 2645 2023 ,
2710 1955 2983 2024 passiones
3012 1992 3029 2018 ,
3087 1952 3441 2009 contumelias
3469 1991 3487 2015 ,

1912 2047 2289 2111 humilitatem,
2341 2047 2763 2116 subjectionem,
2820 2053 3186 2121 paupertatem
3243 2044 3366 2099 odio
3398 2042 3486 2096 ha-

1911 2138 2139 2204 bentes;
2175 2154 2292 2208 quae
2348 2148 2533 2192 nostra
2586 2147 2730 2203 sunt,
2794 2153 2899 2191 non
2931 2152 3049 2205 qua:
3100 2136 3317 2190 alterius
3346 2150 3487 2203 qum-

1909 2236 2129 2292 rentes;
2165 2227 2324 2282 falsos
2358 2225 2592 2282 honores
2622 2235 2959 2295 appetentes,
3015 2240 3077 2279 ac
3120 2240 3212 2293 per
3267 2224 3368 2277 hoc
3397 2224 3481 2277 in-

1907 2317 2076 2371 vicem
2114 2316 2437 2381 invidentes,
2468 2317 2691 2372 invicem
2732 2317 3037 2370 mordentes
3073 2333 3087 2381 ;
3119 2313 3373 2385 quidquid
3407 2315 3479 2366 εει

1906 2421 2145 2475 praesens
2191 2407 2444 2471 delectat,
2480 2406 2733 2476 quidquid
2780 2405 3105 2469 dulcedinis,
3140 2412 3248 2458 tota
3300 2412 3479 2457 mento

1907 2497 2247 2563 requirimus,
2277 2497 2453 2552 nescio
2486 2512 2576 2566 per
2621 2496 2759 2566 quod
2791 2495 2932 2551 aliud
2960 2496 3084 2561 iter,
3130 2494 3345 2549 fallente
3375 2507 3471 2547 nos

1907 2588 2019 2642 visu
2074 2590 2368 2655 interiore,
2423 2605 2452 2644 a
2503 2599 2807 2644 sanctorum
2861 2589 2998 2645 calle
3049 2588 3361 2667 deviantes,
3417 2588 3483 2639 ad

1905 2680 2066 2735 vitam
2117 2698 2213 2735 nos
2264 2697 2421 2751 posse
2463 2683 2741 2750 pervenire
2796 2682 3139 2736 confidimus.
3209 2679 3297 2733 Ait
3338 2679 3479 2731 enim

1904 2772 2159 2827 Dominus
2190 2791 2204 2827 :
2235 2776 2386 2827 Arcta
2427 2784 2473 2827 et
2500 2786 2715 2844 augusta
2744 2776 2823 2827 υἱέι
2849 2784 2924 2827 est
2970 2788 3083 2839 qua:
3111 2772 3255 2824 ducit
3303 2772 3377 2823 ad
3402 2775 3480 2824 oi—

1900 2872 2025 2928 tam,
2055 2873 2100 2916 et
2129 2864 2276 2933 pauci
2306 2873 2425 2917 sunt
2455 2866 2541 2934 qui
2569 2866 2758 2918 intrant
2788 2881 2875 2931 per
2896 2871 3007 2917 eam
3039 2861 3221 2931 (Matt.
3245 2864 3298 2926 7,
3336 2862 3430 2916 141
3460 2881 3472 2924 ;

1900 2958 2011 3011 Act.
2048 2972 2162 3025 xiv,
2187 2955 2302 3026 21).
2325 2957 2611 3026 Apostolus
2636 2972 2760 3011 vero
2791 2957 2921 3010 dixit
2945 2970 2961 3009 :
2985 2955 3087 3010 Per
3108 2956 3296 3008 multas
3319 2955 3480 3008 tribu—

1900 3045 2112 3100 latione:
2134 3055 2331 3114 oportet
2360 3061 2453 3100 nos
2482 3046 2693 3100 introire
2731 3047 2781 3099 in
2810 3061 3021 3115 regnum
3050 3043 3144 3098 Dei
3166 3044 3345 3113 (llom.
3370 3060 3482 3107 \‘Ill,

1900 3137 2008 3205 17).
2050 3138 2117 3192 Et
2142 3138 2332 3192 iterum
2364 3155 2378 3192 :
2408 3138 2471 3194 Si
2516 3154 2617 3192 non
2662 3139 3023 3206 compatimur,
3055 3153 3147 3191 nec
3194 3153 3481 3207 conregna-

1902 3230 2066 3284 bimus
2097 3228 2194 3300 (ΙΙ
2223 3230 2354 3284 Tim.
2397 3245 2456 3297 tt,
2485 3230 2575 3301 12)
2604 3247 2618 3293 ς
2646 3241 2721 3294 et,
2779 3229 2947 3283 Nemo
3010 3228 3355 3291 coronabitur,
3387 3230 3483 3281 nisi

1828 3290 1873 3352 C
1903 3320 1988 3390 qui
2018 3290 2241 3390 legitime
2268 3290 2529 3376 certaverit
2558 3290 2615 3390 ’(’
2638 3290 2776 3375 Ibid.
2804 3322 2835 3375 5
2860 3321 2901 3391 ).
2940 3319 3033 3374 Eia
3052 3360 3068 3386 ,
3104 3290 3349 3374 monachi
3380 3334 3481 3375 no-

1900 3411 2020 3477 stri,
2051 3411 2178 3480 quid
2208 3410 2275 3465 ad
2330 3411 2443 3467 haec
2469 3411 2660 3466 dicturi
2713 3410 2935 3466 sumus?
2986 3416 3078 3465 aut
3124 3407 3303 3480 (quod
3335 3409 3475 3461 enim

1900 3500 2051 3555 nefas
2079 3500 2193 3569 est)
2227 3500 2559 3569 Scripturam
2613 3500 2946 3567 mendacem,
2979 3508 3073 3554 aut
3117 3498 3474 3568 nosmetipsos

1899 3594 2187 3650 mendaces
2242 3596 2504 3651 veraciter
2557 3596 2966 3665 appellabimus.
3009 3595 3142 3651 Sine
3193 3594 3279 3649 via
3332 3597 3474 3649 enini

1898 3687 2241 3743 tendentibus
2296 3688 2449 3743 labor
2500 3698 2582 3743 est
2629 3690 2859 3753 itineris,
2891 3705 2995 3744 non
3042 3689 3333 3758 profectus.
3370 3690 3480 3744 Aut

1899 3779 2077 3837 forte.
2115 3780 2327 3851 decepti
2366 3770 2562 3838 dicere
2638 3785 2932 3852 poterimus
3012 3783 3032 3851 (
3076 3791 3132 3835 ut
3183 3781 3480 3837 secundum

1898 3870 2167 3926 miseriam
2220 3880 2459 3925 nostram
2486 3874 2672 3939 loquar
2703 3873 2721 3938 )
2757 3874 3033 3925 Dominum
3059 3870 3282 3926 dixisse:
3337 3873 3479 3924 Beati

1894 3961 1981 4029 qui
2019 3960 2185 4015 induti
2209 3969 2333 4014 sunt
2360 3976 2525 4027 cappa
2560 4002 2574 4026 ,
2608 3963 2687 4014 vel
2721 3963 2809 4030 qui
2861 3977 3024 4030 usque
3055 3963 3108 4017 in
3153 3963 3338 4018 horam
3384 3980 3477 4016 no-

1894 4067 2017 4105 nam
2064 4051 2354 4121 jejunant?
2385 4068 2713 4122 nequaquam
2741 4071 2754 4118 ;
2785 4054 2917 4108 dixit
2963 4062 3143 4110 autem
3172 4056 3240 4111 de
3274 4055 3355 4109 his
3388 4058 3476 4124 qni

1893 4147 2078 4202 falsam
2129 4148 2438 4216 religionem
2493 4148 2876 4216 pr:etendunt:
2927 4148 3149 4204 Veniunt
3198 4150 3264 4203 ad
3293 4167 3377 4204 vos
3422 4151 3474 4203 iu

1892 4242 2193 4294 vestimentis
2236 4240 2431 4305 ovium,
2479 4240 2781 4296 intrinsecus
2822 4249 2990 4294 autem
3033 4250 3151 4294 sunt
3181 4242 3290 4310 lupi
3322 4257 3473 4310 rapa-

1892 4351 1971 4387 ces
2003 4333 2219 4406 (Matth.
2247 4350 2298 4398 v,
2323 4335 2357 4388 5
2380 4333 2421 4404 ).
2456 4335 2529 4388 De
2576 4334 2680 4387 illis
2735 4343 2945 4399 autem,
2980 4335 3070 4405 qui
3121 4333 3260 4389 beati
3313 4333 3472 4388 futuri

1890 4433 2035 4488 sunt,
2091 4424 2166 4477 ait
2198 4440 2209 4475 :
2241 4420 2383 4475 Beati
2432 4438 2679 4492 pauperes
2718 4423 2922 4491 spiritu,
2974 4424 3217 4491 quoniam
3246 4424 3474 4493 ipsorum

1890 4523 1963 4568 est
1986 4530 2198 4586 regnum
2229 4515 2505 4581 citatorum,
2555 4525 2660 4569 etc.
2716 4515 3058 4570 Intendamus
3088 4516 3176 4585 qui
3232 4515 3349 4570 hanc
3377 4516 3472 4568 ab-

203 4616 449 4683 exempla
473 4630 533 4669 ac
555 4614 690 4669 facta
721 4631 782 4683 pr
797 4616 985 4671 molam
1012 4615 1077 4670 de
1105 4617 1284 4671 smculi
1316 4619 1524 4673 turbine
1552 4620 1617 4672 ad
1647 4620 1783 4673 hanc
1812 4637 1868 4698 Β
1893 4608 2207 4674 horremus,
2267 4610 2458 4678 quibus
2507 4608 2680 4664 tnodis
2714 4610 2765 4664 in
2813 4609 3092 4680 Scriptura
3141 4609 3471 4664 detestantur

202 4707 437 4777 quietem
474 4708 857 4775 perduxerunt.
890 4708 993 4762 Sed
1027 4709 1214 4762 horum
1246 4713 1568 4777 aspicientes
1600 4714 1775 4767 fervo-

201 4812 338 4862 rem,
393 4796 539 4866 cogit
583 4812 679 4851 nos
734 4800 960 4866 gemitus
1006 4798 1205 4867 aliquid
1254 4800 1441 4855 dicere
1471 4802 1537 4855 de
1581 4811 1781 4856 nostrae

203 4890 629 4947 conversationis
670 4902 875 4961 lepore,
926 4902 978 4946 et
1027 4908 1327 4961 quanquam
1360 4896 1623 4961 meipsum
1674 4897 1781 4963 pri-

199 4997 289 5037 mo
317 4983 474 5036 ferire
506 4983 770 5053 loquendo
802 4985 1388 5052 pertimescam,tamcn
1413 5002 1473 5039 ea
1500 4987 1553 5039 in
1587 4988 1780 5055 quibus

197 5075 371 5144 jacen,
392 5086 442 5131 et
468 5077 595 5130 mihi
626 5075 827 5130 similes
855 5076 1034 5145 jacere
1061 5092 1326 5145 cognosco
1346 5119 1361 5143 ,
1387 5093 1636 5133 enarrare
1656 5083 1778 5134 vitia

197 5169 408 5223 sublato
438 5168 638 5239 pudore
658 5180 680 5206 ε
716 5186 819 5223 non
849 5173 1184 5228 erubescam.
1214 5170 1477 5227 Fortassis
1511 5174 1653 5227 enim
1686 5188 1781 5239 per

271 5354 294 5383 ⁸
325 5348 400 5400 En
434 5349 581 5402 locus
611 5348 921 5401 manifestus
951 5348 1019 5404 de
1052 5348 1390 5413 Purgatur-io,
1416 5348 1482 5403 ile
1510 5364 1613 5417 quo
1644 5350 1775 5405 Gre-

192 5420 374 5488 got-ins
398 5419 614 5488 Magnus
646 5419 733 5471 lib.
767 5434 817 5471 tv
852 5419 1144 5481 Di:rl.,cap.
1179 5420 1268 5483 '59,
1297 5430 1350 5471 ct
1378 5420 1487 5474 alii.

268 5485 295 5523 ι’
319 5485 506 5540 Tatoni
541 5490 795 5542 successit
821 5490 943 5552 Atu,
987 5506 1143 5558 quem
1178 5506 1277 5540 una
1309 5506 1426 5541 eum
1458 5491 1652 5555 Optato
1678 5491 1773 5543 ah-

194 5558 317 5611 bate
349 5558 595 5612 Casinate
653 5558 954 5627 Stephanus
988 5576 1119 5627 papa
1170 5558 1207 5613 Il
1246 5559 1312 5612 ad
1342 5560 1642 5613 leniendum
1676 5561 1769 5614 Ai-

190 5628 413 5699 siolfnm
466 5628 728 5683 direxisse
802 5641 1147 5684 memoratur.
1220 5631 1359 5699 Lege
1424 5632 1765 5687 Anastasium

194 5698 682 5751 Bibliothecarittm.

266 5777 288 5801 “-
326 5768 413 5819 l’ia
445 5783 572 5821 sane
599 5767 946 5835 impudentia.
968 5768 1128 5822 Paulo
1158 5771 1296 5824 enim
1318 5770 1494 5822 minus
1522 5779 1767 5836 posteros

195 5838 418 5890 interest
449 5840 712 5905 majorum
740 5855 1027 5905 agnoscere
1058 5842 1179 5893 vitia
1229 5856 1386 5907 quam
1419 5840 1637 5895 virtutes
1667 5860 1677 5893 :
1709 5853 1763 5896 ct

195 5909 476 5963 criminum
528 5910 823 5964 alienorum
875 5914 1062 5980 pudor,
1096 5911 1412 5981 sequacibus
1466 5913 1647 5966 cautio
1675 5923 1755 5967 est

1878 4716 1954 4756 ea
1987 4718 2105 4768 quae
2138 4716 2279 4754 nunc
2307 4702 2457 4770 sequi
2488 4700 2755 4755 videmur.
2791 4701 3062 4771 Scriptum
3095 4715 3324 4770 namque
3351 4708 3466 4754 est:

1885 4792 2132 4861 Superbia
2174 4792 2306 4846 Deus
2347 4794 2556 4859 resistit,
2611 4794 2887 4847 humilibus
2926 4804 3094 4847 autent
3136 4794 3225 4847 dat
3255 4793 3469 4863 gratiam

1884 4883 2023 4949 (lac.
2058 4899 2127 4949 tv,
2155 4884 2208 4949 6)
2234 4898 2249 4947 ;
2283 4891 2354 4947 et,
2385 4884 2487 4948 Qui
2515 4884 2733 4938 detrahit
2756 4885 2927 4954 fratri,
2951 4882 3463 4955 eradicabiturUbid.

1887 4974 2013 5043 Il);
2063 4986 2149 5039 et,
2201 4973 2383 5045 Neque
2440 4976 2676 5027 maledici
2733 4991 2940 5043 regnum
3003 4976 3096 5029 Dei
3143 4974 3464 5044 possidebunt

1883 5064 1936 5137 (I
1962 5065 2077 5120 Cor.
2108 5081 2178 5130 VI,
2207 5064 2293 5135 10)
2322 5083 2336 5130 ;
2373 5073 2447 5132 et,
2482 5065 2671 5120 Partica
2712 5084 2797 5121 eos
2829 5070 2913 5134 qui
2945 5066 3224 5136 loquuntur
3258 5066 3463 5119 menda-

1882 5158 2016 5212 cium
2045 5156 2217 5230 (Psal.
2254 5174 2303 5223 ν,
2341 5155 2395 5227 7)
2422 5176 2434 5223 ;
2467 5167 2553 5224 cl,
2581 5159 2772 5212 Cecidit
2823 5167 3093 5215 accusator
3126 5162 3345 5231 fratrum
3373 5175 3462 5211 no-

1886 5358 1941 5421 et
1968 5349 2213 5403 inchoata
2241 5351 2521 5405 correctio.
2562 5352 2759 5405 Eodem
2814 5352 2999 5407 animo
3030 5353 3289 5421 impulsus
3341 5366 3458 5407 erat

1876 5420 2317 5494 chronographus
2364 5420 2733 5494 Trudonianns
2770 5467 2782 5487 ,
2849 5425 2941 5494 qui
2992 5420 3193 5477 idcirco
3249 5424 3301 5477 iu
3371 5425 3456 5475 lit-

1875 5491 2036 5562 storia
2090 5490 2400 5545 monasterii
2455 5492 2533 5545 sui
2592 5490 3132 5561 rnajorum'virtutes
3182 5496 3449 5562 expressit

1873 5560 2029 5634 simul
2056 5570 2110 5634 et
2140 5564 2285 5625 vitia,
2319 5570 2375 5614 ut
2403 5565 2525 5634 dum
2556 5560 2783 5631 probitas
2812 5580 2902 5618 seu
2932 5565 3232 5633 improbitas
3259 5560 3444 5634 singu-

1873 5630 2039 5702 lorum
2088 5632 2336 5700 legeretur
2366 5672 2379 5694 ,
2414 5630 2561 5691 probi
2603 5635 2835 5702 priorqu
2881 5630 3116 5702 exemplo
3160 5630 3364 5688 accensi
3407 5652 3456 5686 in

1871 5701 2049 5777 melius
2078 5710 2124 5752 et
2155 5703 2335 5755 melius
2368 5719 2576 5777 semper
2605 5701 2882 5773 proﬁciant
2906 5722 2924 5768 ;
2958 5701 3173 5777 improbi
3201 5706 3463 5777 imaginu-

1870 5780 1921 5821 ta
1957 5774 2067 5850 rita
2120 5787 2212 5823 sua
2251 5774 2490 5841 confusi,
2553 5791 2584 5828 α
2660 5778 2807 5831 malis
2837 5776 3068 5847 aperibus
3120 5777 3224 5833 suis
3272 5774 3450 5833 saltem

1869 5854 2189 5909 resipiscam.
