3898 6204
196 327 273 383 35
458 336 463 343 '
1090 331 1313 387 SERCII
1354 332 1557 388 PAP£
1595 334 1613 386 Ι
1657 331 1981 387 EPISTULA
2021 334 2108 387 AD
2146 331 2597 387 CEOLFIilDUM.
2829 366 2833 371 ι
3376 327 3444 393 εἰ

191 448 469 497 doctrina
522 444 827 513 apostolica:
855 442 999 497 sedis
1032 444 1329 507 illmninati,
1363 417 1640 511 tutu‘pace
1662 442 1790 499 'con-
1817 455 1862 508 Α
1892 448 1991 501 nia:
2020 446 2491 517 archiepiscopum.
2521 446 2616 500 llic
2638 448 2903 502 ordinavit
2940 464 3034 517 per
3056 450 3296 505 diversas
3319 466 3443 519 pro-

192 544 473 588 sorrantes
506 536 740 600 veritati,
785 534 852 587 ad
884 534 1092 601 propria
1120 538 1134 564 ¹
1170 534 1386 587 relaxati
1412 547 1553 587 sunt.
1590 535 1684 588 llic
1713 535 1788 589 ie-

191 624 277 674 cit
326 624 695 691 coopertoria,
747 623 829 676 vel
854 637 978 675 vasa
1018 638 1198 688 aurea,
1231 632 1284 676 et
1310 630 1559 690 argentea
1588 624 1608 654 ’
1636 624 1785 691 plura

193 728 303 779 per
326 713 582 767 diversas
609 714 882 777 ecclesias,
917 715 981 766 ad
1012 729 1162 766 usum
1189 722 1242 766 et
1272 720 1513 766 ornatum
1543 713 1787 766 ecclesia-

193 816 327 852 rum
345 799 579 855 Christi.
603 794 696 854 Hic
719 800 1308 871 ordinavitpamianum
1328 799 1783 867 archiepiscopum

190 901 417 943 sancta
472 892 725 945 Ecclesia:
776 891 1136 955 Ravennatis,
1187 889 1209 920 ³
1248 898 1407 955 atque
1458 889 1782 943 Clementem

191 977 216 1006 ⁵
250 981 639 1063 Frisonorum.
670 981 765 1035 liic
792 981 1056 1035 ordinavit
1082 981 1102 1011 ⁵
1132 980 1547 1049 Berecbyaldum
1580 980 1784 1033 Britan-

1892 527 2088 591 vincias
2136 537 2409 603 episcopos
2432 538 2712 605 nonaginta
2744 548 2969 607 septem.
3001 538 3148 593 Fecit
3176 550 3352 595 autem
3383 552 3439 596 et

1892 626 2252 679 ordinationes
2299 626 2430 679 duas
2485 642 2578 692 per
2614 627 3069 691 mensem‘Martii,
3104 628 3442 699 presbyteros

1894 728 2045 778 xviii,
2060 714 2314 768 diaconos
2330 724 2570 783 quatuor,
2592 716 2679 783 qui
2696 714 2851 769 etiam
2870 717 3104 783 sepultus
3125 725 3206 770 est
3232 718 3296 770 ad
3318 717 3443 772 bea-

1890 811 1997 855 tum
2044 804 2255 857 Petrum
2297 804 2595 871 apostolum
2638 803 2662 835 ⁶
2716 820 2766 858 vt
2818 805 2936 858 ldus
2981 800 3327 872 Septembris,
3360 807 3440 859 in-

1891 891 2119 945 dictione
2148 893 2166 922 τ
2199 907 2285 956 ιν,
2319 892 2530 946 Tiberio
2556 894 2814 961 Augusto,
2846 904 2898 948 et
2918 896 3144 949 cessavit
3170 896 3442 965 episcopa-

1891 989 1973 1032 tus
1997 995 2232 1034 mensem
2265 996 2447 1047 unum,
2476 982 2597 1036 dies
2617 983 2817 1051 viginti.

1424 1084 1814 1142 VARIANTES
1852 1087 2251 1143 LECTIUNES.

271 1190 290 1218 ι
320 1178 467 1233 Cod.
498 1178 655 1240 Luc.,
682 1181 886 1232 reversi.

272 1248 295 1276 '
323 1248 417 1299 Al.
450 1263 561 1298 om.
600 1248 768 1313 plura.

271 1316 295 1345 ³
329 1318 425 1369 Al.
459 1312 789 1368 Ravennatis.
831 1315 931 1367 Hic
953 1316 1203 1367 ordinavit
1232 1314 1562 1366 Bertoaldum
1582 1312 1779 1365 archie-

192 1385 501 1451 piscopum,
526 1394 676 1451 atque
689 1384 991 1436 Clementem
1014 1387 1065 1437 in
1084 1396 1279 1452 gentem
1293 1380 1649 1440 Frisonornm.
1676 1379 1781 1433 Hic

192 1454 469 1505 ordinavit
485 1470 587 1523 per
609 1455 852 1516 diversas,
883 1465 978 1507 etc.

192 1774 317 1823 (cite

1948 1178 1979 1234 λδ
2009 1180 2137 1232 Cod.
2175 1179 2325 1241 Luc"
2360 1179 2655 1233 Frisonum.

1961 1248 1980 1275 ³
2010 1246 2158 1300 Cod.-
2179 1246 2330 1313 Luc.,
2358 1247 2771 1308 Berectualdum.

1959 1315 1985 1345 ‘
2008 1318 2140 1368 Cod.
2172 1316 2323 1380 Luc.,
2353 1320 2547 1387 quinto.

1957 1384 1977 1415 '
2007 1385 2115 1448 AL,
2152 1397 2258 1438 xw.

1462 1507 1837 1599 ‘vantonuu
1875 1539 2078 1594 Nora:
2107 1574 2123 1591 .

193 1649 497 1704 postquam
526 1637 666 1688 enim
697 1637 962 1689 Tiberium
994 1635 1323 1689 Absimarum
1365 1633 1622 1687 Invasisse
1649 1648 1782 1704 nar-

192 1702 359 1757 ravit
384 1706 665 1769 imperium
695 1723 707 1756 :
734 1704 848 1756 Hoc
877 1708 1117 1770 tempore,
1150 1705 1345 1763 subdit.
1373 1705 1593 1771 synodus
1625 1702 1781 1767 Aqui—

380 1774 538 1839 {acta,
590 1773 649 1824 ob
698 1774 1001 1841 imperitiam
1045 1775 1185 1839 ﬁdei,
1236 1774 1462 1837 quintum
1504 1772 1781 1823 universale

1893 1629 2299 1702 taquileienscs;
2333 1644 2450 1702 nam
2476 1638 2631 1682 erant
2670 1629 2912 1702 catholici
2952 1631 3301 1702 metropolitte
3328 1633 3442 1702 ejus

1888 1698 2157 1763 Ecclesisc,
2204 1698 2253 1750 in
2287 1700 2451 1751 insula
2494 1707 2665 1752 tamen
2710 1700 2883 1752 Gradu
2909 1702 3157 1755 ordinati.
3189 1698 3430 1755 Nondum

1883 1769 2023 1819 enim
2073 1767 2379 1831 metropolis
2424 1768 2677 1833 Aquileia:
2719 1770 2772 1821 in
2813 1768 2942 1822 duas
2974 1771 3198 1823 dissecta
3248 1772 3437 1831 fuerat,

190 1835 489 1893 concilium
530 1835 780 1906 suscipere
802 1842 1000 1909 ili/ﬁdit,
1045 1835 1206 1894 donec
1246 1835 1371 1893 beati
1421 1841 1589 1909 Sergii
1635 1855 1779 1907 papae
1818 1845 1859 1900 Β
1888 1836 2027 1903 qhod
2071 1844 2252 1909 postea
2278 1835 2515 1909 Gregorii
2536 1836 2587 1909 _ll
2615 1838 2930 1909 auctoritate
2968 1839 3159 1891 laetum
3188 1837 3302 1890 fuit.
3328 1839 3439 1903 Una

192 1912 420 1962 monitis
446 1912 609 1962 instru
640 1922 707 1973 ta,
736 1920 781 1963 et
820 1915 931 1975 ipsa
961 1928 1078 1962 cum
1111 1912 1302 1963 caneris
1325 1910 1510 1961 Christi
1542 1908 1781 1960 Ecclesiis

1003 1979 1111 2044 jam
1182 1980 1654 2033 animadverteram
1712 1982 1779 2029 de

190 1984 439 2030 annuae
487 1983 747 2030 consentit.
818 1981 943 2031 llzec

190 2049 378 2115 altera
446 2045 849 2115 pseudosynodo
910 2048 1231 2115 Aquileiensi
1303 2058 1483 2115 contra
1537 2048 1775 2115 quintum

200 2114 516 2165 universale
538 2113 841 2173 cencitiutn,
876 2128 994 2165 cum
1037 2114 1101 2165 ad
1149 2128 1333 2166 manus
1360 2114 1501 2164 venit
1528 2113 1774 2163 eruditis-

186 2183 351 2234 ‘sirna
383 2183 687 2235 diisertatio
717 2184 782 2235 de
821 2183 1102 2233 schismate
1134 2183 1385 2235 Ecclesia:
1416 2179 1772 2247 Aquileiensis

194 2250 272 2301 ΓΙ.
304 2248 484 2313 Patris
523 2249 771 2303 Bernardi
800 2250 975 2302 Marize
1002 2251 1068 2303 de
1091 2251 1307 2311 Bubeis,
1342 2246 1516 2318 inqua
1542 2247 1690 2317 (Cap.
1715 2246 1767 2311 5,

194 2320 293 2384 l9)
326 2319 566 2372 ostendit
607 2320 865 2388 synodum
911 2320 1173 2372 diversam
1204 2321 1273 2372 ab
1302 2318 1390 2371 illa
1436 2319 1634 2371 Paulini
1671 2320 1768 2388 Be-

191 2388 339 2439 dam
387 2386 707 2454 signiﬁcare.
756 2389 836 2441 Ad
884 2390 1182 2454 Oppositam
1228 2403 1351 2441 vero
1399 2390 1657 2439 rationem
1682 2386 1774 2437 de-

185 2466 480 2525 ‘sumptatn
521 2467 627 2507 tum
656 2473 719 2508 ex
764 2458 1149 2525 subscriptione
1180 2456 1387 2511 Maximi
1421 2455 1770 2523 Aquileiensis

191 2527 434 2593 synodo
462 2524 821 2587 Lateranensi,
852 2534 957 2575 tum
986 2540 1050 2577 ex
1087 2528 1336 2593 synodica
1367 2526 1618 2577 Romana:
1643 2539 1770 2591 syn-

194 2591 287 2641 odi
349 2591 457 2645 sub
498 2602 680 2643 sancto
725 2595 1033 2659 Agathone,
1080 2591 1161 2645 cui
1205 2594 1515 2659 subscripsit
1566 2595 1770 2658 Agatho

194 2662 569 2727 Aquileiensis
605 2676 723 2712 cum
753 2662 864 2712 suis
908 2662 1271 2727 suifraganeis,
1305 2662 1586 2726 respondet
1632 2661 1768 2711 idem

188 2730 550 2781 doctissimus
575 2728 820 2795 scriplOr,
842 2729 1121 2781 Maximum
1146 2739 1197 2782 et
1223 2730 1549 2797 Agathonem
1573 2743 1673 2787 non
1702 2729 1765 2778 ad

199 2798 601 2865 Aquileiensem
634 2801 946 2860 Ecclesiam,
980 2800 1071 2851 sed
1100 2802 1163 2850 ad
1192 2798 1515 2852 Gradensem
1558 2807 1790 2863 specta-

196 2864 279 2919 re.
308 2864 498 2934 Neque
527 2882 652 2919 vero
696 2870 988 2920 mirandum
1036 2878 1115 2919 est
1158 2882 1249 2921 eos
1286 2882 1345 2922 se
1390 2866 1767 2932 subscripsisse

1889 1902 2196 1972 metropolis
2238 1913 2370 1966 erat,
2404 1902 2571 1972 lnquit
2616 1906 2856 1959 laudatus
2896 1917 3096 1971 auctor,
3128 1922 3248 1973 qua:
3295 1902 3441 1960 εριιίεὲ

1886 1981 2055 2045 smate
2084 1974 2445 2045 lacerabatur;
2481 1989 2639 2045 unum
2662 1989 2854 2041 corpus
2879 1989 2998 2028 cum
3025 1975 3219 2045 duplici
3244 1978 3437 2042 capite,

1883 2044 2051 2097 altero
2095 2042 2453 2105 schismatico,
2495 2044 2663 2095 altero
2698 2044 2990 2107 catholico;
3032 2042 3282 2098 ac‘alteri
3310 2060 3438 2097 sana

1883 2110 2115 2161 membra
2166 2110 2542 2173 adhmrebant,
2594 2111 2743 2163 alteri
2810 2114 3075 2166 morbosa.
3136 2114 3437 2166 Catholicus

1881 2176 2215 2246 metropolita
2263 2178 2533 2229 dicebatur
2583 2177 2904 2243 Gradeusis,
2964 2181 3103 2246 quod
3159 2182 3208 2232 in
3263 2182 3429 2232 insula

1878 2244 2053 2315 Gradu
2078 2247 2393 2315 eligeretur;
2442 2245 2810 2299 schismaticus
2837 2244 3127 2315 appet—latus
3157 2257 3239 2301 est
3272 2250 3436 2314 Aqui-

1878 2313 2114 2383 leiensis,
2138 2314 2275 2381 quod
2299 2310 2552 2378 Joannes,
2574 2316 2833 2367 catholico
2848 2310 3114 2369 Gaudiana
3140 2310 3436 2383 Oppositus,

1874 2382 1925 2453 in
1959 2392 2136 2435 vetere
2165 2384 2317 2453 luerit
2360 2384 2637 2453 ordinatus,
2656 2385 2914 2451 Aquileia.
2945 2382 3258 2453 Uterquese
3286 2382 3437 2453 gere-1

1878 2451 1966 2503 bat
1990 2466 2083 2518 pro
2116 2451 2462 2520 Aquileiensi,
2490 2467 2552 2503 ac
2581 2452 2817 2520 sibijura
2860 2456 2910 2506 in
2961 2451 3119 2508 totam
3168 2451 3434 2520 metropo-

1876 2520 1964 2572 lim
2018 2520 2333 2589 vindicabat.
2390 2518 2591 2589 Favere
2622 2518 3113 2589 _L:ingob.trdorum
3161 2518 3436 2576 fruebatur

1880 2587 2580 2661 schismaticusicatholico
2611 2587 2858 2661 favebant
2892 2594 3108 2645 Itomani
3140 2594 3435 2661 pontiﬁces,

1844 2687 1846 2689 »
1876 2652 2113 2727 exarchi,
2141 2669 2210 2727 ret
2242 2658 2702 2727 Cltristtanissima
2756 2660 3072 2714 Venetorum
3116 2652 3431 2727 risspuhlica.

1872 2727 1971 2797 ξεί]
2003 2726 2070 2776 de
2100 2726 2497 2797 llis‘lOrinitttjlls
2523 2728 2820 2797 schisntatis
2844 2731 2990 2795 plura
3027 2732 3115 2797 qui
3142 2726 3430 2791 desiderat,

1873 2794 2010 2859 legat
2039 2794 2278 2864 eamdem
2305 2794 2748 2864 dissertationem,
2782 2811 2809 2846 a
2830 2794 2940 2861 qua
2968 2794 3239 2851 scliismati
3271 2799 3430 2864 Aqui-

1875 2863 2061 2915 leteusi
2085 2862 2310 2913 tuuitttm
2336 2862 2468 2913 lucis
2495 2862 2800 2915 aliunditur.
2820 2865 3052 2917 Marsus.

962 3122 1385 3223 SEBGII
1462 3112 1831 3220 PAPZE
1908 3121 1947 3218 Ι
2023 3113 2647 3249 EPISTULA

445 3301 549 3359 AD
595 3300 1101 3362 CEOLFBIDUM
1149 3301 1521 3360 ABBA’I‘EM
1573 3298 2059 3359 MONASTERII
2107 3298 2469 3359 mvonUM
2514 3301 2743 3361 PETRI
2794 3278 2889 3358 ET
2934 3300 3193 3375 PAULI,

1024 3496 1025 3499 η
1100 3456 1268 3507 QUOD
1312 3456 1423 3497 EST
1466 3457 1547 3496 Δυ
1593 3453 2019 3499 WIRIMUNDAM
2064 3455 2144 3495 ΕΤ
2188 3455 2549 3511 ικϐειινωι,

980 3576 1061 3627 DE
1134 3576 1299 3637 BEDA
1374 3556 1752 3623 ΥΒΝΕΒΔΒἹΙᾸ
1824 3572 2048 3621 ΙιΟΜΑΜ
2117 3568 2665 3625 ΤΚΑΝΒΜΙΤΤΕΝΒΟ.

1296 3738 1297 3741 “
1320 3740 1355 3779 ἐν
1439 3765 1606 3826 (ﬂans,
1631 3764 1746 3815 Coll.
1772 3764 1913 3812 Cone.
1938 3770 2055 3814 tom.
2076 3762 2204 3824 XII.)

3061 3732 3079 3758 \

277 3947 501 4016 Sergius
548 3942 825 4013 episcOpus
871 3955 1054 3999 servus
1082 3962 1356 4001 servorum
1392 3944 1482 4003 Dei
1514 3950 1773 4004 Ceolfrido
1805 3954 1846 4011 (ἶ
1880 3948 2154 4002 ferendum
2185 3960 2297 3999 arte
2343 3946 2648 3999 litteraturte
2688 3928 2892 4011 imbuti,
2935 3949 3073 4001 sicut
3102 3948 3270 4005 decet
3322 3955 3429 4007 Deo

191 4035 459 4105 religioso
488 4032 664 4086 abbati
692 4032 936 4086 salutem.

267 4124 477 4190 Quibus
522 4124 703 4175 verbis
739 4137 803 4174 ac
850 4122 1018 4175 modis
1068 4124 1401 4176 clementiam
1450 4123 1539 4175 Dei
1596 4126 1763 4175 nostri

192 4223 360 4284 atque
394 4212 806 4267 inenarrabilem
859 4215 1241 4282 providentiam
1285 4230 1563 4283 pussumus
1592 4214 1761 4277 etiari,

193 4314 253 4355 et
279 4303 476 4370 dignas
504 4302 791 4369 gratiarum
811 4305 1048 4355 actiones
1080 4320 1174 4371 pro
1194 4304 1467 4358 immensis
1496 4305 1634 4359 circa
1669 4321 1766 4359 nos

192 4391 320 4460 eius
348 4392 624 4445 beneﬁt-iis
654 4391 955 4457 persolvere
974 4429 988 4454 ,
1032 4393 1119 4458 qui
1155 4394 1205 4443 in
1241 4396 1470 4447 tenebris
1500 4406 1550 4447 et
1582 4398 1763 4447 umbra

193 4481 395 4534 mortis
438 4481 636 4546 positos
680 4480 745 4532 ad
794 4480 967 4534 lumen
999 4483 1232 4533 scientia:
1265 4483 1505 4548 producit
1534 4485 1553 4535 ?
1586 4483 1650 4533 Et
1680 4486 1761 4534 itt-

196 4571 305 4641 fra.
341 4570 726 4623 Benedictionis
770 4571 969 4624 interea
1015 4573 1255 4638 gratiam,
1303 4588 1458 4637 ninam
1492 4571 1641 4624 nobis
1668 4588 1763 4638 per

196 4669 523 4727 prasentem
584 4652 897 4725 portitorem
931 4668 1013 4712 tua
1061 4661 1203 4713 misit
1230 4661 1417 4713 devota
1466 4662 1669 4728 religio,
1705 4662 1763 4711 li-

196 4753 393 4802 benter
418 4757 471 4802 et
511 4747 884 4813 ltilarianimo,
919 4752 1071 4802 sicuti
1102 4750 1167 4802 ab
1196 4765 1255 4803 ea
1284 4750 1481 4803 directa
1518 4759 1615 4812 est,
1666 4765 1760 4802 nos

193 4838 505 4905 suscepisse
535 4851 820 4905 cognosce.
856 4839 1177 4905 Upportunis
1205 4853 1332 4907 ergo
1361 4854 1419 4891 ac
1449 4840 1618 4909 dignis
1644 4854 1759 4891 am-

193 4926 501 5000 plectenda:
526 4917 650 4982 iuae'
672 4929 1046 4982 sollicitudinis
1078 4931 1420 4996 petitionibus
1464 4931 1759 4983 arctissima

192 5016 495 5073 devotione
523 5016 778 5083 faventes,
833 5016 1105 5070 hortamur
1139 5018 1245 5071 Deo
1271 5018 1520 5071 dilectam
1550 5026 1651 5070 tuae
1680 5034 1763 5069 rc-

192 5104 501 5177 ligiositatis
528 5106 844 5176 bonitatem,
878 5116 933 5160 ut
960 5108 1079 5175 quia
1108 5109 1308 5161 exortis
1335 5106 1645 5175 quibusdam
1675 5122 1759 5160 cc-

190 5194 619 5271 clesiasticarum
641 5210 917 5250 causarum
947 5196 1193 5264 capitulis
1220 5212 1323 5250 non
1347 5197 1462 5249 sine
1490 5198 1759 5249 examina-

191 5283 344 5339 tione
371 5284 577 5352 longius
604 5284 1015 5353 innotescéndis,
1058 5301 1189 5355 opus
1222 5286 1370 5341 nobis
1399 5295 1520 5341 sunt
1543 5286 1607 5339 ad
1629 5300 1753 5340 cun-

1868 4038 2114 4089 devotnm
2140 4035 2504 4087 auxiliatorem
2535 4046 2732 4087 sanctae
2759 4038 2942 4087 matris
2983 4039 3298 4092 universalis
3330 4044 3427 4095 Ec-

1867 4124 2068 4186 clesiae,
2103 4122 2439 4174 obedientem
2467 4120 2805 4174 devotionem
2836 4120 2955 4174 huic
3001 4133 3193 4176 nostra:
3238 4127 3427 4181 horta-

1869 4209 1997 4263 tioni
2022 4225 2127 4262 non
2154 4210 2382 4263 desistas
2409 4210 2834 4272 accommodare,
2887 4209 2976 4261 sed
3008 4210 3204 4278 absque
3250 4214 3422 4284 aliqua

1867 4301 2221 4356 retnorationu
2251 4300 2552 4368 religiosum
2588 4299 2679 4353 Dei
2710 4300 2959 4351 [amulum
2992 4300 3203 4366 Bedam,
3255 4318 3421 4365 vene-3

1870 4394 2045 4445 rabilis
2068 4392 2374 4444 manasterii
2394 4393 2465 4443 tui
2493 4382 2879 4459 presltﬁernm,
2901 4391 2964 4442 ad
2996 4391 3169 4445 limina
3199 4406 3421 4461 aposto-

1866 4482 2037 4535 lorum
2062 4484 2355 4551 principum
2387 4481 2719 4533 dominorum
2753 4497 2990 4534 meorum
3020 4484 3157 4537 Petri
3187 4496 3240 4538 et
3275 4462 3422 4547 Pauli

1865 4585 2161 4626 amatorum
2195 4582 2404 4624 tuorum
2433 4586 2495 4624 ac
2532 4581 2911 4636 protectorum,
2964 4574 3027 4625 ad
3073 4586 3266 4629 nostra:
3312 4593 3423 4632 me-

1867 4663 2159 4716 diocritatis
2199 4670 2542 4727 conspectum
2576 4675 2677 4714 non
2708 4664 2933 4716 moreris
2962 4664 3205 4731 dirigere,
3238 4680 3418 4733 quem,

1866 4753 2076 4804 favente
2108 4752 2214 4806 Deo
2235 4790 2249 4815 ,
2293 4750 2488 4802 sanctis
2518 4750 2621 4803 tuis
2649 4753 2893 4817 precibus
2926 4769 3027 4805 non
3059 4752 3266 4806 difﬁdas
3296 4770 3420 4823 pro-

1865 4858 2018 4909 siere
2046 4842 2108 4895 ad
2143 4851 2191 4895 te
2229 4839 2426 4903 redire,
2480 4851 2687 4906 peracta
2727 4841 3118 4908 prwmissorum
3163 4842 3418 4909 capitulo—

1865 4950 1980 4987 rum
2026 4948 2146 4986 cum
2193 4931 2390 4984 auxilio
2420 4930 2509 4983 Dei
2558 4931 2854 4985 desiderata
2899 4930 3273 4996 solemnitate;
3319 4934 3419 4988 erit

1864 5022 2025 5086 enim,
2058 5032 2112 5074 ut
2141 5022 2481 5086 conﬁdimus,
2510 5024 2674 5076 etiam
2705 5023 2910 5077 cunctis
2935 5021 3027 5074 tibi
3056 5023 3266 5076 creditis
3296 5040 3418 5093 pro-

1864 5112 2093 5166 futurum
2124 5110 2373 5181 quidquid
2394 5114 2644 5168 Ecclesia:
2670 5113 2896 5183 generali
2923 5113 3168 5167 claruerit
3191 5128 3283 5182 per
3301 5115 3416 5183 ejus

1863 5205 2220 5269 prtesmntiam
2243 5204 2590 5272 impertitum.
3358 5220 3363 5223 ‘
