3914 6236
521 302 646 356 si)?!

1542 303 1596 356 S.
1640 301 1979 356 STEPHANI
2022 301 2219 358 PAPE
2264 303 2302 356 Il
2347 303 2727 359 EPISTOLrE.

3645 296 3782 362 £023

517 415 628 470 XII.
659 442 726 458 —-
762 414 838 466 .Iu
890 415 1035 467 liceat
1087 429 1218 494 aqua
1267 417 1456 493 conv/ia
1505 417 1580 468 vel
1629 417 1860 469 manibus
1911 418 2079 486 infusa
2111 421 2156 476 Α
2185 427 2467 484 occupatus
2507 420 2769 487 corporali
2809 429 3026 487 peccato
3069 422 3394 487 pravehatur
3448 423 3578 493 (I5,
3611 443 3665 494 ᾳ.
3709 428 3770 489 I.

1160 484 1433 549 baptizare.
1515 507 1518 509 ’
1565 505 1568 507 ·

587 578 643 634 Si
692 577 815 630 licet
857 592 950 644 per
1001 579 1370 630 necessitatem
1416 592 1536 628 cum
1575 575 1797 641 concha,
1840 588 1928 630 aut
1967 592 2085 630 cum

521 670 784 730 manibus,
823 666 1008 718 infanti
1044 666 1095 716 iu
1145 665 1455 719 iniirmitate
1499 666 1671 730 posito
1713 681 1899 733 aquam
1928 680 2088 733 super

518 769 671 825 caput
705 757 944 817 fundere,
977 766 1030 807 et
1060 756 1135 806 sic
1168 755 1454 822 baptizare.
1503 754 1610 807 lloc
1654 757 1928 821 baptisma.
1960 756 2002 808 si
2035 756 2086 808 in

519 847 734 898 nomine
772 854 971 896 sancta:
1013 843 1292 895 Trinitatis
1331 853 1600 916 peractum
1638 841 1818 907 fuerit,
1869 842 2090 896 ﬁrmiter

522 933 875 1003 permanebit,
908 932 1202 1000 przrserlim
1227 947 1346 983 cum
1371 941 1425 985 et
1452 932 1741 984 necessitas
1765 933 2006 998 exposcit
2032 941 2089 984 ut

518 1022 608 1073 ille
651 1020 739 1087 qui
780 1020 1094 1087 .egiitudine
1137 1021 1382 1072 detentus
1411 1029 1494 1073 est
1537 1020 1635 1072 hoc
1675 1022 1831 1074 modo
1876 1031 2088 1074 renatus

520 1110 787 1177 particeps
816 1109 906 1163 Dei
939 1111 1084 1176 regni
1115 1109 1396 1161 efficiatur.

521 1196 656 1249 XIII.
691 1227 758 1236 —
788 1197 860 1249 De
905 1198 1196 1264 presbytero
1237 1197 1326 1262 qui
1355 1197 1624 1263 baptizavit
1665 1212 1892 1249 nesciens
1935 1195 2088 1263 Sym-

591 1267 775 1327 bolum,
804 1282 889 1316 nec
921 1265 1213 1316 Orationem
1258 1264 1597 1333 Dominicam,
1645 1283 1732 1318 nec
1762 1268 2002 1335 psalmos,
2038 1275 2085 1318 ct

590 1353 657 1388 an
677 1337 780 1403 ipse
809 1337 1071 1387 ordinatus
1091 1343 1239 1386 esset.

591 1428 668 1482 De
696 1429 785 1481 illo
804 1429 1118 1496 presbytero
1147 1427 1233 1494 qui
1263 1425 1570 1494 baptizavit,
1605 1436 1780 1479 tamen
1809 1439 1903 1480 nec
1933 1427 2088 1495 Sym-

521 1518 723 1582 bolum,
757 1532 856 1571 nec
884 1516 1196 1570 Orationem
1224 1516 1576 1577 Dominicam.
1609 1530 1708 1569 nec
1740 1516 1970 1580 psalmos
2013 1525 2088 1569 te-

523 1618 635 1671 net,
669 1622 766 1660 nec
788 1609 892 1659 scit
912 1607 953 1658 si
979 1605 1260 1673 episcopus
1283 1619 1404 1658 eum
1430 1605 1719 1669 benedixit,
1753 1606 1838 1658 hic
1861 1608 2085 1671 primum

522 1700 758 1753 omnium
812 1698 1143 1766 dignitatern,
1202 1710 1302 1764 qua
1363 1697 1541 1750 illicita
1599 1696 1670 1749 uti
1727 1697 2082 1763 prtesnmpsit,

2189 507 2275 573 qui
2303 508 2563 575 admisit),
2618 519 2671 560 et
2721 509 2998 562 confessus
3045 510 3199 565 fuerit
3246 513 3313 566 de
3352 526 3413 566 se
3452 515 3597 581 quod
3646 527 3772 570 ante

2189 594 2575 648 ordinationem
2606 595 2909 674 deliquerit,
2951 599 3125 653 oblata
3171 615 3272 653 non
3305 612 3614 667 consecret,
3649 619 3772 656 ma-

2191 698 2321 737 nens
2343 685 2395 737 in
2420 685 2637 750 reliquis
2660 685 2853 742 ofﬁciis
2876 696 3094 755 propter
3118 692 3346 743 studium
3379 692 3600 745 bonum.
3631 692 3676 745 N
3696 710 3774 746 im

2191 782 2400 840 peccata
2431 775 2628 842 reliqua
2661 777 2900 843 plerique
2926 778 3178 831 dixerunt
3223 794 3315 846 per
3355 796 3546 834 manus
3580 783 3767 851 impo-

2190 862 2436 917 sitionem
2483 879 2639 932 posse
2681 865 2890 918 dimitti.
2942 868 3090 931 Quod
3140 870 3184 922 si
3229 870 3295 924 de
3341 885 3399 923 se
3451 888 3556 925 non
3607 873 3777 928 fuerit

2189 952 2484 1017 confessus,
2529 965 2582 1007 et
2625 955 2772 1022 argui
2820 955 3095 1012 manifeste
3141 959 3456 1028 nequiverit,
3485 968 3774 1030 potestatis

2189 1057 2298 1096 sua:
2325 1043 2526 1112 judicio
2553 1044 2902 1112 relinquatur.

2191 1175 2374 1230 XVIII.
2399 1206 2466 1218 -
2489 1175 2733 1232 De'coma
2760 1178 2955 1232 clericis
2981 1189 3068 1233 aut
3097 1181 3360 1236 monachis
3383 1196 3484 1248 non
3513 1187 3770 1240 luenda.

2263 1288 2330 1341 Ut
2375 1288 2548 1342 nullus
2593 1289 2817 1342 clericus
2859 1299 2948 1344 aut
2993 1293 3285 1346 monachus
3324 1307 3531 1346 comam
3573 1294 3770 1349 laxare

2191 1391 2496 1445 praesumat,
2526 1387 2618 1431 aut
2641 1378 2922 1432 anathema
2950 1379 3038 1432 sit.

2189 1488 2428 1570 XIX."—
2462 1491 2536 1572 ρι
2564 1493 2752 1572 femina
2777 1487 2892 1572 qua:
2913 1494 3085 1572 -a‘lteri
3113 1505 3376 1559 nupserat,
3399 1512 3513 1549 cum
3550 1501 3669 1570 ejus
3694 1501 3773 1551 air

2343 1561 2395 1612 in
2424 1559 2592 1613 aliena
2613 1559 2868 1629 provincia
2897 1565 3032 1628 falso
3060 1576 3288 1618 mortuus
3315 1559 3606 1632 putaretstf.

2263 1670 2336 1723 De
2365 1681 2601 1739 separata
2633 1685 2661 1724 a
2692 1673 2900 1736 marito,
2928 1673 2976 1726 si
3008 1674 3086 1726 vir
3114 1673 3228 1741 ejus
3258 1675 3309 1728 in
3341 1676 3514 1731 aliena
3541 1679 3774 1744 provin-

524 1791 801 1853 am'ittens,
826 1787 925 1841 sub
950 1787 1187 1840 districta
1213 1786 1518 1852 paenitentia
1549 1792 1596 1837 et
1632 1785 1680 1836 in
1707 1784 2084 1836 monasterium

2190 1765 2267 1816 cia
2299 1764 2479 1817 vivere
2506 1763 2811 1830 putabatur,
2859 1764 2910 1817 in
2948 1765 3168 1851 epistola
3201 1765 3340 1819 beati
3387 1766 3586 1822 Leonis
3616 1783 3775 1837 papa

523 1877 784 1940 mittatur,
808 1885 880 1942 et,
907 1875 1156 1928 omnibus
1180 1873 1364 1926 diebus
1393 1873 1510 1925 vitae
1536 1887 1644 1925 sum
1674 1873 1925 1939 plangens
1946 1872 2086 1939 quod

519 1967 811 2033 incongrue
835 1966 979 2032 egit,
1026 1963 1183 2032 degat
1221 1962 1324 2015 vita
1354 1964 1666 2015 monastica.
1699 1960 1932 2014 Infantes
1961 1974 2087 2015 vero

519 2073 658 2126 quos
689 2058 994 2125 baptizavit,
1026 2056 1069 2109 si
1101 2055 1152 2106 iu
1185 2053 1398 2107 nomine
1426 2060 1622 2105 sanctze
1676 2051 1953 2126 Trinitatis
1997 2050 2090 2103 ba-

521 2119 704 2216 ptizati
730 2119 876 2208 sIltlI,
912 2148 965 2198 in
991 2146 1092 2199 hoc
1115 2145 1376 2212 baptismo
1409 2119 1768 2211 permaneatﬂ.

523 2239 661 2294 XIV.
691 2269 758 2278 -—
790 2237 865 2290 De
892 2236 1181 2305 presbytero
1209 2234 1295 2300 qui
1337 2233 1569 2300 baptismi
1596 2231 1832 2305 formula:
1855 2231 2088 2305 quendam

589 2309 798 2378 adjecit,
831 2301 1076 2359 et'ncscit
1105 2315 1272 2356 utrum
1320 2305 1580 2372 episcopus
1621 2303 1792 2369 fuerit,
1846 2301 1932 2368 qui
1976 2314 2088 2351 cum

590 2377 861 2428 s'odirtavit.
918 2381 998 2413 t\

599 2469 673 2522 De
721 2467 812 2520 illo
865 2465 1174 2532 presbytero
1216 2460 1304 2527 qui
1349 2459 1630 2526 baptizavit
1678 2461 1778 2511 isto
1821 2458 1976 2518 modo
2011 2457 2087 2509 sic

521 2558 755 2612 rustice:
791 2554 847 2609 Iri
878 2554 1095 2607 nomine
1127 2551 1295 2604 Patris
1338 2565 1538 2616 mergo,
1570 2558 1623 2601 et
1655 2547 1771 2599 Fil.i
1795 2561 2003 2612 mergo,
2034 2553 2088 2598 et

523 2650 756 2719 Spiritus
805 2648 973 2700 sancti
1022 2660 1225 2713 mergo,
1273 2651 1328 2696 et
1377 2643 1490 2708 ipse
1535 2640 1812 2707 presbyter
1841 2636 2004 2689 nescit
2043 2635 2086 2689 si

519 2722 814 2810 episcOpus'
832 2739 929 2791 fuit
953 2737 1039 2806 qui
1071 2751 1196 2789 eum
1230 2732 1520 2792 benedixit,
1555 2730 1659 2792 hic,
1688 2729 1776 2796 qui
1803 2725 2078 2779 ordinatio-

519 2845 645 2886 nem
687 2844 837 2884 suam
871 2830 1101 2897 ignorat,
1151 2826 1368 2879 omnino
1410 2821 1734 2890 abjiciendus
1765 2829 1863 2882 est,
1898 2829 1950 2872 et
1987 2817 2087 2871 sub

517 2932 663 2977 arcta
687 2919 997 2992 pmnitentia
1013 2918 1063 2972 in
1087 2914 1412 2972 monasterio
1435 2914 1739 2975 mittendus,
1768 2921 1821 2962 ut
1844 2910 2087 2962 omnibus
2113 2911 2118 2914 ’

517 3013 709 3068 diebus
739 3012 860 3064 vita:
900 3024 1009 3062 suae
1040 3009 1090 3062 in
1125 3008 1267 3061 luctu
1297 3015 1350 3058 et
1381 3005 1508 3058 fletu
1535 3003 1634 3056 sub
1664 3003 1959 3053 monastico
1986 3000 2082 3050 lia-

520 3105 636 3162 bitu
678 3112 1041 3158 conversetur.
1079 3101 1307 3154 Infantes
1345 3111 1471 3151 vero
1501 3097 1571 3150 illi
1602 3109 1735 3164 quos
1775 3089 2078 3160 baptizavit,
2111 3071 2156 3130 ο

519 3196 646 3251 licet
681 3195 896 3256 rustice,
930 3193 1050 3261 quia
1093 3191 1144 3244 in
1176 3189 1391 3243 nomine
1426 3176 1622 3240 sancta:
1653 3183 1930 3237 Trinitatis
1959 3190 2085 3235 sunt

522 3285 799 3354 baptizati,
834 3286 885 3335 in
916 3297 980 3336 eo
1010 3286 1356 3348 permaneant
1387 3276 1667 3343 baptismo.

626 3377 742 3431 XV.
767 3403 837 3416 —-
864 3374 941 3428 Dc
969 3373 1218 3444 episcopis
1255 3369 1502 3448 accusatis
1533 3378 1578 3420 et
1608 3364 1974 3420 condemnatis.

589 3466 665 3520 De
716 3466 968 3535 episcopo
1021 3469 1274 3517 accusata
1329 3460 1380 3511 in
1435 3457 1662 3510 concilio
1711 3455 2078 3518 Antiocheno,

520 3570 640 3626 cap.
675 3555 763 3619 15,
796 3556 863 3607 ita
893 3551 1194 3607 continetur
1229 3569 1239 3600 :
1273 3550 1326 3600 Si
1367 3547 1482 3615 quis
1512 3548 1793 3614 episcopus
1824 3544 1908 3606 (6,
1938 3560 1988 3609 q.
2010 3542 2086 3610 4)

521 3649 589 3702 de
625 3647 785 3701 certis
815 3643 1125 3699 criminibus
1156 3648 1432 3695 accusatus
1460 3638 1843 3691 condemnetur
1871 3636 1936 3687 ab
1964 3649 2082 3686 om-

523 3739 681 3796 nibus
696 3738 970 3808 episcopis
991 3734 1230 3805 ejusdem
1254 3732 1557 3800 proviucite,
1585 3731 1868 3797 cunctique
1896 3739 2084 3780 consoo

519 3840 704 3888 nanter
731 3829 972 3883 eamdem
997 3835 1181 3879 contra
1211 3837 1332 3877 eum
1370 3820 1594 3874 formam
1624 3819 1825 3873 decreti
1850 3819 2084 3884 protule-

519 3920 646 3983 rint,
703 3918 843 3971 hunc
896 3915 1034 3983 apud
1085 3915 1219 3966 alios
1269 3913 1413 3964 nullo
1467 3910 1622 3963 modo
1675 3907 1932 3976 judicari,
1990 3904 2082 3960 sed

521 4010 728 4063 firmam
773 4004 1206 4060 concordantium
1251 4001 1618 4070 episcoporum
1663 3996 1943 4065 provinciae
1970 4011 2083 4048 ma-

521 4114 651 4155 nere
675 4097 990 4152 sententiam

649 4185 784 4242 XVI.
815 4197 888 4226 --‘
910 4183 988 4238 De
1015 4179 1314 4252 presbyteris
1341 4188 1386 4234 et
1431 4177 1658 4231 diaconis
1690 4175 1958 4228 accusatis.

590 4279 666 4332 De
707 4274 1028 4344 presbyteris
1063 4273 1144 4325 vel
1191 4269 1503 4324 diaconibus
1561 4267 1817 4318 accusatis
1855 4265 1905 4314 in
1954 4276 2084 4314 con-

517 4369 637 4422 cilio
687 4361 1118 4432 Carthaginensi,
1172 4375 1292 4428 cap.
1345 4357 1444 4420 90,
1503 4356 1572 4408 ita
1630 4355 1986 4405 continetur:
2028 4351 2083 4405 Si

517 4469 694 4513 autem
718 4451 1011 4522 presbyteri
1034 4449 1145 4518 (I5,
1173 4466 1224 4517 q.
1256 4446 1313 4514 7)
1345 4455 1435 4498 aut
1461 4442 1669 4497 diaconi
1702 4441 1898 4493 fuerint
1927 4453 2076 4492 accu-

517 4550 637 4612 sati,
673 4547 920 4611 a'ijuneto
949 4541 1046 4594 sibi
1077 4555 1143 4592 ex
1179 4537 1364 4590 vicinis
1396 4533 1524 4586 locis
1568 4546 1688 4586 cum
1730 4530 1939 4598 proprio
1969 4529 2084 4594 epi-

517 4654 681 4707 scopo
705 4638 938 4704 legitimo
983 4643 1203 4684 numero
1247 4628 1589 4693 collegarum,
1621 4638 1754 4691 quos
1797 4621 1864 4674 ab
1893 4621 2080 4674 eodem

518 4729 748 4784 accusati
798 4724 1066 4793 petierint,
1103 4721 1151 4772 id
1197 4728 1297 4780 est,
1340 4730 1443 4770 una
1475 4729 1653 4768 secum
1691 4714 1742 4766 in
1785 4712 2080 4781 presbyteri

519 4823 735 4876 nomine
764 4833 880 4881 sex,
911 4816 963 4868 in
996 4812 1204 4865 diaconi
1237 4819 1364 4871 tres,
1399 4810 1632 4874 ipsorum
1660 4819 1872 4858 causam
1904 4803 2080 4855 discu-

519 4915 675 4973 tiant,
724 4908 912 4961 eadem
959 4903 1163 4956 dierum
1197 4909 1247 4952 et
1275 4899 1607 4958 dilationum,
1648 4903 1701 4948 et
1736 4890 2081 4946 discussionis

522 5012 868 5071 personarum
894 4997 1030 5047 inter
1059 4999 1394 5043 accusatores
1423 4995 1474 5038 et
1504 4999 1595 5038 eos
1625 4984 1712 5050 qui
1743 4989 2077 5041 accusantur,

519 5093 686 5144 fama
716 5096 959 5147 servata;
1007 5082 1326 5146 reliquorum
1350 5087 1527 5128 autem
1558 5074 1874 5127 clericorum
1897 5083 2082 5122 causas

519 5185 678 5236 etiam
709 5180 853 5233 solus
880 5175 1165 5242 episcopus
1201 5170 1298 5222 loci
1329 5172 1615 5235 cognoscat
1644 5173 1696 5217 et
1730 5162 1892 5214 finiat.

523 5294 679 5349 XVII.
709 5320 777 5329 —-
805 5289 878 5341 Dc
906 5288 1188 5355 presbytero
1225 5285 1366 5357 cujus
1401 5282 1588 5357 crimen
1635 5278 1769 5357 quod
1799 5286 1913 5327 ante
1947 5276 2084 5327 ordi-

887 5353 1140 5410 nationem
1165 5355 1437 5405 admiserat
1470 5353 1709 5402 innotuit.

594 5474 667 5526 De
700 5473 1011 5540 presbytero
1043 5468 1129 5536 qui
1177 5469 1225 5519 in
1267 5466 1473 5532 culpam
1505 5461 1837 5516 criminalem
1869 5458 2077 5521 incidit,

518 5579 568 5620 ct
601 5575 875 5626 peccatum
905 5562 1022 5631 ejus
1053 5560 1374 5625 publicatum
1399 5565 1500 5620 est,
1533 5557 1584 5607 in
1611 5553 1835 5606 concilio
1867 5551 2084 5606 Neocae-

519 5656 763 5722 sariensi,
809 5670 923 5722 cap.
965 5652 1020 5718 9,
1066 5652 1133 5705 ita
1165 5649 1505 5703 continetur:
1547 5643 1825 5710 Presbyter
1859 5641 1901 5694 si
1950 5655 2084 5709 pra:-

2190 1853 2388 1907 directa
2443 1851 2509 1906 ad
2568 1853 2806 1906 Nicetam
2861 1841 3261 1921 Aquileiensem
3315 1856 3631 1926 episcopum
3693 1858 3770 1911 ita

2188 1945 2492 1997 continetur
2519 1960 2531 1994 :
2555 1943 2688 1995 Cum
2709 1956 2837 2011 ergo
2860 1957 2956 2010 per
2977 1943 3222 1998 bellicam
3242 1945 3450 1998 cladem
3476 1945 3591 2016 (34,
3613 1963 3664 2014 ς.
3689 1947 3769 2015 ι),

2189 2040 2243 2088 et
2272 2046 2365 2099 per
2392 2031 2735 2098 gravissimos
2765 2032 3070 2086 hostilitatis
3113 2035 3381 2100 incursus,
3417 2035 3487 2088 ita
3517 2036 3796 2107 quadarn

2189 2121 2378 2175 dicatis
2399 2120 2565 2174 divisa
2593 2135 2711 2175 esse
2737 2120 3002 2190 coniugia,
3038 2133 3091 2176 ut
3117 2123 3362 2177 abductis
3394 2125 3444 2178 in
3476 2127 3777 2194 captivita-

2190 2218 2294 2263 tem
2322 2209 2469 2275 viris,
2495 2205 2704 2263 feminas
2723 2225 2907 2262 eorum
2934 2214 3286 2265 remanserint
3319 2213 3613 2279 destitute,
3645 2231 3774 2286 qua:

2189 2302 2331 2352 viros
2373 2300 2637 2367 proprios,
2680 2309 2769 2352 aut
2809 2300 3159 2368 interemptos
3197 2301 3451 2366 putarint,
3494 2302 3776 2360 aut'nun-

2126 2445 2132 2451 ,
2188 2402 2343 2456 quam
2377 2403 2406 2441 a
2432 2387 2795 2441 dominatione
2826 2390 3152 2443 crediderint
3185 2390 3511 2454 liberandos,
3542 2400 3600 2446 et
3629 2394 3774 2448 allo-

2189 2494 2306 2532 rum
2357 2478 2657 2547 conjugiqu
2709 2478 2998 2533 solitudine
3051 2479 3482 2550 [sollicitudine]
3531 2495 3778 2550 cogente

2191 2569 2529 2632 transierint;
2578 2581 2803 2636 cumque
2857 2582 2998 2622 nunc
3045 2577 3184 2621 statu
3234 2585 3435 2637 rerum,
3467 2572 3776 2627 auxiliante

2189 2659 2433 2724 Domino,
2465 2661 2518 2712 in
2566 2660 2783 2712 meliora
2819 2672 3102 2732 ponverso,
3148 2659 3391 2711 nonnulli
3434 2674 3627 2712 eorum
3672 2662 3776 2728 qui

2189 2748 2506 2816 putabantur
2535 2747 2756 2816 periisse
2787 2749 3162 2812 remeaverint,
3192 2747 3384 2801 merito
3411 2749 3652 2803 Charitas
3677 2759 3777 2802 tua

2185 2839 2395 2893 videtur
2414 2838 2684 2906 ambigere
2706 2837 2832 2904 quid
2855 2837 2921 2890 de
2950 2820 3398 2905 mulieribus‘qum
3421 2838 3542 2891 aliis
3558 2838 3777 2904 junctae

2186 2938 2312 2981 sunt
2335 2926 2463 2981 viris
2482 2942 2509 2978 a
2534 2928 2688 2980 nobis
2715 2926 2907 2979 debeat
2934 2927 3190 2980 ordinari.
3235 2927 3338 2980 Sed
3363 2927 3486 2993 qnia
3518 2929 3778 2981 novimus

2187 3022 2465 3086 scriptum,
2489 3017 2626 3086 quod
2655 3031 2682 3068 a
2711 3017 2818 3069 Deo
2837 3015 3072 3084 jungitur
3093 3017 3279 3070 mulier
3297 3016 3606 3086 Deo(Prov.
3625 3025 3771 3086 xu),

2187 3118 2240 3162 et
2268 3107 2457 3162 iterum
2482 3114 2799 3176 praeceptum
2824 3109 3140 3173 agnovimus
3169 3117 3224 3160 ut
3246 3108 3386 3175 quod
3417 3108 3554 3161 Deus
3576 3107 3776 3176 junxit

2188 3198 2347 3252 homo
2370 3213 2473 3251 non
2505 3205 2719 3265 separet
2741 3197 2956 3266 (Matth.
2987 3197 3126 3265 six),
3161 3211 3380 3252 necesse
3408 3208 3491 3251 est
3515 3209 3571 3250 ut
3595 3199 3779 3267 legiti-

2188 3303 2391 3340 marum
2439 3287 2639 3342 faedera
2683 3289 2980 3352 noptiarum
3009 3286 3416 3353 redintegranda
3447 3287 3767 3351 credamus,

2187 3385 2260 3440 et,
2295 3376 2513 3430 remotis
2535 3377 2686 3440 malis
2715 3373 2832 3442 qua:
2860 3375 3127 3428 hostilitas
3155 3376 3348 3440 intulit,
3381 3377 3670 3446 unicuique
3703 3380 3767 3433 id

2185 3465 2325 3533 quod
2358 3465 2588 3534 legitime
2645 3464 2832 3518 habuit.
2884 3466 3224 3530 reformetur,
3275 3467 3525 3534 omnique
3577 3470 3767 3523 studio

2188 3554 2576 3622 procurandum
2617 3562 2698 3607 est
2725 3563 2780 3607 ut
2811 3555 3031 3622 recipiat
3059 3559 3422 3625 unusquisque
3450 3559 3595 3627 quod
3628 3573 3767 3627 pro-

2187 3645 2354 3710 prium
2377 3651 2476 3696 est.
2503 3642 2609 3696 Nec
2631 3653 2806 3697 tamen
2830 3644 3107 3710 culpabilis
3122 3645 3410 3713 judicclur,
3432 3657 3486 3700 et
3507 3656 3770 3716 tanquam

2187 3732 2347 3785 alieni
2366 3732 2504 3800 juris
2527 3747 2780 3800 pervasor
2798 3733 3075 3799 habeatur,
3103 3735 3188 3801 qui
3207 3719 3483 3803 personam
3507 3737 3626 3805 ejus
3647 3755 3774 3793 ma-

2187 3820 2298 3885 riti,
2326 3823 2414 3888 qui
2442 3820 2552 3888 jam
2579 3836 2682 3874 non
2711 3837 2832 3876 esse
2859 3821 3286 3881 existimabatur.
3317 3830 3629 3894 assumpsit.
3671 3829 3773 3889 Sic

2188 3911 2329 3963 enim
2358 3910 2520 3963 multa
2547 3926 2664 3978 quae
2684 3911 2748 3963 ad
2774 3925 2867 3965 eos
2887 3915 2980 3979 qui
3007 3914 3058 3965 in
3081 3916 3439 3980 captivitatem
3468 3917 3614 3973 ducti
3635 3933 3773 3975 sunt

2189 4002 2519 4069 pertinebant
2546 4003 2597 4055 in
2619 4002 2705 4068 jus
2733 4000 2962 4056 alienum
2991 4004 3215 4057 transire
3238 4013 3554 4071 potuerunt,
3595 4017 3655 4063 et
3682 4018 3772 4062 ta-

2189 4104 2307 4143 men
2332 4091 2548 4157 plenum
2575 4090 2789 4154 justitire
2822 4100 2903 4142 est
2944 4099 3000 4142 ut
3025 4091 3222 4143 eisdem
3271 4094 3502 4146 reversis
3541 4101 3768 4164 propria

2188 4181 2559 4233 reformentur.
2598 4179 2746 4243 Quod
2792 4180 2836 4232 si
2869 4181 2920 4231 in
2949 4183 3247 4248 mancipiis,
3280 4183 3361 4236 vel
3389 4188 3446 4236 in
3473 4186 3640 4253 agris,
3669 4197 3772 4242 aut

2188 4270 2344 4320 etiam
2377 4269 2426 4320 iu
2471 4268 2716 4321 domibus
2763 4282 2826 4321 ac
2858 4269 3282 4339 possessionibus
3340 4273 3440 4325 rite
3487 4285 3766 4340 servatur,

2191 4368 2385 4425 quanto
2409 4358 2574 4425 magis
2600 4359 2649 4409 in
2679 4356 3042 4425 conjugiorum
3073 4361 3524 4428 redintegratione
3553 4363 3768 4418 facien-

2186 4453 2334 4512 dum,
2369 4450 2584 4517 utquod
2614 4449 2802 4502 bellica
2836 4451 3153 4503 necessitate
3180 4452 3443 4504 turbatum
3473 4462 3576 4517 est,
3612 4458 3770 4521 pacis

2182 4542 2416 4596 remedio
2440 4541 2792 4596 reformetnrt
2824 4541 2888 4593 Et
2910 4541 3028 4594 ideo
3052 4542 3096 4594 si
3123 4542 3216 4595 viri
3248 4551 3367 4609 post
3413 4542 3629 4608 longam
3669 4558 3770 4597 ca-

2183 4633 2481 4700 ptivitatem
2505 4634 2705 4685 reversi
2729 4634 2800 4685 ita
2836 4631 2886 4684 in
2914 4631 3194 4684 dilectione
3223 4648 3436 4685 suarum
3463 4633 3761 4703 coniugum

2183 4732 2538 4791 perseverant,
2568 4735 2622 4774 ut
2650 4735 2741 4774 eas
2788 4722 3005 4789 cupiant
3056 4722 3107 4773 in
3137 4737 3288 4773 suum
3311 4721 3489 4775 redire
3527 4737 3765 4777 consur-

2185 4815 2335 4878 tium,
2363 4811 2709 4865 omittendum
2733 4820 2886 4864 estet
2910 4811 3223 4876 inculpabile
3241 4811 3588 4876 judicandum
3612 4813 3763 4878 quod

2182 4903 2469 4956 necessitas
2523 4900 2720 4964 intulit,
2775 4907 2830 4954 et
2889 4899 3270 4952 restituendum
3314 4899 3562 4966 estquod
3625 4903 3763 4955 lides

2183 4993 2369 5061 poscit.
2424 4990 2477 5044 Si
2521 5000 2696 5045 autem
2745 4992 2938 5058 aliqua;
2985 4990 3232 5066 mulieres
3276 4991 3342 5041 ita
3396 4990 3762 5054 posteriorum

2184 5091 2415 5141 virorum
2458 5099 2640 5138 arnore
2682 5093 2804 5136 sunt
2851 5090 3039 5148 capue,
3071 5091 3126 5133 ut
3157 5081 3338 5134 malint
3369 5080 3451 5133 his
3477 5079 3763 5135 cubat-ere

2183 5192 2336 5245 quam
2370 5177 2434 5227 ad
2469 5174 2756 5240 legitimum
2807 5171 2981 5224 redire
3012 5173 3364 5231 consortium,
3399 5171 3596 5222 merito
3629 5179 3764 5224 sunt

2183 5269 2448 5330 notandm,
2480 5268 2547 5318 ita
2577 5276 2632 5317 ut
2654 5266 2812 5318 etiam
2840 5263 3200 5316 ecclesiastica
3231 5264 3616 5320 communione
3645 5266 3759 5331 pri-

2183 5369 2390 5420 ventur,
2423 5374 2538 5425 quae
2573 5358 2638 5409 tle
2684 5372 2739 5408 re
2779 5355 3065 5407 excusabili
3099 5355 3612 5409 contaminationem
3641 5357 3760 5410 cri-

2185 5451 2339 5503 minis
2361 5449 2641 5516 elegerint,
2668 5447 3005 5497 ostendentes
3036 5444 3249 5496 sibimet
3280 5458 3376 5510 pro
3402 5458 3497 5496 sua
3524 5443 3764 5500 incontio

2185 5543 2361 5596 nentia
2413 5540 2669 5607 placuisse
2698 5538 2832 5604 quod
2860 5538 3001 5603 justa
3034 5537 3279 5589 remissio
3311 5537 3483 5601 potuit
3512 5538 3762 5608 expisce.

2186 5633 2422 5686 Retleant
2452 5645 2575 5698 ergo
2601 5630 2662 5681 ad
2692 5645 2842 5680 suum
2873 5637 3063 5679 statum
3092 5624 3388 5679 voluntaria
3423 5627 3756 5698 redintegra-
