  <div class='ocr_page' id='page_1' title='image "/cluster/home/n/w/nwhite01/storage/ocr_20150623/89/uva.x000827074/520.png"; bbox 0 0 3926 6322; ppageno 0'>
   <div class='ocr_carea' id='block_1_1' title="bbox 173 369 308 428">
    <p class='ocr_par' dir='ltr' id='par_1_1' title="bbox 173 369 308 428">
     <span class='ocr_line' id='line_1_1' title="bbox 173 369 308 428; baseline 0 -1"><span class='ocrx_word' id='word_1_1' title='bbox 173 369 308 428; x_wconf 68' lang='lat' dir='ltr'><strong>i029</strong></span> 
     </span>
    </p>
   </div>
   <div class='ocr_carea' id='block_1_2' title="bbox 767 357 2801 421">
    <p class='ocr_par' dir='ltr' id='par_1_2' title="bbox 767 357 2801 421">
     <span class='ocr_line' id='line_1_2' title="bbox 767 357 2801 421; baseline -0.004 -1"><span class='ocrx_word' id='word_1_2' title='bbox 767 365 823 420; x_wconf 88' lang='lat' dir='ltr'><strong>S.</strong></span> <span class='ocrx_word' id='word_1_3' title='bbox 858 362 1132 421; x_wconf 76' lang='lat' dir='ltr'><strong>PIRIIINII</strong></span> <span class='ocrx_word' id='word_1_4' title='bbox 1163 363 1310 419; x_wconf 78' lang='grc' dir='ltr'><strong>ΑΒΒ.</strong></span> <span class='ocrx_word' id='word_1_5' title='bbox 1354 362 1442 418; x_wconf 84' lang='lat' dir='ltr'><strong>DE</strong></span> <span class='ocrx_word' id='word_1_6' title='bbox 1480 359 1796 417; x_wconf 76' lang='lat' dir='ltr'><strong>SINGULIS</strong></span> <span class='ocrx_word' id='word_1_7' title='bbox 1835 359 2052 416; x_wconf 71' lang='grc' dir='ltr'><strong>ΜΒωὸ</strong></span> <span class='ocrx_word' id='word_1_8' title='bbox 2091 357 2340 415; x_wconf 77' lang='grc' dir='ltr'><strong>ΟΑΝΟΝ.</strong></span> <span class='ocrx_word' id='word_1_9' title='bbox 2381 357 2801 416; x_wconf 74' lang='lat' dir='ltr'><strong>SCARH’SUS.</strong></span> 
     </span>
    </p>
   </div>
   <div class='ocr_carea' id='block_1_3' title="bbox 3259 358 3406 416">
    <p class='ocr_par' dir='ltr' id='par_1_3' title="bbox 3259 358 3406 416">
     <span class='ocr_line' id='line_1_3' title="bbox 3259 358 3406 416; baseline 0 -1"><span class='ocrx_word' id='word_1_10' title='bbox 3259 358 3406 416; x_wconf 58' lang='lat' dir='ltr'><strong>i030</strong></span> 
     </span>
    </p>
   </div>
   <div class='ocr_carea' id='block_1_4' title="bbox 169 447 3401 545">
    <p class='ocr_par' dir='ltr' id='par_1_4' title="bbox 169 447 3401 545">
     <span class='ocr_line' id='line_1_4' title="bbox 169 447 3401 545; baseline -0.002 -11"><span class='ocrx_word' id='word_1_11' title='bbox 169 482 316 534; x_wconf 87' lang='lat' dir='ltr'><strong>tione</strong></span> <span class='ocrx_word' id='word_1_12' title='bbox 361 476 633 545; x_wconf 73' lang='lat' dir='ltr'><strong>conjugia,</strong></span> <span class='ocrx_word' id='word_1_13' title='bbox 688 487 858 544; x_wconf 87' lang='lat' dir='ltr'><strong>neque</strong></span> <span class='ocrx_word' id='word_1_14' title='bbox 911 471 1019 526; x_wconf 84' lang='lat' dir='ltr'><strong>ulto</strong></span> <span class='ocrx_word' id='word_1_15' title='bbox 1073 471 1229 527; x_wconf 85' lang='lat' dir='ltr'><strong>modo</strong></span> <span class='ocrx_word' id='word_1_16' title='bbox 1280 473 1344 524; x_wconf 89' lang='lat' dir='ltr'><strong>ad</strong></span> <span class='ocrx_word' id='word_1_17' title='bbox 1393 447 1732 541; x_wconf 80' lang='lat' dir='ltr'><strong>opprobrium</strong></span> <span class='ocrx_word' id='word_1_18' title='bbox 1767 475 1961 534; x_wconf 71' lang='lat' dir='ltr'><strong>Asuos</strong></span> <span class='ocrx_word' id='word_1_19' title='bbox 2010 471 2196 524; x_wconf 91' lang='lat' dir='ltr'><strong>nolunt</strong></span> <span class='ocrx_word' id='word_1_20' title='bbox 2243 469 2417 538; x_wconf 66' lang='lat' dir='ltr'><strong>impia</strong></span> <span class='ocrx_word' id='word_1_21' title='bbox 2465 478 2591 523; x_wconf 90' lang='lat' dir='ltr'><strong>sunt</strong></span> <span class='ocrx_word' id='word_1_22' title='bbox 2642 468 2913 530; x_wconf 68' lang='lat' dir='ltr'><strong>habendae.</strong></span> <span class='ocrx_word' id='word_1_23' title='bbox 2967 468 3035 522; x_wconf 91' lang='lat' dir='ltr'><strong>ita</strong></span> <span class='ocrx_word' id='word_1_24' title='bbox 3067 467 3166 522; x_wconf 74' lang='lat' dir='ltr'><strong>illa:</strong></span> <span class='ocrx_word' id='word_1_25' title='bbox 3196 482 3316 537; x_wconf 77' lang='lat' dir='ltr'><strong>qua:</strong></span> <span class='ocrx_word' id='word_1_26' title='bbox 3346 472 3401 526; x_wconf 90' lang='lat' dir='ltr'><strong>in</strong></span> 
     </span>
    </p>
   </div>
   <div class='ocr_carea' id='block_1_5' title="bbox 170 562 1733 633">
    <p class='ocr_par' dir='ltr' id='par_1_5' title="bbox 170 562 1733 633">
     <span class='ocr_line' id='line_1_5' title="bbox 170 562 1733 633; baseline -0.006 -10"><span class='ocrx_word' id='word_1_27' title='bbox 170 569 325 623; x_wconf 76' lang='lat' dir='ltr'><strong>malua</strong></span> <span class='ocrx_word' id='word_1_28' title='bbox 376 565 664 620; x_wconf 83' lang='lat' dir='ltr'><strong>votuntatis</strong></span> <span class='ocrx_word' id='word_1_29' title='bbox 697 565 905 618; x_wconf 81' lang='lat' dir='ltr'><strong>trahant</strong></span> <span class='ocrx_word' id='word_1_30' title='bbox 938 562 1076 633; x_wconf 86' lang='lat' dir='ltr'><strong>quo’d</strong></span> <span class='ocrx_word' id='word_1_31' title='bbox 1123 564 1358 617; x_wconf 86' lang='lat' dir='ltr'><strong>conditio</strong></span> <span class='ocrx_word' id='word_1_32' title='bbox 1405 563 1733 617; x_wconf 71' lang='lat' dir='ltr'><strong>necessitatis</strong></span> 
     </span>
    </p>
   </div>
   <div class='ocr_carea' id='block_1_6' title="bbox 167 653 1738 725">
    <p class='ocr_par' dir='ltr' id='par_1_6' title="bbox 167 653 1738 725">
     <span class='ocr_line' id='line_1_6' title="bbox 167 653 1738 725; baseline -0.006 -11"><span class='ocrx_word' id='word_1_33' title='bbox 167 658 424 722; x_wconf 76' lang='lat' dir='ltr'><strong>extorsit,</strong></span> <span class='ocrx_word' id='word_1_34' title='bbox 451 659 574 725; x_wconf 82' lang='lat' dir='ltr'><strong>quia</strong></span> <span class='ocrx_word' id='word_1_35' title='bbox 598 657 733 710; x_wconf 86' lang='lat' dir='ltr'><strong>sic‘ut</strong></span> <span class='ocrx_word' id='word_1_36' title='bbox 759 656 839 708; x_wconf 76' lang='lat' dir='ltr'><strong>ita:</strong></span> <span class='ocrx_word' id='word_1_37' title='bbox 863 655 1109 707; x_wconf 81' lang='lat' dir='ltr'><strong>mulieres</strong></span> <span class='ocrx_word' id='word_1_38' title='bbox 1136 667 1254 721; x_wconf 84' lang='lat' dir='ltr'><strong>quae</strong></span> <span class='ocrx_word' id='word_1_39' title='bbox 1283 653 1477 707; x_wconf 72' lang='lat' dir='ltr'><strong>reverti</strong></span> <span class='ocrx_word' id='word_1_40' title='bbox 1504 654 1569 706; x_wconf 88' lang='lat' dir='ltr'><strong>ad</strong></span> <span class='ocrx_word' id='word_1_41' title='bbox 1596 653 1738 705; x_wconf 77' lang='lat' dir='ltr'><strong>viros</strong></span> 
     </span>
    </p>
   </div>
   <div class='ocr_carea' id='block_1_7' title="bbox 1841 559 3398 624">
    <p class='ocr_par' dir='ltr' id='par_1_7' title="bbox 1841 559 3398 624">
     <span class='ocr_line' id='line_1_7' title="bbox 1841 559 3398 624; baseline 0 -8"><span class='ocrx_word' id='word_1_42' title='bbox 1841 561 2086 617; x_wconf 65' lang='lat' dir='ltr'><strong>allectum</strong></span> <span class='ocrx_word' id='word_1_43' title='bbox 2117 577 2180 615; x_wconf 75' lang='lat' dir='ltr'><strong>ex</strong></span> <span class='ocrx_word' id='word_1_44' title='bbox 2215 560 2324 614; x_wconf 87' lang='lat' dir='ltr'><strong>Deo</strong></span> <span class='ocrx_word' id='word_1_45' title='bbox 2353 561 2541 614; x_wconf 87' lang='lat' dir='ltr'><strong>initum</strong></span> <span class='ocrx_word' id='word_1_46' title='bbox 2572 562 2815 624; x_wconf 82' lang='lat' dir='ltr'><strong>redeunt,</strong></span> <span class='ocrx_word' id='word_1_47' title='bbox 2847 559 3037 614; x_wconf 90' lang='lat' dir='ltr'><strong>merito</strong></span> <span class='ocrx_word' id='word_1_48' title='bbox 3063 567 3188 614; x_wconf 88' lang='lat' dir='ltr'><strong>sunt</strong></span> <span class='ocrx_word' id='word_1_49' title='bbox 3216 561 3398 617; x_wconf 76' lang='lat' dir='ltr'><strong>lauda-</strong></span> 
     </span>
    </p>
   </div>
   <div class='ocr_carea' id='block_1_8' title="bbox 1846 651 2320 720">
    <p class='ocr_par' dir='ltr' id='par_1_8' title="bbox 1846 651 2320 720">
     <span class='ocr_line' id='line_1_8' title="bbox 1846 651 2320 720; baseline -0.006 -15"><span class='ocrx_word' id='word_1_50' title='bbox 1846 653 1978 705; x_wconf 83' lang='lat' dir='ltr'><strong>biles</strong></span> <span class='ocrx_word' id='word_1_51' title='bbox 2007 651 2320 720; x_wconf 51' lang='lat' dir='ltr'><strong>iudicandas.</strong></span> 
     </span>
    </p>
   </div>
   <div class='ocr_carea' id='block_1_9' title="bbox 169 813 3403 876">
    <p class='ocr_par' dir='ltr' id='par_1_9' title="bbox 169 813 3403 876">
     <span class='ocr_line' id='line_1_9' title="bbox 169 813 3403 876; baseline -0.004 -1"><span class='ocrx_word' id='word_1_52' title='bbox 169 813 3403 876; x_wconf 53' lang='grc' dir='ltr'><em>Μ</em></span> 
     </span>
    </p>
   </div>
   <div class='ocr_carea' id='block_1_10' title="bbox 1401 967 2141 1016">
    <p class='ocr_par' dir='ltr' id='par_1_10' title="bbox 1401 967 2141 1016">
     <span class='ocr_line' id='line_1_10' title="bbox 1401 967 2141 1016; baseline -0.011 0"><span class='ocrx_word' id='word_1_53' title='bbox 1401 971 1565 1016; x_wconf 71' lang='lat' dir='ltr'><strong>ANNO</strong></span> <span class='ocrx_word' id='word_1_54' title='bbox 1610 970 1834 1015; x_wconf 78' lang='lat' dir='ltr'><strong>DOMINI</strong></span> <span class='ocrx_word' id='word_1_55' title='bbox 1876 967 2141 1012; x_wconf 77' lang='lat' dir='ltr'><strong>DCCLVII&#39;.</strong></span> 
     </span>
    </p>
   </div>
   <div class='ocr_carea' id='block_1_11' title="bbox 769 1115 2820 1374">
    <p class='ocr_par' dir='ltr' id='par_1_11' title="bbox 769 1115 2820 1374">
     <span class='ocr_line' id='line_1_11' title="bbox 769 1115 2820 1374; baseline -0.006 1"><span class='ocrx_word' id='word_1_56' title='bbox 769 1154 1009 1374; x_wconf 86' lang='lat' dir='ltr'><strong>S.</strong></span> <span class='ocrx_word' id='word_1_57' title='bbox 1144 1115 2820 1372; x_wconf 77' lang='lat' dir='ltr'><strong>PIRMINIUS</strong></span> 
     </span>
    </p>
   </div>
   <div class='ocr_carea' id='block_1_12' title="bbox 1647 1488 1918 1550">
    <p class='ocr_par' dir='ltr' id='par_1_12' title="bbox 1647 1488 1918 1550">
     <span class='ocr_line' id='line_1_12' title="bbox 1647 1488 1918 1550; baseline -0.011 0"><span class='ocrx_word' id='word_1_58' title='bbox 1647 1488 1918 1550; x_wconf 81' lang='lat' dir='ltr'><strong>ABBAS.</strong></span> 
     </span>
    </p>
   </div>
   <div class='ocr_carea' id='block_1_13' title="bbox 713 1753 2867 1853">
    <p class='ocr_par' dir='ltr' id='par_1_13' title="bbox 713 1753 2867 1853">
     <span class='ocr_line' id='line_1_13' title="bbox 713 1753 2867 1853; baseline -0.01 -3"><span class='ocrx_word' id='word_1_59' title='bbox 713 1764 1208 1853; x_wconf 84' lang='lat' dir='ltr'><strong>NOTITIA</strong></span> <span class='ocrx_word' id='word_1_60' title='bbox 1268 1763 1388 1845; x_wconf 87' lang='lat' dir='ltr'><strong>IN</strong></span> <span class='ocrx_word' id='word_1_61' title='bbox 1444 1761 1535 1844; x_wconf 82' lang='lat' dir='ltr'><strong>S.</strong></span> <span class='ocrx_word' id='word_1_62' title='bbox 1593 1756 2246 1843; x_wconf 78' lang='lat' dir='ltr'><strong>PIRMINIUM</strong></span> <span class='ocrx_word' id='word_1_63' title='bbox 2304 1753 2867 1835; x_wconf 83' lang='lat' dir='ltr'><strong>ABBATEM.</strong></span> 
     </span>
    </p>
   </div>
   <div class='ocr_carea' id='block_1_14' title="bbox 1353 1990 2240 2056">
    <p class='ocr_par' dir='ltr' id='par_1_14' title="bbox 1353 1990 2240 2056">
     <span class='ocr_line' id='line_1_14' title="bbox 1353 1990 2240 2056; baseline -0.007 -10"><span class='ocrx_word' id='word_1_64' title='bbox 1353 1995 1597 2056; x_wconf 80' lang='lat' dir='ltr'><strong>(Gallaad.</strong></span> <span class='ocrx_word' id='word_1_65' title='bbox 1618 1992 1745 2045; x_wconf 82' lang='lat' dir='ltr'><strong>Bibl.</strong></span> <span class='ocrx_word' id='word_1_66' title='bbox 1782 1992 1915 2042; x_wconf 85' lang='lat' dir='ltr'><strong>l’str.</strong></span> <span class='ocrx_word' id='word_1_67' title='bbox 1942 2002 2055 2042; x_wconf 87' lang='lat' dir='ltr'><strong>tom.</strong></span> <span class='ocrx_word' id='word_1_68' title='bbox 2083 1990 2240 2051; x_wconf 75' lang='lat' dir='ltr'><strong>XIII.)</strong></span> 
     </span>
    </p>
   </div>
   <div class='ocr_carea' id='block_1_15' title="bbox 249 2192 3417 2271">
    <p class='ocr_par' dir='ltr' id='par_1_15' title="bbox 249 2192 3417 2271">
     <span class='ocr_line' id='line_1_15' title="bbox 249 2192 3417 2271; baseline -0.004 -10"><span class='ocrx_word' id='word_1_69' title='bbox 249 2205 567 2261; x_wconf 83' lang='lat' dir='ltr'><strong>Pirmiuium</strong></span> <span class='ocrx_word' id='word_1_70' title='bbox 592 2204 834 2258; x_wconf 76' lang='lat' dir='ltr'><strong>abbatem</strong></span> <span class='ocrx_word' id='word_1_71' title='bbox 863 2203 1024 2256; x_wconf 81' lang='lat' dir='ltr'><strong>fuisse</strong></span> <span class='ocrx_word' id='word_1_72' title='bbox 1044 2217 1105 2254; x_wconf 76' lang='lat' dir='ltr'><strong>ex</strong></span> <span class='ocrx_word' id='word_1_73' title='bbox 1139 2201 1289 2253; x_wconf 87' lang='lat' dir='ltr'><strong>titulo</strong></span> <span class='ocrx_word' id='word_1_74' title='bbox 1321 2202 1399 2253; x_wconf 87' lang='lat' dir='ltr'><strong>sui</strong></span> <span class='ocrx_word' id='word_1_75' title='bbox 1430 2198 1589 2252; x_wconf 87' lang='lat' dir='ltr'><strong>libelli</strong></span> <span class='ocrx_word' id='word_1_76' title='bbox 1615 2197 1745 2251; x_wconf 88' lang='lat' dir='ltr'><strong>satis</strong></span> <span class='ocrx_word' id='word_1_77' title='bbox 1779 2213 1822 2271; x_wconf 72' lang='grc' dir='ltr'><strong><em>Β</em></strong></span> <span class='ocrx_word' id='word_1_78' title='bbox 1848 2193 2114 2263; x_wconf 82' lang='lat' dir='ltr'><strong>paginibtts</strong></span> <span class='ocrx_word' id='word_1_79' title='bbox 2144 2193 2420 2246; x_wconf 81' lang='lat' dir='ltr'><strong>sacris.....</strong></span> <span class='ocrx_word' id='word_1_80' title='bbox 2450 2193 2535 2261; x_wconf 84' lang='lat' dir='ltr'><strong>qui</strong></span> <span class='ocrx_word' id='word_1_81' title='bbox 2566 2193 2741 2244; x_wconf 87' lang='lat' dir='ltr'><strong>dicunt</strong></span> <span class='ocrx_word' id='word_1_82' title='bbox 2773 2192 3087 2244; x_wconf 85' lang='lat' dir='ltr'><strong>immundum</strong></span> <span class='ocrx_word' id='word_1_83' title='bbox 3118 2195 3232 2259; x_wconf 80' lang='lat' dir='ltr'><strong>[mi</strong></span> <span class='ocrx_word' id='word_1_84' title='bbox 3256 2195 3417 2249; x_wconf 77' lang='lat' dir='ltr'><strong>hom!-</strong></span> 
     </span>
    </p>
   </div>
   <div class='ocr_carea' id='block_1_16' title="bbox 180 2290 1746 2365">
    <p class='ocr_par' dir='ltr' id='par_1_16' title="bbox 180 2290 1746 2365">
     <span class='ocr_line' id='line_1_16' title="bbox 180 2290 1746 2365; baseline -0.008 -12"><span class='ocrx_word' id='word_1_85' title='bbox 180 2310 427 2360; x_wconf 80' lang='lat' dir='ltr'><strong>constst;</strong></span> <span class='ocrx_word' id='word_1_86' title='bbox 457 2297 894 2365; x_wconf 79' lang='lat' dir='ltr'><strong>chorepi‘scopum</strong></span> <span class='ocrx_word' id='word_1_87' title='bbox 926 2296 1087 2348; x_wconf 85' lang='lat' dir='ltr'><strong>etiam</strong></span> <span class='ocrx_word' id='word_1_88' title='bbox 1134 2292 1299 2346; x_wconf 83' lang='lat' dir='ltr'><strong>fuisse</strong></span> <span class='ocrx_word' id='word_1_89' title='bbox 1337 2307 1398 2344; x_wconf 77' lang='lat' dir='ltr'><strong>ex</strong></span> <span class='ocrx_word' id='word_1_90' title='bbox 1444 2290 1746 2357; x_wconf 74' lang='lat' dir='ltr'><strong>conjectura</strong></span> 
     </span>
    </p>
   </div>
   <div class='ocr_carea' id='block_1_17' title="bbox 178 2379 1748 2457">
    <p class='ocr_par' dir='ltr' id='par_1_17' title="bbox 178 2379 1748 2457">
     <span class='ocr_line' id='line_1_17' title="bbox 178 2379 1748 2457; baseline -0.006 -16"><span class='ocrx_word' id='word_1_91' title='bbox 178 2389 524 2457; x_wconf 76' lang='lat' dir='ltr'><strong>suspicantur</strong></span> <span class='ocrx_word' id='word_1_92' title='bbox 550 2385 765 2440; x_wconf 83' lang='lat' dir='ltr'><strong>eruditi.</strong></span> <span class='ocrx_word' id='word_1_93' title='bbox 798 2385 940 2437; x_wconf 84' lang='lat' dir='ltr'><strong>Obiit</strong></span> <span class='ocrx_word' id='word_1_94' title='bbox 968 2398 1107 2438; x_wconf 82' lang='lat' dir='ltr'><strong>anno</strong></span> <span class='ocrx_word' id='word_1_95' title='bbox 1153 2381 1275 2442; x_wconf 84' lang='lat'><strong>758,</strong></span> <span class='ocrx_word' id='word_1_96' title='bbox 1310 2391 1366 2434; x_wconf 91' lang='lat' dir='ltr'><strong>ttt</strong></span> <span class='ocrx_word' id='word_1_97' title='bbox 1416 2379 1748 2434; x_wconf 82' lang='lat' dir='ltr'><strong>Mabillonius</strong></span> 
     </span>
    </p>
   </div>
   <div class='ocr_carea' id='block_1_18' title="bbox 179 2467 1747 2541">
    <p class='ocr_par' dir='ltr' id='par_1_18' title="bbox 179 2467 1747 2541">
     <span class='ocr_line' id='line_1_18' title="bbox 179 2467 1747 2541; baseline -0.006 -12"><span class='ocrx_word' id='word_1_98' title='bbox 179 2477 365 2541; x_wconf 81' lang='lat' dir='ltr'><strong>docet,</strong></span> <span class='ocrx_word' id='word_1_99' title='bbox 394 2485 449 2529; x_wconf 90' lang='lat' dir='ltr'><strong>et</strong></span> <span class='ocrx_word' id='word_1_100' title='bbox 473 2491 538 2528; x_wconf 80' lang='lat' dir='ltr'><strong>ex</strong></span> <span class='ocrx_word' id='word_1_101' title='bbox 569 2490 635 2529; x_wconf 90' lang='lat' dir='ltr'><strong>eo</strong></span> <span class='ocrx_word' id='word_1_102' title='bbox 668 2475 896 2527; x_wconf 80' lang='lat' dir='ltr'><strong>tlistoria</strong></span> <span class='ocrx_word' id='word_1_103' title='bbox 933 2471 1185 2525; x_wconf 85' lang='lat' dir='ltr'><strong>litteraria</strong></span> <span class='ocrx_word' id='word_1_104' title='bbox 1229 2469 1410 2524; x_wconf 76' lang='lat' dir='ltr'><strong>Galliae</strong></span> <span class='ocrx_word' id='word_1_105' title='bbox 1447 2467 1698 2541; x_wconf 78' lang='lat' dir='ltr'><strong>(TotuJV</strong></span> <span class='ocrx_word' id='word_1_106' title='bbox 1732 2511 1747 2533; x_wconf 87' lang='lat'><strong>,</strong></span> 
     </span>
    </p>
   </div>
   <div class='ocr_carea' id='block_1_19' title="bbox 180 2558 1748 2636">
    <p class='ocr_par' dir='ltr' id='par_1_19' title="bbox 180 2558 1748 2636">
     <span class='ocr_line' id='line_1_19' title="bbox 180 2558 1748 2636; baseline -0.004 -18"><span class='ocrx_word' id='word_1_107' title='bbox 180 2583 303 2636; x_wconf 78' lang='lat' dir='ltr'><strong>pag.</strong></span> <span class='ocrx_word' id='word_1_108' title='bbox 339 2563 498 2634; x_wconf 72' lang='grc' dir='ltr'><strong>ηδ).</strong></span> <span class='ocrx_word' id='word_1_109' title='bbox 530 2567 708 2630; x_wconf 80' lang='lat' dir='ltr'><strong>Quare</strong></span> <span class='ocrx_word' id='word_1_110' title='bbox 738 2561 1170 2632; x_wconf 72' lang='lat' dir='ltr'><strong>typograplticum</strong></span> <span class='ocrx_word' id='word_1_111' title='bbox 1207 2560 1444 2627; x_wconf 79' lang='lat' dir='ltr'><strong>sphaltua</strong></span> <span class='ocrx_word' id='word_1_112' title='bbox 1467 2560 1678 2613; x_wconf 68' lang='lat' dir='ltr'><strong>videtur</strong></span> <span class='ocrx_word' id='word_1_113' title='bbox 1698 2558 1748 2611; x_wconf 91' lang='lat' dir='ltr'><strong>in</strong></span> 
     </span>
    </p>
   </div>
   <div class='ocr_carea' id='block_1_20' title="bbox 183 2650 1751 2724">
    <p class='ocr_par' dir='ltr' id='par_1_20' title="bbox 183 2650 1751 2724">
     <span class='ocr_line' id='line_1_20' title="bbox 183 2650 1751 2724; baseline -0.003 -13"><span class='ocrx_word' id='word_1_114' title='bbox 183 2658 485 2713; x_wconf 74' lang='lat' dir='ltr'><strong>Fabricium</strong></span> <span class='ocrx_word' id='word_1_115' title='bbox 540 2657 842 2724; x_wconf 85' lang='lat' dir='ltr'><strong>irrepsisse,</strong></span> <span class='ocrx_word' id='word_1_116' title='bbox 877 2656 1011 2722; x_wconf 86' lang='lat' dir='ltr'><strong>apud</strong></span> <span class='ocrx_word' id='word_1_117' title='bbox 1061 2652 1527 2721; x_wconf 86' lang='lat' dir='ltr'><strong>quem,decennio</strong></span> <span class='ocrx_word' id='word_1_118' title='bbox 1583 2650 1751 2706; x_wconf 83' lang='lat' dir='ltr'><strong>serius</strong></span> 
     </span>
    </p>
   </div>
   <div class='ocr_carea' id='block_1_21' title="bbox 179 2739 1754 2816">
    <p class='ocr_par' dir='ltr' id='par_1_21' title="bbox 179 2739 1754 2816">
     <span class='ocr_line' id='line_1_21' title="bbox 179 2739 1754 2816; baseline -0.007 -15"><span class='ocrx_word' id='word_1_119' title='bbox 179 2747 299 2816; x_wconf 71' lang='lat' dir='ltr'><strong>eius</strong></span> <span class='ocrx_word' id='word_1_120' title='bbox 329 2760 477 2800; x_wconf 86' lang='lat' dir='ltr'><strong>ntors</strong></span> <span class='ocrx_word' id='word_1_121' title='bbox 501 2747 863 2814; x_wconf 75' lang='lat' dir='ltr'><strong>consignatur.</strong></span> <span class='ocrx_word' id='word_1_122' title='bbox 909 2744 1145 2797; x_wconf 81' lang='lat' dir='ltr'><strong>Pirtuinii</strong></span> <span class='ocrx_word' id='word_1_123' title='bbox 1179 2743 1389 2796; x_wconf 78' lang='lat' dir='ltr'><strong>l.bellus</strong></span> <span class='ocrx_word' id='word_1_124' title='bbox 1440 2740 1516 2793; x_wconf 79' lang='lat' dir='ltr'><strong>De</strong></span> <span class='ocrx_word' id='word_1_125' title='bbox 1542 2739 1754 2808; x_wconf 77' lang='lat' dir='ltr'><strong>singulis</strong></span> 
     </span>
    </p>
   </div>
   <div class='ocr_carea' id='block_1_22' title="bbox 187 2833 1750 2897">
    <p class='ocr_par' dir='ltr' id='par_1_22' title="bbox 187 2833 1750 2897">
     <span class='ocr_line' id='line_1_22' title="bbox 187 2833 1750 2897; baseline -0.005 -10"><span class='ocrx_word' id='word_1_126' title='bbox 187 2836 335 2890; x_wconf 76' lang='lat' dir='ltr'><strong>libris</strong></span> <span class='ocrx_word' id='word_1_127' title='bbox 394 2835 654 2888; x_wconf 78' lang='lat' dir='ltr'><strong>canonicis</strong></span> <span class='ocrx_word' id='word_1_128' title='bbox 711 2836 849 2888; x_wconf 88' lang='lat' dir='ltr'><strong>inter</strong></span> <span class='ocrx_word' id='word_1_129' title='bbox 898 2837 1133 2888; x_wconf 77' lang='lat' dir='ltr'><strong>analecta</strong></span> <span class='ocrx_word' id='word_1_130' title='bbox 1184 2833 1470 2886; x_wconf 81' lang='lat' dir='ltr'><strong>Mabillnnii</strong></span> <span class='ocrx_word' id='word_1_131' title='bbox 1527 2833 1750 2897; x_wconf 82' lang='lat' dir='ltr'><strong>primum</strong></span> 
     </span>
    </p>
   </div>
   <div class='ocr_carea' id='block_1_23' title="bbox 184 2922 1754 2996">
    <p class='ocr_par' dir='ltr' id='par_1_23' title="bbox 184 2922 1754 2996">
     <span class='ocr_line' id='line_1_23' title="bbox 184 2922 1754 2996; baseline -0.002 -17"><span class='ocrx_word' id='word_1_132' title='bbox 184 2927 403 2995; x_wconf 89' lang='lat' dir='ltr'><strong>prodiit,</strong></span> <span class='ocrx_word' id='word_1_133' title='bbox 440 2942 468 2979; x_wconf 89' lang='lat' dir='ltr'><strong>a</strong></span> <span class='ocrx_word' id='word_1_134' title='bbox 505 2942 609 2996; x_wconf 78' lang='lat' dir='ltr'><strong>qun</strong></span> <span class='ocrx_word' id='word_1_135' title='bbox 635 2937 690 2980; x_wconf 89' lang='lat' dir='ltr'><strong>et</strong></span> <span class='ocrx_word' id='word_1_136' title='bbox 719 2941 816 2980; x_wconf 90' lang='lat' dir='ltr'><strong>nos</strong></span> <span class='ocrx_word' id='word_1_137' title='bbox 847 2927 968 2980; x_wconf 83' lang='lat' dir='ltr'><strong>inde</strong></span> <span class='ocrx_word' id='word_1_138' title='bbox 993 2927 1311 2993; x_wconf 85' lang='lat' dir='ltr'><strong>accepimus.</strong></span> <span class='ocrx_word' id='word_1_139' title='bbox 1358 2924 1410 2976; x_wconf 93' lang='lat' dir='ltr'><strong>In</strong></span> <span class='ocrx_word' id='word_1_140' title='bbox 1455 2938 1519 2976; x_wconf 88' lang='lat' dir='ltr'><strong>eo</strong></span> <span class='ocrx_word' id='word_1_141' title='bbox 1546 2922 1754 2976; x_wconf 76' lang='lat' dir='ltr'><strong>tametsi</strong></span> 
     </span>
    </p>
   </div>
   <div class='ocr_carea' id='block_1_24' title="bbox 187 3012 1755 3085">
    <p class='ocr_par' dir='ltr' id='par_1_24' title="bbox 187 3012 1755 3085">
     <span class='ocr_line' id='line_1_24' title="bbox 187 3012 1755 3085; baseline -0.004 -14"><span class='ocrx_word' id='word_1_142' title='bbox 187 3018 414 3072; x_wconf 85' lang='lat' dir='ltr'><strong>barbare</strong></span> <span class='ocrx_word' id='word_1_143' title='bbox 467 3019 919 3085; x_wconf 81' lang='lat' dir='ltr'><strong>exarato,tnulta</strong></span> <span class='ocrx_word' id='word_1_144' title='bbox 975 3017 1218 3084; x_wconf 76' lang='lat' dir='ltr'><strong>leguntur</strong></span> <span class='ocrx_word' id='word_1_145' title='bbox 1270 3015 1459 3081; x_wconf 85' lang='lat' dir='ltr'><strong>quibus</strong></span> <span class='ocrx_word' id='word_1_146' title='bbox 1512 3012 1755 3080; x_wconf 77' lang='lat' dir='ltr'><strong>dogmata</strong></span> 
     </span>
    </p>
   </div>
   <div class='ocr_carea' id='block_1_25' title="bbox 187 3093 1755 3162">
    <p class='ocr_par' dir='ltr' id='par_1_25' title="bbox 187 3093 1755 3162">
     <span class='ocr_line' id='line_1_25' title="bbox 187 3093 1755 3162; baseline -0.005 0"><span class='ocrx_word' id='word_1_147' title='bbox 187 3107 451 3162; x_wconf 79' lang='lat' dir='ltr'><strong>catholica</strong></span> <span class='ocrx_word' id='word_1_148' title='bbox 480 3116 531 3162; x_wconf 89' lang='lat' dir='ltr'><strong>et</strong></span> <span class='ocrx_word' id='word_1_149' title='bbox 576 3106 951 3161; x_wconf 71' lang='lat' dir='ltr'><strong>ecclesiastica:</strong></span> <span class='ocrx_word' id='word_1_150' title='bbox 998 3093 1755 3160; x_wconf 63' lang='lat' dir='ltr'><strong>consuctudincs&#39;conﬁrmari</strong></span> 
     </span>
    </p>
   </div>
   <div class='ocr_carea' id='block_1_26' title="bbox 187 3191 1753 3266">
    <p class='ocr_par' dir='ltr' id='par_1_26' title="bbox 187 3191 1753 3266">
     <span class='ocr_line' id='line_1_26' title="bbox 187 3191 1753 3266; baseline -0.005 -15"><span class='ocrx_word' id='word_1_151' title='bbox 187 3197 511 3252; x_wconf 85' lang='lat' dir='ltr'><strong>illustrarive</strong></span> <span class='ocrx_word' id='word_1_152' title='bbox 543 3200 762 3266; x_wconf 88' lang='lat' dir='ltr'><strong>possint.</strong></span> <span class='ocrx_word' id='word_1_153' title='bbox 803 3197 876 3251; x_wconf 88' lang='lat' dir='ltr'><strong>De</strong></span> <span class='ocrx_word' id='word_1_154' title='bbox 921 3213 984 3250; x_wconf 89' lang='lat' dir='ltr'><strong>eo</strong></span> <span class='ocrx_word' id='word_1_155' title='bbox 1023 3198 1170 3266; x_wconf 85' lang='lat' dir='ltr'><strong>plura</strong></span> <span class='ocrx_word' id='word_1_156' title='bbox 1219 3212 1322 3249; x_wconf 89' lang='lat' dir='ltr'><strong>non</strong></span> <span class='ocrx_word' id='word_1_157' title='bbox 1374 3203 1635 3248; x_wconf 82' lang='lat' dir='ltr'><strong>constant.</strong></span> <span class='ocrx_word' id='word_1_158' title='bbox 1681 3191 1753 3244; x_wconf 77' lang='lat' dir='ltr'><strong>Ex</strong></span> 
     </span>
    </p>
   </div>
   <div class='ocr_carea' id='block_1_27' title="bbox 191 3276 1759 3354">
    <p class='ocr_par' dir='ltr' id='par_1_27' title="bbox 191 3276 1759 3354">
     <span class='ocr_line' id='line_1_27' title="bbox 191 3276 1759 3354; baseline -0.003 -15"><span class='ocrx_word' id='word_1_159' title='bbox 191 3288 257 3339; x_wconf 88' lang='lat' dir='ltr'><strong>lis</strong></span> <span class='ocrx_word' id='word_1_160' title='bbox 287 3276 466 3341; x_wconf 81' lang='lat' dir='ltr'><strong>tamen</strong></span> <span class='ocrx_word' id='word_1_161' title='bbox 501 3281 663 3340; x_wconf 85' lang='lat' dir='ltr'><strong>tuisse</strong></span> <span class='ocrx_word' id='word_1_162' title='bbox 706 3287 914 3340; x_wconf 82' lang='lat' dir='ltr'><strong>videtur</strong></span> <span class='ocrx_word' id='word_1_163' title='bbox 957 3288 1044 3354; x_wconf 90' lang='lat' dir='ltr'><strong>qui</strong></span> <span class='ocrx_word' id='word_1_164' title='bbox 1094 3285 1161 3337; x_wconf 89' lang='lat' dir='ltr'><strong>ab</strong></span> <span class='ocrx_word' id='word_1_165' title='bbox 1208 3298 1300 3338; x_wconf 85' lang='lat' dir='ltr'><strong>esu</strong></span> <span class='ocrx_word' id='word_1_166' title='bbox 1352 3283 1623 3352; x_wconf 77' lang='lat' dir='ltr'><strong>sanguinis</strong></span> <span class='ocrx_word' id='word_1_167' title='bbox 1677 3281 1759 3334; x_wconf 80' lang='lat' dir='ltr'><strong>vel</strong></span> 
     </span>
    </p>
   </div>
   <div class='ocr_carea' id='block_1_28' title="bbox 190 3372 1759 3444">
    <p class='ocr_par' dir='ltr' id='par_1_28' title="bbox 190 3372 1759 3444">
     <span class='ocr_line' id='line_1_28' title="bbox 190 3372 1759 3444; baseline -0.007 -10"><span class='ocrx_word' id='word_1_168' title='bbox 190 3381 455 3434; x_wconf 71' lang='lat' dir='ltr'><strong>mairticini</strong></span> <span class='ocrx_word' id='word_1_169' title='bbox 479 3379 852 3434; x_wconf 82' lang='lat' dir='ltr'><strong>abstinendum</strong></span> <span class='ocrx_word' id='word_1_170' title='bbox 882 3380 1144 3435; x_wconf 82' lang='lat' dir='ltr'><strong>ducebant</strong></span> <span class='ocrx_word' id='word_1_171' title='bbox 1178 3396 1190 3430; x_wconf 91' lang='lat'><strong>:</strong></span> <span class='ocrx_word' id='word_1_172' title='bbox 1224 3391 1386 3444; x_wconf 86' lang='lat' dir='ltr'><strong>quare</strong></span> <span class='ocrx_word' id='word_1_173' title='bbox 1417 3385 1470 3427; x_wconf 89' lang='lat' dir='ltr'><strong>et</strong></span> <span class='ocrx_word' id='word_1_174' title='bbox 1512 3373 1564 3426; x_wconf 92' lang='lat' dir='ltr'><strong>in</strong></span> <span class='ocrx_word' id='word_1_175' title='bbox 1609 3372 1759 3425; x_wconf 88' lang='lat' dir='ltr'><strong>illum</strong></span> 
     </span>
    </p>
   </div>
   <div class='ocr_carea' id='block_1_29' title="bbox 191 3461 1761 3540">
    <p class='ocr_par' dir='ltr' id='par_1_29' title="bbox 191 3461 1761 3540">
     <span class='ocr_line' id='line_1_29' title="bbox 191 3461 1761 3540; baseline -0.007 -19"><span class='ocrx_word' id='word_1_176' title='bbox 191 3467 418 3540; x_wconf 72' lang='lat' dir='ltr'><strong>ejusque</strong></span> <span class='ocrx_word' id='word_1_177' title='bbox 447 3484 706 3538; x_wconf 81' lang='lat' dir='ltr'><strong>sequaces</strong></span> <span class='ocrx_word' id='word_1_178' title='bbox 732 3471 996 3523; x_wconf 85' lang='lat' dir='ltr'><strong>calamum</strong></span> <span class='ocrx_word' id='word_1_179' title='bbox 1027 3467 1302 3521; x_wconf 78' lang='lat' dir='ltr'><strong>strinxisse</strong></span> <span class='ocrx_word' id='word_1_180' title='bbox 1324 3464 1564 3518; x_wconf 87' lang='lat' dir='ltr'><strong>videatur</strong></span> <span class='ocrx_word' id='word_1_181' title='bbox 1594 3461 1761 3512; x_wconf 77' lang='lat' dir='ltr'><strong>Evan-</strong></span> 
     </span>
    </p>
   </div>
   <div class='ocr_carea' id='block_1_30' title="bbox 1847 2283 3414 2350">
    <p class='ocr_par' dir='ltr' id='par_1_30' title="bbox 1847 2283 3414 2350">
     <span class='ocr_line' id='line_1_30' title="bbox 1847 2283 3414 2350; baseline 0.001 -12"><span class='ocrx_word' id='word_1_182' title='bbox 1847 2302 1957 2338; x_wconf 83' lang='lat' dir='ltr'><strong>nem</strong></span> <span class='ocrx_word' id='word_1_183' title='bbox 1988 2283 2207 2346; x_wconf 82' lang='lat' dir='ltr'><strong>alicuius</strong></span> <span class='ocrx_word' id='word_1_184' title='bbox 2235 2283 2473 2335; x_wconf 83' lang='lat' dir='ltr'><strong>animatis</strong></span> <span class='ocrx_word' id='word_1_185' title='bbox 2512 2283 2806 2350; x_wconf 83' lang='lat' dir='ltr'><strong>sanguinem</strong></span> <span class='ocrx_word' id='word_1_186' title='bbox 2849 2283 3208 2337; x_wconf 84' lang='lat' dir='ltr'><strong>comedentent.</strong></span> <span class='ocrx_word' id='word_1_187' title='bbox 3257 2286 3414 2340; x_wconf 79' lang='lat' dir='ltr'><strong>Certe</strong></span> 
     </span>
    </p>
   </div>
   <div class='ocr_carea' id='block_1_31' title="bbox 1851 2373 3416 2440">
    <p class='ocr_par' dir='ltr' id='par_1_31' title="bbox 1851 2373 3416 2440">
     <span class='ocr_line' id='line_1_31' title="bbox 1851 2373 3416 2440; baseline -0.002 -12"><span class='ocrx_word' id='word_1_188' title='bbox 1851 2375 2132 2428; x_wconf 84' lang='lat' dir='ltr'><strong>Pirminius</strong></span> <span class='ocrx_word' id='word_1_189' title='bbox 2161 2374 2455 2427; x_wconf 80' lang='lat' dir='ltr'><strong>doctrinam</strong></span> <span class='ocrx_word' id='word_1_190' title='bbox 2486 2388 2634 2425; x_wconf 84' lang='lat' dir='ltr'><strong>suam</strong></span> <span class='ocrx_word' id='word_1_191' title='bbox 2668 2373 2898 2425; x_wconf 79' lang='lat' dir='ltr'><strong>maxime</strong></span> <span class='ocrx_word' id='word_1_192' title='bbox 2921 2387 2984 2425; x_wconf 76' lang='lat' dir='ltr'><strong>ex</strong></span> <span class='ocrx_word' id='word_1_193' title='bbox 3012 2374 3154 2426; x_wconf 81' lang='lat' dir='ltr'><strong>Actis</strong></span> <span class='ocrx_word' id='word_1_194' title='bbox 3200 2381 3416 2440; x_wconf 49' lang='lat' dir='ltr'><strong>aperto-</strong></span> 
     </span>
    </p>
   </div>
   <div class='ocr_carea' id='block_1_32' title="bbox 1849 2462 3412 2530">
    <p class='ocr_par' dir='ltr' id='par_1_32' title="bbox 1849 2462 3412 2530">
     <span class='ocr_line' id='line_1_32' title="bbox 1849 2462 3412 2530; baseline -0.001 -13"><span class='ocrx_word' id='word_1_195' title='bbox 1849 2463 2020 2517; x_wconf 90' lang='lat' dir='ltr'><strong>lorum</strong></span> <span class='ocrx_word' id='word_1_196' title='bbox 2050 2464 2368 2516; x_wconf 81' lang='lat' dir='ltr'><strong>continuare</strong></span> <span class='ocrx_word' id='word_1_197' title='bbox 2405 2462 2603 2524; x_wconf 82' lang='lat' dir='ltr'><strong>studet,</strong></span> <span class='ocrx_word' id='word_1_198' title='bbox 2627 2464 2766 2530; x_wconf 92' lang='lat' dir='ltr'><strong>quod</strong></span> <span class='ocrx_word' id='word_1_199' title='bbox 2797 2462 3150 2514; x_wconf 85' lang='lat' dir='ltr'><strong>testimonium</strong></span> <span class='ocrx_word' id='word_1_200' title='bbox 3183 2476 3412 2529; x_wconf 64' lang='lat' dir='ltr'><strong>urat-er-</strong></span> 
     </span>
    </p>
   </div>
   <div class='ocr_carea' id='block_1_33' title="bbox 1848 2549 3411 2619">
    <p class='ocr_par' dir='ltr' id='par_1_33' title="bbox 1848 2549 3411 2619">
     <span class='ocr_line' id='line_1_33' title="bbox 1848 2549 3411 2619; baseline -0.003 -12"><span class='ocrx_word' id='word_1_201' title='bbox 1848 2554 1942 2608; x_wconf 86' lang='lat' dir='ltr'><strong>tim</strong></span> <span class='ocrx_word' id='word_1_202' title='bbox 1969 2553 2173 2606; x_wconf 86' lang='lat' dir='ltr'><strong>diluere</strong></span> <span class='ocrx_word' id='word_1_203' title='bbox 2217 2554 2398 2605; x_wconf 91' lang='lat' dir='ltr'><strong>nititur</strong></span> <span class='ocrx_word' id='word_1_204' title='bbox 2449 2553 2719 2604; x_wconf 82' lang='lat' dir='ltr'><strong>Evautius.</strong></span> <span class='ocrx_word' id='word_1_205' title='bbox 2764 2549 3028 2605; x_wconf 55' lang='lat' dir='ltr'><strong>Caeterum</strong></span> <span class='ocrx_word' id='word_1_206' title='bbox 3068 2551 3411 2619; x_wconf 81' lang='lat' dir='ltr'><strong>cborepisco-</strong></span> 
     </span>
    </p>
   </div>
   <div class='ocr_carea' id='block_1_34' title="bbox 1852 2641 3418 2712">
    <p class='ocr_par' dir='ltr' id='par_1_34' title="bbox 1852 2641 3418 2712">
     <span class='ocr_line' id='line_1_34' title="bbox 1852 2641 3418 2712; baseline -0.001 -14"><span class='ocrx_word' id='word_1_207' title='bbox 1852 2659 1973 2712; x_wconf 88' lang='lat' dir='ltr'><strong>pum</strong></span> <span class='ocrx_word' id='word_1_208' title='bbox 2003 2644 2148 2696; x_wconf 83' lang='lat' dir='ltr'><strong>illum</strong></span> <span class='ocrx_word' id='word_1_209' title='bbox 2178 2642 2363 2697; x_wconf 86' lang='lat' dir='ltr'><strong>saltent</strong></span> <span class='ocrx_word' id='word_1_210' title='bbox 2417 2643 2581 2694; x_wconf 81' lang='lat' dir='ltr'><strong>tuisse</strong></span> <span class='ocrx_word' id='word_1_211' title='bbox 2635 2641 2925 2710; x_wconf 86' lang='lat' dir='ltr'><strong>conjiciunt</strong></span> <span class='ocrx_word' id='word_1_212' title='bbox 2980 2657 3042 2695; x_wconf 78' lang='lat' dir='ltr'><strong>ex</strong></span> <span class='ocrx_word' id='word_1_213' title='bbox 3095 2641 3204 2710; x_wconf 78' lang='lat' dir='ltr'><strong>ipsa</strong></span> <span class='ocrx_word' id='word_1_214' title='bbox 3239 2642 3418 2709; x_wconf 77' lang='lat' dir='ltr'><strong>plu-usi</strong></span> 
     </span>
    </p>
   </div>
   <div class='ocr_carea' id='block_1_35' title="bbox 1850 2732 3420 2798">
    <p class='ocr_par' dir='ltr' id='par_1_35' title="bbox 1850 2732 3420 2798">
     <span class='ocr_line' id='line_1_35' title="bbox 1850 2732 3420 2798; baseline 0.001 -13"><span class='ocrx_word' id='word_1_215' title='bbox 1850 2747 1961 2787; x_wconf 76' lang='lat' dir='ltr'><strong>sua:</strong></span> <span class='ocrx_word' id='word_1_216' title='bbox 1987 2733 2265 2795; x_wconf 84' lang='lat' dir='ltr'><strong>orationis,</strong></span> <span class='ocrx_word' id='word_1_217' title='bbox 2295 2736 2465 2785; x_wconf 88' lang='lat' dir='ltr'><strong>locum</strong></span> <span class='ocrx_word' id='word_1_218' title='bbox 2515 2747 2701 2795; x_wconf 88' lang='lat' dir='ltr'><strong>nemo,</strong></span> <span class='ocrx_word' id='word_1_219' title='bbox 2749 2732 2888 2798; x_wconf 92' lang='lat' dir='ltr'><strong>quod</strong></span> <span class='ocrx_word' id='word_1_220' title='bbox 2939 2732 3125 2793; x_wconf 87' lang='lat' dir='ltr'><strong>sciam,</strong></span> <span class='ocrx_word' id='word_1_221' title='bbox 3163 2733 3420 2786; x_wconf 76' lang='lat' dir='ltr'><strong>hactenus</strong></span> 
     </span>
    </p>
   </div>
   <div class='ocr_carea' id='block_1_36' title="bbox 1854 2821 3420 2891">
    <p class='ocr_par' dir='ltr' id='par_1_36' title="bbox 1854 2821 3420 2891">
     <span class='ocr_line' id='line_1_36' title="bbox 1854 2821 3420 2891; baseline -0.001 -15"><span class='ocrx_word' id='word_1_222' title='bbox 1854 2824 2122 2878; x_wconf 83' lang='lat' dir='ltr'><strong>indicavit.</strong></span> <span class='ocrx_word' id='word_1_223' title='bbox 2156 2823 2208 2876; x_wconf 88' lang='lat' dir='ltr'><strong>In</strong></span> <span class='ocrx_word' id='word_1_224' title='bbox 2238 2822 2702 2889; x_wconf 68' lang='lat' dir='ltr'><strong>Cmsaraugustana</strong></span> <span class='ocrx_word' id='word_1_225' title='bbox 2737 2832 2911 2874; x_wconf 89' lang='lat' dir='ltr'><strong>tamen</strong></span> <span class='ocrx_word' id='word_1_226' title='bbox 2955 2821 3172 2877; x_wconf 72' lang='lat' dir='ltr'><strong>dimcesi</strong></span> <span class='ocrx_word' id='word_1_227' title='bbox 3215 2823 3259 2875; x_wconf 87' lang='lat' dir='ltr'><strong>si</strong></span> <span class='ocrx_word' id='word_1_228' title='bbox 3301 2825 3420 2891; x_wconf 79' lang='lat' dir='ltr'><strong>quis</strong></span> 
     </span>
    </p>
   </div>
   <div class='ocr_carea' id='block_1_37' title="bbox 1854 2912 3421 2982">
    <p class='ocr_par' dir='ltr' id='par_1_37' title="bbox 1854 2912 3421 2982">
     <span class='ocr_line' id='line_1_37' title="bbox 1854 2912 3421 2982; baseline 0.001 -15"><span class='ocrx_word' id='word_1_229' title='bbox 1854 2923 2016 2982; x_wconf 87' lang='lat' dir='ltr'><strong>ponat</strong></span> <span class='ocrx_word' id='word_1_230' title='bbox 2072 2922 2282 2981; x_wconf 73' lang='lat' dir='ltr'><strong>promer</strong></span> <span class='ocrx_word' id='word_1_231' title='bbox 2339 2913 2540 2964; x_wconf 75' lang='lat' dir='ltr'><strong>Evantii</strong></span> <span class='ocrx_word' id='word_1_232' title='bbox 2595 2914 2986 2975; x_wconf 74' lang='lat' dir='ltr'><strong>anetoritatem,</strong></span> <span class='ocrx_word' id='word_1_233' title='bbox 3031 2927 3142 2965; x_wconf 87' lang='lat' dir='ltr'><strong>rem</strong></span> <span class='ocrx_word' id='word_1_234' title='bbox 3194 2912 3421 2977; x_wconf 77' lang='lat' dir='ltr'><strong>fortasse</strong></span> 
     </span>
    </p>
   </div>
   <div class='ocr_carea' id='block_1_38' title="bbox 1856 3004 3422 3073">
    <p class='ocr_par' dir='ltr' id='par_1_38' title="bbox 1856 3004 3422 3073">
     <span class='ocr_line' id='line_1_38' title="bbox 1856 3004 3422 3073; baseline -0.003 -13"><span class='ocrx_word' id='word_1_235' title='bbox 1856 3007 1991 3060; x_wconf 86' lang='lat' dir='ltr'><strong>haud</strong></span> <span class='ocrx_word' id='word_1_236' title='bbox 2025 3005 2421 3073; x_wconf 78' lang='lat' dir='ltr'><strong>itnprobaliilem</strong></span> <span class='ocrx_word' id='word_1_237' title='bbox 2450 3005 2738 3056; x_wconf 78' lang='lat' dir='ltr'><strong>attirinabit</strong></span> <span class='ocrx_word' id='word_1_238' title='bbox 2770 3021 2780 3054; x_wconf 92' lang='lat'><strong>:</strong></span> <span class='ocrx_word' id='word_1_239' title='bbox 2817 3006 2899 3057; x_wconf 92' lang='lat' dir='ltr'><strong>cui</strong></span> <span class='ocrx_word' id='word_1_240' title='bbox 2953 3004 3112 3056; x_wconf 89' lang='lat' dir='ltr'><strong>etiam</strong></span> <span class='ocrx_word' id='word_1_241' title='bbox 3165 3005 3422 3073; x_wconf 80' lang='lat' dir='ltr'><strong>astipula-</strong></span> 
     </span>
    </p>
   </div>
   <div class='ocr_carea' id='block_1_39' title="bbox 1858 3093 3424 3163">
    <p class='ocr_par' dir='ltr' id='par_1_39' title="bbox 1858 3093 3424 3163">
     <span class='ocr_line' id='line_1_39' title="bbox 1858 3093 3424 3163; baseline -0.001 -12"><span class='ocrx_word' id='word_1_242' title='bbox 1858 3100 2052 3151; x_wconf 85' lang='lat' dir='ltr'><strong>buntur</strong></span> <span class='ocrx_word' id='word_1_243' title='bbox 2085 3110 2239 3148; x_wconf 74' lang='lat' dir='ltr'><strong>voces</strong></span> <span class='ocrx_word' id='word_1_244' title='bbox 2266 3093 2308 3147; x_wconf 83' lang='grc' dir='ltr'><em>Κ</em></span> <span class='ocrx_word' id='word_1_245' title='bbox 2317 3097 2521 3163; x_wconf 79' lang='lat' dir='ltr'><strong>arugius</strong></span> <span class='ocrx_word' id='word_1_246' title='bbox 2545 3108 2593 3148; x_wconf 89' lang='lat' dir='ltr'><strong>et</strong></span> <span class='ocrx_word' id='word_1_247' title='bbox 2630 3093 2939 3156; x_wconf 77' lang='lat' dir='ltr'><strong>Karakares,</strong></span> <span class='ocrx_word' id='word_1_248' title='bbox 2964 3110 3082 3162; x_wconf 69' lang='lat' dir='ltr'><strong>qua:</strong></span> <span class='ocrx_word' id='word_1_249' title='bbox 3112 3108 3208 3148; x_wconf 87' lang='lat' dir='ltr'><strong>suo</strong></span> <span class='ocrx_word' id='word_1_250' title='bbox 3246 3095 3424 3150; x_wconf 88' lang='lat' dir='ltr'><strong>adhuc</strong></span> 
     </span>
    </p>
   </div>
   <div class='ocr_carea' id='block_1_40' title="bbox 1860 3185 3424 3256">
    <p class='ocr_par' dir='ltr' id='par_1_40' title="bbox 1860 3185 3424 3256">
     <span class='ocr_line' id='line_1_40' title="bbox 1860 3185 3424 3256; baseline -0.001 -17"><span class='ocrx_word' id='word_1_251' title='bbox 1860 3195 2099 3256; x_wconf 88' lang='lat' dir='ltr'><strong>tempore</strong></span> <span class='ocrx_word' id='word_1_252' title='bbox 2126 3188 2261 3252; x_wconf 78' lang='lat' dir='ltr'><strong>apud</strong></span> <span class='ocrx_word' id='word_1_253' title='bbox 2297 3187 2553 3252; x_wconf 80' lang='lat' dir='ltr'><strong>lliSpattos</strong></span> <span class='ocrx_word' id='word_1_254' title='bbox 2584 3188 2632 3237; x_wconf 84' lang='lat' dir='ltr'><strong>in</strong></span> <span class='ocrx_word' id='word_1_255' title='bbox 2665 3202 2757 3238; x_wconf 80' lang='lat' dir='ltr'><strong>usu</strong></span> <span class='ocrx_word' id='word_1_256' title='bbox 2792 3187 2953 3238; x_wconf 82' lang='lat' dir='ltr'><strong>tuisse</strong></span> <span class='ocrx_word' id='word_1_257' title='bbox 2983 3188 3138 3238; x_wconf 86' lang='lat' dir='ltr'><strong>docet</strong></span> <span class='ocrx_word' id='word_1_258' title='bbox 3185 3185 3424 3238; x_wconf 82' lang='lat' dir='ltr'><strong>Philesa-</strong></span> 
     </span>
    </p>
   </div>
   <div class='ocr_carea' id='block_1_41' title="bbox 1858 3274 3482 3342">
    <p class='ocr_par' dir='ltr' id='par_1_41' title="bbox 1858 3274 3482 3342">
     <span class='ocr_line' id='line_1_41' title="bbox 1858 3274 3482 3342; baseline -0.002 -12"><span class='ocrx_word' id='word_1_259' title='bbox 1858 3292 1971 3332; x_wconf 87' lang='lat' dir='ltr'><strong>cus.</strong></span> <span class='ocrx_word' id='word_1_260' title='bbox 2005 3277 2296 3331; x_wconf 83' lang='lat' dir='ltr'><strong>Fatendum</strong></span> <span class='ocrx_word' id='word_1_261' title='bbox 2329 3284 2503 3328; x_wconf 86' lang='lat' dir='ltr'><strong>tamen</strong></span> <span class='ocrx_word' id='word_1_262' title='bbox 2552 3287 2602 3327; x_wconf 86' lang='lat' dir='ltr'><strong>et</strong></span> <span class='ocrx_word' id='word_1_263' title='bbox 2652 3276 2701 3327; x_wconf 90' lang='lat' dir='ltr'><strong>itt</strong></span> <span class='ocrx_word' id='word_1_264' title='bbox 2747 3276 2928 3328; x_wconf 82' lang='lat' dir='ltr'><strong>Galliis</strong></span> <span class='ocrx_word' id='word_1_265' title='bbox 2958 3284 3012 3328; x_wconf 90' lang='lat' dir='ltr'><strong>et</strong></span> <span class='ocrx_word' id='word_1_266' title='bbox 3062 3279 3111 3326; x_wconf 90' lang='lat' dir='ltr'><strong>in</strong></span> <span class='ocrx_word' id='word_1_267' title='bbox 3159 3274 3427 3342; x_wconf 80' lang='lat' dir='ltr'><strong>Hispaniis</strong></span> <span class='ocrx_word' id='word_1_268' title='bbox 3473 3329 3482 3333; x_wconf 96' lang='lat'><em>_</em></span> 
     </span>
    </p>
   </div>
   <div class='ocr_carea' id='block_1_42' title="bbox 1862 3364 3424 3431">
    <p class='ocr_par' dir='ltr' id='par_1_42' title="bbox 1862 3364 3424 3431">
     <span class='ocr_line' id='line_1_42' title="bbox 1862 3364 3424 3431; baseline -0.003 -11"><span class='ocrx_word' id='word_1_269' title='bbox 1862 3367 2149 3421; x_wconf 83' lang='lat' dir='ltr'><strong>invaluisse</strong></span> <span class='ocrx_word' id='word_1_270' title='bbox 2175 3381 2264 3419; x_wconf 83' lang='lat' dir='ltr'><strong>eas</strong></span> <span class='ocrx_word' id='word_1_271' title='bbox 2294 3366 2697 3430; x_wconf 79' lang='lat' dir='ltr'><strong>superstitiones</strong></span> <span class='ocrx_word' id='word_1_272' title='bbox 2724 3365 2789 3417; x_wconf 91' lang='lat' dir='ltr'><strong>de</strong></span> <span class='ocrx_word' id='word_1_273' title='bbox 2820 3368 3008 3429; x_wconf 82' lang='lat' dir='ltr'><strong>quibus</strong></span> <span class='ocrx_word' id='word_1_274' title='bbox 3040 3364 3278 3431; x_wconf 82' lang='lat' dir='ltr'><strong>queritur</strong></span> <span class='ocrx_word' id='word_1_275' title='bbox 3308 3364 3424 3416; x_wconf 82' lang='lat' dir='ltr'><strong>Pir-</strong></span> 
     </span>
    </p>
   </div>
   <div class='ocr_carea' id='block_1_43' title="bbox 1863 3456 3425 3525">
    <p class='ocr_par' dir='ltr' id='par_1_43' title="bbox 1863 3456 3425 3525">
     <span class='ocr_line' id='line_1_43' title="bbox 1863 3456 3425 3525; baseline -0.005 -13"><span class='ocrx_word' id='word_1_276' title='bbox 1863 3460 2077 3521; x_wconf 85' lang='lat' dir='ltr'><strong>tninitts,</strong></span> <span class='ocrx_word' id='word_1_277' title='bbox 2109 3472 2337 3525; x_wconf 76' lang='lat' dir='ltr'><strong>quorum</strong></span> <span class='ocrx_word' id='word_1_278' title='bbox 2367 3470 2463 3507; x_wconf 84' lang='lat' dir='ltr'><strong>suo</strong></span> <span class='ocrx_word' id='word_1_279' title='bbox 2503 3457 2617 3508; x_wconf 82' lang='lat' dir='ltr'><strong>lucu</strong></span> <span class='ocrx_word' id='word_1_280' title='bbox 2647 3456 3020 3510; x_wconf 75' lang='lat' dir='ltr'><strong>adnotavimus</strong></span> <span class='ocrx_word' id='word_1_281' title='bbox 3043 3457 3425 3509; x_wconf 62' lang='lat' dir='ltr'><strong>coniti-ciuium</strong></span> 
     </span>
    </p>
   </div>
   <div class='ocr_carea' id='block_1_44' title="bbox 192 3545 3420 3629">
    <p class='ocr_par' dir='ltr' id='par_1_44' title="bbox 192 3545 3420 3629">
     <span class='ocr_line' id='line_1_44' title="bbox 192 3545 3420 3629; baseline -0.004 -15"><span class='ocrx_word' id='word_1_282' title='bbox 192 3563 318 3629; x_wconf 81' lang='lat' dir='ltr'><strong>tius,</strong></span> <span class='ocrx_word' id='word_1_283' title='bbox 346 3561 472 3614; x_wconf 90' lang='lat' dir='ltr'><strong>dntn</strong></span> <span class='ocrx_word' id='word_1_284' title='bbox 497 3562 571 3613; x_wconf 86' lang='lat' dir='ltr'><strong>ait</strong></span> <span class='ocrx_word' id='word_1_285' title='bbox 608 3578 620 3610; x_wconf 86' lang='lat'>:</span> <span class='ocrx_word' id='word_1_286' title='bbox 657 3559 720 3612; x_wconf 82' lang='lat' dir='ltr'><strong>In</strong></span> <span class='ocrx_word' id='word_1_287' title='bbox 759 3560 1057 3629; x_wconf 71' lang='lat' dir='ltr'><strong>quibusdam</strong></span> <span class='ocrx_word' id='word_1_288' title='bbox 1087 3557 1491 3625; x_wconf 74' lang='lat' dir='ltr'><strong>Cwsaraugustc</strong></span> <span class='ocrx_word' id='word_1_289' title='bbox 1533 3552 1759 3619; x_wconf 78' lang='lat' dir='ltr'><strong>partibus</strong></span> <span class='ocrx_word' id='word_1_290' title='bbox 1785 3561 1830 3620; x_wconf 74' lang='grc' dir='ltr'>ο</span> <span class='ocrx_word' id='word_1_291' title='bbox 1864 3552 2148 3605; x_wconf 83' lang='lat' dir='ltr'><strong>Berardutn</strong></span> <span class='ocrx_word' id='word_1_292' title='bbox 2177 3551 2226 3601; x_wconf 90' lang='lat' dir='ltr'><strong>itt</strong></span> <span class='ocrx_word' id='word_1_293' title='bbox 2255 3547 2422 3600; x_wconf 84' lang='lat' dir='ltr'><strong>Canu.</strong></span> <span class='ocrx_word' id='word_1_294' title='bbox 2470 3547 2702 3599; x_wconf 85' lang='lat' dir='ltr'><strong>Gratiani</strong></span> <span class='ocrx_word' id='word_1_295' title='bbox 2746 3545 2898 3616; x_wconf 83' lang='lat' dir='ltr'><strong>(Con.</strong></span> <span class='ocrx_word' id='word_1_296' title='bbox 2942 3547 3100 3615; x_wconf 29' lang='lat' dir='ltr'><strong>tﬁtc.</strong></span> <span class='ocrx_word' id='word_1_297' title='bbox 3127 3547 3224 3609; x_wconf 73' lang='lat'><strong>‘26,</strong></span> <span class='ocrx_word' id='word_1_298' title='bbox 3259 3565 3309 3616; x_wconf 91' lang='lat' dir='ltr'><strong>q.</strong></span> <span class='ocrx_word' id='word_1_299' title='bbox 3338 3546 3420 3614; x_wconf 88' lang='grc'><strong>7).</strong></span> 
     </span>
    </p>
   </div>
   <div class='ocr_carea' id='block_1_45' title="bbox 193 3643 1762 3718">
    <p class='ocr_par' dir='ltr' id='par_1_45' title="bbox 193 3643 1762 3718">
     <span class='ocr_line' id='line_1_45' title="bbox 193 3643 1762 3718; baseline -0.007 -16"><span class='ocrx_word' id='word_1_300' title='bbox 193 3653 447 3718; x_wconf 79' lang='lat' dir='ltr'><strong>reperisse</strong></span> <span class='ocrx_word' id='word_1_301' title='bbox 495 3667 581 3704; x_wconf 78' lang='lat' dir='ltr'><strong>vos</strong></span> <span class='ocrx_word' id='word_1_302' title='bbox 629 3652 854 3704; x_wconf 80' lang='lat' dir='ltr'><strong>asseritis</strong></span> <span class='ocrx_word' id='word_1_303' title='bbox 907 3649 1223 3702; x_wconf 86' lang='lat' dir='ltr'><strong>Christianos</strong></span> <span class='ocrx_word' id='word_1_304' title='bbox 1275 3647 1490 3698; x_wconf 82' lang='lat' dir='ltr'><strong>necdum</strong></span> <span class='ocrx_word' id='word_1_305' title='bbox 1541 3643 1762 3694; x_wconf 84' lang='lat' dir='ltr'><strong>eruditos</strong></span> 
     </span>
    </p>
   </div>
   <div class='ocr_carea' id='block_1_46' title="bbox 196 3812 1920 3841">
    <p class='ocr_par' dir='ltr' id='par_1_46' title="bbox 196 3812 1526 3826">
     <span class='ocr_line' id='line_1_46' title="bbox 196 3812 1526 3826; baseline -0.011 0"><span class='ocrx_word' id='word_1_306' title='bbox 196 3812 1478 3826; x_wconf 59' lang='lat'><strong>.______..___.______________._____,</strong></span> <span class='ocrx_word' id='word_1_307' title='bbox 1519 3812 1526 3813; x_wconf 59' lang='lat'><strong><em>,</em></strong></span> 
     </span>
    </p>
   </div>
   <div class='ocr_carea' id='block_1_47' title="bbox 3185 3783 3422 3798">
    <p class='ocr_par' dir='ltr' id='par_1_47' title="bbox 3185 3783 3422 3798">
     <span class='ocr_line' id='line_1_47' title="bbox 3185 3783 3422 3798; baseline -0.008 -2"><span class='ocrx_word' id='word_1_308' title='bbox 3185 3783 3422 3798; x_wconf 59' lang='grc' dir='ltr'><strong>..ρ-ι’·-</strong></span> 
     </span>
    </p>
   </div>
   <div class='ocr_carea' id='block_1_48' title="bbox 3191 3799 3422 3813">
    <p class='ocr_par' dir='ltr' id='par_1_48' title="bbox 3191 3799 3422 3813">
     <span class='ocr_line' id='line_1_48' title="bbox 3191 3799 3422 3813; baseline -0.004 -3"><span class='ocrx_word' id='word_1_309' title='bbox 3191 3799 3422 3813; x_wconf 57' lang='grc' dir='ltr'><strong>...ρ-...η</strong></span> 
     </span>
    </p>
   </div>
   <div class='ocr_carea' id='block_1_49' title="bbox 2905 3803 3183 3812">
    <p class='ocr_par' dir='ltr' id='par_1_49' title="bbox 2905 3803 3183 3812">
     <span class='ocr_line' id='line_1_49' title="bbox 2905 3803 3183 3812; baseline -0.011 0"><span class='ocrx_word' id='word_1_310' title='bbox 2905 3803 3183 3812; x_wconf 71' lang='lat'><strong>.—..———-———</strong></span> 
     </span>
    </p>
   </div>
   <div class='ocr_carea' id='block_1_50' title="bbox 1031 3894 2684 4054">
    <p class='ocr_par' dir='ltr' id='par_1_50' title="bbox 1031 3894 2684 4054">
     <span class='ocr_line' id='line_1_50' title="bbox 1031 3894 2684 4054; baseline -0.012 1"><span class='ocrx_word' id='word_1_311' title='bbox 1031 3938 1695 4054; x_wconf 67' lang='lat' dir='ltr'><strong>sanan</strong></span> <span class='ocrx_word' id='word_1_312' title='bbox 1766 3894 2603 4044; x_wconf 62' lang='lat' dir='ltr'><strong>plumam:</strong></span> <span class='ocrx_word' id='word_1_313' title='bbox 2681 4009 2684 4014; x_wconf 91' lang='lat'><strong><em>.</em></strong></span> 
     </span>
    </p>
   </div>
   <div class='ocr_carea' id='block_1_51' title="bbox 1691 4141 1953 4192">
    <p class='ocr_par' dir='ltr' id='par_1_51' title="bbox 1691 4141 1953 4192">
     <span class='ocr_line' id='line_1_51' title="bbox 1691 4141 1953 4192; baseline -0.011 0"><span class='ocrx_word' id='word_1_314' title='bbox 1691 4141 1953 4192; x_wconf 73' lang='lat' dir='ltr'><strong>ABBATIS</strong></span> 
     </span>
    </p>
   </div>
   <div class='ocr_carea' id='block_1_52' title="bbox 490 4261 3124 4517">
    <p class='ocr_par' dir='ltr' id='par_1_52' title="bbox 490 4261 3124 4517">
     <span class='ocr_line' id='line_1_52' title="bbox 490 4261 3124 4517; baseline -0.01 -34"><span class='ocrx_word' id='word_1_315' title='bbox 490 4321 634 4482; x_wconf 81' lang='lat' dir='ltr'><strong>illi</strong></span> <span class='ocrx_word' id='word_1_316' title='bbox 694 4327 1213 4517; x_wconf 79' lang='lat' dir='ltr'><strong>SINGULIS</strong></span> <span class='ocrx_word' id='word_1_317' title='bbox 1277 4322 1657 4475; x_wconf 78' lang='lat' dir='ltr'><strong>LIBRIS</strong></span> <span class='ocrx_word' id='word_1_318' title='bbox 1721 4316 2314 4474; x_wconf 78' lang='lat' dir='ltr'><strong>GANthitllS</strong></span> <span class='ocrx_word' id='word_1_319' title='bbox 2376 4261 3124 4465; x_wconf 77' lang='lat' dir='ltr'><strong>SGARAPSUS</strong></span> 
     </span>
    </p>
   </div>
   <div class='ocr_carea' id='block_1_53' title="bbox 1389 4703 2248 4766">
    <p class='ocr_par' dir='ltr' id='par_1_53' title="bbox 1389 4703 2248 4766">
     <span class='ocr_line' id='line_1_53' title="bbox 1389 4703 2248 4766; baseline -0.017 0"><span class='ocrx_word' id='word_1_320' title='bbox 1389 4711 1630 4766; x_wconf 81' lang='lat' dir='ltr'><strong>(Galland.</strong></span> <span class='ocrx_word' id='word_1_321' title='bbox 1655 4709 1775 4760; x_wconf 82' lang='lat' dir='ltr'><strong>Blbl.</strong></span> <span class='ocrx_word' id='word_1_322' title='bbox 1805 4710 1934 4757; x_wconf 78' lang='lat' dir='ltr'><strong>Patr.</strong></span> <span class='ocrx_word' id='word_1_323' title='bbox 1956 4716 2069 4757; x_wconf 90' lang='lat' dir='ltr'><strong>tom.</strong></span> <span class='ocrx_word' id='word_1_324' title='bbox 2095 4703 2248 4762; x_wconf 74' lang='lat' dir='ltr'><strong>XIII.)</strong></span> 
     </span>
    </p>
   </div>
   <div class='ocr_carea' id='block_1_54' title="bbox 1740 4823 1938 4838">
    <p class='ocr_par' dir='ltr' id='par_1_54' title="bbox 1740 4823 1938 4838">
     <span class='ocr_line' id='line_1_54' title="bbox 1740 4823 1938 4838; baseline -0.005 -3"><span class='ocrx_word' id='word_1_325' title='bbox 1740 4823 1938 4838; x_wconf 78' lang='lat'><strong>—_</strong></span> 
     </span>
    </p>
   </div>
   <div class='ocr_carea' id='block_1_55' title="bbox 284 4885 3434 4991">
    <p class='ocr_par' dir='ltr' id='par_1_55' title="bbox 284 4885 3434 4991">
     <span class='ocr_line' id='line_1_55' title="bbox 284 4885 3434 4991; baseline -0.009 -27"><span class='ocrx_word' id='word_1_326' title='bbox 284 4936 505 4991; x_wconf 53' lang='lat' dir='ltr'><strong>Fratres</strong></span> <span class='ocrx_word' id='word_1_327' title='bbox 528 4925 854 4986; x_wconf 59' lang='lat' dir='ltr'><strong>charissim},</strong></span> <span class='ocrx_word' id='word_1_328' title='bbox 888 4920 1118 4990; x_wconf 64' lang='lat' dir='ltr'><strong>spiritus</strong></span> <span class='ocrx_word' id='word_1_329' title='bbox 1144 4925 1356 4972; x_wconf 65' lang='lat' dir='ltr'><strong>sanctus</strong></span> <span class='ocrx_word' id='word_1_330' title='bbox 1406 4929 1496 4981; x_wconf 73' lang='lat' dir='ltr'><strong>per</strong></span> <span class='ocrx_word' id='word_1_331' title='bbox 1547 4911 1771 4977; x_wconf 71' lang='lat' dir='ltr'><strong>prnpllc-</strong></span> <span class='ocrx_word' id='word_1_332' title='bbox 1798 4908 1846 4967; x_wconf 89' lang='lat' dir='ltr'><strong>D</strong></span> <span class='ocrx_word' id='word_1_333' title='bbox 1881 4897 2234 4967; x_wconf 77' lang='lat' dir='ltr'><strong>Emittgclittm.</strong></span> <span class='ocrx_word' id='word_1_334' title='bbox 2265 4895 2326 4946; x_wconf 62' lang='lat' dir='ltr'><strong>Iit</strong></span> <span class='ocrx_word' id='word_1_335' title='bbox 2355 4907 2470 4957; x_wconf 80' lang='lat' dir='ltr'><strong>vos,</strong></span> <span class='ocrx_word' id='word_1_336' title='bbox 2499 4891 2708 4950; x_wconf 78' lang='lat' dir='ltr'><strong>ttatrt&#39;s,</strong></span> <span class='ocrx_word' id='word_1_337' title='bbox 2741 4888 2828 4954; x_wconf 84' lang='lat' dir='ltr'><strong>qui</strong></span> <span class='ocrx_word' id='word_1_338' title='bbox 2964 4885 3260 4991; x_wconf 52' lang='lat' dir='ltr'><strong>.CCCI&#39;t:Si1ilII</strong></span> <span class='ocrx_word' id='word_1_339' title='bbox 3307 4900 3434 4937; x_wconf 85' lang='lat' dir='ltr'><strong>colt-</strong></span> 
     </span>
    </p>
   </div>
   <div class='ocr_carea' id='block_1_56' title="bbox 215 5000 1770 5093">
    <p class='ocr_par' dir='ltr' id='par_1_56' title="bbox 215 5000 1770 5093">
     <span class='ocr_line' id='line_1_56' title="bbox 215 5000 1770 5093; baseline -0.02 -12"><span class='ocrx_word' id='word_1_340' title='bbox 215 5037 322 5093; x_wconf 84' lang='lat' dir='ltr'><strong>tas,</strong></span> <span class='ocrx_word' id='word_1_341' title='bbox 341 5021 643 5077; x_wconf 85' lang='lat' dir='ltr'><strong>sacerdotes</strong></span> <span class='ocrx_word' id='word_1_342' title='bbox 671 5028 722 5070; x_wconf 90' lang='lat' dir='ltr'><strong>et</strong></span> <span class='ocrx_word' id='word_1_343' title='bbox 745 5016 952 5068; x_wconf 82' lang='lat' dir='ltr'><strong>Levitas</strong></span> <span class='ocrx_word' id='word_1_344' title='bbox 981 5023 1028 5064; x_wconf 86' lang='lat' dir='ltr'><strong>et</strong></span> <span class='ocrx_word' id='word_1_345' title='bbox 1054 5021 1237 5084; x_wconf 81' lang='lat' dir='ltr'><strong>omnes</strong></span> <span class='ocrx_word' id='word_1_346' title='bbox 1258 5006 1500 5059; x_wconf 73' lang='lat' dir='ltr'><strong>doctores</strong></span> <span class='ocrx_word' id='word_1_347' title='bbox 1525 5000 1770 5054; x_wconf 71' lang='lat' dir='ltr'><strong>EcClesize</strong></span> 
     </span>
    </p>
   </div>
   <div class='ocr_carea' id='block_1_57' title="bbox 213 5088 1771 5172">
    <p class='ocr_par' dir='ltr' id='par_1_57' title="bbox 213 5088 1771 5172">
     <span class='ocr_line' id='line_1_57' title="bbox 213 5088 1771 5172; baseline -0.019 -4"><span class='ocrx_word' id='word_1_348' title='bbox 213 5088 495 5169; x_wconf 69' lang='lat' dir='ltr'><strong>catiiolicaa</strong></span> <span class='ocrx_word' id='word_1_349' title='bbox 546 5108 796 5160; x_wconf 88' lang='lat' dir='ltr'><strong>admonet</strong></span> <span class='ocrx_word' id='word_1_350' title='bbox 844 5101 1062 5172; x_wconf 72' lang='lat' dir='ltr'><strong>dicens:</strong></span> <span class='ocrx_word' id='word_1_351' title='bbox 1089 5097 1293 5159; x_wconf 86' lang='lat' dir='ltr'><strong>Clama,</strong></span> <span class='ocrx_word' id='word_1_352' title='bbox 1328 5111 1388 5146; x_wconf 87' lang='lat' dir='ltr'><strong>ne</strong></span> <span class='ocrx_word' id='word_1_353' title='bbox 1419 5107 1596 5153; x_wconf 66' lang='lat' dir='ltr'><strong>cesses,</strong></span> <span class='ocrx_word' id='word_1_354' title='bbox 1629 5088 1771 5158; x_wconf 81' lang='lat' dir='ltr'><strong>quasi</strong></span> 
     </span>
    </p>
   </div>
   <div class='ocr_carea' id='block_1_58' title="bbox 219 5187 1774 5260">
    <p class='ocr_par' dir='ltr' id='par_1_58' title="bbox 219 5187 1774 5260">
     <span class='ocr_line' id='line_1_58' title="bbox 219 5187 1774 5260; baseline -0.02 0"><span class='ocrx_word' id='word_1_355' title='bbox 219 5207 341 5260; x_wconf 81' lang='lat' dir='ltr'><strong>tuba</strong></span> <span class='ocrx_word' id='word_1_356' title='bbox 367 5202 534 5258; x_wconf 73' lang='lat' dir='ltr'><strong>exalto</strong></span> <span class='ocrx_word' id='word_1_357' title='bbox 559 5214 727 5252; x_wconf 77' lang='lat' dir='ltr'><strong>vocem</strong></span> <span class='ocrx_word' id='word_1_358' title='bbox 756 5207 917 5257; x_wconf 88' lang='lat' dir='ltr'><strong>tuam,</strong></span> <span class='ocrx_word' id='word_1_359' title='bbox 943 5203 987 5245; x_wconf 75' lang='lat' dir='ltr'><strong>et</strong></span> <span class='ocrx_word' id='word_1_360' title='bbox 1017 5190 1261 5243; x_wconf 81' lang='lat' dir='ltr'><strong>annuntio</strong></span> <span class='ocrx_word' id='word_1_361' title='bbox 1294 5187 1478 5256; x_wconf 85' lang='lat' dir='ltr'><strong>populo</strong></span> <span class='ocrx_word' id='word_1_362' title='bbox 1508 5199 1618 5236; x_wconf 83' lang='lat' dir='ltr'><strong>meo</strong></span> <span class='ocrx_word' id='word_1_363' title='bbox 1661 5196 1774 5249; x_wconf 71' lang='lat' dir='ltr'><strong>pec-</strong></span> 
     </span>
    </p>
   </div>
   <div class='ocr_carea' id='block_1_59' title="bbox 216 5273 1774 5350">
    <p class='ocr_par' dir='ltr' id='par_1_59' title="bbox 216 5273 1774 5350">
     <span class='ocr_line' id='line_1_59' title="bbox 216 5273 1774 5350; baseline -0.019 0"><span class='ocrx_word' id='word_1_364' title='bbox 216 5307 334 5350; x_wconf 74' lang='lat' dir='ltr'><strong>cata</strong></span> <span class='ocrx_word' id='word_1_365' title='bbox 356 5309 549 5348; x_wconf 79' lang='lat' dir='ltr'><strong>eorum.</strong></span> <span class='ocrx_word' id='word_1_366' title='bbox 593 5288 658 5342; x_wconf 84' lang='lat' dir='ltr'><strong>Et</strong></span> <span class='ocrx_word' id='word_1_367' title='bbox 685 5290 871 5341; x_wconf 89' lang='lat' dir='ltr'><strong>iterum</strong></span> <span class='ocrx_word' id='word_1_368' title='bbox 904 5300 919 5342; x_wconf 85' lang='lat'><strong>:</strong></span> <span class='ocrx_word' id='word_1_369' title='bbox 953 5285 1011 5337; x_wconf 87' lang='lat' dir='ltr'><strong>Si</strong></span> <span class='ocrx_word' id='word_1_370' title='bbox 1040 5298 1136 5334; x_wconf 85' lang='lat' dir='ltr'><strong>non</strong></span> <span class='ocrx_word' id='word_1_371' title='bbox 1186 5275 1559 5332; x_wconf 76' lang='lat' dir='ltr'><strong>adnuntinveris</strong></span> <span class='ocrx_word' id='word_1_372' title='bbox 1604 5273 1774 5340; x_wconf 83' lang='lat' dir='ltr'><strong>iniquo</strong></span> 
     </span>
    </p>
   </div>
   <div class='ocr_carea' id='block_1_60' title="bbox 217 5367 1775 5456">
    <p class='ocr_par' dir='ltr' id='par_1_60' title="bbox 217 5367 1775 5456">
     <span class='ocr_line' id='line_1_60' title="bbox 217 5367 1775 5456; baseline -0.017 -17"><span class='ocrx_word' id='word_1_373' title='bbox 217 5386 537 5456; x_wconf 75' lang='lat' dir='ltr'><strong>iniquitatem</strong></span> <span class='ocrx_word' id='word_1_374' title='bbox 566 5396 730 5441; x_wconf 84' lang='lat' dir='ltr'><strong>suam,</strong></span> <span class='ocrx_word' id='word_1_375' title='bbox 755 5380 859 5445; x_wconf 87' lang='lat' dir='ltr'><strong>ipse</strong></span> <span class='ocrx_word' id='word_1_376' title='bbox 892 5378 941 5427; x_wconf 87' lang='lat' dir='ltr'><strong>in</strong></span> <span class='ocrx_word' id='word_1_377' title='bbox 969 5373 1183 5441; x_wconf 73' lang='lat' dir='ltr'><strong>peccatis</strong></span> <span class='ocrx_word' id='word_1_378' title='bbox 1210 5370 1312 5422; x_wconf 87' lang='lat' dir='ltr'><strong>suis</strong></span> <span class='ocrx_word' id='word_1_379' title='bbox 1359 5367 1619 5422; x_wconf 75' lang='lat' dir='ltr'><strong>morietur,</strong></span> <span class='ocrx_word' id='word_1_380' title='bbox 1650 5379 1775 5414; x_wconf 84' lang='lat' dir='ltr'><strong>stm-</strong></span> 
     </span>
    </p>
   </div>
   <div class='ocr_carea' id='block_1_61' title="bbox 220 5453 1778 5545">
    <p class='ocr_par' dir='ltr' id='par_1_61' title="bbox 220 5453 1778 5545">
     <span class='ocr_line' id='line_1_61' title="bbox 220 5453 1778 5545; baseline -0.017 -19"><span class='ocrx_word' id='word_1_381' title='bbox 220 5453 425 5545; x_wconf 77' lang='lat' dir='ltr'><strong>gttinem</strong></span> <span class='ocrx_word' id='word_1_382' title='bbox 449 5474 558 5540; x_wconf 82' lang='lat' dir='ltr'><strong>ejus</strong></span> <span class='ocrx_word' id='word_1_383' title='bbox 582 5471 643 5521; x_wconf 86' lang='lat' dir='ltr'><strong>de</strong></span> <span class='ocrx_word' id='word_1_384' title='bbox 671 5483 824 5518; x_wconf 75' lang='lat' dir='ltr'><strong>manu</strong></span> <span class='ocrx_word' id='word_1_385' title='bbox 865 5477 950 5516; x_wconf 87' lang='lat' dir='ltr'><strong>tua</strong></span> <span class='ocrx_word' id='word_1_386' title='bbox 986 5463 1257 5530; x_wconf 57' lang='lat' dir='ltr'><strong>requiram.</strong></span> <span class='ocrx_word' id='word_1_387' title='bbox 1314 5457 1378 5510; x_wconf 85' lang='lat' dir='ltr'><strong>Et</strong></span> <span class='ocrx_word' id='word_1_388' title='bbox 1431 5454 1677 5508; x_wconf 77' lang='lat' dir='ltr'><strong>Dominus</strong></span> <span class='ocrx_word' id='word_1_389' title='bbox 1728 5453 1778 5501; x_wconf 88' lang='lat' dir='ltr'><strong>in</strong></span> 
     </span>
    </p>
   </div>
   <div class='ocr_carea' id='block_1_62' title="bbox 225 5542 1779 5630">
    <p class='ocr_par' dir='ltr' id='par_1_62' title="bbox 225 5542 1779 5630">
     <span class='ocr_line' id='line_1_62' title="bbox 225 5542 1779 5630; baseline -0.017 -13"><span class='ocrx_word' id='word_1_390' title='bbox 225 5542 516 5630; x_wconf 67' lang='lat' dir='ltr'><strong>Evangelio</strong></span> <span class='ocrx_word' id='word_1_391' title='bbox 537 5561 610 5612; x_wconf 84' lang='lat' dir='ltr'><strong>ait</strong></span> <span class='ocrx_word' id='word_1_392' title='bbox 640 5577 653 5610; x_wconf 86' lang='lat'><strong>:</strong></span> <span class='ocrx_word' id='word_1_393' title='bbox 689 5556 876 5609; x_wconf 81' lang='lat' dir='ltr'><strong>Euntes</strong></span> <span class='ocrx_word' id='word_1_394' title='bbox 910 5555 963 5606; x_wconf 88' lang='lat' dir='ltr'><strong>in</strong></span> <span class='ocrx_word' id='word_1_395' title='bbox 1000 5551 1186 5604; x_wconf 84' lang='lat' dir='ltr'><strong>mundo</strong></span> <span class='ocrx_word' id='word_1_396' title='bbox 1223 5550 1473 5611; x_wconf 79' lang='lat' dir='ltr'><strong>universo,</strong></span> <span class='ocrx_word' id='word_1_397' title='bbox 1511 5542 1779 5612; x_wconf 76' lang='lat' dir='ltr'><strong>pra’dicate</strong></span> 
     </span>
    </p>
   </div>
   <div class='ocr_carea' id='block_1_63' title="bbox 1884 4975 3436 5053">
    <p class='ocr_par' dir='ltr' id='par_1_63' title="bbox 1884 4975 3436 5053">
     <span class='ocr_line' id='line_1_63' title="bbox 1884 4975 3436 5053; baseline -0.008 -16"><span class='ocrx_word' id='word_1_398' title='bbox 1884 4992 2097 5053; x_wconf 72' lang='lat' dir='ltr'><strong>venitis,</strong></span> <span class='ocrx_word' id='word_1_399' title='bbox 2135 4984 2384 5037; x_wconf 83' lang='lat' dir='ltr'><strong>Dominus</strong></span> <span class='ocrx_word' id='word_1_400' title='bbox 2416 4995 2508 5046; x_wconf 87' lang='lat' dir='ltr'><strong>per</strong></span> <span class='ocrx_word' id='word_1_401' title='bbox 2541 4979 2846 5044; x_wconf 71' lang='lat' dir='ltr'><strong>prophetam</strong></span> <span class='ocrx_word' id='word_1_402' title='bbox 2875 4975 2997 5028; x_wconf 79' lang='lat' dir='ltr'><strong>dicit</strong></span> <span class='ocrx_word' id='word_1_403' title='bbox 3031 4991 3044 5026; x_wconf 89' lang='lat'><strong>:</strong></span> <span class='ocrx_word' id='word_1_404' title='bbox 3085 4975 3290 5038; x_wconf 80' lang='lat' dir='ltr'><strong>Venite,</strong></span> <span class='ocrx_word' id='word_1_405' title='bbox 3319 4976 3436 5036; x_wconf 81' lang='lat' dir='ltr'><strong>lilii,</strong></span> 
     </span>
    </p>
   </div>
   <div class='ocr_carea' id='block_1_64' title="bbox 1882 5063 3436 5139">
    <p class='ocr_par' dir='ltr' id='par_1_64' title="bbox 1882 5063 3436 5139">
     <span class='ocr_line' id='line_1_64' title="bbox 1882 5063 3436 5139; baseline -0.011 -9"><span class='ocrx_word' id='word_1_406' title='bbox 1882 5079 2051 5131; x_wconf 82' lang='lat' dir='ltr'><strong>audite</strong></span> <span class='ocrx_word' id='word_1_407' title='bbox 2076 5091 2174 5139; x_wconf 84' lang='lat' dir='ltr'><strong>me,</strong></span> <span class='ocrx_word' id='word_1_408' title='bbox 2200 5073 2429 5124; x_wconf 82' lang='lat' dir='ltr'><strong>timorem</strong></span> <span class='ocrx_word' id='word_1_409' title='bbox 2460 5068 2662 5119; x_wconf 88' lang='lat' dir='ltr'><strong>Domini</strong></span> <span class='ocrx_word' id='word_1_410' title='bbox 2690 5067 2871 5116; x_wconf 80' lang='lat' dir='ltr'><strong>docebo</strong></span> <span class='ocrx_word' id='word_1_411' title='bbox 2914 5079 3017 5115; x_wconf 80' lang='lat' dir='ltr'><strong>vos.</strong></span> <span class='ocrx_word' id='word_1_412' title='bbox 3068 5063 3132 5114; x_wconf 83' lang='lat' dir='ltr'><strong>Et</strong></span> <span class='ocrx_word' id='word_1_413' title='bbox 3184 5064 3371 5115; x_wconf 87' lang='lat' dir='ltr'><strong>iterum</strong></span> <span class='ocrx_word' id='word_1_414' title='bbox 3425 5080 3436 5113; x_wconf 85' lang='lat'><strong>:</strong></span> 
     </span>
    </p>
   </div>
   <div class='ocr_carea' id='block_1_65' title="bbox 1885 5154 3438 5229">
    <p class='ocr_par' dir='ltr' id='par_1_65' title="bbox 1885 5154 3438 5229">
     <span class='ocr_line' id='line_1_65' title="bbox 1885 5154 3438 5229; baseline -0.013 -7"><span class='ocrx_word' id='word_1_415' title='bbox 1885 5169 2052 5222; x_wconf 78' lang='lat' dir='ltr'><strong>Hodie</strong></span> <span class='ocrx_word' id='word_1_416' title='bbox 2079 5169 2120 5218; x_wconf 88' lang='lat' dir='ltr'><strong>si</strong></span> <span class='ocrx_word' id='word_1_417' title='bbox 2148 5179 2316 5218; x_wconf 71' lang='lat' dir='ltr'><strong>vorent</strong></span> <span class='ocrx_word' id='word_1_418' title='bbox 2345 5167 2452 5229; x_wconf 76' lang='lat' dir='ltr'><strong>ejus</strong></span> <span class='ocrx_word' id='word_1_419' title='bbox 2481 5158 2765 5216; x_wconf 78' lang='lat' dir='ltr'><strong>audieritis,</strong></span> <span class='ocrx_word' id='word_1_420' title='bbox 2800 5157 2953 5207; x_wconf 78' lang='lat' dir='ltr'><strong>nolite</strong></span> <span class='ocrx_word' id='word_1_421' title='bbox 2995 5155 3242 5206; x_wconf 83' lang='lat' dir='ltr'><strong>obdurare</strong></span> <span class='ocrx_word' id='word_1_422' title='bbox 3286 5154 3438 5204; x_wconf 84' lang='lat' dir='ltr'><strong>cordo</strong></span> 
     </span>
    </p>
   </div>
   <div class='ocr_carea' id='block_1_66' title="bbox 1884 5247 3436 5318">
    <p class='ocr_par' dir='ltr' id='par_1_66' title="bbox 1884 5247 3436 5318">
     <span class='ocr_line' id='line_1_66' title="bbox 1884 5247 3436 5318; baseline -0.015 0"><span class='ocrx_word' id='word_1_423' title='bbox 1884 5276 2065 5318; x_wconf 74' lang='lat' dir='ltr'><strong>uestra.</strong></span> <span class='ocrx_word' id='word_1_424' title='bbox 2123 5263 2184 5314; x_wconf 73' lang='lat' dir='ltr'><strong>I&#39;It</strong></span> <span class='ocrx_word' id='word_1_425' title='bbox 2216 5260 2466 5312; x_wconf 87' lang='lat' dir='ltr'><strong>Dominus</strong></span> <span class='ocrx_word' id='word_1_426' title='bbox 2515 5254 2565 5305; x_wconf 93' lang='lat' dir='ltr'><strong>in</strong></span> <span class='ocrx_word' id='word_1_427' title='bbox 2615 5250 2900 5317; x_wconf 75' lang='lat' dir='ltr'><strong>Evangelio</strong></span> <span class='ocrx_word' id='word_1_428' title='bbox 2947 5265 2959 5299; x_wconf 90' lang='lat'>:</span> <span class='ocrx_word' id='word_1_429' title='bbox 2999 5247 3176 5299; x_wconf 83' lang='lat' dir='ltr'><strong>Venite</strong></span> <span class='ocrx_word' id='word_1_430' title='bbox 3223 5247 3290 5296; x_wconf 81' lang='lat' dir='ltr'><strong>ad</strong></span> <span class='ocrx_word' id='word_1_431' title='bbox 3340 5260 3436 5307; x_wconf 82' lang='lat' dir='ltr'><strong>me,</strong></span> 
     </span>
    </p>
   </div>
   <div class='ocr_carea' id='block_1_67' title="bbox 1885 5337 3437 5421">
    <p class='ocr_par' dir='ltr' id='par_1_67' title="bbox 1885 5337 3437 5421">
     <span class='ocr_line' id='line_1_67' title="bbox 1885 5337 3437 5421; baseline -0.017 -11"><span class='ocrx_word' id='word_1_432' title='bbox 1885 5372 2052 5408; x_wconf 87' lang='lat' dir='ltr'><strong>omnes</strong></span> <span class='ocrx_word' id='word_1_433' title='bbox 2073 5354 2160 5421; x_wconf 85' lang='lat' dir='ltr'><strong>qui</strong></span> <span class='ocrx_word' id='word_1_434' title='bbox 2184 5349 2426 5402; x_wconf 79' lang='lat' dir='ltr'><strong>laboratis</strong></span> <span class='ocrx_word' id='word_1_435' title='bbox 2447 5355 2494 5397; x_wconf 89' lang='lat' dir='ltr'><strong>et</strong></span> <span class='ocrx_word' id='word_1_436' title='bbox 2516 5343 2711 5396; x_wconf 84' lang='lat' dir='ltr'><strong>onerati</strong></span> <span class='ocrx_word' id='word_1_437' title='bbox 2738 5342 2941 5404; x_wconf 85' lang='lat' dir='ltr'><strong>estis,et</strong></span> <span class='ocrx_word' id='word_1_438' title='bbox 2967 5355 3058 5407; x_wconf 82' lang='lat' dir='ltr'><strong>ego</strong></span> <span class='ocrx_word' id='word_1_439' title='bbox 3080 5354 3164 5391; x_wconf 77' lang='lat' dir='ltr'><strong>cos</strong></span> <span class='ocrx_word' id='word_1_440' title='bbox 3192 5337 3437 5402; x_wconf 79' lang='lat' dir='ltr'><strong>reﬁciam,</strong></span> 
     </span>
    </p>
   </div>
   <div class='ocr_carea' id='block_1_68' title="bbox 1885 5426 3440 5498">
    <p class='ocr_par' dir='ltr' id='par_1_68' title="bbox 1885 5426 3440 5498">
     <span class='ocr_line' id='line_1_68' title="bbox 1885 5426 3440 5498; baseline -0.015 0"><span class='ocrx_word' id='word_1_441' title='bbox 1885 5448 2003 5498; x_wconf 73' lang='lat' dir='ltr'><strong>dit-it</strong></span> <span class='ocrx_word' id='word_1_442' title='bbox 2036 5443 2302 5497; x_wconf 78' lang='lat' dir='ltr'><strong>Dominus.</strong></span> <span class='ocrx_word' id='word_1_443' title='bbox 2351 5438 2580 5488; x_wconf 83' lang='lat' dir='ltr'><strong>l&#39;etitnus</strong></span> <span class='ocrx_word' id='word_1_444' title='bbox 2612 5447 2757 5498; x_wconf 74' lang='lat' dir='ltr'><strong>ergo,</strong></span> <span class='ocrx_word' id='word_1_445' title='bbox 2783 5429 3100 5492; x_wconf 84' lang='lat' dir='ltr'><strong>cliarissimi,</strong></span> <span class='ocrx_word' id='word_1_446' title='bbox 3131 5426 3440 5478; x_wconf 86' lang='lat' dir='ltr'><strong>cbaritatetn</strong></span> 
     </span>
    </p>
   </div>
   <div class='ocr_carea' id='block_1_69' title="bbox 1887 5517 3443 5597">
    <p class='ocr_par' dir='ltr' id='par_1_69' title="bbox 1887 5517 3443 5597">
     <span class='ocr_line' id='line_1_69' title="bbox 1887 5517 3443 5597; baseline -0.017 -5"><span class='ocrx_word' id='word_1_447' title='bbox 1887 5546 2148 5597; x_wconf 73' lang='lat' dir='ltr'><strong>vestram;</strong></span> <span class='ocrx_word' id='word_1_448' title='bbox 2172 5542 2225 5584; x_wconf 83' lang='lat' dir='ltr'><strong>ut</strong></span> <span class='ocrx_word' id='word_1_449' title='bbox 2249 5541 2365 5596; x_wconf 69' lang='lat' dir='ltr'><strong>qua:</strong></span> <span class='ocrx_word' id='word_1_450' title='bbox 2395 5539 2488 5594; x_wconf 89' lang='lat' dir='ltr'><strong>pro</strong></span> <span class='ocrx_word' id='word_1_451' title='bbox 2510 5524 2679 5576; x_wconf 77' lang='lat' dir='ltr'><strong>salute</strong></span> <span class='ocrx_word' id='word_1_452' title='bbox 2703 5532 2874 5573; x_wconf 66' lang='lat' dir='ltr'><strong>vestra</strong></span> <span class='ocrx_word' id='word_1_453' title='bbox 2898 5519 3164 5581; x_wconf 87' lang='lat' dir='ltr'><strong>dicuntur,</strong></span> <span class='ocrx_word' id='word_1_454' title='bbox 3196 5517 3443 5569; x_wconf 80' lang='lat' dir='ltr'><strong>attentius</strong></span> 
     </span>
    </p>
   </div>
   <div class='ocr_carea' id='block_1_70' title="bbox 297 5687 2427 5773">
    <p class='ocr_par' dir='ltr' id='par_1_70' title="bbox 297 5687 2427 5773">
     <span class='ocr_line' id='line_1_70' title="bbox 297 5687 2427 5773; baseline -0.015 -8"><span class='ocrx_word' id='word_1_455' title='bbox 297 5725 322 5752; x_wconf 79' lang='grc' dir='ltr'>ι</span> <span class='ocrx_word' id='word_1_456' title='bbox 364 5712 473 5765; x_wconf 86' lang='lat' dir='ltr'><strong>llnc</strong></span> <span class='ocrx_word' id='word_1_457' title='bbox 504 5718 604 5773; x_wconf 72' lang='lat' dir='ltr'><strong>est,</strong></span> <span class='ocrx_word' id='word_1_458' title='bbox 639 5694 881 5762; x_wconf 73' lang='lat' dir='ltr'><strong>roticrtio.</strong></span> <span class='ocrx_word' id='word_1_459' title='bbox 917 5707 1073 5758; x_wconf 77' lang='lat' dir='ltr'><strong>Smro</strong></span> <span class='ocrx_word' id='word_1_460' title='bbox 1101 5705 1240 5758; x_wconf 89' lang='lat' dir='ltr'><strong>enim</strong></span> <span class='ocrx_word' id='word_1_461' title='bbox 1288 5702 1522 5755; x_wconf 79' lang='lat' dir='ltr'><strong>barbara:</strong></span> <span class='ocrx_word' id='word_1_462' title='bbox 1571 5693 1831 5752; x_wconf 74' lang='lat' dir='ltr'><strong>Latinitati</strong></span> <span class='ocrx_word' id='word_1_463' title='bbox 1855 5699 2005 5746; x_wconf 84' lang='lat' dir='ltr'><strong>sonat</strong></span> <span class='ocrx_word' id='word_1_464' title='bbox 2031 5687 2208 5740; x_wconf 73' lang='lat' dir='ltr'><strong>milites</strong></span> <span class='ocrx_word' id='word_1_465' title='bbox 2239 5697 2427 5750; x_wconf 67' lang='lat' dir='ltr'><strong>cogere.</strong></span> 
     </span>
    </p>
   </div>
  </div>
