3914 6236
424 276 548 330 9031
1699 272 1756 326 S.
1803 270 2079 326 PlltMlNll
2123 271 2407 326 ABBATIS

3540 260 3691 333 torte

413 388 636 440 audiatis
713 386 920 451 Longus
943 384 1155 452 quidem
1192 399 1284 451 pro
1316 385 1508 438 divinis
1537 384 1825 451 Scripturis
1857 382 1988 434 ordo
2020 390 2063 440 Α
2098 380 2303 433 υοιιιίηἱ
2328 381 2423 433 Dei
2455 382 2549 445 tui,
2572 398 2667 433 non
2692 384 2847 450 [acies
2874 400 3017 437 omne
3039 400 3163 454 Opus
3184 387 3235 437 in
3257 401 3339 438 eo.
3367 385 3422 439 lu
3444 389 3695 442 secunda

416 480 688 545 digeritur,
722 476 809 527 sed
848 477 987 528 \‘t'lttl.
1018 476 1401 543 aliquantulum
1434 476 1483 527 in
1516 475 1768 525 memoria
1811 483 1987 524 tenea—

414 569 481 624 tis
510 584 666 636 pnttt‘a
704 568 851 617 vobis
883 566 949 618 de
981 567 1219 633 pluribus
1246 566 1699 618 CttttttltCtttlattttlS.

482 658 611 709 Cum
644 656 839 722 fecisset
868 655 1118 705 Dominus
1146 658 1192 706 in
1218 654 1469 721 principio
1497 652 1677 705 «mlunt
1702 661 1746 703 et
1776 661 1984 712 terram,

414 755 466 800 ct
490 747 539 798 in
567 748 650 796 illa
673 745 875 796 uelesti
904 744 1227 795 liabitatmnc
1257 744 1376 794 iecit
1403 743 1669 808 spiritales
1691 750 1986 801 creaturas,

415 839 467 889 id
501 845 599 895 est,
633 836 869 902 atthllh,
906 851 932 885 e
965 836 1154 901 quibus
1200 850 1335 885 unus
1378 834 1463 899 qtti
1516 834 1712 898 priutus
1752 832 1986 883 omnium

416 927 762 992 arcltangetus
794 926 963 976 luerat
994 926 1180 987 lactus,
1213 923 1400 976 videns
1431 940 1487 975 se
1520 924 1570 974 in
1618 931 1762 975 tanta
1817 920 1986 989 gloria

416 1016 834 1083 praefulgentem,
868 1028 970 1065 nou
1004 1014 1157 1067 dedit.
1179 1013 1435 1066 honorem
1466 1012 1576 1065 Deo
1599 1012 1824 1065 creatori
1854 1027 1985 1077 suo,

414 1104 507 1157 sed
535 1104 759 1156 similent
784 1117 839 1153 se
867 1103 940 1154 illi
969 1100 1133 1164 dixit;
1189 1112 1243 1155 et
1292 1116 1385 1167 pro
1430 1104 1528 1155 hac
1572 1100 1814 1167 Superbia
1867 1114 1987 1153 cum

411 1197 534 1248 aliis
566 1194 801 1260 pltttibus
832 1193 1034 1260 angelis
1084 1194 1171 1260 qui
1221 1192 1295 1245 illi
1348 1201 1756 1253 consenserunt,
1788 1191 1855 1244 de
1900 1191 1987 1245 illa

410 1290 613 1340 cmlestt
645 1284 773 1336 sede
803 1287 853 1335 in
890 1298 1011 1334 aere
1044 1285 1167 1346 isto,
1196 1282 1284 1348 qui
1312 1290 1393 1335 est
1424 1278 1523 1332 sub
1563 1282 1721 1343 ctelo,
1747 1281 1988 1347 deiectus

411 1385 511 1436 cst,
546 1386 593 1428 et
620 1374 823 1443 perdita
867 1375 981 1425 luce
1026 1371 1208 1439 gloriae
1252 1386 1361 1423 sure
1400 1371 1569 1423 factus
1593 1380 1675 1423 est
1719 1371 1982 1424 diabolus.

412 1468 671 1523 Similiter
701 1474 753 1517 et
785 1464 859 1516 illi
891 1466 1061 1531 angeli
1093 1466 1179 1531 qui
1208 1464 1604 1516 consentientes
1632 1463 1705 1515 illi
1754 1463 1983 1526 luerunt,

410 1574 528 1612 cum
562 1560 672 1625 ipso
703 1558 770 1609 tle
794 1558 931 1609 creto
965 1556 1187 1622 prajecti
1240 1564 1395 1617 sunt,
1445 1554 1653 1621 perdito
1703 1554 1988 1621 splendore

411 1646 594 1716 glori-.c
625 1663 731 1699 suze
763 1646 882 1698 facti
912 1654 1036 1697 sunt
1063 1645 1352 1697 darnnmes.
1414 1644 1619 1711 lteliqui
1670 1654 1845 1696 autem
1896 1642 1985 1711 qtti

2094 473 2268 525 tabula
2304 489 2318 525 :
2354 472 2569 525 Honora
2602 483 2793 541 patrem
2822 484 2960 527 tuum
2991 488 3038 527 et
3070 487 3284 529 matrem
3333 487 3498 531 tuam.
3555 480 3693 533 Non

2094 562 2439 615 max/taberis.
2486 562 2606 615 Non
2647 565 2865 617 occides.
2913 564 3034 617 Non
3084 569 3275 635 furtum
3318 568 3501 637 facies.
3553 568 3691 622 Non

2091 650 2275 716 falsum
2326 652 2665 703 li'StitttOttittttt
2715 653 2870 705 dices.
2928 653 3049 708 Non
3097 656 3423 722 concupisces
3466 672 3696 711 uxorem

2092 746 2313 809 proximi
2339 746 2431 796 tui.
2460 745 2524 798 Et
2543 744 2735 799 iterum
2768 763 2779 796 :
2815 745 2937 799 Non
2963 748 3290 814 concupisces
3318 763 3427 800 rent
3456 749 3693 818 proximi

2092 835 2185 888 tui.
2220 836 2391 888 Etiam
2432 836 2545 903 lege
2573 848 2815 906 accepta,
2837 839 3079 893 homines
3104 839 3154 893 in
3183 840 3296 907 ipsa
3319 840 3691 907 prmvaricati.

2090 934 2145 979 ct
2175 926 2512 992 pastmodum
2541 925 2606 979 ad
2636 926 2774 981 idola
2798 937 2846 981 et
2872 928 3108 982 culturas
3126 928 3427 982 drcmonum
3446 926 3691 993 reversi,

2090 1016 2143 1069 itt
2169 1017 2349 1069 multis
2374 1017 2695 1071 criminibus
2724 1028 2778 1070 et
2807 1020 3044 1087 peccatis
3087 1018 3292 1073 detenti
3336 1031 3688 1075 erraverunt.

2164 1108 2358 1161 Iterum
2403 1121 2524 1161 cum
2580 1108 2799 1173 vidisset
2852 1109 2991 1164 Deus
3036 1118 3238 1164 tantam
3290 1109 3575 1165 stultitiam
3624 1118 3691 1167 et

2092 1198 2344 1253 duritiam
2398 1198 2718 1263 humanam,
2774 1199 2895 1267 quia
2946 1199 3220 1255 hominem
3266 1215 3425 1270 quem
3478 1201 3691 1255 creavit

2094 1305 2197 1343 non
2227 1290 2336 1345 vult
2364 1288 2610 1357 perdere,
2639 1290 2784 1344 misit
2816 1292 3102 1359 prophetas
3129 1304 3260 1346 suos
3310 1305 3541 1346 monens
3582 1305 3689 1346 eos

2096 1396 2189 1448 per
2213 1380 2471 1448 Spiritum
2502 1390 2769 1445 sanctum,
2802 1390 2859 1435 ut
2888 1382 2956 1435 de
3005 1381 3234 1435 culturis
3278 1381 3550 1436 idolorum
3594 1380 3687 1436 vel

2093 1471 2525 1540 pra-varicatione
2556 1473 2689 1542 legis
2715 1472 2779 1527 ad
2805 1472 3004 1527 cultum
3028 1473 3266 1528 divinum
3294 1473 3375 1527 vel
3401 1483 3685 1543 [incepta
3742 1458 3745 1463 ’

2092 1564 2185 1617 Dei
2214 1574 2631 1619 reverterentur.
2665 1565 2770 1619 Sed
2805 1582 2904 1618 nec
2936 1566 3047 1633 ipsa
3080 1566 3185 1631 lex,
3219 1578 3339 1633 qua:
3380 1580 3477 1634 per
3527 1566 3687 1636 Moy-

2091 1670 2187 1710 sen
2219 1656 2344 1708 data
2369 1657 2483 1721 fuit,
2515 1671 2613 1710 nec
2644 1651 2743 1723 ipsi
2782 1653 3055 1724 propheta:
3085 1670 3181 1709 eos
3207 1654 3275 1710 de
3321 1654 3688 1724 originalibos

409 1736 606 1790 subditi
641 1736 852 1788 fuerunt
884 1736 1015 1797 Deo,
1048 1734 1098 1787 in
1136 1747 1247 1787 sua
1278 1734 1537 1787 claritatis
1565 1734 1733 1800 gloria
1767 1735 1818 1786 itt
1850 1748 1983 1786 cono
2019 1723 2061 1780 Β
2095 1748 2345 1814 peccatis,
2371 1762 2487 1813 qua,
2505 1746 2572 1800 de
2600 1723 3082 1809 Αιιωηωιχρτηηι.
3107 1745 3341 1800 liberare
3366 1723 3689 1814 ρόωρηηη,

410 1836 596 1895 Specto
630 1826 837 1883 Domini
871 1835 1304 1896 persmerarunt,
1334 1835 1388 1880 ct
1415 1825 1514 1894 ipsi
1546 1824 1791 1879 dicuntur
1815 1825 1987 1893 angeli

405 1919 599 1976 sancti.

481 2009 609 2061 Post
660 2007 812 2059 istam
858 2007 1063 2059 ruinam
1108 2008 1445 2076 angelorum,
1471 2006 1703 2075 formavit
1734 2004 1870 2057 Deus
1895 2004 1988 2055 Ito-

407 2100 595 2149 miuetn
622 2098 683 2149 de
716 2098 835 2148 limo
866 2107 1041 2159 terra',
1078 2107 1134 2148 ut
1170 2094 1212 2149 si
1246 2107 1567 2164 prmccptum
1616 2094 1822 2147 Domini
1874 2108 1987 2145 ser-

410 2198 607 2250 vasset,
643 2187 692 2239 in
722 2186 838 2240 loco
865 2186 958 2238 illo
997 2186 1201 2238 caelesti
1247 2187 1363 2237 sino
1411 2194 1585 2238 ntotte
1648 2183 1984 2245 succederet,

410 2277 549 2333 unde
577 2277 751 2345 angeli
786 2276 861 2328 illi
892 2277 1057 2343 refugi
1089 2274 1429 2339 ceciderunt;
1484 2274 1527 2327 si
1553 2283 1727 2327 autem
1761 2281 1985 2341 praeter-

316 2352 319 2357 .
407 2371 557 2423 iisset
589 2369 682 2422 Dei
722 2378 1068 2437 prmceptum,
1092 2377 1261 2420 moue
1289 2369 1568 2435 morietur.
1593 2365 1786 2419 Videtis
1808 2373 1983 2416 autem

408 2462 652 2514 diabolus
681 2462 801 2527 quia
837 2468 1118 2524 propterea
1164 2460 1336 2509 laetus
1378 2458 1551 2509 fuerat
1595 2459 1775 2515 homo,
1824 2463 1881 2505 ut
1934 2456 1984 2505 in

409 2553 530 2605 loco
563 2552 704 2603 illius
730 2550 868 2602 unde
901 2549 1013 2615 ipse
1042 2549 1257 2614 cecidit,
1291 2549 1341 2600 in
1374 2562 1539 2616 regno
1583 2547 1676 2598 Dei
1730 2544 1985 2615 succede-

407 2646 524 2704 ret;
559 2641 753 2693 invidia
784 2640 995 2701 ductus,
1021 2639 1191 2691 suasit
1220 2638 1490 2691 hominem
1526 2647 1583 2688 ut
1612 2636 1858 2689 mandata
1892 2633 1983 2687 Dei

405 2734 671 2805 transiret.
718 2730 1042 2799 Pi'teceperat
1079 2742 1248 2784 autem
1281 2729 1416 2783 Deus
1438 2729 1631 2780 homini
1659 2729 1831 2779 dicens
1859 2742 1875 2777 :
1910 2726 1984 2777 De

404 2826 542 2876 omni
562 2825 698 2893 ligno
729 2824 956 2893 paradisi
979 2824 1206 2887 comede,
1240 2824 1302 2875 de
1351 2822 1490 2892 ligno
1537 2831 1709 2873 autent
1764 2821 1987 2872 scientia:

406 2918 533 2971 boni
551 2931 597 2970 et
631 2919 751 2971 mali
779 2933 837 2969 ne
862 2918 1130 2985 comedas;
1162 2917 1212 2968 in
1234 2930 1529 2983 quocunque
1568 2916 1697 2967 enim
1729 2915 1810 2967 die
1850 2930 1985 2965 com-

405 3010 566 3063 edcris
588 3026 648 3061 ex
669 3026 753 3073 eo,
779 3019 935 3061 morte
966 3009 1215 3061 morieris.
1245 3009 1316 3061 Ex
1346 3023 1449 3074 quo
1474 3010 1614 3076 ligno
1635 3018 1816 3059 contra
1848 3021 1982 3073 prte«

405 3110 616 3169 ceptum
649 3100 741 3155 Dei
768 3099 882 3154 tulit
913 3100 1071 3153 homo
1112 3100 1177 3151 de
1230 3100 1482 3151 lrnctibus
1534 3100 1696 3161 illius,
1729 3098 1984 3150 suadente
2013 3097 2056 3115 "

408 3192 640 3255 diabolo,
658 3202 708 3245 et
728 3192 991 3251 comedit;
1022 3206 1115 3258 pro
1131 3206 1228 3258 qua
1252 3188 1453 3242 ullettsa
1474 3191 1701 3257 iactatus
1723 3200 1804 3242 est
1826 3188 1986 3241 homo

408 3284 475 3337 de
504 3280 750 3351 paradiso
774 3283 823 3334 ιιι
847 3282 1033 3334 exsilio
1058 3282 1237 3333 mundi
1261 3280 1432 3345 istius,
1458 3280 1543 3333 ubi
1562 3280 1753 3333 multos
1776 3278 1986 3331 labores

406 3386 456 3427 et
492 3374 704 3427 dolores
733 3381 1024 3442 pateretur.

479 3462 599 3516 Fuit
626 3473 798 3515 autem
834 3463 1036 3529 primus
1069 3461 1229 3515 homo
1261 3462 1435 3514 dictus
1475 3460 1664 3520 Adam.
1697 3470 1748 3514 ct
1796 3460 1987 3513 mulier

377 3552 521 3620 ejus
550 3552 689 3605 dicta
719 3561 800 3605 est
830 3553 959 3613 Eva,
992 3552 1131 3621 quod
1183 3550 1386 3604 ereavit
1438 3571 1448 3603 :
1493 3567 1555 3605 ex
1614 3550 1727 3603 istis
1780 3550 1986 3603 duobus

411 3659 571 3699 omne
614 3660 779 3713 genus
821 3646 1094 3697 hominum
1150 3653 1495 3713 propagatum
1540 3651 1641 3695 est.
1690 3644 1787 3706 Qui
1837 3641 1986 3695 obliti

408 3744 708 3788 creatorem
742 3750 894 3788 suum
930 3736 1091 3787 Deum
1127 3732 1291 3787 multa
1324 3732 1526 3787 scelera
1560 3732 1818 3784 facientes
1868 3731 1986 3784 irri-

408 3834 659 3878 taverunt
702 3824 898 3886 Deum,
935 3824 998 3875 a‘d
1058 3824 1383 3876 iracundiam
1442 3836 1789 3890 provocantes
1839 3836 1979 3873 eum.

408 3918 513 3973 Pro
533 3936 631 3985 qua
655 3934 711 3973 re
738 3919 950 3971 immisit
981 3919 1119 3973 Deus
1144 3918 1422 3981 diluvium,
1447 3930 1497 3971 ct
1525 3918 1751 3985 perdidit
1772 3932 1981 3983 omnes,

405 4022 628 4077 excepto
659 4027 765 4064 uno
792 4012 935 4075 justo
965 4010 1179 4063 nomine
1206 4009 1315 4062 Noe
1341 4024 1458 4062 cum
1490 4009 1598 4062 SlliS
1636 4010 1801 4062 tribus
1833 4008 1982 4069 liliis,

406 4111 458 4154 et
516 4115 709 4153 uxores
764 4114 948 4153 eorum
1001 4114 1094 4167 pro
1144 4098 1443 4167 reparando
1496 4098 1726 4151 humano
1788 4114 1985 4166 genere

406 4191 721 4247 reservavit.
757 4191 800 4243 A
832 4190 1003 4259 primo
1047 4206 1178 4261 ergo
1226 4193 1443 4245 homine
1484 4194 1649 4245 Adam
1700 4208 1865 4262 usque
1917 4193 1983 4245 ad

405 4286 663 4338 diluvium
690 4286 1015 4338 transierunt
1071 4284 1193 4337 anui
1240 4286 1347 4337 duo
1400 4286 1558 4338 millia
1605 4300 1804 4339 ccsut.
1859 4285 1986 4337 Post

2089 1837 2213 1904 quia
2245 1836 2418 1888 omnis
2446 1836 2623 1888 anima
2653 1846 2993 1903 peccatorum
3021 1845 3077 1889 et
3107 1835 3375 1903 iustorum
3416 1847 3691 1891 exeuntes

2091 1926 2157 1978 de
2180 1938 2406 1991 corpore
2431 1925 2495 1977 ad
2530 1925 2794 1977 infernum
2824 1924 3226 1978 descendebant
3252 1934 3277 1962 ι
3311 1936 3530 1995 propter
3564 1927 3689 1992 ipsa

2089 2014 2360 2081 originalia
2393 2026 2629 2083 peccata,
2659 2031 2778 2085 qua:
2808 2019 2875 2069 de
2923 2016 3087 2070 Adam
3139 2026 3437 2083 traxerant,
3465 2031 3566 2086 pro
3614 2031 3691 2071 ro

2090 2107 2228 2170 quod
2288 2106 2338 2157 in
2397 2105 2642 2170 paradiso
2700 2106 2903 2175 primus
2962 2105 3122 2160 homo
3173 2114 3545 2176 transgressus
3592 2114 3691 2161 est

2090 2193 2396 2247 tuandatum
2430 2194 2542 2248 Dei.
3208 2208 3209 2211 ‘

2159 2283 2266 2337 Sed
2321 2283 2532 2351 quando
2561 2283 2693 2337 vidit
2736 2282 2876 2337 Deus
2905 2283 3044 2352 quod
3090 2292 3235 2339 totus
3272 2284 3503 2339 mundus
3551 2299 3688 2352 per-

2089 2371 2228 2435 iret,
2285 2381 2535 2426 msertus
2570 2381 2652 2427 ‘est
2706 2372 2939 2427 humano
2976 2374 3161 2442 generi
3223 2392 3235 2426 :
3298 2372 3446 2427 Misit
3502 2374 3687 2442 filium

2086 2478 2233 2513 suum
2288 2473 2463 2513 natum
2516 2478 2580 2515 ex
2634 2464 2876 2527 muliere,
2925 2463 3117 2538 [actum
3166 2465 3259 2517 sub
3300 2463 3444 2533 lege,
3487 2474 3543 2517 stt
3584 2478 3681 2518 eos

2086 2555 2173 2622 qui
2221 2553 2313 2605 sub
2371 2552 2481 2621 tege
2543 2562 2686 2606 erant
2737 2554 3024 2605 redimeret.
3094 2553 3429 2607 Descendere
3484 2552 3689 2621 digna-

2088 2655 2169 2697 tus
2210 2652 2291 2696 est
2341 2642 2380 2695 F
2388 2643 2504 2696 ilius
2544 2642 2637 2699 Dei
2670 2642 2738 2696 de
2781 2643 2900 2696 sinu
2933 2642 3126 2709 Patris,
3158 2642 3262 2697 hoc
3305 2652 3391 2697 est
3441 2642 3687 2721 Verbum

2087 2734 2138 2787 in
2187 2744 2340 2788 utero
2384 2744 2585 2788 sanctze
2632 2733 2809 2787 Maria:
2851 2748 3062 2801 semper
3119 2733 3357 2803 virginis.
3418 2732 3474 2786 lu
3530 2744 3688 2789 tanta

2088 2826 2382 2879 humilitate
2413 2826 2581 2891 venit,
2614 2834 2670 2878 ιιι
2702 2840 2796 2893 per
2827 2824 3181 2879 humilitatem
3206 2826 3447 2879 vinceret
3492 2825 3689 2881 diabo-

2087 2915 2193 2967 lum
2227 2916 2415 2967 mortis
2446 2923 2756 2979 auctorem,
2785 2924 2838 2968 et
2868 2910 3123 2967 liberaret
3162 2913 3459 2967 humanum
3506 2925 3690 2982 genus

2089 3022 2180 3075 per
2208 3021 2419 3061 crucem
2444 3021 2553 3061 sua:
2584 3008 2871 3077 passionis.
2904 3008 3002 3075 Qui
3053 3023 3175 3062 cum
3223 3007 3381 3062 Patre
3435 3008 3691 3078 fulgebat.

2092 3097 2142 3149 in
2167 3095 2325 3161 coelo,
2360 3096 2411 3148 in
2444 3107 2581 3149 terra
2607 3095 2794 3163 pannis
2824 3096 3097 3150 involutus
3128 3097 3180 3149 in
3221 3094 3487 3167 praesepio
3523 3098 3689 3166 jace-

2092 3188 2199 3241 bat.
2223 3188 2314 3240 Ille
2332 3186 2565 3257 Egypto
2592 3186 2820 3254 fugatus,
2852 3187 2903 3239 in
2934 3200 3158 3255 corpore
3182 3187 3568 3253 circumcisus;
3590 3187 3694 3244 ιιιο

2089 3295 2118 3331 a
2150 3278 2353 3332 Joanne
2382 3278 2531 3346 quasi
2566 3278 2783 3345 triginta
2823 3290 3083 3330 annorum
3129 3276 3185 3331 in
3231 3276 3471 3332 Jordane
3515 3276 3693 3335 ﬂuvio

2091 3369 2406 3436 baptizatus,
2434 3377 2488 3423 et
2519 3367 2827 3435 pra-dicavit
2858 3367 2911 3420 in
2937 3365 3140 3421 Judteis
3170 3376 3225 3421 et
3261 3369 3514 3435 gentibus
3561 3382 3691 3423 onl-

2091 3462 2175 3513 nia
2204 3462 2341 3513 mala
2372 3475 2535 3528 opera
2563 3460 2645 3513 vel
2673 3460 2935 3514 diabolica
2969 3459 3373 3529 derelinquere,
3404 3469 3459 3515 et
3509 3462 3695 3529 paulo

2092 3552 2311 3604 tentiam
2345 3566 2522 3619 agerc,
2554 3560 2609 3604 et
2636 3552 2959 3619 baptismum
2994 3552 3258 3619 accipere.
3288 3552 3375 3605 vel
3411 3562 3690 3621 prsccepta

2090 3657 2205 3708 sua,
2231 3641 2367 3708 quod
2400 3652 2522 3694 Sunt
2561 3651 2788 3709 quatuor
2836 3642 3121 3711 Evangelia
3171 3652 3225 3697 et
3270 3643 3480 3711 reliqua
3522 3658 3689 3698 sacra

2090 3734 2383 3800 Scriptura,
2414 3734 2705 3785 custodire.
2737 3732 2801 3785 Et
2829 3733 2992 3801 elegit
3044 3734 3331 3788 duodecim
3382 3736 3693 3804 discipulos

2090 3838 2237 3885 suos,
2273 3833 2328 3874 ut
2360 3822 2617 3891 quidquid
2653 3825 2704 3876 in
2751 3824 2998 3877 universo
3042 3825 3243 3878 mttndo
3293 3828 3689 3892 prmdicarent.

2090 3928 2274 3966 omnes
2298 3914 2577 3965 crederent
2602 3914 2653 3966 in
2673 3912 2885 3966 nomine
2910 3913 3102 3979 Patris,
3122 3923 3177 3969 et
3199 3913 3343 3980 Filii,
3366 3926 3422 3969 et
3443 3916 3693 3985 Spiritus

2092 4004 2287 4067 sancti,
2311 4012 2365 4055 et
2393 4003 2728 4068 baptizarent
2760 4003 2810 4055 in
2843 4006 3160 4058 remissione
3189 4006 3428 4061 omnium
3482 4019 3689 4073 pecca-

2092 4101 2286 4145 torum.
2322 4092 2387 4143 Et
2414 4091 2652 4144 isti'sunt.
2681 4094 2905 4158 apostoli
2941 4112 2951 4145 :
2984 4094 3171 4149 Petrus
3196 4134 3212 4160 ,
3259 4095 3502 4149 Andreas
3524 4133 3544 4160 ,
3590 4095 3694 4151 Ja-

2091 4183 2281 4247 CtibUS,
2310 4182 2567 4247 Joannes,
2596 4181 2888 4251 Philippus,
2923 4183 3192 4250 'lhotnas,
3227 4176 3688 4250 Bartholomaeun,

2090 4276 2400 4338 Matthatus,
2433 4275 2615 4328 Simon
2638 4275 2867 4339 Zelotes,
2892 4275 3055 4329 ludas
3079 4275 3265 4331 Jacobi
3286 4317 3299 4339 ,
3319 4274 3557 4331 Jacobus
3588 4278 3695 4331 Al-

404 4376 658 4428 diluviutn
696 4375 887 4428 iterum
918 4383 1287 4443 recuperatum
1342 4383 1426 4428 est
1474 4388 1639 4444 genus
1690 4374 1980 4426 humanum
2014 4402 2064 4461 Β
2093 4366 2261 4433 ιιΙιωί;
2293 4374 2346 4417 et
2375 4366 2449 4417 sic
2479 4364 2585 4418 illis
2617 4364 2869 4419 Dominus
2901 4366 3293 4421 docuitorare:
3326 4366 3483 4421 Pater
3510 4380 3692 4423 noua-

405 4482 499 4533 per
529 4466 663 4518 lilios
690 4463 799 4517 Noe
827 4480 839 4529 ;
874 4472 929 4517 et
961 4478 1081 4518 cum
1129 4465 1383 4533 coepisset
1416 4463 1697 4515 multitudo
1738 4476 1979 4515 succres-

405 4572 533 4610 cens
564 4555 819 4608 mundum
850 4555 1094 4622 implere,
1122 4554 1499 4607 obliviscentes
1522 4553 1712 4605 iterum
1739 4551 1983 4605 homines

413 4656 706 4700 creatorem
732 4644 910 4697 mundi
939 4644 1103 4698 Deum
1126 4684 1141 4708 ,
1173 4651 1449 4709 coeperunt
1478 4642 1658 4695 colere
1686 4653 1981 4708 creaturas,

406 4749 457 4789 et
490 4737 651 4789 multa
698 4735 796 4788 alia
846 4736 981 4786 mala
1028 4748 1190 4801 opera
1242 4732 1439 4794 facere,
1483 4747 1601 4799 quas
1647 4732 1985 4787 dinumerare

405 4829 621 4895 longum
651 4835 751 4878 est.

473 4922 603 4972 Cum
654 4916 877 4969 vidisset
921 4914 1062 4968 Deus
1114 4923 1314 4965 tantam
1373 4913 1628 4968 malitiam
1684 4913 1984 4978 hominum,

408 5011 556 5063 dedit
591 5025 684 5077 per
716 5006 971 5079 famulum
1003 5019 1158 5058 suum
1197 5006 1412 5076 Moysen
1442 5008 1611 5076 legem
1644 5004 1694 5059 in
1726 5004 1859 5059 duas
1910 5015 1986 5057 ta-

409 5104 558 5157 bulas
612 5102 844 5167 lapideas
875 5100 1040 5167 digito
1073 5097 1163 5150 Dei
1195 5100 1440 5164 scriptas.
1476 5098 1529 5150 In
1562 5098 1728 5165 prima
1761 5096 1936 5149 tabula
1972 5113 1983 5147 :

411 5196 564 5258 Audi,
597 5180 780 5253 Israel,
812 5189 1062 5241 Dominus
1094 5188 1223 5242 Deus
1251 5200 1387 5252 tuus,
1421 5190 1552 5241 Deus
1582 5205 1716 5243 unus
1741 5198 1835 5243 est.
1868 5187 1988 5241 Non

406 5301 633 5336 assumes
667 5297 849 5333 nomen
878 5278 973 5331 Dei
1016 5280 1090 5331 tui
1140 5279 1190 5330 in
1241 5296 1385 5331 vano.
1443 5278 1700 5332 Memento
1750 5289 1805 5331 ut
1852 5278 1987 5331 diem

411 5372 947 5438 Sabbatisanctiﬁces.
1001 5370 1105 5423 Sea:
1152 5372 1328 5424 diebus
1376 5371 1691 5439 aperaberis,
1731 5380 1777 5422 ct
1820 5358 1988 5440 i‘facies

411 5464 581 5515 omnia
612 5478 765 5529 opera
789 5473 908 5525 tua;
940 5465 1181 5529 septimus
1206 5471 1375 5513 autem
1425 5462 1530 5513 dies
1585 5460 1868 5515 Sabbatum
1917 5470 1988 5514 est

482 5604 502 5625 δ’
551 5593 669 5645 lla-c
696 5610 810 5646 tum
841 5610 1069 5658 congrua
1112 5595 1455 5647 distinctione
1495 5595 1823 5660 accipienda.
1873 5595 1989 5657 Quo

414 5680 602 5733 nempe
631 5678 786 5715 son-fu
811 5665 1033 5716 dicimus
1062 5676 1181 5717 ante
1212 5663 1482 5720 Christum
1514 5666 1770 5718 malorum
1795 5664 1986 5731 jauuas

2087 4458 2174 4525 qui
2214 4456 2266 4508 in
2296 4456 2453 4520 uelis,
2486 4457 2832 4523 sanctiﬁcetur
2864 4472 3041 4511 nomen
3066 4469 3228 4511 tuum.
3261 4457 3445 4511 Veniat
3468 4475 3697 4531 regnans

2087 4558 2251 4600 tuum.
2272 4545 2387 4600 Fiat
2415 4547 2651 4619 coluntas
2680 4558 2769 4599 tua
2793 4551 2923 4601 sicut
2954 4551 3006 4602 in
3026 4552 3151 4603 catlo
3172 4561 3218 4603 et
3234 4552 3287 4604 in
3306 4561 3465 4603 terra.
3481 4548 3691 4605 Panem

2086 4650 2316 4693 nostrum
2336 4642 2873 4710 supersubstantialem
2896 4644 2963 4694 da
3011 4641 3156 4694 nobis
3184 4639 3352 4695 hodie.
3380 4641 3449 4695 Et
3478 4638 3692 4699 dimitte

2087 4731 2230 4783 nobis
2260 4732 2427 4783 debita
2451 4744 2648 4799 nostra,
2672 4734 2803 4785 sicut
2832 4743 2876 4783 et
2908 4747 2999 4785 nos
3023 4732 3325 4785 dimittimus
3366 4733 3691 4789 debitoribus

2090 4823 2301 4882 nostris;
2334 4833 2379 4874 et
2402 4838 2465 4875 ne
2496 4825 2704 4876 inducas
2735 4840 2824 4876 nos
2848 4824 3266 4888 intentationem,
3291 4826 3379 4876 sed
3401 4824 3566 4878 libera
3589 4839 3690 4879 nos

2089 4931 2120 4966 a
2152 4916 2286 4967 malo
2322 4914 2535 4983 (Matth.
2571 4932 2645 4981 tv,
2675 4914 2707 4968 9
2738 4916 2889 4983 seq.).
2938 4916 2998 4969 Et
3045 4918 3157 4985 ipse
3205 4915 3454 4970 Christus
3510 4915 3692 4973 Filius

2093 5007 2185 5060 Dei
2215 5006 2281 5059 de
2304 5021 2437 5074 aqua
2464 5007 2645 5060 vinum
2676 5007 2821 5070 fecit,
2855 5017 2911 5061 et
2955 5006 3024 5061 de
3070 5008 3311 5077 quinque
3356 5008 3587 5075 panibus
3630 5016 3693 5065 el

2092 5098 2301 5151 duobus
2340 5098 2574 5162 piscibus
2629 5097 2861 5167 quinque
2917 5097 3078 5152 millia
3128 5097 3305 5166 populi
3354 5094 3599 5163 satiavit,
3630 5108 3695 5155 κ

2093 5202 2251 5256 super
2274 5203 2421 5241 mare
2448 5188 2673 5256 pedibus
2689 5191 3000 5253 ambulavit,
3033 5199 3084 5243 et
3108 5188 3352 5254 leprosos
3372 5189 3691 5257 mandavit.

2093 5291 2145 5332 et
2177 5281 2438 5334 damionia
2466 5282 2650 5348 ejccit,
2676 5291 2729 5335 et
2758 5282 2949 5335 surdus
2990 5282 3115 5336 fecit
3142 5282 3354 5345 audire,
3382 5290 3471 5345 et,
3501 5290 3693 5339 mutos

2094 5372 2260 5439 loqui,
2291 5380 2342 5425 et
2375 5372 2693 5441 paralyticos
2722 5374 2947 5436 sanavit,
2992 5382 3044 5426 ct
3103 5386 3277 5426 caecos
3330 5371 3691 5439 illuminavit.

2093 5471 2146 5515 et
2179 5477 2390 5516 omnem
2420 5464 2784 5518 inlirmitatent
2808 5475 2861 5518 et
2885 5466 3190 5532 languorem
3220 5463 3273 5517 in
3299 5464 3502 5534 populo
3524 5476 3696 5521 saue-

2095 5594 2494 5733 glalusalslfuisse
2545 5610 2759 5666 propter
2810 5598 2935 5653 Adae
2981 5605 3276 5666 peccatum.
3329 5596 3492 5659 \‘ide.
3524 5593 3696 5667 intra,

2188 5672 2258 5717 ‘os
2328 5681 2436 5718 ta'c.

2188 5672 2282 5717 ‘ost
2312 5672 2436 5718 Ita'c.
