3914 6236
178 312 326 369 Ηιὸὃ

1091 326 1176 381 Di.
1216 329 1527 395 SlNGULlS
1568 335 1788 395 LlBlllS
1826 333 2075 407 CANON.
2117 341 2530 399 SCMHPSUS.

162 422 265 473 vit.
300 420 363 475 Et
388 421 494 491 ipse
521 404 772 476 Dominus
800 423 1061 492 jejuuavit
1092 444 1157 480 xi.
1186 428 1375 482 diebus
1406 437 1461 484 et
1481 446 1547 483 ιι.
1570 430 1737 485 nocti-
1770 435 1821 492 Α
1845 447 1931 484 era
1958 449 2153 487 morsus
2186 446 2319 502 tuus“,
2350 455 2379 489 ο
2404 440 2597 506 inferne
2620 440 2763 511 (Ose.
2790 457 2904 509 xm,
2942 446 3049 515 is),
3073 448 3208 513 Quia
3239 451 3419 529 θοιῃί.

162 510 295 574 his,
333 520 382 567 et
403 524 576 583 postea
601 516 824 578 esuriit;
859 524 911 567 et
938 516 1196 571 accedens
1224 519 1470 573 diabolus
1492 521 1624 576 dixit
1648 521 1697 574 ei
1730 540 1740 574 :

159 596 230 651 Si
265 601 399 667 ﬁlius
430 602 517 654 Dei
541 617 612 666 es,
641 602 723 653 die
746 612 797 654 ut
828 602 1023 669 lapides
1042 606 1123 657 isti
1146 622 1300 674 panes
1323 608 1469 674 ﬁant.
1498 609 1740 677 liespon-

156 689 305 743 deos
331 704 341 737 ί
366 691 556 745 hristus
580 692 709 747 dixit
739 694 787 747 ei
811 712 826 745 :
855 694 978 748 Non
1003 696 1055 747 in
1084 715 1214 765 pane
1234 701 1343 751 solo
1386 702 1503 754 uicit
1554 701 1735 765 homo,

154 780 253 828 sed
277 780 329 831 in
357 797 498 834 omne
520 784 670 836 verbo
691 782 802 837 Dei.
833 785 897 837 Et
925 785 1056 839 dixit
1083 788 1129 840 ei
1160 788 1400 843 diabolus
1425 809 1435 842 :
1471 791 1532 845 Si
1562 790 1741 846 Filius

157 866 263 920 Dei
291 886 361 937 es,
384 872 521 925 mitte
549 870 596 924 te
623 875 886 927 deorsum.
922 876 1056 929 Dicit
1086 877 1161 930 illi
1186 876 1341 932 Jesus
1367 897 1378 932 :
1416 879 1536 932 Non
1562 890 1739 933 tenta-

149 954 233 1009 bis
270 958 535 1013 Dominum
570 962 920 1033 Deunttttunt,
977 966 1040 1030 Et
1086 969 1321 1023 OStendit
1368 969 1445 1023 illi
1495 970 1737 1022 diabolus

148 1052 339 1102 ontnia
388 1067 543 1120 regna
578 1054 759 1106 tnnndi
789 1064 843 1109 et
873 1056 1093 1122 gloriam
1126 1073 1336 1125 eorum,
1367 1070 1421 1113 et
1450 1060 1576 1113 dixit
1614 1061 1688 1113 illi
1718 1078 1732 1113 :

149 1136 294 1191 Herc
319 1143 479 1193 omnia
504 1143 592 1194 tibi
623 1142 774 1207 dabo,
810 1146 853 1197 si
883 1148 1068 1200 cadens
1096 1150 1391 1215 adoqraeeris
1442 1165 1539 1203 me.
1585 1151 1733 1205 Tunc

145 1229 296 1283 dixit
322 1233 369 1295 ei
402 1250 412 1283 :
450 1232 598 1289 Vade
634 1247 788 1299 retro,
818 1236 1076 1302 Satanas;
1125 1239 1368 1304 scriptum
1413 1249 1485 1293 est
1533 1242 1663 1294 enim
1715 1262 1734 1295 .-

146 1317 429 1373 Dominum
477 1323 638 1375 Deum
682 1335 825 1379 tuum
865 1325 1123 1395 ad-rabis,
1152 1340 1199 1381 et
1244 1329 1323 1381 illi
1379 1330 1475 1382 soli
1526 1331 1727 1383 servies.

141 1408 302 1464 Tunc
326 1411 524 1481 reliquit
542 1429 657 1467 eum
688 1415 961 1481 diabolus;
984 1427 1030 1469 et
1061 1418 1170 1472 ecce
1195 1431 1518 1481 accesserunt
1539 1422 1731 1493 angeli,

139 1508 194 1551 et
218 1500 570 1556 ministrabant
600 1506 667 1557 ei.
693 1506 789 1559 ilic
818 1507 1123 1562 ostenditur
1151 1510 1293 1577 quod
1319 1524 1454 1565 unus
1476 1509 1729 1565 diabolus

139 1592 372 1645 ternuit
401 1592 569 1646 Adam
609 1602 663 1648 et
690 1593 959 1665 Christum
983 1638 997 1661 ,
1028 1608 1081 1652 et
1111 1599 1178 1652 de
1215 1598 1402 1653 eadem
1428 1614 1587 1654 causa
1616 1609 1733 1656 ten-

138 1684 285 1737 tavit
310 1697 421 1738 eos.
453 1687 622 1739 Adam
656 1690 875 1743 tentavit
921 1691 974 1743 in
1021 1690 1147 1763 gula
1190 1706 1313 1746 cum
1360 1692 1496 1750 dixit
1552 1711 1567 1747 :
1623 1692 1731 1747 Cur

137 1775 388 1840 praecepit
408 1775 546 1829 robis
570 1774 799 1857 Deusne
819 1780 1150 1833 contederetis
1180 1781 1242 1835 de
1278 1781 1376 1833 hoc
1396 1781 1539 1853 ligno
1564 1780 1723 1851 (Gen.
1760 1764 1804 1822 Β

136 1879 224 1929 ιιι,
254 1864 331 1934 l)?
354 1866 547 1921 Vanam
572 1869 798 1938 gloriam
822 1867 1108 1942 suggessit,
1124 1874 1337 1941 quando
1356 1872 1492 1929 dixit
1515 1891 1528 1925 ε
1549 1873 1729 1929 Scien-

139 1968 224 2009 ια
254 1960 438 2013 bonum
467 1968 514 2013 et
542 1964 754 2017 malum.
787 1964 856 2018 Et
881 1964 959 2019 sic
980 1972 1150 2019 tentet
1176 1981 1386 2020 omnem
1407 2010 1421 2029 ,
1453 1966 1498 2019 si
1529 1974 1725 2034 potest,

137 2047 413 2105 hominem
436 2052 669 2119 vincere,
701 2056 754 2107 in
782 2055 905 2124 gula
926 2056 1071 2109 cadit
1098 2062 1150 2125 ι,
1182 2054 1237 2109 in
1269 2055 1639 2123 fornicatione,
1671 2057 1725 2112 in

136 2138 375 2205 luxnria,
408 2142 462 2196 in
493 2143 848 2211 immnnditia,
880 2146 933 2200 in
963 2145 1327 2215 impudicitia;
1376 2157 1432 2201 et
1466 2148 1512 2201 si
1563 2148 1614 2200 in
1644 2148 1727 2202 his

132 2230 288 2287 cadit
312 2232 493 2301 homo,
516 2235 755 2304 suggerit
779 2236 855 2293 illi
882 2250 1070 2291 vanam
1100 2236 1349 2308 gloriam,
1380 2238 1523 2293 unde
1551 2239 1725 2294 nasci-

138 2329 233 2374 tur
250 2322 527 2391 jactantia,
554 2325 741 2391 elatio,
772 2327 1054 2394 superbia;
1103 2320 1229 2382 etsi
1261 2328 1315 2382 in
1343 2327 1427 2382 his
1456 2343 1562 2383 non
1592 2342 1722 2398 pec-

130 2422 228 2466 cat
254 2412 432 2482 homo,
470 2416 707 2485 suggerit
732 2416 1100 2485 cupiditatem,
1131 2417 1254 2472 inde
1282 2428 1583 2476 nascuntur
1622 2421 1722 2476 ini-

132 2500 374 2570 micitim,
404 2506 798 2575 contentiones,
829 2506 944 2573 ine,
976 2507 1267 2575 discordia,
1300 2509 1461 2578 furta,
1490 2510 1723 2566 homici-

129 2589 403 2670 dia,_xeli.
448 2592 517 2649 Et
560 2607 844 2665 propterea
888 2598 1243 2667 corripiamus
1288 2615 1437 2655 arma
1493 2600 1743 2670 Christi;

129 2685 191 2733 et
222 2680 499 2736 vincamus
529 2683 830 2752 inimicum,
857 2686 995 2741 sicut
1024 2695 1209 2744 noster
1237 2688 1492 2760 magister
1538 2692 1722 2747 docuit

126 2768 406 2840 Christus,
428 2782 483 2828 et
511 2773 661 2829 illum
692 2775 829 2833 risit.
1114 2794 1126 2807 ‘

202 2880 337 2937 Post
366 2883 480 2940 haec
500 2898 622 2940 cum
650 2884 932 2943 duodecim
982 2888 1257 2959 discipulis
1300 2892 1412 2948 suis
1460 2893 1607 2949 venit
1650 2876 1725 2949 ad]

128 2988 347 3029 caenam
397 2976 579 3046 quinta
635 2978 791 3048 feria,
836 2995 957 3051 qua:
1002 2987 1219 3038 Vocatur
1276 2984 1420 3039 lovis
1463 2993 1519 3039 et
1553 2987 1716 3043 Cmna

127 3064 368 3133 Domini,
386 3077 439 3125 et
461 3083 567 3122 uno
589 3066 727 3170 [nni]
748 3085 820 3125 ex
818 3071 969 3170 ipsis
985 3071 1271 3170 duodecim
1289 3074 1569 3170 discipulis
1577 3076 1710 3170 suis,
1742 3104 1789 3170 ρ

1850 536 1947 575 nus
1976 535 2154 578 noster
2174 525 2325 579 Iesus
2354 526 2597 584 Christus
2646 547 2854 589 morsus
2903 536 3095 593 inferni
3135 543 3263 607 luit,
3287 525 3417 612 quia

1847 620 1995 677 parte
2020 613 2256 679 abstulit,
2293 627 2439 681 parte
2490 619 2698 685 reliquit
2746 623 2900 689 illos;
2952 626 3125 693 iustos
3172 632 3411 698 abstulit,

1843 700 1961 755 illos
1991 714 2298 769 peccatores
2325 707 2553 776 reliquit.
2578 710 2712 775 Qnai
2747 713 2831 781 illa
2866 715 3114 772 divinitas
3144 720 3412 791 Dei,qua:

1844 790 2181 858 impassibilis
2202 804 2302 857 est,
2334 796 2432 848 hoc
2453 808 2531 850 est
2564 798 2815 864 Verlium,
2849 820 2967 857 cum
3000 805 3157 875 Patre
3197 790 3319 865 erat
3357 814 3409 867 in

1841 882 2000 946 creto,
2048 892 2249 937 etcum
2298 901 2524 953 corpore
2573 890 2626 943 in
2673 893 2942 958 sepulcro,
2973 905 3028 949 et
3071 912 3192 953 eum
3236 902 3412 956 anima

1840 972 2034 1028 Christi
2057 974 2110 1028 in
2134 973 2362 1051 inferno,
2379 980 2499 1047 quia
2526 981 2635 1034 sola
2661 983 2964 1047 humanitas
2993 990 3107 1044 sine
3131 992 3410 1050 divinitate
3440 976 3453 983 “

1839 1056 2097 1116 mundum
2122 1065 2384 1120 redimere
2418 1084 2521 1123 non
2554 1079 2781 1138 poterat.

1906 1152 2113 1217 Deinde
2163 1157 2397 1225 alligavit
2452 1160 2757 1227 diabolum,
2788 1176 2840 1218 et
2885 1170 3201 1237 exspoliarit
3241 1176 3437 1235 infert.

1838 1255 1986 1294 num.
2018 1242 2199 1296 Tertia
2231 1246 2340 1309 die,
2376 1251 2517 1329 quod
2561 1266 2751 1307 omnes
2794 1254 3081 1312 Christiani
3135 1265 3410 1320 celebrant

1822 1329 2066 1395 Pascha,
2097 1334 2183 1387 die
2227 1334 2524 1401 Dominico,
2576 1347 2865 1397 resurrexit
2915 1348 2982 1399 de
3030 1354 3297 1416 Sepulcro.
3350 1366 3410 1409 et

1836 1430 1955 1488 post
1983 1426 2433 1497 resurrectionem
2458 1431 2703 1496 apparuit
2729 1432 3054 1505 homin’bus,
3076 1450 3131 1495 et
3162 1456 3253 1509 per
3276 1462 3411 1512 qua-

1834 1509 2073 1580 draginta
2104 1514 2219 1569 dies
2251 1530 2416 1583 usque
2446 1520 2511 1571 ad
2551 1524 2919 1588 ascensionem
2958 1529 3027 1581 ad
3071 1533 3261 1596 caelos,
3286 1509 3411 1592 cum

1832 1601 2091 1667 apostolis
2121 1602 2259 1659 inter
2308 1604 2549 1663 homines
2598 1610 2648 1662 in
2697 1612 2801 1668 isto
2851 1616 3049 1672 mundo
3095 1623 3407 1689 ambulavit,

1836 1692 2150 1777 Qostendit
2170 1693 2247 1747 eis
2274 1696 2479 1764 plagam
2507 1698 2702 1754 lancea:
2731 1701 2785 1757 in
2815 1704 2975 1773 latus,
2994 1719 3050 1764 et
3075 1709 3407 1771 ﬁxurascia.

1832 1794 2018 1835 vorum
2046 1783 2095 1835 in
2121 1798 2312 1840 manus
2340 1802 2498 1852 suas;
2534 1799 2587 1843 et
2608 1790 2831 1861 loquens
2852 1796 2929 1853 eis
2951 1800 3115 1855 multa
3143 1803 3210 1857 de
3236 1820 3402 1872 regno

1833 1870 1946 1935 Dei,
1966 1873 2191 1959 elevavit
2214 1892 2398 1931 manus
2421 1894 2547 1933 snas
2569 1896 2727 1949 super
2753 1901 2866 1955 eos,
2890 1900 2945 1943 et
2966 1890 3236 1949 benedixit
3260 1870 3404 1964 illos,

1830 1975 1883 2016 et
1910 1952 2047 2018 dixit
2075 1964 2179 2022 illis
2209 1985 2221 2019 :
2257 1968 2449 2024 Euntcs
2478 1973 2530 2025 in
2570 1976 2780 2042 mundo,
2808 1952 2983 2036 docete
3004 1999 3177 2039 omnes
3214 1952 3407 2057 gentes:

1826 2049 2140 2120 baptizantes
2164 2073 2250 2109 eos
2278 2060 2332 2111 in
2353 2062 2553 2114 nomine
2580 2062 2777 2129 Patris,
2807 2080 2855 2120 et
2902 2067 3057 2135 Filii,
3087 2084 3135 2129 et
3176 2049 3403 2140 spiritale

1826 2144 2008 2211 sancti,
2032 2146 2263 2200 docentes
2291 2164 2376 2202 eos
2400 2159 2793 2230 sert'are‘omnia
2818 2174 3130 2230 quacunque
3168 2171 3407 2223 mandari

1825 2233 1983 2289 vobis.
2012 2232 2081 2287 Et
2108 2242 2350 2306 prazcepit
2371 2241 2442 2293 eis
2467 2258 2497 2294 a
2517 2224 2848 2315 lenosolyntis
2870 2266 2932 2302 ne
2956 2224 3290 2320 discederent,
3311 2262 3403 2311 sed

1825 2336 2174 2395 exspectarent
2195 2331 2577 2396 promissionem
2608 2334 2817 2402 Patris;
2848 2349 2902 2393 et
2929 2322 3062 2397 dixit
3088 2346 3166 2398 eis
3196 2362 3216 2399 :
3254 2348 3402 2402 Acci-

1824 2418 1974 2486 pietis
1997 2421 2228 2477 uirtutem
2257 2429 2652 2494 supervenientis
2682 2432 2907 2501 Spiritus
2929 2440 3094 2492 sancti
3120 2441 3174 2495 in
3215 2459 3320 2506 vos,
3351 2454 3403 2498 et

1822 2508 1965 2562 eritis
1990 2509 2120 2564 mihi
2145 2519 2316 2569 testes.
2344 2512 2413 2569 Et
2431 2532 2550 2570 eum
2574 2520 2681 2573 hac
2701 2522 2931 2591 dixisset,
2956 2529 3245 2585 ridentibus
3269 2534 3401 2596 illis,

1821 2598 2041 2654 elevatus
2068 2611 2175 2667 est,
2198 2614 2253 2655 et
2278 2605 2435 2661 nubes
2468 2613 2685 2679 suscepit
2725 2628 2840 2667 eum
2876 2617 2938 2669 ab
2995 2620 3173 2675 oculis
3203 2639 3398 2679 eorum.

1822 2686 2050 2757 Cumque
2071 2692 2387 2748 intuerentur
2412 2697 2466 2749 in
2505 2699 2681 2754 caelum
2712 2714 2911 2762 euntem
2926 2709 3109 2777 lillum,
3141 2728 3254 2767 ecce
3290 2717 3397 2771 duo

1821 2779 1917 2832 viri
1946 2781 2217 2845 astiterunt
2230 2784 2388 2852 juxta
2411 2787 2525 2840 illos
2549 2789 2601 2842 in
2620 2794 2834 2848 vestibus
2862 2779 3014 2863 nidis,
3036 2802 3126 2869 qui
3161 2813 3208 2855 et
3240 2805 3397 2860 dixe-

1821 2876 1937 2925 runt
1969 2884 1988 2921 .-
2026 2867 2139 2923 Viri
2166 2869 2390 2938 Galiltei,
2419 2878 2546 2946 quid
2584 2881 2726 2934 statis
2754 2867 3129 2951 aspicientes—in
3171 2895 3396 2948 castum?

1821 2956 1925 3010 Hic
1961 2958 2128 3026 Iesus,
2160 2962 2249 3030 qui
2275 2976 2562 3035 assumptus
2587 2980 2659 3022 est
2680 2988 2711 3022 a
2747 2972 2886 3025 vobis
2913 2975 2967 3028 in
2986 2977 3188 3046 caelum,
3210 2982 3283 3034 sic
3308 2999 3397 3037 re.

1820 3046 1945 3113 niet,
1973 3050 2396 3119 quemadmodum
2422 3057 2615 3111 vidistis
2641 3074 2755 3113 eum
2781 3070 2982 3117 euntem
3003 3067 3056 3118 in
3076 3070 3276 3122 caelum.
3323 3073 3393 3127 Et

122 3157 219 3225 qui
264 3158 555 3213 vocabatur
590 3133 772 3215 'Judas
814 3133 1109 3218 sebariotis
1130 3206 1145 3229 ,
1196 3133 1445 3220 immisit.
1466 3133 1714 3223 diabolus
1742 3133 1789 3170 υ
1821 3133 1921 3190 huc
1943 3149 2120 3240 imm"?
2148 3151 2228 3194 ⁸⁵⁸
2259 3144 2441 3240 Ἶξήηξίί
2472 3144 2603 3240 rem
2624 3190 2638 3214 ι
2669 3163 2787 3219 qua}
2816 3161 3037 3209 "ocatur
3062 3156 3176 3211 dies
3212 3158 3385 3240 “vis.

124 3246 505 3315 perinvidiam
538 3249 691 3304 cordi
738 3252 874 3307 sicut
920 3252 1227 3309 Judaorutn
1259 3295 1277 3321 ,
1330 3265 1390 3311 ut
1438 3254 1714 3313 Christum

123 3337 328 3394 Filium
356 3339 471 3404 Det,
496 3340 624 3419 ipsis
644 3340 845 3399 Judmis
865 3344 1348 3411 consentientibus,
1377 3360 1476 3414 pro
1501 3336 1714 3415 triginta

121 3431 401 3498 argenteis
429 3430 480 3483 in
510 3432 627 3499 ipsa
674 3440 833 3487 nocte
880 3432 1116 3490 traderet
1161 3433 1229 3488 ad
1274 3435 1712 3505 cruciﬁgendum.

124 3518 194 3574 Et
243 3518 337 3574 ille
376 3519 722 3588 uoluntarie,
765 3536 872 3577 non
923 3522 1156 3588 invitus,
1189 3539 1286 3594 pro
1316 3534 1496 3579 nostra
1546 3527 1717 3587 salute

125 3608 286 3664 venit
310 3609 383 3663 ad
404 3610 748 3683 passionem;
781 3613 869 3668 ille
891 3628 989 3683 pro
1019 3613 1174 3669 nobis
1215 3614 1501 3683 opprobria
1550 3618 1715 3671 susti-

122 3698 275 3765 nuit,
292 3697 378 3753 ille
407 3700 699 3767 irrisiones,
727 3701 816 3756 ille
835 3712 1013 3770 sputa,
1034 3704 1124 3758 ille
1143 3704 1345 3773 alapas,
1363 3706 1452 3775 ille
1474 3704 1705 3776 ﬂagella,

121 3787 221 3843 ille
240 3788 480 3857 spineam
504 3805 790 3856 coronam;
812 3790 985 3868 ut[F.
1022 3792 1097 3864 et)
1120 3793 1251 3848 l‘eria
1273 3810 1391 3865 quae
1412 3796 1606 3851 dicitur
1630 3797 1716 3853 die

122 3878 376 3943 Veneris,
396 3878 451 3934 in
466 3883 695 3949 crastino
714 3882 780 3935 de
800 3897 976 3950 omna,
993 3881 1123 3947 hora
1136 3896 1316 3949 sexta,
1331 3900 1360 3943 a
1382 3885 1580 3946 ludatis
1592 3900 1713 3941 sus-
1756 3942 1757 3945 η

121 3982 330 4038 pensus
368 3970 421 4026 in
454 3986 612 4028 cruce
633 3990 647 4039 ;
671 3982 723 4029 et
748 3974 799 4031 in
824 3976 938 4042 ipsa
963 3974 1048 4030 die
1065 3977 1283 4031 tenebrat
1302 3980 1455 4047 factte
1477 3989 1592 4030 sunt
1623 3994 1712 4031 su-

120 4076 225 4131 per
252 4061 533 4117 universam
554 4076 747 4123 terram
792 4083 825 4118 a
852 4066 1075 4137 septima
1099 4068 1225 4121 hora
1254 4085 1409 4138 usque
1435 4070 1502 4123 ad
1532 4069 1713 4123 horam

119 4165 359 4217 uanam;
378 4162 424 4206 ει
441 4162 573 4207 terra
598 4164 736 4208 mota
755 4166 850 4220 est,
872 4166 917 4210 et
938 4166 1092 4227 petra
1112 4159 1281 4213 ισεεεω
1299 4170 1438 4223 ωηι,
1462 4170 1510 4214 et
1527 4177 1710 4214 monu-

123 4250 307 4294 menta
334 4250 507 4308 aperta
535 4252 676 4306 sunt,
705 4254 752 4296 et
799 4240 963 4300 multa
1004 4263 1221 4316 corpora
1272 4260 1565 4309 sanctorum
1621 4253 1710 4319 qni

121 4329 442 4385 dormierunt
464 4345 866 4399 resurregerunt,
893 4344 940 4390 et
970 4346 1211 4391 exeuntes
1259 4343 1325 4392 de
1372 4340 1708 4393 monumentis

1818 3230 1959 3296 quod
1981 3239 2064 3284 est
2092 3234 2348 3289 Ascensio
2382 3235 2610 3291 Domini.

1892 3324 2041 3385 Tunc
2070 3326 2169 3395 ipsi
2192 3329 2437 3399 discipuli
2469 3332 2674 3389 Domini
2723 3339 2924 3392 reversi
2967 3351 3093 3395 sunt
3141 3343 3393 3399 Hieroso-

1818 3414 1978 3483 lyma,
2009 3424 2063 3469 et
2086 3427 2240 3495 erant
2269 3432 2671 3487 perseverantes
2703 3426 3020 3484 unanimiter
3050 3431 3101 3484 in
3147 3435 3391 3493 oratione

1818 3516 1987 3571 usque
2013 3504 2078 3558 ad
2120 3506 2389 3563 decimum
2423 3510 2596 3578 diem,
2640 3516 2779 3583 quod
2826 3524 2912 3570 est
2953 3518 3286 3587 Pentecoste,
3338 3537 3396 3579 et

1816 3592 2016 3652 dicitur
2041 3596 2514 3667 quinquagesimus
2539 3602 2679 3668 dies,
2711 3608 3040 3675 dominicus;
3092 3619 3147 3664 et
3192 3606 3243 3666 iri
3274 3614 3392 3682 ipsa

1815 3683 1902 3738 die
1923 3724 1939 3751 ,
1966 3686 2093 3740 hora
2119 3691 2291 3754 tertia,
2313 3695 2503 3759 factum
2526 3704 2599 3748 est
2620 3708 2823 3762 repente
2848 3686 2909 3753 de
2929 3701 3054 3754 etnlo
3079 3720 3255 3768 sonus,
3278 3716 3397 3758 tan-

1816 3790 1969 3843 quam
1987 3778 2300 3859 aduenientis
2327 3783 2539 3850 spiritus
2564 3788 2887 3855 vehementis,
2910 3800 2959 3845 et
2980 3792 3205 3859 implevit
3229 3804 3390 3847 totum

1815 3867 2023 3921 domum
2062 3869 2148 3922 ubi
2191 3854 2333 3926 erant
2368 3875 2594 3929 sedentes
2635 3881 2869 3946 apostoli.
2923 3880 2987 3934 Et
3030 3854 3397 3953 apparuerunt

1814 3956 1918 4011 illis
1946 3959 2228 4026 dispertita
2255 3962 2446 4031 lingua:
2486 3974 2725 4032 tanquam
2764 3968 2897 4037 ignis
2922 4010 2937 4033 ,
2963 3971 3193 4041 seditque
3236 3990 3393 4043 supra

1812 4048 2043 4118 singulos
2064 4060 2272 4117 eorum,’
2288 4061 2335 4104 et
2372 4054 2551 4120 repleti
2589 4065 2705 4109 sunt
2733 4072 2903 4111 omnes
2948 4057 3389 4127 Spiritusancto,

1813 4149 1861 4192 et
1891 4150 2154 4209 ceperunt
2182 4143 2319 4211 loqui
2360 4144 2480 4198 aliis
2512 4145 2717 4215 linguis,
2743 4157 2891 4216 prout
2925 4148 3149 4214 Spiritus
3189 4163 3395 4207 sumtus

1813 4231 1967 4284 dabat
1990 4231 2160 4297 eloqui
2178 4232 2323 4297 illis;
2367 4242 2422 4285 et
2471 4246 2888 4301 composuerunt
2923 4238 3251 4307 Symbolum.
3289 4241 3387 4295 l’e—
3436 4310 3437 4313 η

1815 4331 1926 4375 Irus
1954 4339 1967 4373 :
1994 4320 2159 4376 Credo
2180 4325 2232 4376 in
2259 4323 2421 4377 Deum
2442 4323 2653 4378 Patrem
2682 4327 3072 4393 omnipotentem
3110 4336 3408 4384 creatorem
3426 4318 3435 4343 ’”

121 4424 248 4491 ’,οη
266 4424 701 4488 "mtrem-onem.
733 4435 971 4479 venerum
1010 4427 1063 4479 ίη
1104 4438 1330 4483 “mnam
1361 4429 1635 4495 civuawm,
1657 4438 1704 4482 ει
1734 4450 1788 4508 D
1814 4412 1925 4508 coeli
1945 4424 1991 4466 et
2013 4422 2177 4467 terr-te.
2210 4414 2441 4508 Joannes
2473 4434 2486 4467 :
2520 4415 2589 4468 Et
2612 4416 2664 4469 in
2704 4415 2886 4508 Jesunt
2910 4419 3169 4471 Christum
3197 4418 3393 4473 Filium

119 4520 480 4579 apparuerunt
530 4514 699 4567 multis
741 4510 957 4581 (Matth.
985 4514 1271 4581 xxvxt,'45,
1297 4517 1385 4580 52,
1418 4517 1534 4587 55).
1588 4520 1705 4587 ipse

126 4598 389 4653 Dominus
416 4616 510 4667 pro
541 4602 697 4655 nobis
745 4604 796 4655 in
851 4619 1009 4658 cruce
1055 4607 1221 4659 clavis
1268 4608 1528 4670 conlisus,
1552 4618 1705 4662 aceto

122 4694 367 4757 potatus,
402 4689 582 4742 lancea
612 4691 999 4757 perioratus,et
1019 4694 1069 4745 in
1099 4694 1209 4761 ipsa
1243 4694 1370 4748 bora
1400 4705 1538 4749 nona
1567 4700 1703 4751 etni-

123 4775 205 4831 sit
232 4776 512 4843 spiritum;
543 4789 598 4831 et
625 4783 889 4835 emanavit
916 4782 983 4836 de
1026 4785 1193 4837 latere
1235 4786 1350 4853 ejus
1394 4789 1612 4855 sanguis
1651 4797 1707 4842 et

127 4880 292 4934 aqua.
342 4868 477 4933 Quid
527 4885 620 4937 per
668 4873 973 4941 sanguinem
1022 4876 1121 4928 nisi
1170 4877 1512 4945 redemptio?
1564 4880 1703 4944 Quid

132 4968 233 5023 per
254 4968 465 5022 aquam,
496 4958 597 5010 nisi
628 4959 872 5027 baptismi
930 4972 1321 5016 sacramentum
1371 4966 1703 5034 signiﬁcare-

129 5042 258 5096 tur?
285 5041 485 5098 Deinde
505 5059 699 5111 corpus
722 5048 1100 5115 Christijacuit
1126 5052 1175 5104 in
1198 5056 1473 5121 sepulcro;
1504 5065 1558 5108 et
1577 5056 1702 5109 dum

128 5130 261 5187 illud
288 5146 495 5186 sacrum
525 5147 719 5202 corpus
749 5137 801 5193 in
822 5140 1066 5205 sepulcro
1090 5140 1317 5210 jaceret,
1351 5148 1526 5199 anima
1550 5128 1735 5201 Chri-k

128 5222 201 5275 sti
224 5221 501 5275 descendit
526 5218 909 5293 adrinlernutn.
965 5230 1089 5284 Inde
1132 5234 1323 5299 eripuit
1369 5236 1538 5290 Adam
1592 5238 1704 5307 pri-

131 5324 279 5363 mum
311 5308 602 5377 hominem,
629 5324 682 5366 et
708 5330 897 5370 omnes
943 5320 1271 5385 patriarchas
1317 5334 1368 5378 et
1416 5330 1705 5395 prophetas

131 5407 189 5451 et
210 5396 406 5464 iustos,
435 5400 525 5466 qui
555 5411 769 5468 promer
802 5406 1077 5472 originalia
1104 5418 1315 5473 peccata
1350 5408 1543 5468 ibidem
1572 5416 1705 5470 deti-

130 5488 414 5540 nebantur.
441 5486 591 5540 Unde
609 5489 861 5544 [inmitius
882 5493 1010 5545 dicit
1034 5510 1047 5545 :
1074 5494 1177 5546 Ero
1205 5512 1337 5549 mors
1360 5506 1513 5563 tua,o
1538 5518 1703 5567 mors;

1808 4506 1920 4571 eius
1948 4508 2151 4559 unicum
2200 4507 2481 4561 Dominum
2528 4519 2779 4563 nostrum.
2822 4507 3054 4563 lacubus
3077 4511 3212 4565 dixit
3242 4529 3255 4566 :
3290 4514 3390 4576 Qui

1808 4610 2078 4669 conceptus
2105 4601 2263 4653 estde
2292 4600 2495 4670 Spiritu
2538 4608 2736 4669 sanrto,
2768 4612 2916 4655 natus
2945 4619 3007 4654 ex
3063 4602 3235 4654 Maria
3282 4605 3389 4655 rir-

1806 4693 1939 4760 sine.
1975 4693 2215 4746 Andreas
2244 4694 2317 4744 ait
2350 4709 2363 4743 :
2394 4691 2589 4745 Passus
2635 4692 2728 4744 sub
2780 4692 2962 4746 Pontio
3005 4692 3197 4755 Pilato,
3222 4696 3392 4745 cruci-
3474 4707 3479 4711 '

1808 4783 1963 4847 fixus,
1993 4786 2243 4846 mortuus,
2269 4790 2313 4835 et
2341 4785 2590 4848 sepultus.
2616 4780 2887 4849 Philippus
2912 4781 3044 4834 dixit
3074 4799 3088 4835 :
3119 4782 3386 4835 Descendit

1808 4873 1872 4922 ad
1899 4872 2122 4941 inferna.
2151 4873 2385 4926 Thomas
2406 4872 2478 4924 ait
2507 4889 2519 4923 :
2554 4872 2721 4924 Tertia
2752 4873 2833 4923 die
2852 4874 3072 4925 surrexit
3097 4862 3381 4925 a'ntortuis.

1796 4960 2229 5013 iiarthnlommus
2262 4962 2336 5012 ait
2368 4978 2382 5012 :
2416 4960 2653 5014 Ascendit
2678 4962 2941 5026 ad’emlos,
2966 4962 3093 5014 sedit
3115 4963 3181 5013 ad
3208 4963 3383 5013 dexte-

1809 5063 1917 5099 ram
1950 5047 2043 5100 Dei
2072 5047 2243 5101 Patris
2264 5040 2642 5117 omnipotentis.
2668 5047 2945 5101 Matth-tuus
2966 5048 3038 5101 ait
3070 5065 3083 5100 :
3113 5046 3243 5100 Inde
3263 5064 3384 5101 ven-

1808 5147 1951 5191 turus
1964 5138 2204 5207 judicare
2223 5139 2360 5192 vivos
2382 5149 2432 5191 et
2460 5149 2709 5194 mortuos.
2736 5139 2965 5193 Iacobus
2989 5139 3193 5207 Alphtei
3216 5140 3381 5193 dixit:

1807 5227 1969 5280 Credo
1997 5228 2050 5279 in
2081 5227 2335 5297 Spiritum
2355 5237 2608 5281 sanctum.
2640 5229 2823 5283 Simon
2849 5228 3059 5284 Zelotes
3088 5230 3161 5283 ait
3196 5247 3208 5281 :
3242 5229 3382 5284 San-

1806 5306 1941 5371 ἓιαιη
1973 5321 2247 5374 Ecclesium
2276 5321 2597 5375 catholicam.
2630 5322 2792 5377 Judas
2819 5321 3004 5376 Jacobi
3029 5322 3165 5376 dixit
3199 5344 3211 5373 ;
3245 5324 3383 5377 Sau-

1808 5419 2006 5462 ctorum
2031 5412 2429 5464 communionem
2452 5453 2467 5476 ,
2497 5412 2844 5465 remissionem
2874 5422 3212 5481 peccatorum.
3250 5413 3380 5471 Item

1809 5501 2040 5564 Thomas
2070 5504 2140 5563 ait
2175 5521 2186 5555 :
2218 5502 2401 5556 Carnis
2428 5504 2845 5558 resurrectionem
2866 5547 2882 5571 ,
2927 5506 3079 5558 vitam
3118 5516 3373 5560 teternnm.

204 5628 229 5655 ³
265 5619 425 5673 Forte
472 5620 556 5671 hic
595 5622 998 5687 expungendum
1050 5627 1187 5679 cadit
1216 5627 1606 5697 legendumque
1633 5632 1683 5686 in
1714 5645 1977 5690 commate
2007 5635 2242 5702 proxime
2273 5632 2513 5703 sequenti
2548 5644 2637 5701 {et
2667 5637 2712 5687 si
2741 5637 2793 5691 in
2816 5638 2896 5691 his
2917 5652 3014 5691 sua
3041 5638 3173 5689 cadit
3203 5638 3379 5699 homo-

126 5690 281 5747 Em.

380 5756 648 5821 ι’ᾼτιιοι..
688 5758 1035 5827 ΙιΧΧΧΙΧ,

2831 5777 2905 5844 .33

3192 390 3195 397 .
3282 338 3416 397 rost
3510 316 3517 329 ’
