3914 6236
605 251 740 302 itif?

1868 255 1920 306 s.
1958 252 2232 325 puttth
2275 254 2561 308 ABBATIS

3715 264 3830 316 ίιέἶῐι

670 367 897 428 Deinde,
926 366 1057 416 sicut
1083 375 1236 418 antea
1280 365 1519 418 Christus
1569 366 1906 436 praedixerat,
1942 366 2164 432 dispersi
2197 372 2243 426 Α
2274 380 2369 431 pro
2427 375 2497 427 te,
2529 365 2725 420 Credo.’
2749 366 2884 421 Ecce
2937 368 3106 436 pactio
3147 369 3328 438 qualis
3347 379 3401 424 et
3447 373 3732 438 promis~io
3771 379 3829 425 vel
3868 351 3869 424 ἶ

547 477 549 479 ί
599 469 718 510 ειιιιι
749 459 799 509 in
833 459 1132 511 universum
1158 460 1406 511 mundum
1439 458 1504 510 ad
1549 458 1952 533 praedicandum
1987 473 2178 524 omnes,

597 560 818 610 centes,
860 557 909 601 et
952 548 1320 614 baptizanduut
1364 563 1458 602 eos
1504 549 1556 601 in
1606 550 1816 601 nomine
1871 548 2077 611 Patris,
2118 557 2173 602 et

599 636 738 701 Filii,
760 647 810 691 et
835 639 1066 705 Spiritus
1093 621 1280 692 suncti‘.
1318 639 1380 691 Et
1409 636 1506 705 ipsi
1533 637 1760 706 apostoli
1791 637 2172 690 benedixerunt

596 729 908 796 episeopos,
953 729 1230 790 diaconos,
1279 729 1644 796 presbyteros,
1694 735 1745 779 et
1777 726 2011 792 reliquos
2053 741 2173 793 gra-

599 819 696 870 ilns
730 819 978 871 Ecclesiae
1019 818 1295 870 catholica:
1334 816 1750 878 ordinaverunt,
1793 815 1880 881 qui
1927 824 2044 880 post
2091 813 2171 866 di-

600 896 837 960 scussam
863 907 1242 974 apostolbrnm,
1283 907 1423 958 sicut
1459 905 1554 972 ipsi
1580 917 1737 968 supra
1761 904 1941 972 scripti
1984 902 2172 955 ordine

601 995 897 1060 apostolico
918 996 970 1046 in
996 992 1185 1060 papula
1214 992 1473 1045 catholico
1496 991 1773 1059 vigilanter
1801 1000 1852 1043 et
1882 990 2169 1058 prudenter

602 1086 850 1154 usquejn
885 1085 989 1136 fine
1022 1082 1204 1136 mundi
1239 1097 1333 1148 per
1364 1080 1755 1133 successionem
1798 1081 2167 1145 episcoporum

600 1187 757 1239 agere
781 1171 1024 1226 debeant.
1053 1171 1118 1232 Et
1141 1186 1280 1224 nunc
1302 1169 1682 1235 temporehoni
1707 1182 1801 1235 per
1824 1168 1919 1221 Dei
1943 1168 2167 1236 gratiam

599 1263 664 1313 ad
695 1260 1042 1313 salvationem
1075 1260 1334 1326 iustorum
1373 1258 1790 1322 constituuntur,
1830 1267 1885 1310 et
1908 1257 2030 1310 mali
2063 1273 2166 1311 non

597 1351 888 1406 secundum
917 1350 1346 1405 constitutionem
1377 1347 1750 1415 apostolicam,
1779 1346 1874 1402 sed
1928 1362 2022 1414 per
2067 1363 2167 1401 cu-

600 1440 891 1510 piditatem,
925 1441 1061 1490 sicut
1089 1438 1273 1491 Simon
1307 1451 1521 1503 magus;
1555 1437 1635 1490 vel
1680 1451 1775 1502 per
1814 1437 1948 1488 alias
1976 1436 2166 1492 multas

509 1581 511 1588 ,
597 1533 763 1586 malas
789 1529 1190 1584 adinventiones
1217 1543 1404 1581 eorum
1435 1528 1499 1580 ad
1529 1527 1735 1581 ruinam
1785 1528 1959 1595 populi
2013 1526 2165 1579 insti-

597 1629 838 1683 tuuntur,
867 1621 955 1686 qui
989 1619 1103 1685 plus
1130 1618 1314 1671 volunt
1347 1632 1578 1685 prmesse
1618 1633 1776 1685 quam
1814 1618 2069 1687 prodesse
2113 1619 2165 1670 in

2275 454 2538 531 confessio
2581 465 2754 509 vestra
2792 458 2930 522 apud
2978 457 3254 511 Dominum
3288 435 3517 524 tenetur,
3546 472 3600 516 et
3629 465 3831 517 credens

2276 545 2570 613 baptizatus
2614 562 2673 600 es
2706 548 2758 600 in
2802 549 3014 602 nomine
3057 549 3249 614 Patris,
3293 561 3348 605 et
3376 551 3516 610 Filii.
3546 564 3601 607 et
3623 554 3831 620 Spiritus

2275 634 2442 685 sancti
2473 633 2524 684 in
2556 634 2868 688 remissione
2897 638 3132 691 omnium
3164 647 3522 707 peccatorum,
3554 650 3608 693 et
3656 653 3834 697 unctirs
3868 649 3869 678 ί

2276 736 2334 776 es
2364 736 2392 781 ξι
2420 724 2694 795 sacerdote
2739 723 2968 778 chrisma
3001 727 3182 780 salutis
3215 730 3264 780 in
3296 729 3456 782 vitam
3487 741 3764 796 aeternam,
3789 746 3832 785 et
3868 733 3869 780 ξ

2275 812 2444 863 induit
2471 824 2662 877 corpus
2695 820 2836 868 tuum
2869 823 3016 867 veste
3041 815 3283 884 candida,
3343 828 3396 870 et
3441 817 3687 872 Christus
3740 823 3831 872 θυι.
3868 803 3869 876 Ῑ

2275 918 2414 956 tuam
2463 910 2599 955 tuam
2634 904 2807 958 induit
2846 906 3070 974 gratiam
3113 907 3410 973 eteleStem,
3455 919 3508 962 et
3551 912 3831 978 assignatus

2272 1002 2355 1046 est
2400 993 2498 1047 tibi
2540 1006 2753 1049 sanctus
2781 997 3014 1065 angelus
3039 998 3102 1049 ad
3145 1000 3547 1053 custodiendum
3578 1009 3654 1062 te,
3684 1015 3740 1055 et
3762 1017 3831 1053 ac-
3868 997 3869 1065 ᾗ

2274 1073 2489 1144 ceptum
2547 1095 2741 1135 nomen
2796 1080 3160 1137 Christianum
3209 1086 3260 1138 in
3311 1087 3541 1140 Ecclesia
3590 1091 3827 1145 citltolics
3868 1087 3869 1140 Ῑ

2279 1180 2664 1223 anutnneratus
2715 1171 2886 1224 lactus
2948 1187 3009 1226 es
3064 1175 3360 1227 membrum
3411 1176 3625 1238 Christi,
3684 1189 3743 1231 ut
3767 1184 3826 1232 ait

2270 1256 2552 1322 Apustolus
2585 1274 2598 1308 :
2634 1257 2734 1310 Vos
2776 1261 2891 1314 estis
2939 1259 3130 1314 Christi
3173 1276 3380 1327 corpus,
3431 1273 3477 1316 et
3526 1266 3746 1318 inertibus
3779 1271 3829 1319 de
3868 1299 3869 1304 η

2269 1344 2492 1398 membro
2538 1347 2670 1416 ejus.
2716 1337 2758 1400 Α
2807 1336 3020 1402 Christo
3067 1350 3211 1403 enim
3254 1348 3542 1407 Christiani
3590 1359 3828 1409 numerati

2267 1445 2410 1487 sunt.
2445 1436 2559 1489 Non
2584 1451 2650 1490 se
2670 1448 2846 1492 autem
2871 1439 3121 1508 glorietur
3151 1439 3503 1510 Christianus,
3534 1449 3624 1514 qui
3655 1463 3828 1501 nomen
3868 1447 3869 1520 ξ

2270 1513 2447 1586 habet,
2495 1534 2550 1578 et
2601 1525 2735 1578 facta
2783 1542 2886 1580 non
2919 1529 3095 1582 habet.
3127 1528 3461 1586 Christianus
3501 1513 3591 1589 ille
3638 1546 3722 1590 est
3758 1542 3827 1603 qui

2222 1681 2227 1686 '
2267 1609 2536 1665 Christum
2583 1613 2634 1666 in
2683 1615 2932 1668 oumibus
2973 1617 3205 1670 imitatur
3257 1629 3312 1674 et
3361 1615 3627 1690 Sequitur,
3671 1638 3726 1678 ut
3769 1629 3828 1679 ait

595 1693 846 1766 Ecclesiis
876 1709 987 1762 Dei.
1014 1691 1479 1762 Sed'consider‘are
1506 1716 1717 1774 oportet
1741 1707 1879 1774 quod
1902 1697 2155 1774 scriptum
2190 1693 2236 1751 B
2261 1702 2530 1766 apostolus
2563 1721 2574 1753 :
2611 1703 2710 1767 Qui
2736 1721 2788 1756 se
2808 1707 2928 1758 dicit
2955 1707 3008 1759 in
3038 1706 3293 1763 Christum
3318 1705 3534 1780 credere,
3567 1718 3712 1770 debet
3737 1736 3827 1771 nm-

513 1859 518 1865 η
594 1811 676 1855 est
709 1817 722 1852 ε
758 1800 882 1864 Qua
910 1800 1086 1851 dicunt
1112 1797 1246 1850 vobis
1276 1800 1425 1860 bona,
1476 1798 1658 1866 facile:
1710 1806 1781 1860 et,
1833 1797 1974 1862 quod
2003 1798 2164 1862 absit,

593 1889 642 1944 si
665 1890 741 1943 illi
766 1889 901 1941 inala
925 1888 1151 1954 faciunt,
1186 1890 1354 1955 facere
1395 1886 1569 1938 nolite.
1625 1885 1688 1938 Et
1737 1885 1862 1937 alibi
1908 1884 2161 1950 scriptum

592 1986 705 2034 est:
734 1995 754 2030 ι
777 1977 874 2043 Qui
904 1976 1164 2045 prolicere
1190 1975 1386 2038 studet,
1416 1991 1519 2026 non
1547 1974 1850 2028 consideret
1876 1965 2164 2042 quidmale

590 2069 680 2123 alii
703 2053 1023 2133 faciunt,sed
1045 2065 1170 2135 quid
1190 2065 1313 2120 boni
1342 2065 1431 2119 ille
1457 2064 1632 2119 facere
1653 2064 1862 2118 debeat.
1889 2082 1908 2114 ι
1935 2063 2064 2116 Nam
2087 2062 2163 2118 illi

592 2157 716 2212 boni
738 2153 1101 2222 qui'Ecclesiis
1124 2146 1399 2216 catholicis
1419 2160 1670 2220 praesunt,
1690 2167 1806 2218 qua:
1837 2151 1985 2205 vobis
2016 2157 2159 2206 recta

592 2248 901 2317 praidicant,
933 2255 988 2300 et
1013 2244 1260 2315 operibus
1286 2245 1576 2312 complent,
1605 2243 1832 2312 duplicia
1886 2243 2026 2298 bona
2067 2257 2160 2312 po-

589 2336 730 2405 pulis
755 2335 1072 2398 ostendunt,
1104 2333 1454 2400 adimplcntes
1484 2331 1613 2385 illud
1644 2332 2001 2400 evangelicum
2027 2347 2160 2400 prte-

583 2436 792 2494 ceptum
831 2442 846 2478 :
890 2423 980 2480 Sic
1004 2423 1172 2477 luceat
1201 2425 1291 2476 lux
1316 2430 1478 2475 vestra
1526 2437 1700 2476 coram
1750 2423 2057 2497 hominibus,
2102 2432 2158 2476 ut

581 2499 782 2571 videant
822 2529 977 2586 opera
1022 2524 1184 2567 vestra
1221 2513 1384 2575 bona,
1415 2503 1463 2565 et
1501 2512 1781 2582 gloriﬁcent
1811 2507 2029 2565 'Patrem
2077 2528 2156 2567 ve-

585 2618 739 2661 strum
765 2608 846 2674 qui
873 2606 926 2658 in
946 2604 1082 2674 caelis
1103 2613 1197 2659 est.
1699 2597 1702 2600 ’

657 2697 794 2764 Ergo
823 2683 1139 2764 citatissimi,
1186 2702 1244 2748 ut
1287 2693 1513 2763 Spiritus
1542 2690 1757 2748 sanctus
1803 2708 1897 2762 per
1923 2689 2154 2762 prophe-

571 2797 686 2839 .tum
728 2755 863 2837 dicit
894 2800 909 2836 :
945 2755 1226 2850 Eﬂ'undam'
1255 2799 1410 2850 super
1453 2797 1538 2836 uos
1581 2797 1763 2850 aquam
1800 2783 2064 2845 mundam,
2106 2792 2153 2834 et

531 2883 534 2888 ‘
581 2875 949 2929 mundabimini
999 2875 1062 2926 ab
1103 2875 1330 2927 munibus
1360 2873 1775 2942 inquinamentis,
1827 2883 1893 2926 et.
1922 2872 2153 2926 omnibus

580 2963 735 3018 idolis
761 2963 934 3018 vestris
963 2963 1239 3026 universis;
1268 2961 1522 3015 mandabo
1547 2977 1650 3024 vos,
1679 2971 1726 3015 et
1753 2961 1883 3015 dabo
1907 2963 2044 3015 vobis
2066 2978 2152 3014 cor

548 3071 780 3117 novum,
821 3065 868 3108 et
913 3055 1146 3123 spiritum
1194 3068 1379 3123 ponam
1426 3054 1478 3106 in
1529 3052 1696 3106 medio
1748 3054 1916 3105 vestri.
1975 3052 2041 3105 Et
2099 3052 2152 3105 in

558 3143 863 3225 Evangelia
914 3159 928 3194 :
982 3140 1145 3196 Nemo
1190 3142 1342 3194 intrat
1391 3142 1445 3193 in
1495 3156 1706 3211 regnum
1752 3140 1870 3207 Dei,
1915 3143 2015 3196 uisi
2067 3141 2154 3211 qui

573 3242 780 3286 renatus
807 3232 957 3301 fuerit
983 3248 1047 3285 ex
1074 3247 1210 3300 aqua
1235 3241 1280 3284 et
1307 3230 1504 3299 Spiritu
1552 3240 1748 3296 sancto,
1791 3229 1891 3285 hoc
1920 3241 2020 3298 est,
2054 3232 2150 3286 nisi

575 3323 667 3391 qui
713 3321 999 3376 crediderit
1028 3333 1081 3376 et
1110 3323 1404 3392 baptizatus
1433 3321 1614 3378 fuerit.
1661 3321 1809 3389 ideo,
1842 3324 2057 3389 fratres,
2085 3322 2152 3379 ad

576 3413 892 3466 memoriam
925 3421 1156 3465 vestram
1188 3411 1491 3467 reducimus
1519 3411 1676 3480 quale
1707 3420 1918 3477 pactum
1950 3413 2002 3467 in
2035 3415 2152 3482 ipso

580 3501 889 3569 baptisteria
920 3515 1038 3554 cum
1071 3501 1176 3555 Deo
1207 3499 1450 3566 fecimus,
1477 3516 1529 3554 v.
1561 3515 1642 3571 3.,
1679 3510 1798 3555 cum
1842 3503 2150 3571 interrogati

574 3589 767 3656 singuli
799 3604 986 3642 nomen
1014 3598 1310 3642 nostrnm‘a
1337 3589 1612 3646 sacerdote
1636 3587 1852 3657 fuimus,
1885 3590 2152 3661 quomodo

577 3680 892 3743 diceremur,
945 3663 1262 3748 respondisti
1319 3686 1493 3734 autem
1548 3688 1623 3746 tu,
1682 3679 1725 3735 si
1771 3679 1883 3751 jam
1939 3669 2166 3750 poteras.

579 3769 926 3839 respondere,
958 3779 1048 3824 aut
1083 3777 1230 3824 certe
1260 3769 1347 3837 qui
1375 3783 1468 3835 pro
1500 3769 1736 3824 tetidem
1769 3769 1911 3835 fecit,
1948 3772 2036 3840 qui
2085 3771 2150 3826 de

577 3862 728 3916 fonte
773 3861 1026 3927 suscepit,
1081 3868 1135 3912 et
1165 3859 1300 3912 dixit
1335 3876 1344 3910 :
1379 3857 1603 3913 Joannes
1633 3860 1836 3928 dicitur,
1868 3872 1958 3916 aut
2004 3861 2147 3916 aliud

579 3965 790 4005 nomen.
827 3950 889 4003 Et
919 3949 1266 4018 interrogavit
1294 3951 1541 4004 Sacerdos
1573 3968 1587 4004 :
1616 3950 1862 4017 Joannes,
1897 3953 2148 4009 abrenun-

573 4042 671 4092 tias
718 4038 942 4103 diabolo,
993 4051 1036 4092 et
1085 4041 1314 4094 omnibus
1366 4038 1602 4109 operibus
1650 4044 1777 4114 ejus,
1824 4051 1870 4096 et
1916 4046 2147 4099 omnibus

573 4129 769 4196 pompis
793 4129 936 4197 ejus?
970 4128 1325 4196 Restiondisti,
1369 4131 1689 4199 abrenuntia,
1716 4135 1817 4188 hoc
1843 4144 1946 4200 est,
1971 4133 2147 4206 despi-

573 4220 657 4272 cio
702 4229 753 4271 et
797 4217 1106 4285 derelinqtto
1135 4221 1309 4272 omnia
1361 4235 1521 4288 opera
1572 4223 1707 4277 mala
1756 4232 1811 4278 et
1861 4225 2140 4280 diabolica.

2267 1789 2442 1843 balare
2480 1793 2609 1845 sicut
2639 1805 2686 1847 et
2717 1795 2802 1848 ille
2841 1798 3154 1864 ambulavit;
3203 1817 3248 1852 ct
3277 1804 3366 1865 qui
3407 1821 3457 1856 se
3487 1807 3610 1858 dicit
3651 1813 3832 1862 credere

2264 1879 2318 1931 in
2363 1879 2546 1945 Deum,
2576 1890 2620 1934 et
2655 1888 2896 1937 mandata
2942 1890 3051 1954 ejus
3077 1904 3179 1942 non
3221 1894 3459 1953 custodit,
3493 1901 3712 1951 mendax
3748 1913 3826 1952 est.

2269 1967 2332 2020 Et
2375 1969 2488 2041 ipse
2538 1968 2796 2025 Dominus
2845 1974 2894 2026 in
2931 1959 3218 2046 Evangelia
3243 1979 3318 2032 ait
3351 2001 3363 2032 :
3397 1962 3700 2054 Sidiligitis
3728 2006 3814 2051 ηιξ,

2264 2061 2506 2112 mandata
2553 2077 2666 2114 mea
2709 2054 2922 2119 servate.
2952 2066 3174 2133 Oportet
3201 2085 3326 2138 ergo
3357 2084 3477 2138 nos,
3509 2075 3723 2141 fratres,
3753 2081 3827 2145 qui
3868 2054 3869 2116 ἕ

2262 2147 2514 2214 baptizati
2551 2163 2758 2215 sumus,
2791 2162 2844 2204 et
2871 2153 3116 2209 mandata
3144 2156 3234 2210 Dei
3266 2163 3621 2228 percepimus,
3665 2176 3828 2219 custo-
3868 2177 3869 2184 ‘

2261 2235 2378 2288 dire
2419 2237 2555 2289 sicut
2599 2237 2828 2305 Spiritus
2857 2249 3069 2295 sanctus
3119 2258 3213 2311 per
3253 2244 3590 2314 Scripturam
3637 2267 3826 2305 sacram
3868 2313 3869 2320 γ

2261 2329 2514 2381 admonet
2541 2329 2737 2394 facere,
2790 2331 2890 2385 hoc
2933 2343 3035 2402 est,
3068 2336 3311 2390 divertere
3340 2333 3373 2390 ὰ
3401 2340 3539 2392 malo
3580 2353 3629 2394 et
3675 2347 3828 2409 facere
3868 2375 3869 2410 ,

2259 2416 2462 2469 bonum.
2510 2416 2648 2482 Quid
2698 2429 2797 2483 est,
2845 2419 3110 2477 divertere
3152 2438 3182 2476 a
3223 2424 3388 2486 malo,
3429 2427 3825 2483 nisidiabo'um
3868 2449 3869 2494 ;

2259 2523 2379 2564 cum
2432 2509 2676 2563 omnibus
2743 2513 2994 2578 operibus
3041 2511 3204 2581 ipsius
3250 2516 3664 2586 derelinquere?
3707 2520 3823 2572 Halzt

2163 2612 2170 2616 ·
2257 2612 2383 2664 ergo
2434 2609 2555 2651 sunt
2606 2605 2729 2650 octo
2792 2599 3099 2668 principalia
3155 2601 3301 2669 vitia,
3349 2620 3474 2671 quas
3522 2606 3823 2674 demergunt

2258 2689 2502 2744 homines
2553 2692 2605 2745 in
2650 2693 2922 2748 interitum
2973 2701 3029 2745 et
3077 2695 3428 2762 perditionem
3481 2714 3493 2748 :
3550 2699 3822 2765 cupiditas,
3868 2687 3869 2700 “

2255 2783 2399 2848 gula,
2443 2781 2742 2848 fornicatio,
2777 2783 2889 2845 ’ira,
2933 2783 3163 2846 tristitia,
3212 2785 3416 2848 acedia,
3469 2802 3602 2840 vana
3647 2789 3822 2856 gloria,

2256 2869 2544 2937 superbia;
2592 2887 2656 2924 ex
2707 2872 2899 2940 quibus
2927 2884 3050 2925 octo
3097 2874 3238 2926 vitiis
3281 2875 3504 2940 plurima
3550 2877 3654 2929 alia
3703 2879 3823 2929 mal:
3868 2919 3869 2936 ἦ

2258 2959 2383 3010 vitia
2435 2966 2491 3012 et
2537 2962 3062 3028 peccata'oriuntur,
3107 2977 3224 3027 qua:
3250 2961 3591 3018 dinumerare
3619 2966 3826 3034 iungam

2181 3017 2228 3078 Ο
2257 3058 2381 3113 est;
2435 3017 2633 3112 tamen,
2688 3022 2918 3117 propitio
2946 3017 3180 3116 Christo,
3215 3052 3266 3104 in
3293 3060 3450 3106 antea
3479 3017 3681 3120 aliquid
3713 3017 3825 3109 bre-

2257 3137 2389 3191 viter
2437 3139 2589 3191 vobis
2632 3138 2755 3191 inde
2801 3140 3060 3192 habemus
3101 3140 3300 3194 dicere.
3333 3140 3480 3204 Iden,
3513 3142 3824 3204 charissimi,

2255 3239 2502 3295 rogamus
2530 3227 2842 3280 cliaiitatem
2873 3235 3126 3293 vestram,
3173 3239 3232 3282 ut
3262 3214 3467 3284 interna
3506 3246 3640 3286 aure
3665 3235 3827 3286 cordis

2254 3315 2418 3369 Vestri
2446 3316 2671 3369 audiatis
2699 3317 2824 3384 quid
2875 3317 3026 3370 vobis
3069 3319 3134 3370 de
3177 3318 3291 3388 haec
3323 3318 3452 3372 vitia
3481 3324 3826 3390 superﬂuitas

2254 3404 2510 3459 Dominus
2561 3420 2654 3473 per
2681 3406 3054 3473 semetipsum.
3085 3407 3167 3460 vel
3213 3423 3308 3474 per
3334 3421 3574 3462 sanctam
3602 3411 3827 3479 Scriptu-

2252 3509 2364 3550 ram
2399 3496 2661 3565 prohibet,
2693 3505 2750 3550 ut
2779 3513 3049 3566 nunquam
3077 3513 3137 3552 ea
3169 3497 3397 3565 faciatis,
3430 3511 3484 3556 et
3508 3502 3600 3570 qui
3629 3503 3825 3567 fecerit,
3868 3505 3869 3562 l

2252 3584 2519 3652 quomodo
2542 3586 2698 3638 debet
2718 3587 3023 3640 emendare.

2322 3674 2397 3728 De
2444 3675 2728 3743 cupiditate
2767 3688 2944 3750 autem
2993 3675 3142 3740 dicit,
3177 3689 3281 3730 non
3311 3679 3824 3747 οοηιυρίεοετωεω

2251 3761 2478 3830 proximi
2515 3765 2614 3818 tui.
2658 3763 2722 3817 Et
2751 3778 2845 3832 per
2872 3763 3212 3818 Salomonem
3247 3783 3259 3817 :
3295 3765 3447 3819 Nihil
3465 3777 3540 3821 est
3568 3772 3827 3822 scelestius

2247 3865 2399 3918 quam
2445 3867 2618 3906 amare
2663 3854 2952 3923 pecuniam.
3006 3853 3066 3907 Et
3115 3869 3207 3923 per
3250 3857 3565 3923 APOalﬂlUlﬂ
3609 3875 3626 3910 :
3665 3857 3825 3911 Radix

2248 3955 2476 3995 omnium
2521 3944 2774 3996 malorum
2825 3954 2898 3997 est
2943 3944 3217 4012 cupiditas.
3251 3945 3327 4000 De
3353 3950 3473 4015 gula
3500 3963 3634 4001 vero
3663 3948 3822 4002 dixit:
3868 3944 3869 4015 ᾗ

2248 4033 2426 4086 Cavete
2453 4031 2622 4085 autem
2651 4035 2823 4102 gulam
2855 4049 2942 4100 per
2978 4038 3130 4100 quam
3153 4036 3348 4102 primus
3376 4037 3529 4088 homo
3576 4039 3743 4090 Adam
3772 4040 3821 4088 de

2245 4122 2486 4192 paradiso
2515 4126 2700 4191 ejectus
2728 4131 2820 4186 est,
2853 4123 2972 4190 quia
2997 4124 3249 4192 scriptum
3277 4133 3360 4178 est
3391 4143 3404 4177 :
3438 4125 3621 4179 Nolite
3645 4133 3815 4182 seduci

2245 4214 2298 4266 in
2337 4214 2615 4266 satietatem
2663 4215 2868 4266 ventris.
2926 4216 2988 4266 Et
3035 4227 3132 4282 per
3178 4215 3486 4281 prophetam
3522 4232 3539 4269 :
3572 4217 3825 4286 Hac-{au

575 4310 696 4364 Post
745 4309 895 4362 istam
953 4309 1461 4364 abrenuntiationem
1516 4311 1727 4366 diabolo
1791 4323 1845 4367 et
1895 4317 2141 4370 omnibus
2177 4304 2483 4379 η’ῖηίίμιίιαδ
2514 4304 2875 4367 Sodomorum,
2909 4307 3143 4375 superbia
3181 4316 3227 4358 et
3275 4310 3522 4363 saturitas
3565 4313 3741 4379 panis,
3787 4325 3825 4364 et

563 4399 820 4466 operibus
873 4398 1008 4466 ejus,
1031 4389 1400 4466 interrogatus
1450 4415 1508 4452 es
1537 4414 1559 4451 a
1611 4402 1928 4457 sacerdote:
1965 4405 2140 4458 Credis

572 4493 624 4540 in
674 4471 1087 4544 DeuuiJ’atrem
1135 4489 1547 4555 omnipotentem,
1602 4500 1876 4542 creatorem
1915 4493 2045 4545 .cae'i
2096 4502 2142 4546 et

572 4579 757 4629 terrai?
790 4579 852 4630 Et
905 4577 1221 4640 respondisti
1258 4594 1268 4626 :
1305 4575 1483 4628 Credo.
1521 4576 1582 4629 El
1612 4577 1807 4632 iterum
1842 4597 1852 4630 :
1887 4579 2062 4635 Credis
2094 4592 2139 4634 et

570 4667 621 4716 in
669 4663 842 4717 .lcsum
882 4665 1154 4716 .C/tristum
1197 4660 1389 4714 Filium
1438 4667 1548 4733 ejus
1611 4668 1831 4730 unicum,
1868 4667 2142 4727 Dominum

571 4767 817 4819 nostrum,
861 4755 944 4820 qui
975 4764 1240 4819 conceptus
1272 4761 1339 4805 est
1369 4752 1430 4805 de
1459 4753 1656 4820 Spiritu
1684 4767 1877 4839 sancto,
1910 4770 2055 4812 nutus
2082 4776 2143 4812 ea:

572 4846 740 4896 Maria
774 4846 985 4911 virgine,
1020 4861 1193 4908 passus
1241 4844 1330 4895 sub
1362 4843 1551 4897 Pontio
1605 4846 1794 4907 Pilato.
1845 4852 2140 4918 cruciﬁxus,

571 4947 797 4984 mortuus
837 4943 880 4983 ct
924 4930 1171 4997 sepultus,
1226 4933 1479 4988 descendit
1508 4939 1571 4987 ad
1603 4938 1818 5006 inferna,
1870 4943 2016 4990 tertia
2063 4942 2144 4992 die

571 5040 680 5072 rm.
707 5023 842 5071 ‘i‘iJJil
873 5040 898 5070 ιι
929 5021 1159 5078 mortuis.
1186 5025 1404 5074 ascendit
1436 5025 1502 5075 ad
1525 5026 1702 5091 cazlos,
1721 5027 1854 5079 sedet
1883 5029 1952 5078 ad
1973 5032 2145 5081 derte-

573 5125 681 5159 i'tlrlt
730 5108 822 5157 [Li
867 5106 1036 5159 Patris
1077 5109 1446 5174 omnipotentis,
1482 5114 1596 5165 inde
1638 5129 1874 5166 venturus
1909 5115 2148 5183 judicare

756 5219 794 5248 ει
850 5201 1117 5252 mortuos?
1162 5201 1221 5252 lit
1271 5206 1582 5271 respondisti
1636 5206 1817 5263 Credo.
1876 5210 1934 5259 lit
1991 5210 2143 5264 tertio

572 5292 916 5357 tntcrtt‘ignit
961 5294 1206 5346 sacerdos
1241 5310 1251 5343 :
1285 5293 1456 5347 Credis
1506 5298 1556 5347 in
1608 5297 1856 5365 Spiritum
1888 5311 2138 5366 sanctum,

501 5438 506 5442 _
569 5392 794 5432 sanctam
833 5379 1105 5432 ligrlcsiam
1150 5384 1468 5452 catholicam,
1504 5397 1794 5440 sanctorum
1825 5394 2141 5441 communio-

572 5217 705 5253 ures

569 5487 699 5528 neutr,
729 5483 772 5520 et
797 5471 1135 5523 “missionem
1161 5480 1678 5542 pcccatorum,car:tis
1704 5479 2137 5544 resurrectionem,

567 5571 612 5610 et
656 5562 800 5609 vitam
833 5567 1104 5616 (Plel‘tlllm?
1155 5565 1488 5632 Respondisti
1523 5579 1609 5621 cut
1660 5579 1733 5632 tu,
1783 5580 1867 5622 aut
1902 5571 2140 5636 patriuus

2174 4353 2220 4411 D

2244 4396 2578 4450 abundantia.
2626 4396 2690 4449 Et
2718 4395 2986 4464 apostolus
3016 4413 3029 4447 :
3062 4388 3244 4449 Carnis
3284 4413 3462 4452 curam
3510 4416 3580 4454 ne
3617 4403 3825 4472 («una

2245 4489 2298 4540 in
2327 4487 2608 4540 desideriis.
2643 4488 2708 4540 Et
2740 4487 2992 4540 Dominus
3032 4489 3402 4558 in‘Evangelio
3434 4507 3450 4544 :
3487 4490 3601 4546 Vela
3643 4483 3826 4562 quisa-

2245 4580 2402 4630 turali
2447 4581 2589 4644 estis,
2641 4581 2883 4646 quoniam
2923 4581 3177 4647 esui-ictis.
3204 4580 3377 4634 Nemo
3423 4572 3826 4638 fornicationem

2246 4665 2421 4730 faciat,
2463 4670 2582 4735 quia
2613 4669 2662 4720 in
2695 4668 2808 4738 lege
2839 4669 3094 4723 Dominus
3119 4671 3192 4722 ait
3227 4686 3238 4721 :
3273 4669 3378 4732 Qui
3405 4672 3686 4726 dormivit
3719 4688 3821 4724 cum

2244 4757 2465 4807 masculo
2511 4759 2646 4808 coitu
2690 4759 2924 4828 femineo,
2977 4767 3064 4812 aut
3107 4760 3194 4830 qui
3250 4770 3489 4830 operatus
3536 4769 3618 4816 at
3671 4769 3848 4830 "(an

2244 4845 2404 4900 morte
2439 4859 2705 4902 moriatur.
2760 4851 2822 4902 Et
2864 4839 3151 4917 Apostolus
3190 4856 3262 4904 ait
3312 4869 3326 4903 :
3374 4835 3748 4906 Fornicatarcs
3785 4865 3822 4905 et

2244 4936 2534 4990 adulatores
2567 4938 2727 5010 [Lege
2758 4938 3151 5009 adulteratares]
3183 4938 3317 4992 Deus
3337 4941 3630 5008 judicabit.
3655 4942 3822 4996 Omnis

2245 5028 2387 5080 enim
2428 5028 2693 5080 immunda
2729 5029 2946 5096 pollutio
2976 5026 3255 5082 fornicatio
3284 5032 3498 5083 dieitur.
3547 5030 3622 5084 Et
3649 5033 3822 5085 iterum

2245 5119 2530 5184 Apostolus
2580 5118 2651 5168 ait
2686 5135 2696 5167 :
2738 5117 2913 5184 Neque
2957 5119 3241 5186 fornicarii,
3275 5133 3439 5186 neque
3485 5121 3821 5192 mascula-ma

2242 5210 2605 5270 concubitores,
2654 5222 2812 5275 neque
2851 5207 3031 5260 molles
3079 5223 3289 5274 regnum
3338 5208 3435 5261 Dei
3481 5211 3820 5279 possidebunt.

2244 5301 2425 5354 Nullus
2474 5302 2522 5353 in
2571 5303 2735 5355 corde
2781 5315 2878 5353 suo
2921 5300 3245 5354 iracundiam
3295 5311 3485 5354 contra
3531 5305 3821 5372 proximum

2245 5408 2394 5446 suum
2449 5400 2643 5454 teneat,
2679 5391 2798 5459 quia
2848 5390 3099 5444 Don'tiuus
3145 5393 3196 5444 in
3253 5391 3554 5459 Evangelia
3583 5387 3708 5448 ait:
3741 5393 3823 5457 aut

2244 5484 2477 5537 irascitur
2511 5485 2658 5551 fratri
2698 5486 2812 5545 suo,
2845 5498 2958 5534 reus
2997 5483 3090 5534 erit
3112 5482 3334 5553 judicia.
3387 5482 3454 5536 Et
3496 5483 3789 5549 Apostolus

2252 5569 2333 5623 Ira
2374 5573 2465 5622 viri
2499 5570 2593 5621 1)ρὶ
2622 5571 2885 5639 justitiam
2913 5587 3012 5651 non
3049 5581 3308 5638 operatur.
3339 5570 3406 5626 Et
3440 5591 3453 5624 :
3488 5570 3598 5628 Sol
3639 5587 3735 5630 non
3758 5588 3826 5624 oe-

3571 5979 3618 6119 ;
3807 5855 3864 6119 l
