3926 6324
160 342 294 395 1037

1044 348 1129 403 DE
1171 350 1481 407 SINGULIS
1522 351 1739 409 LllllllS
1780 353 2023 408 CANON.
2065 353 2490 427 SCARAPISUS.

3246 332 3381 389 ἰυῖὸ

148 453 281 505 ridat
333 468 484 519 super
526 449 841 503 iraeundiam
880 457 1116 501 vestram.
1164 446 1334 501 Nolite
1382 445 1577 499 tristari
1617 438 1712 512 pro
1746 446 1787 504 Α
1815 444 1912 496 erit
1941 444 2255 506 istiusmodi,
2301 445 2430 498 velis
2458 443 2612 509 nolis,
2652 452 2706 499 et
2732 442 3110 514 Qualiscunque
3136 433 3373 514 accepta,

148 542 312 596 rebus
336 541 665 605 transitoriis,
693 542 817 607 quia
842 537 1093 608 scriptum
1124 548 1207 592 est
1240 554 1251 590 :
1284 537 1515 590 Tristitia
1544 536 1716 590 seculi

146 639 354 681 mortem
382 639 636 696 aperatur.
683 628 847 681 Nemo
871 626 1193 682 otiositatem
1234 626 1410 692 faciat,
1440 625 1558 695 quia
1586 625 1715 679 scri-

144 731 292 787 ptum
347 729 425 771 est
458 736 469 770 :
504 720 685 772 Anima
727 730 893 773 autem
938 719 1067 772 nihil
1104 719 1365 787 cperantis
1412 720 1605 771 esuriit.
1654 717 1718 770 Et

144 804 334 861 iterum
368 827 379 861 :
417 808 659 863 Otiositas
710 811 915 862 inimica
955 818 1027 862 est
1065 810 1268 862 animm.
1323 809 1385 860 Et
1434 807 1717 875 Apostolus

141 897 215 950 ait
250 914 264 950 :
304 899 401 964 Qui
431 916 532 951 non
558 900 661 952 vult
687 900 911 968 operari,
944 914 1035 951 nec
1061 899 1347 951 manducet.
1379 898 1581 951 Vanam
1603 898 1717 968 gloo

142 990 277 1044 riam
328 993 675 1046 contemnite.
729 993 1085 1058 Quodcunque
1128 991 1348 1045 ornandi
1397 1005 1574 1051 causa,
1629 992 1714 1044 vel

144 1082 318 1134 laudis
357 1082 425 1134 ab
473 1081 775 1137 hominibus
820 1083 1116 1145 fecerimus,
1158 1096 1289 1133 vana
1317 1079 1481 1148 gloria
1516 1095 1716 1132 tumcu-

140 1182 316 1240 patur.
360 1172 509 1228 Unde
546 1166 801 1241 scriptum
828 1183 913 1226 est
961 1190 972 1224 :
1025 1171 1277 1235 Quoniam
1330 1170 1466 1223 Deus
1502 1171 1714 1238 dissipat

139 1281 254 1318 ossa
281 1282 455 1318 eorum
482 1268 571 1336 qui
602 1266 884 1319 hominibus
926 1267 1142 1334 placent.
1189 1266 1255 1319 Et
1284 1266 1566 1333 Apostolus
1592 1267 1665 1317 ait
1698 1280 1710 1316 :

140 1355 323 1409 Nolite
490 1359 658 1443 inquis
704 1357 883 1426 gloria:
913 1359 1102 1426 cupidi.
1138 1358 1202 1410 Et
1230 1357 1355 1411 item
1385 1357 1663 1425 Apostolus
1696 1374 1711 1409 :

136 1444 204 1500 Si
227 1446 511 1501 hominibus
540 1449 809 1516 placerem,
858 1448 1046 1501 Christi
1080 1464 1248 1500 :ervus
1294 1464 1393 1499 non
1430 1464 1605 1500 essem.
1651 1448 1715 1500 Et

138 1537 395 1591 Dominus
440 1540 491 1596 in
545 1538 827 1608 Evangelia
877 1541 949 1591 ait
1008 1556 1021 1591 :
1076 1538 1329 1595 Attendite
1373 1555 1434 1592 ne
1456 1539 1713 1608 justitiam

135 1636 357 1680 restrain
382 1629 581 1698 faciatis
610 1646 780 1681 coram
818 1616 1126 1692 hominibus,
1154 1630 1513 1682 utruideamini
1533 1629 1597 1682 ab
1622 1629 1711 1681 ho-

133 1718 376 1784 minibus,
406 1716 629 1787 alioquin
664 1719 936 1775 mercedem
971 1735 1070 1771 non
1100 1719 1291 1771 habetis
1312 1720 1461 1789 apud
1500 1715 1711 1772 Patrem

1820 534 2059 589 habenda
2085 548 2099 593 :
2124 549 2241 588 cum
2265 550 2410 590 esses
2437 536 2586 601 liber,
2612 546 2800 605 sponte
2822 546 2871 591 te
2896 537 3183 604 subjecisti.
3210 537 3379 595 Nemo

1819 625 2053 679 incmstis
2076 626 2529 694 coojunctionibus
2543 641 2602 681 se
2627 626 2943 697 coinquinet,
2972 627 3093 696 quia
3124 626 3378 682 Dominus

1818 714 2033 776 inlibro
2061 715 2310 779 Levitico,
2341 718 2548 785 quando
2592 716 2758 787 legem
2803 719 2867 772 ad
2919 716 3399 787 populumdedit;

1815 805 1887 855 ait
1916 819 1929 854 :
1962 802 2072 873 Ego
2100 805 2347 858 Dominus
2379 824 2399 860 .'
2428 808 2588 858 omnis
2612 810 2760 858 homo
2782 808 2848 859 ad
2868 809 3148 869 proximam
3170 807 3382 877 sangui-

1816 895 1894 947 nis
1918 896 1995 947 sui
2034 912 2133 949 non
2156 899 2381 951 accedat.
2416 897 2804 966 Turpitudinem
2830 903 2985 967 patris
3013 901 3084 952 tui
3119 907 3164 952 et
3206 900 3383 951 matris

1817 995 1935 1047 tum,
1961 993 2008 1037 et
2033 987 2206 1039 uxoris
2232 988 2391 1055 pal'is
2434 989 2529 1053 tui,
2564 1004 2661 1041 non
2693 989 3066 1059 tlisc00peries;
3094 989 3379 1059 turpitudi-

1815 1094 1930 1131 nem
1957 1080 2143 1133 sororis
2172 1090 2271 1132 tutu
2299 1089 2343 1134 et
2369 1081 2494 1149 ﬁlias
2532 1080 2628 1147 ﬁlii
2657 1082 2751 1149 tui,
2779 1082 2853 1135 vel
2883 1083 3098 1147 nepotis,
3147 1066 3192 1137 et
3218 1083 3381 1151 filiam

1815 1169 1938 1232 ﬁlia:
1959 1172 2132 1223 uxoris
2161 1172 2319 1239 patris
2350 1172 2442 1237 tui,
2475 1180 2519 1225 et
2540 1188 2766 1226 sororem
2794 1173 2954 1238 patris
2968 1174 3051 1225 'tui
3092 1182 3138 1228 et
3160 1189 3382 1227 sororem

1816 1265 1991 1317 matris
2017 1274 2135 1327 tute,
2182 1273 2229 1317 et
2258 1264 2415 1332 patris
2462 1263 2557 1327 tui,
2599 1281 2699 1316 non
2728 1265 3003 1330 rez'elabis;
3036 1282 3127 1319 nec
3168 1266 3381 1319 accedas

1814 1355 1881 1407 ad
1910 1370 2115 1407 uxorem
2146 1355 2256 1422 ejus
2282 1354 2367 1419 qui
2398 1354 2487 1406 tibi
2515 1355 2768 1420 affinitate
2799 1354 3140 1423 conjungilur.
3185 1353 3379 1419 Turpi-

1814 1448 2037 1500 tudinem
2065 1445 2237 1500 uxoris
2262 1446 2360 1514 ﬁlii
2392 1430 2442 1499 et
2476 1448 2649 1499 uxoris
2678 1447 2850 1515 fratris
2890 1442 2989 1511 tui,
3013 1456 3057 1499 et
3085 1446 3252 1499 uxoris
3281 1457 3381 1501 tua:

1812 1546 1859 1591 et
1885 1536 2010 1604 ﬁlia:
2051 1538 2180 1607 ejus,
2212 1550 2311 1587 non
2340 1535 2613 1598 reuelabis;
2643 1535 2803 1602 ﬁliam
2837 1530 2955 1600 ﬁlia!
3001 1536 3133 1599 eius,
3162 1542 3227 1602 et
3258 1534 3381 1601 ﬁlia:

1811 1627 1945 1693 ejus,
1976 1641 2075 1678 non
2105 1640 2271 1678 sumes
2297 1633 2352 1676 ut
2375 1625 2575 1677 .reveles
2603 1614 2928 1691 ignominiam
2964 1625 3090 1692 ejus,
3123 1624 3239 1692 quia
3262 1638 3381 1678 caro

1811 1715 1948 1767 illius
1975 1722 2111 1781 sunt,
2141 1723 2186 1767 et
2228 1714 2348 1767 talis
2378 1716 2537 1767 coitus
2564 1714 2780 1767 incestus
2825 1724 2918 1767 est.
2966 1713 3029 1770 Et
3054 1715 3242 1768 iterum
3267 1714 3381 1782 ipse

135 1821 380 1885 vestrum,
428 1777 534 1878 qui,
562 1812 615 1863 in
664 1811 800 1865 cretis
853 1821 944 1864 est.
994 1810 1305 1878 Superbiam
1353 1777 1535 1877 lugite,
1589 1810 1709 1876 quia
1745 1777 1787 1833 Β
1815 1802 2069 1858 Dominus
2104 1803 2179 1857 ait
2211 1821 2222 1855 :
2259 1802 2357 1866 Qui
2383 1804 2643 1856 dormierit
2672 1819 2786 1856 cum
2812 1818 3020 1856 noverca
3051 1819 3162 1866 sua,
3190 1813 3238 1856 et
3264 1818 3380 1856 eum

126 1904 428 1954 immundus
464 1913 539 1953 est
571 1912 690 1955 ante
724 1901 882 1954 Deum
922 1902 1085 1955 omnis
1114 1900 1198 1969 qui
1227 1904 1416 1953 exultat
1437 1916 1520 1952 cor
1540 1915 1707 1953 suum.

136 1989 209 2043 Et
236 1978 423 2055 lterum
459 2009 474 2045 :
506 1992 749 2061 ‘Superbis
788 1990 923 2045 Deus
945 1991 1151 2057 resistit,
1179 1990 1453 2042 humilibus
1494 2004 1604 2041 vero
1624 1988 1710 2040 dat

128 2082 373 2149 gratiam.
416 2082 479 2135 Et
529 2082 714 2134 iterum
772 2099 784 2132 :
847 2082 944 2145 Qui
996 2096 1051 2134 se
1103 2080 1291 2132 exultat
1340 2063 1706 2129 humiliabitur.

132 2171 321 2225 Nullus
362 2172 696 2225 homicidium
741 2171 914 2235 faciat,
964 2173 1085 2247 quia
1134 2170 1387 2237 scriptum
1434 2176 1516 2221 est
1543 2186 1559 2247 ί
1588 2168 1711 2233 Qui-

130 2277 332 2326 cunque
373 2260 611 2328 e/Tuderit
650 2262 945 2331 sanguinem
978 2262 1278 2323 hurnanum,
1327 2260 1565 2328 fundatur
1592 2274 1711 2311 san-

128 2357 247 2425 guis
277 2357 454 2424 ipsius.
485 2356 552 2409 Et
583 2357 831 2409 Dominus
870 2355 943 2408 ait
973 2372 985 2407 :
1020 2354 1141 2409 Non
1162 2354 1391 2418 occides;
1419 2353 1506 2422 qui
1543 2360 1709 2405 autent
1734 2341 1743 2346 ’

124 2447 397 2511 occiderit,
439 2463 552 2500 reus
592 2448 685 2500 erit
715 2446 935 2513 judicio.
966 2446 1029 2499 Et
1071 2444 1452 2511 Apostolusait
1484 2459 1497 2495 :
1533 2442 1710 2497 Omnis

114 2522 390 2588 homicida
446 2553 545 2589 non
587 2538 730 2589 habet
770 2546 965 2606 partem
994 2536 1046 2608 in
1076 2536 1226 2587 vitam
1255 2544 1518 2589 arternam.
1544 2533 1706 2587 Nemo

131 2624 452 2677 adulterium
497 2627 813 2688 committat,
860 2627 981 2693 quia
1031 2626 1081 2677 in
1126 2625 1244 2695 lege
1290 2612 1539 2678 Dominus
1585 2622 1703 2677 ait:

133 2712 257 2765 Non
298 2714 619 2783 concupisces
664 2730 871 2767 uxorem
911 2715 1130 2781 proximi
1171 2714 1265 2766 tui.
1315 2713 1379 2767 Et
1422 2712 1706 2780 Apostolus

128 2804 259 2858 dicit
307 2822 320 2857 :
364 2804 541 2871 Neque
587 2804 814 2859 adulteri
858 2822 1060 2874 regnum
1106 2804 1201 2857 Dei
1246 2806 1592 2873 possidebunt.
1642 2804 1706 2859 Et

126 2894 384 2947 Dominus
411 2897 485 2948 ait
515 2913 528 2947 :
567 2895 743 2961 Omnis
769 2899 853 2963 qui
889 2898 1069 2950 viderit
1114 2899 1374 2951 mulierem
1412 2900 1479 2952 ad
1520 2914 1705 2951 concu-

128 2985 420 3052 piscendam
442 3001 573 3050 eam,
592 2990 707 3058 jam
747 2989 1019 3041 iniec/tatus
1062 2998 1132 3040 est
1172 3005 1285 3042 eam
1322 2990 1375 3043 in
1419 2991 1568 3043 corde
1591 3005 1706 3045 suo.

132 3072 453 3143 Legitimum
514 3076 815 3145 conjugium
872 3079 1047 3131 rutilus
1101 3092 1349 3146 separare
1391 3091 1692 3146 praesumat,
1726 3112 1771 3177 ο

132 3166 234 3218 nisi
272 3180 344 3219 ex
388 3165 663 3219 amborum
679 3181 954 3221 consensu
987 3176 1201 3235 propter
1229 3184 1465 3222 amorem
1494 3170 1696 3224 Christi

129 3254 221 3319 qui
248 3257 323 3306 ait
356 3270 371 3309 :
407 3254 509 3320 Qui
537 3258 793 3326 reliquerit
819 3274 1050 3322 uxorem,
1078 3264 1135 3311 et
1160 3258 1379 3326 reliqua,
1409 3262 1700 3327 centuplum

128 3346 297 3412 accipi
316 3356 365 3406 ~t,
398 3356 443 3397 et
464 3346 617 3398 vitam
661 3356 900 3400 aeternam
929 3349 1219 3417 possidebit.
1250 3334 1313 3402 Et
1354 3362 1567 3417 promer
1588 3350 1693 3404 lur-

130 3434 483 3500 nicationem,
529 3438 650 3505 quia
697 3434 1258 3499 Pharisaeivtentantes
1306 3438 1587 3492 Dominum
1616 3440 1695 3494 ιο.

126 3540 246 3577 sum
272 3522 544 3577 Christum
582 3526 1032 3594 interrogaverunt
1061 3542 1183 3580 eum
1215 3544 1227 3578 :
1260 3525 1322 3581 Si
1351 3528 1465 3580 licet
1497 3529 1696 3581 homini

127 3612 389 3665 dimittere
417 3628 794 3665 uxoremsuam
821 3630 1116 3683 quacunque
1139 3599 1423 3683 excausa?
1462 3616 1702 3683 Respon-

132 3702 270 3755 deus
304 3701 458 3754 Jesus
483 3702 554 3755 ait
583 3715 601 3754 :
634 3701 754 3755 Non
796 3703 986 3772 legistis
1018 3706 1137 3773 quia
1185 3705 1270 3773 qui
1312 3706 1428 3771 fecit
1454 3694 1517 3759 ab
1554 3707 1699 3774 initio
1752 3774 1755 3775 ν

120 3798 412 3860 hominem,
444 3798 740 3857 Antasculum
787 3806 833 3849 et
862 3799 1101 3867 feminam
1133 3799 1251 3865 fecit
1264 3801 1397 3869 leas?
1431 3795 1494 3852 Et
1524 3800 1652 3854 dixit
1680 3816 1699 3854 :

133 3886 356 3956 Propter
377 3890 472 3941 hoc
497 3890 740 3957 relinquet
762 3890 910 3942 homo
929 3880 1123 3958 patrem
1143 3899 1187 3943 et
1210 3899 1432 3955 matrem,
1457 3900 1503 3943 et
1526 3890 1701 3944 adlue—

130 3977 257 4030 rebit
299 3978 447 4030 uxori
480 3994 602 4040 sua,
647 3986 695 4030 et
739 3988 885 4030 erunt
927 3978 1031 4030 duo
1073 3961 1127 4031 in
1169 3994 1318 4035 carne
1358 3995 1479 4031 una.
1522 3977 1702 4049 Itaque

125 4071 244 4135 jam
290 4083 392 4122 non
431 4078 548 4121 sunt
585 4070 703 4134 duo,
754 4069 843 4121 sed
880 4084 983 4121 una
1019 4085 1157 4121 caro.
1210 4069 1357 4132 Quod
1405 4085 1523 4139 ergo
1563 4051 1699 4123 Deus

130 4158 411 4229 conjunxit
441 4157 589 4210 homo
637 4172 737 4209 non
779 4166 992 4225 separet.
1030 4155 1219 4211 Dicunt
1254 4158 1331 4209 illi
1362 4174 1381 4210 :
1413 4158 1544 4220 Quid
1581 4172 1698 4224 ergo

133 4246 345 4315 Moyses
368 4247 623 4299 utoudavit
651 4247 772 4299 dare
795 4246 871 4299 illi
898 4246 1122 4299 libellum
1157 4246 1356 4315 repudii
1377 4254 1423 4297 et
1451 4247 1699 4316 dimittere

132 4341 196 4390 de
230 4338 383 4388 domo
412 4339 543 4390 sua?
591 4336 674 4389 Ait
721 4338 825 4398 illis
859 4352 877 4389 :
906 4337 1157 4401 Quoniam
1190 4338 1390 4406 Moyses
1440 4339 1508 4390 ad
1552 4340 1701 4391 duri-

1812 1910 1941 1947 nuru
1963 1911 2075 1960 sua,
2099 1906 2300 1963 uterque
2323 1895 2588 1948 moriatur.
2617 1893 2681 1946 Et
2705 1894 2788 1961 qui
2810 1909 2961 1962 supra
2988 1910 3194 1947 uxorem
3219 1894 3379 1960 ﬁliam

1814 1984 2015 2036 duxerit
2068 1994 2280 2037 matrem
2327 1988 2461 2054 ejus,
2496 1986 2641 2036 vivus
2691 1983 2886 2038 ardebit
2926 2000 3038 2036 cum
3077 1986 3180 2048 eis;
3209 1992 3255 2037 et
3292 1985 3379 2052 qui

1812 2078 1981 2130 coierit
2006 2093 2117 2129 cum
2153 2093 2312 2131 uxore
2340 2079 2509 2147 patrui
2548 2080 2628 2130 uel
2654 2077 2889 2130 avunculi
2934 2077 3033 2141 sui,
3084 2078 3377 2129 morientur.
3458 2066 3461 2069 ’

1810 2169 1879 2225 Et
1907 2170 2030 2225 alibi
2057 2171 2310 2240 scriptum
2340 2176 2441 2239 εει,
2489 2188 2653 2240 usque
2679 2172 2742 2225 ad
2786 2178 2988 2225 sextum
3019 2171 3223 2240 generis
3255 2186 3375 2237 gra-

1810 2260 1934 2315 dum
1984 2261 2417 2328 consanguinitas
2466 2262 2755 2318 constituta
2803 2272 2885 2316 est
2927 2269 2973 2327 α,
3008 2270 3062 2314 ut
3110 2262 3242 2315 sicut
3282 2274 3376 2316 sex

1809 2349 2052 2406 aetatibus
2100 2351 2281 2404 mundi
2320 2353 2592 2421 generatio
2622 2360 2677 2405 et
2706 2349 2934 2404 hominis
2963 2357 3127 2404 status
3171 2348 3372 2417 linitur,

1816 2439 1889 2495 ita
1933 2441 2298 2510 propinquitas
2343 2442 2553 2511 generis
2592 2450 2675 2495 tot
2703 2441 2948 2511 gradibus
2980 2442 3373 2497 terminaretur.

1879 2530 1960 2582 Ad
1980 2532 2238 2584 mulierem
2264 2540 2631 2585 menstruatam
2669 2531 2841 2586 nullus
2862 2532 3083 2597 accedat,
3116 2533 3235 2600 quia
3262 2530 3371 2586 Do-

1772 2670 1775 2675 ,
1810 2618 1985 2674 minus
2014 2621 2087 2675 ait
2121 2636 2136 2673 :
2168 2621 2249 2674 Ad
2281 2622 2545 2676 mulierem
2580 2636 2696 2690 qua:
2734 2624 2921 2689 patitur
2955 2631 3259 2675 menstruum
3310 2636 3371 2675 ne

1808 2713 2103 2765 accesseris.
2150 2713 2345 2766 lterum
2376 2713 2443 2767 ibi
2477 2731 2488 2764 :
2523 2712 2709 2765 Mulier
2736 2728 2870 2781 qua’,
2904 2714 3141 2766 redeunte
3182 2726 3371 2773 mense,

1808 2803 2000 2872 patitur
2028 2805 2226 2873 ﬂuxum
2264 2804 2548 2874 sanguinis,
2592 2815 2778 2872 septem
2822 2806 2996 2858 diebus
3036 2803 3371 2873 separabitur.

1810 2896 1986 2951 Omnis
2028 2898 2112 2965 qui
2156 2897 2371 2963 tetigerit
2418 2912 2527 2949 eam
2576 2896 2863 2951 immundus
2904 2895 3017 2949 erit.
3066 2894 3129 2969 Et
3179 2896 3367 2950 iterum

1807 2989 1915 3043 ib'h:
1944 2988 2005 3042 Si
2024 2988 2196 3040 coierit
2222 3003 2337 3039 cum
2358 3004 2417 3043 ea
2438 2988 2512 3041 vir
2541 2998 2761 3056 tempore
2788 2988 3044 3056 sanguinis
3074 2997 3360 3041 menstrua-

1806 3072 1890 3140 lis,
1918 3072 2201 3125 immundus
2240 3072 2351 3125 erit.
2404 3070 2468 3124 Et
2513 3086 2608 3140 per
2651 3072 2888 3127 Ezechiel
2921 3060 3230 3139 prophetam
3262 3072 3365 3124 Do-

1802 3166 1977 3215 minus
2020 3162 2131 3214 ait:
2164 3161 2244 3212 Ad
2291 3161 2548 3213 mulierem
2590 3172 2949 3214 menstruatam
2994 3147 3096 3214 non
3132 3160 3363 3215 accedes.

1800 3249 1985 3304 Nullus
2027 3263 2215 3302 avarus
2255 3249 2343 3312 sit,
2385 3250 2508 3318 quia
2560 3249 2841 3318 Apostolus
2886 3250 3001 3312 ait:
3038 3252 3182 3319 Agite
3234 3265 3366 3302 nunc

1801 3340 1995 3402 divites,
2043 3338 2237 3408 plorare
2280 3340 2533 3392 ululantes
2572 3340 2625 3391 in
2663 3339 2898 3405 miseriis,
2950 3355 3060 3407 qua:
3102 3341 3366 3403 advenient

1799 3429 1973 3494 vobis;
2031 3429 2219 3483 divitia:
2260 3440 2435 3481 vestrte
2477 3430 2774 3498 putrefacta:
2820 3437 2952 3493 sunt,
3000 3439 3046 3483 et
3080 3431 3368 3484 uestimenta

1800 3529 1962 3573 vestra
2009 3535 2041 3571 a
2084 3519 2229 3572 tineis
2286 3528 2509 3572 comesla
2560 3529 2713 3585 sunt;
2770 3535 2951 3571 aurum
3002 3530 3050 3572 et
3103 3531 3367 3591 argentum

1798 3620 2014 3663 vestrum
2036 3608 2350 3677 teruginavit,
2384 3616 2430 3663 et
2460 3625 2633 3679 terugo
2656 3610 2766 3677 ipsa
2793 3611 2929 3662 vobis
2951 3610 3002 3663 in
3026 3611 3369 3664 testimonium

1800 3703 1912 3763 erit,
1941 3709 1986 3753 et
2010 3700 2334 3776 manducabit
2366 3716 2544 3776 carnes
2568 3708 2775 3767 vestras,
2817 3699 2942 3753 sicut
2972 3700 3121 3769 ignis.
3155 3699 3222 3753 Et
3265 3699 3367 3753 ite-

1805 3790 1920 3845 rum
1947 3774 2233 3859 Apostolus
2260 3791 2337 3842 ait
2366 3774 2380 3841 ξ
2414 3789 2592 3859 Neque
2619 3790 2762 3841 avari
2790 3805 2997 3859 regnum
3026 3789 3121 3843 Dei
3144 3789 3368 3860 posside-

1802 3887 1943 3937 bunt.
1997 3883 2061 3936 Et
2105 3882 2356 3934 Dominus
2382 3882 2457 3933 'iu
2506 3880 2790 3950 Evangelio
2845 3899 2855 3931 :
2909 3880 3006 3944 Qui
3050 3881 3197 3933 habet
3238 3881 3368 3934 duas

1800 3973 2018 4034 tunicas,
2044 3971 2125 4023 det
2154 3986 2247 4023 non
2277 3970 2497 4037 habenti,
2528 3971 2761 4025 similiter
2795 3981 2840 4022 et
2868 3986 3051 4023 escam.
3117 4020 3121 4024 .

1870 4062 2070 4116 Usuras
2104 4062 2277 4114 nullus
2325 4070 2611 4130 prtcsumat
2658 4062 2920 4128 accipere,
2951 4062 3069 4129 quia
3096 4059 3364 4133 Dominus

1798 4154 1870 4206 ait
1898 4170 1911 4204 :
1944 4152 2065 4205 Non
2086 4153 2329 4222 fenerabis
2357 4154 2503 4221 fratri
2533 4158 2621 4204 tuo
2644 4154 2712 4204 ad
2735 4168 2936 4204 usuram
2960 4153 3247 4221 pecuniam,
3278 4168 3366 4207 nec

1800 4250 1987 4313 fruges,
2020 4259 2109 4296 uec
2142 4244 2409 4311 quamlibet
2433 4243 2585 4296 aliam
2610 4236 2729 4296 rem.
2784 4244 2846 4295 Et
2876 4243 3065 4296 iterum
3100 4260 3112 4296 :
3153 4243 3213 4299 Si
3237 4252 3364 4298 atte-

1798 4346 1980 4387 nuatus
2010 4335 2158 4403 fuerit
2199 4335 2356 4401 frater
2396 4343 2535 4397 tuus,
2576 4349 2674 4385 non
2704 4334 2921 4400 accipias
2947 4349 3127 4386 usuras
3172 4340 3232 4385 ab
3278 4347 3357 4398 eo,

127 4430 258 4480 tiam
284 4427 453 4479 cardis
482 4429 626 4479 vestri
654 4429 877 4493 permisit
908 4429 1041 4481 vobis
1086 4446 1265 4483 uxores
1303 4441 1486 4485 vestras
1528 4433 1699 4485 dlmit-
1724 4440 1778 4497 ι)
1804 4426 2023 4493 amplius
2068 4441 2221 4492 quam
2268 4423 2471 4478 dedisti.
2512 4423 2578 4476 Et
2625 4422 2877 4476 Dominus
2927 4423 2977 4476 in
3032 4423 3317 4493 Evangelia
3348 4442 3362 4475 :

130 4528 281 4582 tere;
326 4518 387 4568 ab
426 4517 569 4569 initio
595 4529 760 4570 autem
785 4533 886 4570 non
925 4519 1021 4587 fuit
1063 4520 1153 4571 sic.
1187 4521 1312 4573 Dico
1340 4531 1507 4574 autem
1535 4523 1693 4589 vobis,

126 4610 257 4677 quia
282 4607 563 4679 quicunque
585 4606 830 4659 dimiserit
862 4623 1069 4675 uxorem
1093 4626 1259 4673 suam,
1298 4610 1390 4663 nisi
1413 4615 1471 4663 ob
1489 4628 1697 4663 causam

87 4728 95 4736 -
128 4695 562 4763 fornicationis‘et
587 4695 743 4748 aliam
772 4696 991 4761 duxerit,
1022 4698 1325 4762 Dl’i‘lCllalltt',’
1348 4680 1392 4749 et
1415 4696 1501 4764 qui
1521 4699 1699 4751 dimis-

132 4802 249 4839 sam
270 4784 473 4837 duxerit
491 4785 787 4839 moechatur.
816 4785 963 4839 Unde
985 4788 1267 4854 Apostolus
1287 4789 1357 4841 ait
1384 4806 1394 4839 :
1427 4789 1698 4855 Principio,

130 4893 241 4929 non
267 4891 381 4944 ego,
430 4875 517 4929 sed
552 4872 821 4939 Dominus,
860 4892 1067 4929 uxorem
1099 4895 1129 4929 a
1157 4880 1263 4929 viro
1292 4895 1389 4930 non
1419 4881 1697 4933 discedere.

134 4967 206 5020 Et
236 4966 431 5018 iterum
465 4982 478 5017 :
510 4965 754 5034 Alligatus
798 4981 851 5018 es
892 4966 1075 5019 uxori?
1102 4968 1205 5018 noli
1232 4984 1453 5034 quwrere
1493 4970 1703 5022 solutio-

133 5071 275 5109 nem.
310 5055 524 5108 Solutus
550 5070 607 5108 es
644 5055 707 5107 ab
747 5050 948 5107 uxore?
991 5056 1096 5108 noli
1122 5074 1342 5125 quwrere
1384 5074 1610 5111 uxorem.
1643 5059 1708 5113 Et

133 5146 263 5201 alibi
317 5142 570 5213 scriptum
625 5152 705 5197 est
736 5162 748 5197 ε
784 5144 883 5209 Qui
910 5145 1211 5200 adulteram
1249 5153 1411 5215 tenet,
1447 5150 1629 5200 stultus
1660 5158 1707 5201 et

136 5238 336 5303 impius
378 5244 471 5288 est.
515 5235 820 5302 Ubicunque
848 5236 1004 5304 igitur
1029 5245 1114 5290 est
1140 5238 1432 5302 lornicatio,
1463 5247 1553 5292 aut
1592 5240 1702 5293 lor-

136 5325 425 5403 uicationis
454 5325 702 5393 Suspicio,
728 5326 890 5379 libere
917 5341 1046 5379 uxor
1069 5327 1380 5382 dimittatur.
1404 5330 1551 5394 Quod
1574 5343 1702 5397 ergo

134 5415 340 5469 sterilis
367 5424 469 5478 est,
507 5414 551 5467 si
590 5414 861 5477 deformis,
895 5415 942 5470 si
972 5425 1128 5471 aetate
1171 5419 1364 5483 vetula,
1421 5422 1465 5472 si
1517 5421 1697 5488 fetida,

136 5507 184 5559 si
215 5504 525 5568 temulenta,
551 5504 595 5558 si
624 5506 773 5559 malis
794 5506 1048 5571 moribus,
1077 5509 1119 5561 si
1150 5510 1433 5575 luxuriosa,
1462 5512 1507 5565 si
1538 5510 1699 5575 fatua,

137 5600 184 5651 si
210 5597 422 5667 gulosa,
455 5596 498 5649 si
535 5610 682 5666 vaga,
713 5596 757 5650 si
780 5597 1056 5666 iurgatrix,
1091 5600 1133 5653 si
1158 5600 1442 5663 maledica;
1472 5603 1697 5655 tenenda

1806 4517 1902 4582 Qui
1930 4517 2048 4586 petit
2075 4533 2105 4567 a
2145 4524 2212 4579 te,
2251 4516 2318 4567 da
2343 4515 2411 4580 ei,
2438 4523 2484 4567 et
2515 4515 2699 4568 volenti
2723 4524 2952 4567 mutuare
2979 4532 3013 4589 α.
3037 4523 3103 4578 ιε,
3136 4530 3198 4568 ne
3222 4530 3367 4567 aver-

1799 4610 1942 4661 laris.
1973 4608 2139 4662 Nemo
2168 4622 2446 4662 mensuras
2493 4607 2730 4674 duplices
2759 4623 2853 4662 nec
2881 4616 3108 4663 stateras
3140 4609 3360 4678 injustas

1804 4700 2013 4761 habeat,
2069 4700 2191 4766 quia
2241 4699 2489 4751 Dominus
2539 4698 2653 4751 ait:
2689 4699 2809 4751 Non
2844 4700 3043 4752 habebis
3090 4701 3143 4752 in
3179 4701 3366 4753 sa’culo

1803 4790 1998 4840 diversa
2037 4789 2282 4852 pondera,
2316 4790 2483 4857 majus
2513 4796 2559 4838 et
2579 4789 2783 4851 minus;
2809 4805 2895 4840 nec
2917 4789 3007 4839 erit
3030 4788 3083 4841 in
3104 4790 3251 4841 domo
3283 4803 3369 4841 tua

1803 4878 2035 4945 majora
2061 4878 2257 4940 minor;
2288 4876 2486 4943 pondus
2514 4875 2719 4928 habebis
2742 4878 2941 4944 justum
2964 4887 3008 4928 et
3040 4892 3226 4941 verum,
3261 4894 3372 4929 mo-

1804 4968 1915 5018 dius
1960 4968 2169 5035 wqualis
2221 4976 2267 5019 et
2308 4968 2480 5035 justus
2507 4968 2599 5019 erit
2641 4968 2728 5018 tibi
2780 4968 2953 5034 (Deut.
2983 4982 3105 5029 xxv,
3140 4967 3249 5035 15).
3308 4969 3372 5020 Et
3414 4958 3417 4961 ’

1803 5054 2056 5109 Dominus
2080 5057 2140 5109 in
2164 5056 2450 5124 Evangelio
2482 5058 2555 5109 ait
2587 5074 2599 5109 :
2637 5058 2774 5133 Quid
2795 5058 2926 5109 enim
2949 5057 3149 5125 proﬁcit
3171 5059 3371 5111 homini

1804 5153 1850 5196 et
1893 5146 1935 5197 si
1991 5147 2212 5203 luctetur
2259 5148 2541 5199 uniuersum
2589 5148 2852 5211 mundum,
2892 5164 2943 5200 se
2979 5156 3147 5199 autem
3198 5148 3369 5216 ipsum

1802 5233 2022 5307 perdat?
2071 5237 2134 5289 Et
2184 5237 2370 5291 iterum
2419 5235 2536 5303 ipse
2584 5230 2833 5303 Dominus
2868 5255 2879 5288 :
2914 5235 3070 5289 Prout
3117 5237 3270 5290 vultis
3315 5248 3371 5288 ut

1805 5332 1997 5399 faciant
2026 5329 2160 5382 vobis
2188 5330 2411 5383 homines
2436 5331 2585 5395 bana,
2609 5342 2653 5383 et
2675 5346 2761 5383 vos
2785 5331 2932 5399 facile
2958 5332 3079 5383 illis.
3105 5332 3371 5385 Similiter

1810 5421 2073 5475 hominem
2105 5420 2367 5488 captivare
2408 5436 2511 5474 non
2562 5422 2909 5487 prmsumatis,
2960 5420 3078 5487 quia
3109 5419 3363 5476 Dominus

1770 5501 1861 5565 i-in
1893 5514 2007 5579 lege
2028 5512 2099 5565 ait
2134 5529 2147 5565 :
2180 5510 2281 5574 Qui
2308 5512 2504 5579 furatus
2534 5513 2683 5579 fuerit
2709 5513 2979 5573 hominem,
3013 5522 3059 5564 et
3085 5514 3363 5564 vendiderit

1806 5619 1940 5668 eum,
1988 5612 2035 5654 et
2080 5603 2330 5655 convictus
2382 5604 2531 5669 fuerit
2571 5618 2732 5667 noxa',
2777 5614 2933 5681 morte
2979 5605 3237 5654 moriatur.
3300 5600 3363 5653 Et

192 5711 464 5785 {Confer
488 5713 791 5776 Ilerarduzn,
836 5713 900 5767 ad
928 5728 1042 5767 can.
1094 5718 1149 5779 7,
1188 5715 1273 5789 l2,
1313 5714 1376 5769 l5
1419 5725 1473 5793 et
1503 5714 1561 5767 '2!
1586 5760 1598 5781 ,
1632 5717 1816 5788 (κῷῖὶ,
1848 5734 1898 5785 q.
1932 5710 2002 5769 9..“
