3914 6236
87 241 218 294 1041

1005 229 1090 283 DE
1130 227 1440 285 SINGULIS
1486 228 1704 285 ΗΒΚὶὸ
1741 225 1991 282 (ΖΑΝΟΝ.
2033 229 2449 284 SCARAPSUS.

3189 237 3214 290 1
3225 234 3334 290 0Δῖ

85 371 148 405 ue
183 361 461 421 graventur
505 352 663 403 corda
707 356 867 401 vestra
898 347 946 397 in
979 346 1206 414 crapula,
1248 353 1294 396 et
1318 343 1577 406 ebrietate,
1620 351 1666 392 et
1702 350 1740 399 Α
1771 352 1819 393 et
1847 359 1960 408 qua:
1985 343 2033 394 in
2058 355 2190 396 terra
2215 344 2471 408 deorsum,
2498 360 2584 397 uec
2604 343 2783 398 Iterum
2822 359 2934 412 qua:
2955 354 3069 397 sunt
3092 347 3161 396 ini
3185 348 3333 417 aquis

86 445 227 496 curis
273 443 632 496 secularibus.
660 440 845 494 Nullus
873 440 1031 490 alium
1060 446 1214 503 cogat
1241 443 1331 488 aut
1374 435 1667 497 importune

86 542 247 597 roget
279 532 508 596 aliquem
543 530 662 596 plus
690 529 868 581 bibere
895 543 1050 593 quam
1079 535 1309 590 oportet.
1342 523 1461 588 quia
1492 521 1667 574 Domi.

96 635 200 672 nus
231 635 332 687 per
362 622 674 688 prephetam
705 617 776 672 ait
801 636 813 668 :
854 619 955 668 Veli
991 618 1076 682 qui
1106 616 1404 682 consurgitis
1432 630 1576 666 mane
1603 615 1665 666 ad

85 709 384 761 ebrietatem
416 708 728 770 sectandam,
753 717 796 758 et
831 707 1104 769 potandum
1122 721 1276 770 usque
1297 709 1362 754 ad
1388 703 1662 769 vespetunt,

86 809 139 850 ut
174 800 570 854 vinoa’staetis.
604 799 665 849 Et
697 799 919 850 iterum:
961 797 1064 847 Veli
1086 797 1172 863 qui
1203 805 1422 861 potentes
1460 796 1577 846 estis
1602 797 1668 846 ad

86 892 374 943 bibendum
408 893 602 953 vitium,
644 901 690 942 et
711 891 800 942 riri
832 894 983 954 fortes
1021 891 1085 939 ad
1114 889 1422 940 miscendum
1457 888 1666 938 ebrie'a-

85 995 214 1035 tem.
275 983 340 1035 Et
370 997 462 1048 per
499 981 620 1034 .loel
667 984 976 1047 prophetam
1022 980 1276 1032 Dominus
1321 980 1429 1032 ait:
1470 978 1663 1042 Exper-

85 1075 355 1142 giscimini
395 1067 539 1135 ebrii,
586 1082 634 1125 et
677 1074 812 1137 flete,
854 1081 901 1124 et
940 1071 1129 1122 ululate
1178 1085 1352 1123 omnes
1383 1072 1465 1134 qui
1504 1068 1666 1121 bibitis

83 1165 269 1215 rinam
298 1165 349 1216 in
376 1162 663 1215 dulcedine.-
698 1161 811 1215 Non
855 1161 1027 1214 solum
1056 1160 1177 1212 vino
1211 1159 1546 1212 inebriantur
1569 1159 1666 1248 tto-

83 1255 292 1316 mines,
323 1254 416 1307 sed
447 1254 606 1306 etiam
637 1267 702 1306 ex
729 1253 939 1306 czeteris
971 1251 1182 1315 potandi
1214 1249 1515 1318 generibus,
1550 1261 1667 1316 quso

83 1343 240 1394 vario
285 1342 444 1395 modo
489 1339 861 1394 conﬁciuntur.
929 1339 1082 1393 Unde
1130 1349 1183 1392 et
1229 1338 1489 1392 Nazarmis
1537 1352 1670 1405 pra-

81 1441 312 1498 ceptum
341 1441 420 1486 est
463 1431 643 1484 vinum
675 1440 730 1483 et
770 1430 993 1484 siceram
1041 1430 1258 1482 omnino
1310 1445 1414 1482 non
1464 1429 1666 1493 bibere,

84 1530 322 1588 utraque
347 1521 490 1573 enim
515 1521 689 1573 ebrios
709 1519 923 1582 iaciunt,
950 1526 1004 1574 et
1026 1520 1286 1572 luxuriam
1305 1519 1479 1572 carnis
1495 1532 1668 1586 aequa~

83 1611 212 1663 lit'er
247 1611 493 1678 gignunt.

1769 433 1858 483 sub
1887 442 2057 496 terra;
2099 451 2194 485 non
2228 433 2474 488 adorabis
2505 452 2586 499 ea,
2628 451 2788 503 neque
2812 436 2962 488 rales.
3009 437 3072 487 Et
3098 435 3327 490 lterum:

1771 521 1869 584 Qui
1896 523 2226 576 immolaverit
2253 525 2372 584 diis.
2408 521 2664 579 occidetur
2685 567 2700 588 ,
2747 537 2929 594 pm’ter
2963 525 3181 578 Domino
3210 528 3324 578 soli.

1770 610 1830 663 Et
1860 612 1910 662 in
1964 613 2196 667 Levitico
2231 614 2518 668 Dominus:
2570 615 2688 667 Non
2733 616 3130 686 augurabimini,
3170 631 3330 683 neque

1769 701 2084 755 observabitt's
2107 706 2317 756 somnia.
2353 706 2414 756 Et
2445 707 2632 759 iterum
2669 707 2721 758 in
2755 704 3193 760 Deuteronomio:
3251 705 3332 758 Ne

1768 791 2047 842 inveniatur
2069 795 2155 858 qui
2184 795 2372 846 ariolus
2402 795 2690 866 suscitetur,
2710 803 2757 848 et
2782 795 3000 848 observet
3021 797 3220 848 somnia
3252 806 3330 846 ato

1767 897 1862 948 qse
1881 884 2117 952 auguria,
2146 899 2234 934 nec
2264 883 2326 935 sit
2349 885 2630 951 maleﬁcus,
2664 901 2754 938 nec
2775 887 3080 950 incantatur,
3128 903 3214 938 nec
3241 903 3336 952 ry-

1771 972 1945 1024 tltoues
1963 974 2217 1038 causulat,
2247 990 2405 1043 neque
2431 975 2650 1038 divinos,
2678 991 2770 1028 nec
2798 975 3028 1045 exquirat
3057 993 3087 1027 a
3123 978 3332 1029 mortuis

1769 1062 2046 1125 veritatem,
2075 1064 2246 1115 omnia
2262 1065 2368 1115 lure
2391 1063 2712 1118 abominetur
2744 1063 3010 1132 Dominus.
3050 1065 3114 1117 Et
3142 1065 3325 1118 iterum

1771 1150 2056 1226 Dominus:
2089 1151 2207 1204 Non
2233 1153 2469 1230 induet"
2491 1163 2676 1208 vestem
2706 1154 2898 1207 virilem
2925 1155 3127 1218 mulier,
3147 1171 3233 1208 nec
3260 1157 3332 1206 vir

1769 1248 1936 1293 utetur
1983 1251 2115 1294 veste
2163 1243 2397 1311 feminea.
2453 1244 2813 1298 Abominaltilis
2853 1246 2984 1297 enim
3008 1253 3141 1314 apud
3172 1243 3331 1298 Deum

1769 1335 1952 1400 estqui
1991 1335 2096 1386 llaec
2135 1335 2281 1400 facit.
2333 1335 2400 1387 Et
2435 1338 2666 1390 iterum:
2721 1338 3208 1391 Maledicta-homo
3247 1340 3336 1406 qui

1771 1423 1892 1489 facit
1919 1425 2170 1493 sculptile.
2197 1427 2260 1479 Et
2290 1426 2551 1494 Propheta
2577 1446 2589 1478 :
2631 1427 2752 1481 lltzc
2777 1431 2900 1480 dicit
2933 1428 3180 1482 Dominus
3200 1431 3332 1483 Deus

1773 1514 1968 1570 Israel:
2021 1517 2139 1570 Non
2167 1534 2251 1572 vos
2278 1522 2514 1574 seducunt
2547 1523 2805 1589 praphetre
2829 1523 2980 1577 vestri
3015 1525 3099 1592 qui
3123 1535 3238 1577 sunt
3277 1527 3329 1578 in

1771 1604 1935 1658 medio
1957 1607 2126 1669 vestri,
2152 1617 2198 1659 et
2225 1607 2380 1660 divini
2398 1613 2565 1663 vestri.
2597 1609 2662 1664 Et
2690 1625 2754 1662 ne
2779 1611 3059 1666 attendatis
3088 1613 3152 1667 ad
3181 1628 3326 1667 sntn-

158 1701 318 1753 Nulla
349 1701 539 1753 mulier
579 1700 808 1767 potionis
851 1701 1092 1754 abortum
1121 1700 1381 1768 accipiat,
1434 1715 1499 1752 ne
1531 1698 1665 1752 ﬁlius
1700 1678 1742 1737 Β
1771 1694 1854 1746 nia
1905 1704 2102 1759 vestra,
2156 1712 2271 1766 quae
2312 1700 2608 1762 somniatis,
2654 1701 2774 1767 quia
2823 1700 3010 1756 falsum
3057 1703 3153 1770 ipsi
3205 1717 3329 1768 pro-

85 1796 177 1839 aut
200 1796 501 1854 conceptus
527 1797 615 1840 aut
659 1798 875 1840 renatus
904 1788 1132 1852 occidat,
1165 1797 1220 1841 et
1248 1787 1421 1842 nullas
1451 1787 1672 1841 diaboli-

83 1891 180 1930 cas
209 1879 457 1942 pntiones
483 1879 738 1931 mulieres
764 1878 959 1931 debent
983 1878 1250 1944 accipere,
1291 1879 1384 1943 per
1411 1891 1539 1942 quas
1567 1875 1671 1942 iam

85 1981 197 2019 non
230 1969 440 2032 possint
461 1969 764 2034 concipere.
792 1968 972 2020 Mulier
992 1982 1109 2035 qua:
1138 1965 1240 2020 hoc
1268 1967 1468 2030 iecerit,
1500 1981 1670 2034 quau-

86 2065 396 2123 toscunque
447 2071 633 2124 parere
679 2060 890 2123 poterit,
942 2065 1208 2110 tantorum
1264 2055 1670 2110 homicidiorum

87 2161 147 2198 se
172 2155 326 2199 ream
353 2157 642 2212 cognoscat
669 2161 808 2200 esse.
1477 2129 1482 2136 ³

162 2244 189 2270 ⁸
228 2237 606 2290 Noli-adorare
636 2237 798 2304 idola,
832 2251 937 2291 non
966 2237 1031 2290 ad
1066 2246 1262 2305 petras,
1295 2252 1464 2304 neque
1493 2238 1556 2290 ad
1587 2253 1671 2292 ar-

89 2329 258 2380 bores
285 2343 300 2390 ;
351 2340 454 2378 non
473 2327 550 2379 ad
590 2327 832 2395 angulos,
869 2342 1042 2396 neque
1071 2329 1136 2382 ad
1164 2327 1356 2389 fontes,
1387 2325 1454 2380 ad
1484 2327 1547 2380 tri
1561 2326 1669 2380 rios

87 2417 266 2470 nolite
297 2417 540 2477 adorare,
594 2431 692 2472 nec
723 2427 842 2470 vota
872 2417 1121 2471 reddere.
1172 2417 1593 2470 Pnecsntatores
1615 2425 1670 2471 et

86 2507 406 2574 sortilegos,
436 2516 491 2559 et
520 2505 783 2575 karagios,
817 2508 1115 2574 aruspices,
1169 2508 1394 2571 divinos,
1447 2509 1665 2572 ariolos,

91 2609 306 2663 magos,
340 2595 631 2658 mali-ﬁcos,
674 2604 966 2660 sternutus,
1008 2605 1064 2649 et
1091 2596 1306 2664 auguria
1337 2610 1433 2664 per
1457 2596 1667 2650 auricu-

90 2684 195 2746 las,
229 2684 318 2737 vel
341 2684 439 2736 alia
472 2683 682 2750 ingenia
721 2685 858 2738 mala
888 2694 944 2740 et
972 2686 1232 2738 diabolica
1281 2686 1448 2740 nolite
1494 2691 1666 2740 tacere

92 2786 194 2825 nec
215 2771 458 2827 credere.
505 2771 634 2825 Nam
664 2772 966 2826 Vulcanalia
997 2784 1052 2826 et
1081 2773 1330 2828 calendas
1357 2775 1662 2841 observare,

88 2864 283 2916 laurus
328 2863 561 2930 operire,
614 2864 802 2932 pedem
828 2865 1142 2927 observare,
1189 2870 1477 2918 estundere
1506 2878 1666 2932 super

89 2964 346 3012 truncum
395 2957 614 3024 lrugem,
650 2966 709 3014 et
735 2960 909 3012 vinum
936 2967 991 3013 et
1021 2973 1207 3027 panem
1237 2959 1288 3011 in
1321 2958 1517 3012 fontem
1546 2960 1663 3012 mit-

1777 1780 1994 1849 phetant
2025 1785 2194 1848 vobis,
2227 1784 2318 1839 sed
2351 1785 2513 1839 Deum
2549 1788 2741 1840 trinum
2768 1801 2816 1844 et
2851 1805 3010 1844 unum
3039 1791 3255 1845 adorato
3276 1802 3331 1847 et

1776 1871 2141 1930 hmoriﬁcate.

1847 1963 1998 2018 Etad
2029 1975 2263 2020 sanctam
2316 1968 2603 2024 Ecclesium
2633 1972 2950 2037 oblationes,
2998 1983 3052 2029 et
3077 1977 3327 2040 cerioltrs,

1772 2063 1829 2110 et
1851 2055 2050 2121 oleum,
2081 2067 2136 2110 et
2164 2058 2456 2125 incensum,
2507 2071 2562 2113 ct
2589 2062 2869 2129 primitias,
2899 2074 2952 2116 et
2982 2064 3246 2130 decimas,
3275 2076 3331 2120 et

1771 2144 2158 2214 eleemosy'nas,
2210 2154 2266 2200 et
2292 2151 2468 2204 omnia
2501 2152 2632 2204 bona
2680 2162 2850 2206 vestra
2885 2155 3128 2218 reddite;
3173 2165 3227 2212 et
3255 2165 3330 2210 te-

1773 2242 1895 2289 nete
1920 2237 2287 2292 solemnitates
2329 2239 2606 2306 praeclaras
2650 2250 2705 2293 et
2751 2241 2864 2295 dies
2914 2245 3228 2311 dominicus,
3279 2256 3334 2300 et

1773 2324 1935 2378 festas
1965 2320 2268 2382 Sanctorum
2298 2340 2585 2398 martyrum
2616 2340 2671 2385 et
2707 2333 3092 2388 confessornm.
3146 2335 3332 2392 Venite

1770 2414 1835 2469 ad
1864 2415 2183 2484 vigilandum
2215 2426 2266 2470 et
2292 2417 2618 2473 adorandum
2641 2421 2803 2475 Deum
2825 2433 2880 2476 et
2904 2426 3089 2477 missas
3117 2426 3332 2480 audien-

1769 2504 1918 2566 dum.
1945 2516 2004 2560 .et
2031 2507 2682 2573 sacriﬁcium,'secundum
2705 2512 2843 2580 quod
2869 2514 2998 2566 dicit
3018 2529 3165 2569 sacra
3188 2515 3331 2570 Scri-

1772 2605 1942 2662 ptura,
1975 2598 2362 2686 accipiendqm.
2413 2599 2479 2652 Et
2507 2598 2684 2653 nullus
2715 2602 2765 2656 in
2799 2602 2908 2667 ipsa
2943 2603 3195 2667 Ecclesia,
3247 2607 3330 2656 rei

1767 2685 1857 2739 ubi
1890 2687 2046 2740 lectio
2075 2687 2251 2740 divina
2273 2685 2554 2755 recitatur,
2583 2690 2869 2744 verbosare
2900 2703 3204 2759 praesumat,
3236 2695 3329 2747 sed
3421 2685 3428 2696 ’

1766 2775 2023 2832 lcetiones
2067 2791 2245 2831 sacras
2291 2777 2515 2833 libenter
2561 2780 2760 2844 audite,
2816 2783 2939 2848 quid
2981 2798 3076 2853 per
3115 2783 3325 2851 Moysen

1770 2863 2023 2919 Dominus
2059 2867 2132 2919 ait
2161 2883 2176 2919 :
2209 2868 2346 2920 Audi
2376 2867 2544 2923 Israel
2570 2879 2616 2922 et
2640 2880 2766 2925 tace.
2816 2871 2964 2925 Diem
2995 2869 3322 2927 Dominicum

1767 2953 1935 3009 nolite
1959 2965 2322 3023 contemnere,
2365 2959 2456 3013 sed
2486 2974 2605 3014 cum
2637 2959 2933 3014 reverentia
2961 2961 3136 3015 colite.
3185 2964 3328 3030 Opus

89 3055 234 3116 tere,
289 3048 541 3103 mulieres
569 3052 620 3104 in
669 3051 771 3104 tela
803 3066 896 3104 sua
929 3051 1219 3106 Minervam
1265 3051 1560 3114 nominare,
1611 3062 1663 3104 et
1691 3022 1738 3085 ο
1768 3044 1980 3108 servile,
2014 3045 2065 3098 id
2091 3056 2193 3109 est,
2224 3061 2430 3117 agrum,
2460 3059 2690 3113 pratum,
2727 3052 2953 3115 vineam,
3005 3052 3088 3104 vel
3137 3053 3178 3104 si
3210 3070 3327 3120 qum

92 3138 323 3193 Veneris
350 3149 440 3193 aut
466 3139 626 3194 alium
655 3142 798 3195 diem
830 3143 879 3194 in
911 3143 1107 3209 nuptiis
1135 3141 1441 3208 observare,
1471 3149 1528 3195 et
1560 3156 1666 3207 quo

85 3227 181 3280 die
207 3227 268 3280 in
294 3227 372 3280 via
399 3239 624 3283 creatur
648 3231 943 3295 attendere,
990 3230 1164 3283 omnia
1216 3231 1314 3284 ista
1357 3230 1478 3298 quid
1523 3229 1664 3282 aliud

93 3319 197 3372 nisi
223 3318 431 3372 cultura
455 3319 648 3373 diaboli
675 3323 797 3374 est?
822 3319 1150 3376 Karachares
1175 3321 1366 3375 herbas
1397 3323 1666 3375 succincte

92 3411 269 3464 nolite
297 3411 449 3465 vobis
478 3410 561 3466 vel
591 3413 783 3464 vestris
803 3412 1125 3479 appendere.
1149 3412 1545 3480 Tempestarias
1572 3427 1667 3466 no-

89 3502 188 3556 lite
211 3500 459 3563 credere,
511 3516 611 3555 nec
629 3503 828 3571 aliquid
864 3518 955 3569 pro
1009 3503 1109 3557 hoc
1146 3503 1223 3556 eis
1253 3503 1397 3556 dare.
1442 3502 1540 3567 Qui
1570 3501 1666 3554 itu-

92 3593 300 3658 purias,
331 3607 450 3662 qua:
478 3592 658 3647 dicunt
686 3594 926 3648 homines
952 3609 1110 3659 super
1141 3602 1308 3647 tectus
1340 3588 1576 3657 mittere,
1611 3600 1668 3644 ut

91 3682 277 3748 aliqua
310 3683 479 3736 futura
527 3683 733 3750 possint
761 3683 837 3736 eis
863 3682 1199 3742 denuntiare,
1249 3681 1389 3748 quod
1420 3681 1500 3734 eis
1528 3679 1664 3733 bona

92 3783 190 3826 aut
222 3772 362 3824 mala
386 3771 693 3838 adveniant,
725 3773 889 3826 nolite
918 3773 996 3827 eis
1027 3773 1266 3835 credere,
1289 3771 1407 3838 quia
1434 3771 1533 3825 soli
1560 3772 1666 3824 Deo

92 3870 179 3914 est
212 3860 386 3914 futura
415 3862 683 3927 praescire.
735 3861 991 3938 Servulos
1037 3869 1088 3914 et
1114 3861 1388 3912 vehiculas
1417 3859 1466 3912 in
1518 3858 1662 3924 Qua-

91 3949 395 4015 dragesima
423 3951 505 4002 vel
535 3950 677 4003 aliud
726 3962 932 4016 tempus
979 3950 1142 4002 nolite
1182 3948 1478 4001 ambulare.
1531 3947 1661 4010 Viri,

91 4045 277 4092 vestes
305 4037 580 4102 femineas,
611 4038 845 4105 femina},
896 4047 1070 4093 vestes
1103 4039 1303 4102 viriles,
1335 4038 1387 4090 in
1418 4037 1544 4106 ipsis
1572 4037 1664 4090 ka-

92 4126 294 4190 lendis,
322 4125 404 4180 vel
434 4127 485 4178 in
517 4127 622 4180 alia
650 4127 761 4180 lusa
783 4143 942 4195 quam
974 4129 1220 4194 plurima,
1253 4127 1419 4180 nolite
1446 4128 1660 4181 vestire.

93 4216 336 4271 Membra
361 4231 425 4270 ex
457 4216 597 4284 ligno
638 4217 774 4270 laeta
802 4219 853 4270 in
885 4218 1067 4271 trivios
1097 4227 1151 4271 et
1174 4217 1242 4270 ab
1267 4215 1547 4270 artioribus
1577 4217 1658 4269 vel

95 4307 212 4360 alio
242 4305 410 4367 nolite
437 4306 632 4372 facere,
675 4321 850 4374 neque
879 4307 1109 4370 mittere,
1141 4305 1484 4375 quia'nullam
1514 4306 1658 4358 saui-
1677 4338 1702 4375 ς

91 4405 265 4450 tatem
293 4394 445 4456 vobis
476 4385 697 4462 possunt
739 4406 1009 4463 praestare.
1045 4395 1190 4449 Luna
1214 4394 1427 4463 quando
1466 4395 1660 4448 obscu-

88 4495 263 4548 ratur,
312 4483 477 4546 nolite
524 4484 783 4538 clamores
831 4485 1097 4537 emittere.
1149 4484 1318 4537 Nolite
1367 4481 1657 4537 carminum

87 4569 414 4626 diabolicttm
445 4571 683 4633 credere,
735 4585 833 4626 nec
857 4586 1018 4638 super
1043 4588 1100 4624 se
1127 4574 1339 4625 mittere
1388 4586 1492 4623 non
1525 4587 1660 4636 prato

88 4671 294 4716 sumat.
345 4660 532 4714 Nullus
576 4661 1010 4714 Christianorum
1045 4676 1218 4728 neque
1261 4661 1324 4712 ad
1355 4659 1654 4721 ecclesiam,

91 4767 268 4822 neque
297 4753 348 4804 in
379 4743 644 4813 domibus,
676 4766 846 4818 neque
877 4751 927 4804 in
961 4751 1148 4814 tiivio,
1198 4764 1296 4803 nec
1330 4750 1381 4802 in
1411 4749 1519 4801 ullo
1541 4748 1655 4802 loco

92 4841 419 4904 halationes,
468 4839 817 4904 conlationes,
859 4840 1200 4898 saltationes,
1245 4837 1398 4906 jocus
1443 4845 1496 4888 et
1543 4835 1652 4888 lusa

91 4931 358 4984 diabolica
386 4929 560 4984 facere
603 4943 706 4982 non
740 4937 1041 4998 praesumat.
1081 4927 1385 4980 Mimaritias
1414 4934 1466 4979 et
1497 4924 1653 4978 verba

99 5019 274 5085 turpia
319 5026 384 5071 et
407 5019 697 5082 amatoria,
746 5018 826 5070 vel
876 5019 1162 5079 luxuriosa,
1215 5031 1276 5067 ex
1305 5029 1397 5068 ore
1426 5029 1522 5067 suo
1552 5028 1654 5066 non

92 5111 347 5177 proferat.
375 5106 562 5162 Omnia
593 5107 932 5175 phylactricia
961 5106 1241 5168 diabolica,
1271 5114 1325 5158 et
1352 5113 1537 5157 cuncta
1568 5118 1658 5157 su-

95 5199 333 5266 pradicta
365 5197 525 5250 nolite
552 5211 613 5250 ea
659 5195 898 5260 credere,
952 5211 1048 5249 nec
1073 5195 1318 5254 adorare,
1353 5208 1520 5260 neque
1549 5192 1653 5245 voti

93 5289 238 5341 illius
270 5284 512 5347 reddere,
559 5298 731 5351 neque
767 5284 966 5337 nullum
1021 5284 1271 5336 honorem
1325 5280 1650 5345 impendere,

93 5377 217 5444 quia
250 5376 302 5429 in
334 5371 514 5427 Exodo
536 5371 789 5426 Dominus
817 5373 889 5424 ait
913 5391 926 5424 :
958 5355 1079 5423 Non
1104 5371 1258 5438 {acies
1287 5370 1373 5421 tibi
1399 5367 1650 5436 sculptile,

91 5481 254 5537 neque
281 5480 478 5518 omnem
507 5462 905 5528 similitudinem,
946 5477 1054 5529 qute
1097 5472 1165 5513 est
1193 5462 1242 5513 in
1269 5460 1391 5512 (celo
1415 5461 1648 5525 desuper,

171 5609 194 5635 ⁸
228 5600 323 5655 llic
350 5606 403 5653 ct
429 5597 479 5652 in
506 5595 841 5664 sequentibus
873 5595 1052 5652 com‘er
1079 5595 1454 5660 Berardum,c.
1484 5592 1568 5657 26,
1601 5607 1650 5660 q.
1685 5591 1732 5642 7.

1765 3133 1944 3202 gravia
1975 3145 2120 3200 sunt,
2145 3135 2199 3188 in
2226 3151 2293 3190 eo
2321 3152 2427 3190 non
2459 3139 2660 3192 faciatis
2685 3157 2699 3203 ;
2753 3155 2852 3196 nec
2875 3154 3084 3204 causas,
3117 3157 3213 3195 nec
3235 3159 3329 3196 ca-

1767 3224 1992 3277 lumnias
2025 3225 2164 3280 inter
2195 3241 2288 3279 vos
2322 3227 2485 3281 nolite
2512 3228 2688 3283 dicere
2714 3228 2800 3282 die
2851 3230 3141 3292 Dominico.
3188 3247 3324 3298 prte-

1767 3323 1848 3368 ter
1875 3323 2077 3370 tantum
2119 3316 2256 3385 quod
2287 3319 2352 3371 ad
2377 3320 2749 3386 necessitatem
2793 3321 3058 3374 reﬁciendi
3101 3337 3326 3389 corpus-

1768 3405 1946 3460 culum
1984 3420 2082 3473 pro
2121 3408 2466 3474 excoquendo
2497 3408 2721 3478 pertth
2753 3411 2896 3476 cibo,
2923 3412 3044 3480 quia
3072 3413 3182 3479 ipse
3209 3415 3325 3468 dies

1768 3493 2072 3549 Dominicus
2124 3497 2326 3564 primus
2353 3506 2561 3553 creatus
2608 3509 2711 3565 est,
2759 3501 2896 3555 etin
2932 3503 3047 3570 ipso
3099 3505 3326 3558 lenebrua

1767 3595 1990 3639 remotas
2011 3596 2153 3649 sunt,
2185 3597 2242 3642 et
2269 3587 2356 3642 lux
2385 3590 2648 3658 apparuit,
2678 3598 2731 3644 et
2759 3591 2810 3645 in
2841 3607 2906 3646 eo
2933 3593 3151 3646 formata
3198 3604 3321 3647 sunt

1762 3677 2030 3731 elementa
2061 3677 2262 3742 mundi,
2293 3687 2348 3732 et
2376 3679 2536 3732 creati
2578 3688 2700 3733 sunt
2728 3681 2927 3749 angeli.
2974 3681 3028 3735 In
3056 3682 3233 3738 enidie
3260 3684 3327 3734 de

1765 3773 1905 3819 terra
1938 3766 2175 3835 Egypti,
2225 3767 2368 3822 velut
2410 3783 2442 3822 e
2487 3766 2717 3822 tenebris
2767 3748 3126 3836 peccatorum,
3163 3765 3325 3838 quasi

1765 3871 1859 3924 per
1889 3855 2087 3910 fontem
2116 3856 2383 3923 baptismi,
2418 3872 2509 3924 per
2535 3873 2680 3911 mare
2713 3859 2949 3914 Rubrum
2974 3863 3200 3930 pupulas
3227 3863 3325 3916 luit

1766 3945 2036 4000 liberatus.
2071 3946 2126 3998 In
2151 3961 2215 4000 eo
2241 3945 2326 4000 die
2354 3945 2586 4002 caelestis
2613 3948 2783 4013 cibus,
2810 3947 2859 4002 id
2887 3956 2988 4013 est,
3013 3964 3201 4002 manna
3233 3952 3328 4004 Ito—

1767 4034 1998 4088 minibus
2034 4037 2204 4102 primo
2245 4037 2366 4088 data
2399 4047 2498 4093 est.
2553 4038 2627 4089 De
2659 4037 2772 4105 ipso
2812 4040 3080 4093 mandavit
3119 4042 3324 4111 Moyses

1763 4124 1829 4177 ad
1872 4125 2156 4191 populum:
2215 4125 2553 4178 ObservabiIis
2594 4128 2724 4179 diem
2775 4130 2993 4197 primunt
3031 4140 3079 4183 et
3117 4134 3326 4185 novissi-

1762 4229 1918 4266 mum.
1949 4211 2012 4265 Et
2041 4214 2108 4267 de
2140 4215 2254 4281 ipso
2283 4215 2408 4267 dicit
2440 4215 2698 4280 Propheta
2725 4233 2736 4267 :
2772 4216 2903 4275 lltec,
2920 4227 2994 4271 est
3025 4220 3131 4272 dies
3168 4237 3322 4288 quam

1767 4307 1881 4375 fecit
1915 4305 2180 4369 Dominus,
2227 4306 2530 4357 exsultemus
2554 4314 2603 4364 et
2635 4307 2859 4359 latemur
2899 4309 2949 4359 in
2977 4325 3056 4360 ea.
3109 4309 3165 4361 lu
3207 4310 3322 4374 ipso

1769 4412 1978 4465 quoque
2007 4411 2035 4448 a
2083 4397 2304 4449 mortuis
2352 4397 2643 4450 resurrexit
2692 4395 2951 4459 Christus,
3000 4398 3050 4448 in
3099 4398 3213 4464 ipso
3239 4397 3322 4451 die

1765 4485 1832 4538 de
1862 4485 2014 4538 cmlis
2042 4498 2200 4551 super
2226 4483 2495 4549 apostolos
2521 4492 2736 4537 sanctus
2764 4484 3037 4536 descendit
3065 4483 3316 4551 Spiritus.

1763 4575 1864 4638 Qui
1897 4575 2013 4628 ideo
2044 4573 2343 4627 Dominicus
2367 4573 2679 4640 appellatur,
2733 4584 2786 4626 ut
2831 4573 2883 4624 in
2920 4588 3006 4636 eo,
3044 4588 3073 4624 a
3101 4575 3319 4627 terrenis

1760 4664 2009 4731 operibus
2041 4663 2121 4715 vel
2150 4677 2178 4715 a
2206 4662 2387 4724 mundi
2420 4662 2680 4717 illecebris
2705 4662 3055 4726 abstinentes,
3107 4671 3306 4715 tantum

1764 4751 1955 4805 divinis
1979 4752 2204 4804 cultibus
2233 4749 2546 4804 serviamus.
2575 4750 2695 4802 Ideo
2721 4765 2967 4817 rogamus
2998 4765 3087 4803 vos
3115 4761 3168 4802 ut
3193 4751 3317 4811 dum

1759 4852 1903 4896 tanta
1927 4853 1979 4896 et
2001 4841 2123 4894 talia
2145 4855 2294 4895 sacra
2320 4841 2615 4895 testimonia
2638 4840 2704 4893 de
2725 4841 2837 4909 ipso
2855 4842 2938 4892 die
2961 4839 3314 4907 proferuntur,

1761 4943 1818 4986 ut
1850 4935 1962 5001 ipso
1992 4933 2099 4995 die,
2131 4934 2266 4985 sicut
2293 4932 2444 4985 decet
2484 4931 2821 4992 Christianis,
2843 4929 2992 4997 juxta
3021 4931 3159 4996 quod
3187 4933 3316 4983 scti-

1759 5032 1908 5091 ptum
1931 5033 2032 5085 eet,
2055 5037 2175 5076 cum
2208 5021 2399 5088 magno
2430 5021 2630 5074 honore
2651 5029 2705 5074 et
2728 5019 3018 5088 diligentia,
3049 5018 3098 5071 io
3132 5035 3312 5074 amore

1760 5102 1957 5164 Christi
1988 5126 2082 5177 pro
2107 5110 2452 5163 retributione
2480 5108 2828 5162 aeternas-vitm
2854 5108 3184 5160 custodiatis.

1838 5200 2076 5254 Decimus
2107 5192 2174 5253 ei
2217 5200 2463 5251 omnibus
2505 5198 2757 5251 fructibus
2784 5195 2893 5249 suis
2930 5211 3083 5248 nemo
3115 5203 3308 5259 teneat,

1759 5296 1878 5362 quia
1908 5293 1956 5345 in
1983 5290 2162 5345 Exodo
2195 5289 2446 5343 Dominus
2471 5289 2576 5342 ait:
2606 5286 2837 5340 Decimus
2868 5296 2977 5339 luas
2998 5296 3043 5338 et
3069 5286 3318 5353 primilid?

1761 5394 1873 5435 tuas
1914 5396 2013 5433 non
2037 5379 2259 5430 tardabis
2286 5377 2485 5443 olferre.
2515 5376 2580 5429 Et
2608 5375 2662 5428 in
2691 5375 2928 5429 Levitico
2955 5393 2966 5426 :
3022 5374 3206 5427 Omnes
3231 5376 3316 5426 tle-

1760 5475 1898 5524 rinm'
1924 5483 2083 5531 trrrtr,
2128 5470 2227 5522 sire
2248 5469 2310 5519 de
2340 5466 2598 5536 fructibus,
2651 5467 2844 5517 sive‘de
2875 5462 3012 5516 (tonis
3053 5463 3311 5527 arborum,
