3914 6236
554 374 690 426 13.53
1834 358 1890 410 S.
1933 351 2217 409 PIRMINII
2259 355 2542 412 ABBATIS
3650 359 3777 413 ιοιι

554 484 933 537 Daminisunt:
982 481 1124 533 boves
1163 487 1207 529 et
1236 490 1371 536 oves,
1421 482 1463 527 et
1504 485 1719 538 caprea’,
1763 466 1993 536 qutelsub
2014 479 2111 533 pa-

2217 479 2374 533 supra
2424 469 2855 535 memoravimus,
2906 480 2958 525 et
3004 471 3066 526 iis
3098 470 3315 539 similia,
3364 481 3552 527 contra
3581 487 3777 541 praece-

553 576 705 629 stotis
754 574 897 643 virga
948 571 1287 631 transierunt,
1334 566 1576 634 quidquid
1612 562 1860 613 decimum
1908 557 2114 643 venerit,
2217 563 2362 621 ptum
2408 555 2639 623 Domini,
2686 557 2830 623 fecit,
2880 560 2948 615 de
2976 560 3338 616 misericordia
3390 577 3661 629 nunquam
3692 562 3777 617 ἀε-

551 662 950 730 sancti/imbitur
997 659 1235 711 Domino.
1287 655 1407 709 Non
1436 654 1643 720 eligetur
1668 665 1758 702 nec
1786 650 1998 709 bonum,
2027 661 2119 697 nec
2217 654 2411 712 speret,
2444 648 2566 715 quia
2600 664 2693 714 per
2717 651 3026 719 prophetam
3059 652 3312 706 Dominus
3342 654 3414 706 ait
3438 650 3631 706 :Nolo
3648 670 3776 714 utor-

550 752 765 814 malum,
811 768 898 803 nec
922 753 1081 804 altera
1121 745 1465 801 contmutnbit.
1508 742 1566 797 Si
1595 744 1703 809 quis
1740 738 2023 795 mutaverit.
2071 735 2118 789 cl

548 840 682 906 quod
711 848 958 892 mutatum
997 849 1070 891 est
1098 835 1491 896 sancti/imbitur
1516 832 1754 896 Domino,
1785 840 1829 880 cl
1852 844 1950 880 non
1982 826 2117 878 redi-

551 918 733 983 metur.
766 930 829 983 Et
858 931 908 983 in
942 930 1129 983 Exodo
1167 946 1179 978 :
1212 925 1477 979 Primitias
1507 928 1709 993 frugum
1737 932 1883 974 terra:
1912 928 2013 973 tua,
2039 919 2117 1004 de-

550 1021 681 1086 feres
706 1021 756 1072 in
776 1020 927 1072 domo
951 1017 1154 1071 Domini
1172 1016 1268 1070 lui.
1295 1014 1445 1080 Quod
1464 1011 1662 1064 voverit
1678 1007 2115 1069 Domittofnullus

547 1109 722 1162 tardet
769 1108 1007 1173 reddere,
1059 1108 1181 1174 quia
1225 1094 1291 1159 iu‘
1319 1104 1547 1157 Numero
1578 1099 1832 1154 Dominus
1852 1099 1957 1150 ait:
1986 1095 2115 1149 Cum

546 1200 739 1253 voveris
779 1198 999 1251 Domino
1028 1197 1132 1250 Deo
1165 1207 1273 1259 tuo,
1321 1210 1421 1245 non
1452 1190 1676 1245 tardabis
1724 1191 1950 1250 reddere,
1997 1188 2115 1254 quia

546 1291 759 1357 requirit
789 1289 937 1342 illum
966 1288 1215 1341 Dominus
1242 1287 1374 1340 Deus
1404 1293 1561 1344 tuus;
1601 1292 1645 1335 et
1666 1282 1709 1336 si
1732 1290 1956 1334 moratus
2004 1283 2114 1346 lue-

546 1382 657 1446 ris,
701 1380 1020 1452 reputabitur
1069 1378 1157 1430 tibi
1203 1376 1255 1428 in
1299 1383 1623 1465 peccatumi
1645 1374 1690 1424 si
1728 1387 1843 1425 vero
1892 1370 2113 1422 nolueris

547 1469 798 1539 polliceri,
818 1470 1001 1534 absque
1021 1476 1222 1534 peccato
1249 1466 1368 1518 eris.
1417 1460 1715 1515 Observabis
1734 1470 1779 1514 et
1805 1460 1958 1530 facies
1982 1461 2111 1513 sicut

546 1563 835 1635 promisisti
871 1560 1091 1614 Domino
1143 1558 1248 1612 Deo
1287 1567 1371 1610 tuo
1408 1556 1615 1625 propria
1651 1554 1912 1609 voluntate
1938 1564 1985 1606 et
2028 1570 2114 1608 ore

546 1651 683 1718 quati
707 1651 900 1706 locutus
923 1666 993 1704 es.

618 1742 785 1798 Nerua
812 1757 931 1795 cum
965 1738 1208 1808 capitalia
1239 1737 1461 1790 crimina
1496 1733 1802 1799 admiserit,
1829 1742 2109 1803 antequam

549 1828 941 1886 confessionem
991 1844 1137 1881 suam
1172 1828 1377 1891 donet,
1420 1834 1473 1879 et
1518 1840 1695 1879 veram
1748 1824 2106 1891 paenitentiam

548 1934 668 1995 agat
706 1938 799 1993 per
845 1922 1125 1977 consilium
1157 1910 1471 1983 sacerdotis,
1526 1916 1817 1971 sticundum
1867 1916 2107 1969 ordinem

548 2014 987 2075 ccclesiasticum,
1034 2026 1227 2078 corpus
1272 2020 1325 2065 et
1369 2008 1680 2076 sanguinem
1714 2007 1920 2086 Domini
1965 2021 2111 2058 com-

546 2107 823 2161 municare
857 2119 963 2157 non
1007 2109 1311 2172 praesumat,
1358 2100 1480 2167 quia
1512 2101 1560 2151 in
1596 2097 1829 2152 Levitico
1858 2096 2110 2150 Dominus

547 2196 623 2250 Iil
650 2212 663 2247 :
700 2193 875 2247 Omnis
895 2193 1047 2245 homo
1066 2192 1153 2259 qui
1178 2190 1444 2242 accesserit
1485 2187 1549 2239 de
1577 2188 1735 2255 stirpe
1772 2196 1935 2239 vestra
1965 2184 2029 2236 ad
2051 2199 2111 2237 ea

545 2300 657 2355 qua?
700 2292 989 2337 consecrata
1036 2290 1173 2337 sunt.
1228 2289 1271 2331 et
1314 2295 1425 2347 qttlt.’
1473 2278 1763 2330 obtulerunt
1805 2276 1901 2343 ﬁlii
1947 2274 2112 2329 Israel

547 2375 791 2435 Domino,
823 2375 874 2424 in
896 2387 992 2439 quo
1014 2380 1086 2423 est
1107 2370 1450 2431 immundttia,
1474 2367 1656 2436 peribit
1681 2382 1856 2418 coram
1872 2367 2108 2431 Domino,

547 2465 670 2534 quia
716 2479 806 2533 ego
853 2478 963 2514 sunt
992 2460 1258 2514 Dominus.
1310 2458 1689 2536 EtAposlolus
1727 2458 1835 2511 ait:
1886 2456 2111 2521 Quicun-

548 2570 644 2624 que
678 2553 1057 2607 manducauerit
1090 2567 1294 2617 panem,
1341 2560 1388 2603 et
1432 2548 1611 2603 biberit
1653 2548 1860 2603 calicem
1901 2548 2114 2602 Domini

514 2703 526 2718 ,
545 2644 772 2716 indigne,
815 2663 931 2700 reus
962 2647 1054 2698 erit
1076 2645 1304 2711 corporis
1330 2652 1375 2696 et
1402 2638 1686 2713 sanguinis.
1733 2640 1922 2695 Probet
1940 2651 2113 2695 autem

548 2738 765 2803 seipsunt
795 2736 976 2799 homo;
1016 2745 1063 2788 et
1102 2737 1173 2787 sic
1198 2736 1261 2786 de
1300 2748 1431 2802 pane
1456 2733 1549 2785 illo
1586 2732 1723 2796 edat,
1769 2740 1817 2784 et
1857 2729 1921 2785 de
1957 2730 2114 2785 calice

547 2830 708 2893 bibat;
732 2828 815 2895 qui
836 2830 965 2882 enim
996 2828 1269 2879 manducat
1290 2836 1337 2879 et
1358 2805 1477 2879 bibit
1496 2825 1722 2896 indigne,
1743 2824 1997 2895 judicium
2017 2824 2113 2877 sibi

489 2926 496 2935 ‘
546 2919 819 2973 manducet
851 2925 898 2970 et
937 2917 1077 2981 bibit,
1114 2931 1216 2968 non
1256 2910 1551 2985 dijudicans
1580 2928 1784 2977 corpus.
1829 2910 1956 2965 Ideo
1981 2914 2113 2965 inter

545 3022 635 3061 vos
683 3007 828 3059 multi
873 3006 1063 3074 inﬁrmi
1113 3014 1158 3057 et
1205 3003 1509 3064 imbecilles.
1553 3012 1601 3058 et
1631 3003 1894 3057 dormiunt
1938 2998 2108 3055 multi.

548 3094 735 3150 Nullus
764 3095 1092 3150 Christianus
1121 3110 1148 3147 a
1192 3108 1420 3161 corpore
1449 3101 1505 3147 et
1549 3094 1807 3162 sanguine
1832 3092 2027 3148 Christi
2050 3107 2109 3146 se

549 3185 861 3240 abstrahere
918 3185 998 3238 vel
1032 3184 1347 3251 prolongare
1397 3184 1648 3249 patiatur,
1692 3181 1815 3248 quia
1857 3181 2111 3234 Dominus

545 3274 601 3329 in
631 3256 917 3342 Evangelia
959 3272 1065 3327 ait:
1118 3270 1231 3343 Ego
1260 3288 1375 3325 sum
1419 3272 1564 3341 panis
1601 3271 1740 3324 vivus
1775 3271 1863 3335 qui
1902 3272 1968 3324 de
1988 3270 2113 3324 coelo

545 3364 799 3417 descendi.
851 3361 913 3416 Si
939 3362 1052 3430 quis
1078 3361 1453 3414 manducauerit
1484 3375 1548 3413 ex
1574 3360 1665 3412 hoc
1691 3376 1838 3427 pane,
1890 3350 2015 3414 vivet
2061 3362 2115 3414 in

546 3463 835 3518 sternunt;
878 3463 924 3507 et
971 3453 1119 3522 panis
1146 3467 1295 3521 quem
1334 3468 1425 3523 ego
1464 3452 1596 3505 dabo
1624 3465 1744 3505 caro
1783 3467 1894 3505 mea
1920 3461 1995 3505 est
2020 3469 2113 3522 pro
2148 3488 2155 3495 ι

548 3544 727 3597 mundi
751 3543 873 3597 vita.
905 3544 969 3599 Et
997 3544 1190 3596 iterum
1221 3560 1233 3594 :
1266 3542 1365 3605 Qui
1395 3542 1670 3595 manducat
1690 3550 1850 3598 meam
1891 3558 2111 3608 carnem,

544 3641 595 3684 et
620 3632 740 3684 bibit
779 3647 942 3684 meum
971 3632 1289 3700 sanguinem,
1335 3631 1387 3681 in
1415 3646 1496 3683 me
1536 3630 1701 3683 manet
1751 3642 1797 3685 et
1836 3648 1927 3701 ego
1947 3632 2001 3685 in
2033 3646 2111 3685 eo.

549 3715 616 3768 Et
638 3716 866 3768 iterum:
910 3713 1027 3767 Nisi
1066 3715 1481 3767 manducaveritis
1504 3730 1705 3768 carnem
1747 3715 1846 3783 ﬁlii
1875 3715 2112 3774 hominis.

546 3811 595 3856 et
622 3800 844 3865 biberitis
880 3805 991 3873 ejus
1022 3803 1343 3871 sanguinem,
1375 3819 1473 3855 non
1502 3802 1741 3857 habebitis
1777 3805 1933 3855 vitam
1958 3802 2009 3855 in
2030 3818 2117 3856 vo-

551 3895 647 3948 bis.
694 3894 817 3948 ldea
858 3894 1117 3946 admoneo
1165 3906 1260 3945 vos
1288 3932 1305 3955 ,
1337 3901 1395 3946 ut
1435 3894 1734 3962 quicunque
1784 3892 2115 3949 Christianus

549 3990 675 4050 post
723 3981 1039 4049 baptismum
1094 3980 1423 4035 criminalem
1470 3983 1684 4051 culpam
1730 3982 1875 4046 fecit,
1929 3998 2112 4050 puram

548 4070 941 4127 confessionem
988 4070 1051 4123 ad
1084 4070 1410 4125 sacerdotem
1458 4072 1642 4132 donet.
1690 4082 1746 4127 et
1776 4087 1954 4126 veram
2006 4087 2116 4138 pm-

549 4160 824 4215 nltentiam
856 4169 997 4231 agat,
1047 4167 1101 4214 et
1147 4170 1264 4225 post
1301 4173 1472 4216 actam
1516 4163 1881 4229 pmnitentiam
1907 4206 1935 4239 ,_
1973 4170 2112 4217 tem-

551 4263 683 4317 pore
724 4263 829 4316 quo
860 4251 908 4302 ei
935 4250 1185 4306 sacerdos
1214 4254 1569 4315 constituerit,
1620 4241 1943 4307 oblationem
1966 4268 2115 4327 suam

551 4336 618 4391 ad
648 4336 975 4391 sacerdotem
1004 4337 1212 4401 offerat,
1245 4350 1300 4393 et
1325 4353 1517 4409 corpus
1546 4350 1599 4394 et
1626 4342 1936 4409 sanguinem
1963 4342 2116 4397 Chri—

553 4427 620 4481 sti
647 4428 1037 4483 communicare
1066 4428 1239 4483 iaciat.

627 4516 808 4584 igitur,
860 4515 1177 4580 charissimi,
1231 4513 1629 4569 consideremus
1663 4518 1806 4586 quod
1857 4521 2114 4589 scriptum

555 4613 672 4659 est:
704 4603 982 4657 Contrariis
1025 4606 1281 4656 contraria
1309 4616 1573 4659 sanantur.
1606 4608 1673 4661 Et
1697 4610 1836 4677 quod
1863 4610 2120 4667 Dominus

556 4710 651 4761 per
685 4692 997 4759 Pronhetam
1047 4693 1154 4743 ait:
1207 4692 1455 4756 Quiescite
1501 4712 1653 4765 agere
1696 4701 2119 4765 perverse,‘etdi-

556 4787 675 4837 scite
707 4784 1032 4851 benefacere.
1074 4783 1138 4835 Et
1179 4784 1410 4836 iterum:
1462 4785 1669 4840 Declina
1711 4806 1743 4840 α
1780 4792 1914 4843 male
1956 4802 2004 4843 et
2042 4795 2123 4858 fac

559 4874 757 4926 bonum.
811 4872 876 4923 Et
905 4872 1187 4937 Apostolus
1214 4890 1225 4923 :
1260 4871 1558 4936 Exspoliate
1587 4892 1674 4929 vos
1704 4887 1913 4931 veterem
1955 4878 2120 4931 homi-

557 4978 695 5024 nem,
723 4970 768 5014 et
790 4962 987 5023 induite
1010 4976 1205 5012 novum.
1245 4961 1314 5015 Et
1343 4962 1530 5015 iterum
1556 4982 1569 5015 :
1604 4965 1726 5019 Noli
1756 4968 1936 5019 vincia
1964 4968 2116 5032 mala.

560 5050 650 5104 scd
687 5050 825 5101 vince
875 5050 926 5099 in
966 5047 1096 5100 bono
1135 5049 1347 5102 malum.
1400 5049 1466 5103 Et
1487 5051 1677 5105 iterum
1704 5071 1716 5104 :
1748 5052 2125 5123 Appreltendite

561 5142 772 5192 loricam
787 5138 1005 5206 justitia:
1028 5148 1074 5189 et
1106 5139 1302 5207 galeam
1331 5142 1533 5205 salutis,
1566 5153 1611 5198 et
1634 5144 1863 5211 g’adium
1892 5145 2121 5209 spiritus,

561 5230 695 5297 quod
726 5238 795 5279 est
824 5229 1021 5279 verbum
1051 5228 1164 5279 Dei.
1216 5230 1279 5281 Et
1302 5231 1469 5285 illud:
1522 5232 1644 5286 Non:
1689 5219 1964 5301 princessit,
2018 5236 2125 5288 dies

562 5331 729 5371 autem
770 5317 1214 5385 appropinquavit.
1246 5319 1572 5385 Deponamus
1607 5322 1776 5389 itaque
1804 5338 1961 5389 opera
1984 5330 2125 5377 tene-

563 5408 786 5468 brarum,
820 5421 871 5458 et
906 5407 1176 5461 induamus
1197 5424 1287 5460 nos
1327 5424 1468 5459 arma
1510 5410 1658 5472 lucis,
1700 5412 1827 5463 sicut
1848 5413 1899 5463 in
1926 5413 2008 5463 die
2034 5412 2125 5465 Ito-

566 5505 705 5547 neste
742 5494 1075 5549 ambulemus.
1122 5498 1255 5551 Ecce
1285 5498 1554 5566 quomodo
1584 5514 1679 5551 nos
1722 5498 1840 5566 pius
1871 5500 2123 5555 Dominus

566 5587 836 5649 admonet,
894 5595 950 5641 ut
1005 5587 1070 5640 de
1115 5587 1253 5640 malo
1295 5588 1359 5639 sd
1413 5588 1547 5640 bona
1601 5604 1699 5642 nos
1724 5602 2119 5644 convertamus.

565 5678 795 5730 Obsecro
826 5680 1000 5749 itaque
1032 5693 1152 5744 vos,
1206 5678 1413 5747 lratres,
1448 5689 1502 5733 ut
1528 5681 1826 5750 quicunque
1857 5683 1977 5737 talia
2008 5700 2143 5752 qua),

2218 744 2313 786 tem
2343 739 2638 802 peccatoris,
2664 741 2751 791 sed
2782 748 2834 792 ut
2864 748 3191 794 convertatur
3218 751 3262 795 et
3285 742 3433 795 vivat.

2284 825 2387 879 Sed
2429 831 2786 898 unusquisque
2834 844 2953 883 cum
3002 831 3103 885 fide
3152 841 3293 885 recta
3324 832 3388 883 ad
3418 832 3773 896 sacerdomn,

2216 914 2348 967 sicut
2372 913 2481 983 jam
2516 930 2673 986 supra
2700 917 2895 971 dictum
2926 928 3029 985 est,
3061 918 3451 973 confessionem
3485 935 3671 986 puram
3700 921 3774 972 in-

2214 1003 2397 1071 donet,
2439 1017 2493 1060 et
2542 1010 2720 1061 veram
2771 1010 3143 1076 pmnitentiam
3174 1019 3333 1079 agat;
3378 1021 3431 1064 et
3459 1011 3602 1078 quod
3647 1010 3774 1065 male

2214 1093 2343 1148 fecit
2364 1095 2596 1164 perfecte
2624 1097 2905 1160 deﬂeat,et
2931 1099 3093 1168 jnsﬁs
3122 1099 3393 1153 laboribus
3423 1099 3773 1169 eleemasynis

2212 1192 2266 1237 et
2295 1184 2446 1261 bonis
2478 1188 2732 1252 operibus
2759 1204 2817 1242 se
2842 1189 3095 1243 emendet
3120 1208 3135 1253 ;
3180 1198 3235 1243 et
3257 1199 3441 1245 caveat
3468 1201 3523 1242 ut
3551 1189 3772 1256 amplius

2214 1291 2317 1329 non
2368 1289 2569 1345 peccet,
2620 1281 2741 1347 quia
2786 1275 3045 1350 scriptum
3087 1292 3201 1337 est:
3248 1283 3545 1348 [.avamini,
3600 1284 3771 1336 orandi

2212 1375 2386 1421 estote.
2412 1368 2477 1421 Et
2518 1386 2531 1422 :
2586 1370 2684 1434 Qui
2714 1372 2975 1426 abscondit
3004 1373 3192 1426 scelera
3217 1390 3330 1438 sua,
3382 1391 3481 1427 non
3508 1374 3771 1444 dirigetur.

2213 1453 2280 1507 Et
2307 1456 2393 1523 qui
2423 1458 2678 1525 confessus
2710 1462 2883 1524 fuerit,
2913 1470 2961 1513 et
2992 1460 3251 1531 reliquerit
3283 1478 3363 1527 ea,
3394 1464 3591 1516 veniam
3616 1478 3770 1515 ntere-

2213 1543 2363 1600 litur.
2414 1547 2478 1599 Et
2504 1547 2633 1601 illud
2668 1566 2679 1601 :
2724 1550 2850 1602 Cum
2878 1566 3147 1607 conversus
3173 1549 3497 1621 ingemueris,
3526 1562 3648 1605 tunc
3673 1554 3771 1604 sal-

2213 1655 2301 1691 vus
2326 1636 2445 1693 eris.
2487 1642 2551 1694 Et
2596 1643 2648 1696 in
2678 1641 2965 1712 Evangelia
2989 1662 3002 1696 :
3027 1643 3385 1699 Paenitentiam
3407 1646 3563 1714 agite,
3590 1660 3771 1712 appro-

2213 1729 2470 1798 pinquarit
2508 1731 2665 1793 vobis,
2686 1729 2897 1801 regnum
2918 1733 3178 1788 calorum.
3209 1735 3277 1789 Et
3300 1736 3585 1800 Apostolus
3616 1733 3771 1788 :Con-

2213 1817 2425 1882 [itemini
2462 1819 2764 1872 alterutrum
2788 1830 3003 1890 peccata
3038 1831 3224 1876 vestra.
3265 1822 3335 1876 Et
3381 1823 3523 1888 ideo,
3570 1803 3770 1876 citatis-

2210 1908 2349 1973 simi,
2375 1909 2499 1962 dum
2523 1910 2777 1977 Dominus
2807 1927 2901 1980 per
2923 1920 3068 1967 tanta
3093 1914 3397 1969 teatimonia
3422 1922 3479 1967 et
3506 1920 3767 1983 princeps:

2209 2010 2302 2049 sua
2332 2000 2687 2068 suprascripta
2716 2016 2815 2053 nos
2837 2002 3108 2067 admonet,
3166 2008 3226 2056 ut
3251 2015 3518 2056 cessemus
3538 2000 3612 2055 ab
3632 2000 3768 2053 omni

2211 2100 2373 2152 opere
2401 2088 2563 2151 malo,
2609 2097 2665 2142 et
2693 2097 3068 2144 convertamur
3103 2091 3169 2144 ad
3196 2106 3354 2145 omne
3379 2104 3512 2158 apus
3537 2090 3732 2144 bonum
3752 2106 3795 2152 ς.

2211 2192 2374 2245 quare
2404 2186 2509 2231 tam
2542 2179 2679 2233 tardi
2713 2194 2900 2233 sumus
2942 2181 3007 2233 ad
3036 2180 3452 2236 convertendum
3483 2181 3770 2238 vehemen-

2210 2268 2465 2333 dandum,
2516 2271 2641 2322 dum
2688 2271 2893 2325 Domini
2941 2273 3138 2326 auxilia
3186 2272 3239 2325 in
3290 2282 3468 2326 nostra
3498 2272 3609 2325 sint
3633 2281 3772 2339 pote-

2210 2366 2346 2412 state
2385 2361 2640 2427 remedia,
2671 2362 2791 2429 quia
2817 2365 2932 2430 pius
2960 2363 3217 2418 Dominus
3256 2364 3640 2433 indulgentiam
3684 2378 3771 2416 nu-

2208 2450 2294 2505 bis
2318 2450 2367 2505 in
2394 2453 2642 2531 prasenti
2668 2460 2907 2523 tempore
2926 2495 2942 2521 ,
2977 2464 3033 2509 et
3060 2456 3113 2510 in
3159 2457 3339 2512 futuro
3369 2457 3594 2527 gloriam
3622 2465 3767 2510 teter-

2212 2556 2331 2595 nam
2374 2544 2665 2611 promittit?
2699 2546 3011 2611 Pensemus,
3035 2550 3185 2616 ergo,
3220 2549 3431 2615 fratres,
3482 2549 3611 2602 illud
3638 2550 3767 2616 quod

2200 2632 2931 2704 .Dominus-perpropltetam
2962 2638 3073 2691 ait:
3105 2636 3285 2691 Nolite
3316 2642 3530 2692 tardare
3559 2638 3774 2691 conserti

2204 2724 2280 2775 ad
2304 2722 2597 2793 Dominum,
2638 2732 2683 2779 et
2708 2726 3039 2795 aedi/feratis
3082 2727 3146 2781 de
3183 2727 3267 2780 die
3285 2729 3338 2781 in
3367 2728 3543 2792 diem;
3582 2728 3775 2781 nescitis

2210 2812 2343 2880 quid
2371 2813 2555 2880 aﬁ‘erat
2586 2824 2977 2883 superventqu
3016 2815 3145 2882 dies,
3190 2833 3223 2869 a
3250 2833 3398 2871 inane
3424 2832 3580 2885 usque
3606 2818 3673 2869 ad
3692 2833 3773 2869 ve—

2210 2904 2734 2971 sperum'mutabitur
2762 2914 2976 2975 tenspus.
3016 2907 3092 2961 Et
3129 2906 3253 2961 alibi
3280 2917 3297 2959 τ’
3330 2905 3581 2975 110άὶεά
3616 2920 3772 2959 vocem

2209 2992 2319 3058 ejus
2346 2991 2633 3055 audieritis,
2665 2993 2828 3045 nolite
2845 2992 3094 3047 obdurare
3112 2995 3266 3047 corda
3281 3004 3467 3049 vestra.
3494 2995 3568 3049 Et
3598 2994 3768 3050 Domi-

2212 3091 2311 3131 nus
2342 3077 2394 3133 in
2427 3068 2758 3148 Evangelia:
2798 3080 3053 3136 Videtene
3087 3082 3179 3149 ﬁat
3200 3083 3324 3154 fuga
3345 3095 3513 3137 oestro
3540 3084 3599 3137 iis
3623 3084 3775 3136 hiems

2213 3170 2290 3224 vel
2329 3169 2571 3227 Sabbato.
2620 3172 2687 3224 Et
2714 3172 2942 3225 iterum:
2996 3171 3221 3242 Vigilate
3260 3182 3308 3226 et
3355 3183 3516 3237 orate,
3555 3174 3677 3243 quia
3695 3188 3776 3225 ne—

2212 3261 2353 3313 scitis
2376 3262 2524 3313 .diem
2543 3277 2703 3330 neque
2728 3262 2929 3327 horam.
2973 3262 3038 3316 Et
3061 3263 3331 3331 apostolus
3354 3282 3368 3316 :
3390 3263 3528 3327 Qui:
3545 3272 3622 3317 est
3648 3265 3769 3315 enim

2214 3352 2315 3402 vita
2341 3360 2505 3403 vestra
2528 3352 2553 3404 ?
2589 3350 2763 3420 Vapor
2806 3361 2878 3406 est
2901 3352 2969 3404 ad
3004 3352 3262 3406 modicum
3301 3354 3520 3424 parens;
3553 3354 3784 3418 deinceps.

2213 3442 2642 3495 exterminabitur.

2285 3529 2446 3597 Igitur
2467 3531 2592 3585 dum
2629 3529 2747 3585 dies
2794 3532 3073 3588 transeunt
3095 3572 3111 3596 ,
3143 3529 3263 3586 linis
3289 3541 3471 3586 noster
3498 3532 3774 3601 appropin-

2213 3618 2396 3689 quabit
2418 3636 2432 3672 :
2452 3620 2814 3677 admonemus
2829 3628 2883 3673 et
2908 3620 3303 3689 supplicamus,
3344 3621 3652 3675 durissimi
3678 3617 3771 3674 fra-

2216 3721 2347 3777 tres,
2378 3719 2439 3765 ut
2485 3712 2573 3780 qui
2630 3710 2729 3766 luit
2762 3712 2994 3781 cupidus
3027 3712 3106 3767 vel
3134 3726 3346 3777 avarus,
3375 3722 3428 3768 et
3454 3714 3617 3767 alicui
3647 3713 3773 3767 malo

2214 3802 2401 3855 ordine
2428 3794 2638 3856 dalehat
2665 3810 2717 3855 et
2745 3816 2840 3855 sua
2873 3803 3067 3870 injuste
3087 3803 3354 3857 retinebat
3377 3843 3392 3867 .
3439 3804 3513 3857 sit
3550 3804 3605 3857 in
3632 3806 3771 3857 'elee-

2216 3881 2452 3959 mosynis
2481 3889 2846 3959 largus,.quia
2869 3890 3134 3945 Dominus.
3153 3889 3206 3945 in
3238 3892 3527 3961 Evangelia
3555 3893 3631 3946 ait
3655 3908 3669 3945 :
3700 3889 3773 3944 Ne

2214 3978 2422 4034 solliciti
2462 3982 2577 4035 sitis
2628 3980 2693 4033 de
2734 3981 2975 4035 crastino.
3027 3981 3090 4035 Et
3139 3968 3279 4036 idem
3328 3981 3443 4048 ipse
3484 3983 3768 4037 Dominus'

2218 4068 2407 4133 Stulte,
2431 4071 2525 4122 hac
2548 4078 2690 4122 nocte
2714 4069 2936 4122 animam
2961 4079 3101 4122 tuam
3129 4080 3359 4136 repetunt
3384 4088 3417 4124 α
3442 4078 3523 4140 t’e,
3553 4084 3665 4141 qua
3689 4085 3769 4123 ιιιι⁴⁵

2218 4165 2315 4210 tem
2344 4159 2538 4227 parasti
2566 4161 2714 4229 cujus
2735 4160 2919 4213 erunt?
2949 4160 3015 4213 Et
3046 4160 3331 4229 Apostolus
3357 4162 3498 4215 dixit
3525 4181 3540 4216 :
3572 4162 3768 4216 Habea-

2218 4256 2289 4300 tes
2332 4249 2606 4313 alimenta,
2637 4260 2685 4303 et
2712 4251 2895 4319 quibus
2948 4261 3206 4319 tegantur,
3233 4250 3315 4305 Itis
3344 4258 3571 4305 contenti
3603 4252 3763 4305 simus.

2221 4335 2286 4388 Et
2312 4336 2436 4389 alibi
2469 4354 2481 4389 :
2517 4336 2616 4403 Qui
2642 4338 2871 4391 habuerit
2918 4338 3251 4394 substantiam
3294 4340 3475 4393 mundi
3518 4350 3569 4394 et
3611 4340 3768 4394 viderit

2150 4446 2194 4502 η
2218 4424 2429 4495 fs‘atrem
2458 4441 2602 4478 suum
2629 4441 2832 4480 necesse
2855 4427 3036 4483 habere
3061 4438 3109 4481 et
3136 4428 3369 4482 clauserit
3396 4431 3594 4484 viscera
3613 4445 3700 4485 suo
3716 4427 3767 4479 ab

2220 4528 2302 4595 eo,
2320 4517 2575 4582 quantodo
2596 4515 2820 4569 charitas
2851 4516 2944 4569 Dei
2969 4527 3134 4570 manet
3152 4516 3206 4569 in
3229 4518 3323 4571 eo!
3352 4518 3420 4572 Et
3461 4520 3655 4591 iterqm
3680 4516 3769 4570 De.

2222 4603 2470 4682 ntitlu’s‘in
2501 4602 2819 4671 Evangelia:
2848 4605 2995 4671 Quod
3014 4615 3239 4673 superest
3258 4608 3377 4660 date
3392 4607 3768 4675 elemosynam

2222 4698 2271 4753 et
2312 4702 2462 4754 ms
2499 4694 2668 4745 omnia
2705 4695 2906 4761 munda
2938 4694 3095 4746 vobis.
3122 4695 3212 4747 'Et
3254 4696 3450 4753 iterum
3496 4695 3766 4749 Dominus:

2231 4777 2445 4834 Vendite
2471 4796 2585 4849 qute
2607 4781 2889 4847 possidetis,
2924 4790 2969 4834 et
2990 4780 3116 4833 date
3135 4775 3537 4850 elemsgnam,
3563 4791 3615 4836 et
3640 4780 3771 4849 {scite

2224 4874 2361 4925 vobis
2386 4876 2621 4925 sacculos
2644 4874 2730 4935 qui
2754 4888 2853 4924 non
2880 4881 3221 4939 veterasunt,
3250 4872 3551 4930 thesaurum
3577 4862 3675 4928 non
3696 4874 3769 4925 de-

2223 4964 2472 5031 ﬁcientem
2500 4963 2554 5017 in
2598 4964 2754 5016 caelis.
2792 4963 2888 5027 Qui
2920 4962 3020 5016 fuit
3060 4964 3302 5031 ebriosus
3341 4973 3398 5019 et
3438 4964 3685 5034 gulosus,
3711 4964 3768 5017 sit

2224 5052 2437 5103 sobrius
2468 5060 2520 5103 et
2547 5050 2843 5114 abstinens,
2878 5064 3067 5117 parcus
3092 5060 3147 5105 et
3167 5052 3286 5105 vilis
3312 5054 3367 5106 iu
3396 5052 3525 5108 ciba
3548 5058 3764 5123 expoto.

2227 5147 2282 5190 ut
2305 5140 2556 5207 scriptum
2587 5149 2706 5192 est:
2738 5139 2875 5192 Caro
2906 5155 3005 5194 nos
3052 5140 3170 5194 iusta
3215 5143 3376 5195 traxit
3428 5142 3499 5196 ad
3548 5132 3771 5210 culpam?

2224 5232 2421 5285 aluit-ta
2452 5232 2678 5286 reducat.
2696 5232 2760 5285 ad
2791 5233 3020 5286 veniam.
3047 5232 3252 5285 blultari
3279 5233 3478 5303 melius
3504 5242 3767 5305 estputlll

2225 5322 2497 5389 quotidie,
2544 5338 2699 5390 quam
2752 5338 2927 5377 rarum
2971 5324 3107 5376 satis
3146 5336 3381 5377 sumere.
3410 5322 3481 5377 Et
3524 5310 3770 5391 apostolus

2221 5410 2436 5479 jejunus
2462 5411 2787 5478 frequenter,
2818 5422 2871 5465 et
2893 5411 3133 5466 Christus
3164 5413 3461 5483 jejunavit,
3487 5412 3584 5485 qui
3608 5423 3768 5489 μαθέ

2229 5510 2337 5553 tum
2370 5516 2472 5554 non
2518 5502 2658 5564 fecit,
2692 5512 2747 5555 et
2775 5502 2888 5566 ipse
2913 5503 3079 5556 dixit:
3112 5502 3261 5557 Beati
3276 5505 3369 5575 qui
3399 5502 3767 5560 estsi-iullthi-

2229 5595 2378 5647 tium.
2414 5596 2477 5648 Et
2504 5598 2691 5647 iterum
2725 5612 2738 5647 :
2770 5594 2913 5646 Beati
2949 5595 3035 5663 qui
3073 5596 3306 5659 esuritis.
3330 5598 3769 5673 quoniam”

2227 5685 2420 5738 bimini.
2448 5684 2543 5749 Qui
2594 5685 2691 5738 fuit
2723 5686 3014 5739 fornicator
3042 5684 3117 5741 vel
3154 5686 3461 5743 luxuriosus
3491 5696 3549 5743 et
3570 5682 3769 5747 ιάυῑιετ.

3734 5610 3867 5757 Et

3782 5766 3867 6133 l
