3914 6236
132 243 287 296 1065

1056 242 1141 298 DE
1178 242 1484 299 SINGULIS
1529 242 1743 298 LlDillS
1779 242 2023 299 CANON.
2068 243 2483 300 SCARAPSUS.

3252 242 3391 294 10-ιῦ

132 356 203 402 tu
250 366 400 413 μινυς
428 360 481 402 ει
509 357 684 402 castus
708 350 788 400 vel
809 349 1107 400 continens.
1136 348 1253 410 quia
1278 346 1349 398 ait
1379 341 1661 409 Apostolus
1687 357 1701 393 :
1736 344 1784 401 Α
1812 356 1929 392 unm
1959 345 2233 407 factus.....
2280 355 2333 395 ut
2383 348 2554 398 homo.
2611 347 2907 401 Humiliavil
2956 351 3174 411 seipsum
3224 357 3385 419 factus

129 440 363 505 Corpora
385 448 545 491 vestra
572 438 789 489 membra
834 444 949 489 sunt
984 434 1197 488 C-ltristi.
1247 434 1311 485 Et
1361 445 1542 484 rursus
1568 448 1581 483 :
1610 430 1710 495 Qui

128 530 360 581 adirem
386 526 633 589 Domino,
680 542 807 578 unus
840 526 1055 592 spiritus
1088 533 1179 577 est.
1213 522 1393 592 Fugite
1413 521 1713 588 fornicatio-

128 635 272 672 nem.
316 618 375 672 Et
426 612 661 679 iterum:
690 614 989 677 Glori/icate
1032 630 1149 683 ergo
1198 612 1354 665 Deum
1402 614 1455 663 in
1501 624 1712 675 corpore

130 718 319 762 oestro.
345 708 406 761 Et
428 711 615 760 iterum
639 708 753 773 ipse
777 724 788 757 :
818 702 1047 770 Fratres,
1071 720 1155 756 vos
1184 704 1303 756 estis
1326 700 1569 769 templum
1590 700 1706 762 Dei,

126 810 176 851 et
203 799 426 865 Spiritus
456 798 547 851 Dei
569 798 759 849 habitat
790 798 838 849 in
866 798 1019 848 vobis.
1054 796 1114 849 Si
1136 797 1247 863 quis
1276 803 1443 847 autem
1468 797 1709 861 templum

130 888 235 941 Dei
264 889 539 951 uiolauerit,
569 888 826 957 disperdet
850 885 994 939 illum
1018 884 1176 950 Deus,
1202 887 1446 951 templum
1468 885 1598 937 enim
1617 882 1712 936 Dri

126 988 368 1033 sanctum
392 986 485 1039 est,
516 979 655 1047 quod
683 979 805 1031 estis
827 994 934 1031 vos.
957 977 1056 1043 Qui
1088 975 1187 1029 fuit
1212 978 1495 1029 iracundus
1519 976 1589 1030 sit
1618 988 1709 1044 pa-

127 1070 294 1131 tiens,
321 1078 378 1122 ut
404 1069 662 1122 Dominus
691 1065 824 1122 dii‘lt
849 1085 861 1120 ι
890 1066 1055 1119 Beati’
1078 1067 1279 1135 paciﬁci
1302 1107 1316 1131 ,
1348 1066 1583 1132 quoniam
1613 1065 1711 1133 ﬁlii

129 1158 237 1210 Dei
259 1160 583 1211 secabantur.
611 1158 677 1211 Et
709 1159 899 1213 iterum
926 1174 941 1210 :
970 1156 1035 1209 In
1069 1159 1315 1223 patientia
1342 1166 1506 1209 vestra
1539 1156 1707 1223 possi-

126 1248 318 1299 debitis
343 1247 541 1300 Animas
567 1253 781 1302 vestras.
814 1246 877 1299 Et
903 1245 1190 1314 Apostolus
1216 1263 1228 1297 :
1260 1244 1524 1299 Patientes
1556 1250 1709 1300 estote

124 1339 200 1389 ad
228 1353 423 1391 omitas.

202 1427 305 1492 Qui
334 1428 430 1480 luit
455 1425 623 1489 tristis
653 1439 750 1493 pro
778 1424 1157 1493 temporalibus
1179 1411 1410 1487 damnis,
1435 1425 1515 1479 v‘el
1541 1438 1709 1478 saecu-

128 1516 332 1569 laribus
355 1516 619 1581 curis,'sit
638 1515 826 1569 hilaris
848 1524 902 1568 et
926 1516 1169 1583 gaudens.
1184 1530 1282 1583 pro
1307 1514 1523 1586 teter-uis
1548 1515 1706 1568 bonis

126 1613 183 1657 ct
206 1596 734 1685 repromissionibus,
759 1605 887 1678 quia
915 1606 965 1658 in
992 1604 1276 1674 Evangelio
1302 1604 1558 1659 Dominus
1584 1605 1660 1658 ait
1688 1621 1699 1657 :

1817 432 2049 509 obediens
2084 432 2226 484 Patri
2257 450 2410 500 usque
2439 436 2507 485 ad
2539 430 2768 489 mortem.
2800 438 2861 491 Et
2893 440 3111 507 reliqua.
3160 440 3225 494 Et
3270 443 3381 507 ipse

1815 520 2065 579 Dominus
2098 526 2259 591 inquit
2287 542 2299 575 :
2328 525 2427 587 Qui
2450 542 2501 578 se
2522 525 2757 580 humilia!
2781 531 3107 582 excitabitur.
3143 529 3202 583 Et
3224 532 3374 585 alibi:

1814 611 2071 675 Quantum
2098 614 2346 666 humilior
2375 613 2560 677 lueris,
2595 624 2795 668 tantum
2831 625 2881 671 te
2904 630 3157 687 sequetur
3195 620 3381 688 glorias

1813 700 2059 753 altitudo.
2106 702 2171 754 Et
2205 703 2325 757 item
2367 704 2483 769 ipse
2530 703 2819 759 Dominus:
2862 705 3051 761 Discite
3079 726 3110 761 a
3140 727 3217 762 me
3260 711 3382 777 quia

1812 786 1947 840 mitis
1987 804 2099 841 sum
2130 799 2173 841 et
2218 790 2423 843 humilis
2453 792 2625 844 corde.
2655 792 2753 857 Qui
2783 792 2882 847 fuit
2926 793 3091 859 latro,
3142 797 3209 850 sit
3262 799 3374 851 ido-

1814 890 1974 941 neus;
2008 878 2097 945 qui
2128 878 2223 931 fuit
2252 880 2618 934 sotnnoleutus
2642 881 2711 933 sit
2733 883 2936 950 vigilis;
2969 885 3056 951 qui
3092 884 3187 937 fuit
3221 887 3376 938 bilin—

1811 965 1928 1034 guis
1942 968 2009 1018 sit
2031 969 2342 1034 bouiloquus
2363 984 2377 1026 ;
2401 969 2491 1034 qui
2521 970 2615 1021 luit
2637 955 3039 1035 ἀδίκοισι-,θυι
3058 975 3376 1039 invidiosus,

1812 1054 1880 1106 sit
1900 1068 2064 1121 purus
2094 1064 2149 1108 et
2176 1056 2466 1124 benignus;
2486 1058 2573 1125 qui
2602 1058 2696 1111 fuit
2727 1060 2781 1112 in
2820 1062 2993 1116 verbis
3028 1063 3214 1117 utiosis
3243 1073 3299 1118 et
3329 1067 3380 1118 in

1811 1148 1967 1202 malis
1989 1148 2238 1216 operibus
2258 1150 2494 1205 intentus
2519 1153 2586 1206 sit
2610 1153 2661 1207 in
2685 1153 2909 1221 eloquiis
2933 1155 3085 1210 bonis
3105 1167 3157 1211 et
3180 1159 3385 1214 sanctis

1809 1239 2059 1306 operibus
2089 1255 2455 1319 perseverans.
2489 1244 2587 1309 Qui
2626 1244 2911 1313 aliquando
2942 1246 2993 1299 in
3022 1249 3197 1301 causis
3218 1249 3377 1317 justis
3449 1274 3457 1287 κ

1807 1342 1867 1382 sc
1894 1327 2215 1396 implicabat,
2248 1337 2301 1382 et
2327 1332 2392 1384 ad
2422 1332 2701 1386 ecclesiam
2733 1333 2883 1388 tarde
2914 1336 3179 1399 veniebat,
3213 1339 3373 1390 modo

1810 1401 2137 1487 frequentius
2163 1420 2227 1473 ad
2259 1435 2376 1473 eam
2404 1432 2667 1486 recurrat,
2692 1432 2747 1478 et
2772 1424 3105 1482 orationibus
3128 1430 3296 1481 sacris
3315 1443 3374 1483 se

1807 1516 2050 1576 occupet.
2083 1508 2181 1573 Qui
2211 1508 2305 1563 fuit
2336 1509 2663 1576 incredulus,
2694 1512 2764 1564 sit
2796 1511 2964 1566 tidelis
2986 1556 3001 1579 ,
3035 1524 3091 1566 ut
3118 1515 3374 1580 scriptum

1810 1604 1933 1651 est:
1973 1596 2270 1667 Reputatum
2296 1607 2368 1653 est
2406 1600 2453 1652 ei
2479 1600 2548 1652 ad
2578 1602 2859 1672 justitiam.
2918 1600 2985 1657 Et
3026 1605 3189 1659 alibi:
3221 1604 3380 1662 Fides

126 1693 263 1747 Cum
277 1668 377 1747 ὀδε
404 1695 606 1748 oderint
634 1668 879 1761 homines,
910 1703 957 1747 et
996 1710 1109 1749 cum
1138 1697 1480 1764 separaverint
1507 1696 1637 1761 vos,
1656 1705 1698 1749 et

1809 1695 1898 1739 tua
1926 1698 1973 1739 te
1995 1688 2192 1741 salttum
2240 1688 2381 1759 fecit,
2431 1689 2558 1743 vade
2579 1668 2633 1743 in
2664 1706 2819 1760 pace,
2851 1694 2966 1762 jam
3011 1694 3232 1763 amplius
3271 1695 3380 1749 noli

123 1783 577 1850 exprobrauerint,
616 1792 669 1859 et
703 1779 940 1856 ejecerint
981 1802 1163 1838 nomen
1204 1795 1423 1839 uestrum
1462 1794 1707 1855 tanquam

126 1874 331 1925 malum
353 1882 556 1943 propter
588 1871 780 1926 Filium
809 1872 1053 1936 hominis,
1084 1873 1300 1942 gaudete
1327 1874 1382 1927 in
1409 1874 1501 1927 illa
1538 1873 1624 1928 die
1654 1884 1704 1927 et

125 1964 398 2017 excitate.
423 1961 557 2017 Ecce
578 1965 708 2016 enim
742 1980 927 2018 merces
950 1972 1111 2019 vestra
1137 1964 1295 2016 multa
1343 1974 1411 2018 est
1451 1962 1507 2016 in
1542 1964 1700 2020 castis.

128 2052 201 2106 Et
251 2052 482 2105 lterum:
519 2049 695 2105 Venite
718 2096 731 2119 ,
774 2051 1022 2106 benedicti
1050 2051 1251 2121 _Patris
1286 2054 1405 2116 mei,
1455 2052 1706 2119 possidete

126 2156 344 2211 regnum
369 2142 506 2209 quod
536 2142 863 2195 constitutum
899 2151 975 2195 est
1001 2142 1139 2195 vobis
1164 2142 1226 2195 ab
1271 2140 1465 2211 origine
1494 2142 1705 2207 mundi;

126 2227 221 2284 ubi
249 2229 432 2285 lumen
456 2229 786 2296 indeﬁciens,
808 2233 896 2285 ubi
920 2218 1169 2301 gaudium
1197 2225 1603 2300 sempiternum.
1638 2232 1707 2286 Et

127 2312 463 2398 Apostolus:
497 2319 726 2374 Gaudete
768 2323 821 2374 iu
867 2320 1092 2377 Domino
1133 2338 1352 2391 semper.
1405 2322 1467 2375 Et
1511 2323 1703 2376 iterum

129 2409 248 2478 Ipse
273 2428 289 2463 :
319 2409 386 2464 Et
405 2412 455 2464 in
486 2412 715 2465 omnibus
741 2428 939 2484 semper
963 2414 1200 2483 gaudete.
1224 2413 1321 2481 Qui
1350 2414 1452 2467 fuit
1487 2413 1703 2469 acedio-

129 2514 246 2565 sus,
272 2502 517 2569 quodest
536 2505 801 2571 otiositas,
827 2508 901 2558 sit
928 2507 1155 2574 propriis
1186 2506 1428 2560 manibus
1449 2520 1703 2575 operans.

127 2599 218 2642 aut
247 2604 568 2661 quocunque
586 2590 813 2647 artiﬁcio
836 2595 1030 2649 bonum
1062 2596 1329 2663 laborans,
1356 2598 1503 2651 unde
1519 2605 1570 2650 et
1591 2598 1707 2661 ipse

131 2678 345 2745 habent,
363 2691 417 2736 et
442 2683 561 2736 aliis
589 2699 683 2750 pro
710 2695 905 2738 mterna
928 2685 1095 2755 gloria
1130 2686 1344 2757 tribuat,
1365 2694 1420 2740 ut
1444 2689 1702 2755 scriptum

128 2778 250 2823 est:
281 2768 499 2823 Honora
528 2771 801 2827 Dominum
824 2772 984 2828 Deum
1004 2782 1143 2829 tuum
1171 2777 1364 2830 de'tnis
1385 2779 1547 2846 justis
1569 2778 1703 2831 labo-

128 2862 292 2923 ribus,
322 2873 370 2915 et
398 2862 498 2919 liba
527 2864 605 2917 illi
627 2865 920 2935 dejustitiae
961 2853 1227 2935 frnctibui.
1281 2869 1345 2922 Et
1394 2869 1654 2937 Propheta
1683 2885 1698 2922 :

130 2947 375 3004 Laborem
406 2969 645 3005 manuum
685 2964 888 3007 tuarum
934 2957 1300 3032 manducabis,
1336 2957 1512 3011 beatus
1556 2974 1609 3011 es
1652 2965 1701 3012 et

130 3038 370 3093 beneJibi
396 3032 511 3097 erit.
548 3043 616 3095 Et
656 3044 941 3111 Apostolus
982 3046 1092 3099 ait:
1129 3046 1526 3100 Necessitatiltus
1570 3048 1696 3099 meis

131 3139 177 3189 et
221 3144 405 3181 eorum
442 3130 533 3197 qsti
579 3146 772 3183 micam
819 3132 1144 3201 {iterantth
1181 3150 1362 3187 melius
1399 3136 1695 3189 servierunt.

92 3220 93 3225 ‘
132 3214 203 3268 Et
220 3216 474 3270 Dominus
493 3218 565 3285 sit
590 3233 607 3273 :
634 3216 835 3273 Beatius
859 3229 935 3273 est
960 3222 1121 3291 magis
1140 3222 1265 3275 dare
1282 3238 1433 3289 quam
1453 3224 1697 3291 accipere.

194 3305 295 3372 Qui
316 3302 427 3372 pro
448 3308 762 3376 vana-gloria
789 3309 869 3362 vel
893 3324 988 3376 pro
1008 3310 1161 3365 laude
1182 3312 1455 3367 hominum
1495 3315 1696 3382 aliquid

133 3394 383 3460 faciebat,
406 3393 622 3465 incipiat
654 3414 748 3467 pro
779 3410 978 3454 interna
1011 3404 1375 3457 retributione
1409 3415 1460 3457 et
1489 3406 1693 3459 cmlesti

108 3486 291 3553 [gloria
315 3487 368 3540 in
389 3488 541 3542 bonis
561 3491 811 3556 operibus
832 3492 929 3545 soli
951 3492 1060 3546 Deo
1085 3493 1315 3559 placere,
1336 3504 1395 3547 ut
1412 3497 1696 3563 Apostolus

130 3576 200 3631 ait
219 3596 231 3630 :
251 3578 437 3632 Omnia
463 3595 769 3650 quacunque
798 3583 967 3653 facitis
988 3586 1055 3634 ad
1074 3585 1288 3653 gloriam
1315 3584 1405 3637 Dei
1428 3587 1602 3655 facite.
1630 3587 1696 3639 Et

128 3666 312 3722 iterum
330 3666 533 3723 :Nemo
546 3668 790 3739 glorietur
811 3673 863 3724 in
882 3672 1180 3726 hominibus.
1200 3674 1263 3725 Et
1280 3689 1493 3727 rursum
1516 3692 1526 3725 :
1559 3675 1694 3739 Quid

128 3754 268 3808 enim?
296 3757 449 3811 habes
474 3758 611 3827 quod
637 3762 1039 3830 non'accepisti!
1074 3761 1195 3829 quid
1226 3762 1464 3831 gloriaris
1486 3804 1498 3823 ,
1549 3764 1695 3831 quasi

129 3859 225 3896 non
244 3846 539 3913 acceperis?
570 3848 631 3899 Et
661 3847 917 3919 Dominus
943 3850 1069 3902 dicit
1093 3867 1105 3900 :
1135 3848 1344 3903 Nesciat
1373 3852 1582 3904 sinistra
1609 3864 1693 3905 tua

126 3934 248 4000 quid
267 3934 433 4003 “faciat
458 3937 663 3989 dextera
682 3945 789 3999 tua,
812 3949 863 3989 ut
887 3940 950 3991 sit
970 3941 1282 4009 cleemosgna
1304 3952 1389 3992 tuo
1408 3944 1459 3994 in
1484 3943 1695 3995 abscon-

130 4024 260 4087 dito,‘
278 4035 327 4080 et
355 4024 509 4097 Eater
536 4036 652 4081 tuus
676 4030 763 4097 qui
784 4031 917 4082 videt
946 4013 997 4082 in
1024 4032 1319 4085 abscondito
1342 4074 1357 4097 ,
1388 4033 1563 4087 reddet
1604 4034 1693 4086 tibi

130 4114 175 4165 in
196 4116 487 4191 patenum
515 4116 637 4169 alibi
666 4117 919 4186 scriptum
950 4128 1033 4172 est
1059 4134 1074 4169 :
1106 4120 1248 4175 Nihil
1282 4138 1377 4187 pro
1398 4125 1692 4191 temporale

98 4228 103 4234 ο
130 4204 397 4274 opinione,
421 4209 515 4261 sed
541 4210 720 4261 omnia
743 4220 958 4278 propter
984 4209 1184 4278 Deum;
1229 4226 1331 4265 non
1366 4223 1583 4281 propter
1615 4215 1692 4267 la-

1726 3008 1773 3071 C

1807 1789 2033 1843 peccare.
2068 1774 2173 1828 Sed
2212 1782 2394 1830 contra
2426 1778 2632 1846 singula
2659 1779 2781 1834 vitia
2830 1784 2910 1835 vel
2961 1791 3180 1849 peccata
3203 1823 3216 1846 ,
3257 1798 3380 1853 qua:

1808 1860 1893 1915 bic
1921 1860 2135 1930 longum
2177 1872 2259 1918 est
2307 1877 2656 1935 enumerare,
2686 1868 2971 1921 contrariis
3010 1869 3290 1926 virtutibus
3321 1884 3378 1926 et

1807 1951 1959 2005 bonis
1976 1945 2246 2022 operibus,
2275 1952 2388 2009 Deo
2408 1955 2725 2021 auxiliante,
2749 1962 2841 2011 est‘
2862 1962 3223 2027 pugnandum,
3248 1964 3372 2032 quia

1808 2045 1958 2115 prius
1999 2054 2209 2116 oportet
2260 2046 2630 2118 derelinquere
2675 2050 2906 2113 malum,
2956 2051 3147 2106 deinde
3200 2053 3379 2111 facere

1806 2137 2025 2193 bonum.

1877 2227 1942 2281 Et
1967 2237 2023 2281 ut
2052 2226 2164 2281 haec
2192 2241 2311 2295 qua:
2338 2241 2496 2297 supra
2535 2232 3075 2286 commemoravimus
3119 2234 3370 2288 cordibus

1804 2324 1861 2370 et
1904 2317 2146 2372 sensibus
2176 2319 2364 2373 vestris
2418 2308 2642 2374 ﬁrmiter
2683 2321 3006 2388 inhaereant,
3042 2323 3276 2379 breviter
3304 2325 3419 2387 ad,

1806 2408 2123 2469 memoriam
2162 2414 2393 2461 vestram
2433 2408 2756 2463 reducimus.
2806 2409 3083 2467 Credimus
3134 2413 3275 2469 enim
3314 2427 3371 2469 ut

1806 2495 2108 2566 quicunque
2139 2495 2367 2550 ﬁdeliter
2398 2498 2627 2552 audierit
2652 2507 2707 2553 et
2730 2499 3043 2567 crediderit,
3068 2512 3122 2558 et
3145 2505 3196 2558 in
3220 2505 3375 2562 bonis

1806 2587 2056 2657 Operibus
2082 2588 2447 2656 compleverit,
2479 2604 2583 2659 per
2615 2589 2708 2645 Dei
2754 2590 3046 2659 potentiam
3076 2605 3131 2651 et
3160 2592 3371 2654 miseri—

1805 2674 2042 2731 cordiam
2068 2678 2245 2732 salvus
2272 2692 2392 2732 esse
2422 2688 2620 2745 potest,
2652 2680 2791 2735 sicut
2834 2681 2946 2751 jam
2986 2699 3143 2753 supra
3174 2687 3374 2743 dictum

1807 2775 1913 2839 est.
1940 2766 2177 2827 Fratres,
2200 2768 2402 2822 credite
2428 2769 2479 2827 in
2508 2766 2676 2824 Deum
2696 2768 3366 2843 Patretn'omnipotentem,

1804 2866 2098 2911 creatorem
2128 2857 2247 2919 cmli
2276 2866 2330 2912 et
2357 2867 2553 2923 terrae;
2586 2861 2787 2915 credite
2814 2870 2869 2916 et
2906 2862 2957 2916 in
2996 2862 3176 2920 Jesum
3207 2854 3366 2921 Chri-

1805 2957 1943 3002 stum
1992 2948 2156 3002 lilium
2195 2949 2311 3018 ejus
2362 2951 2577 3005 unicum
2624 2944 2905 3010 Dominum
2954 2963 3234 3020 nostrum,
3276 2960 3391 3024 qui

1801 3035 2091 3104 conceptus
2114 3028 2291 3090 est'de
2307 3036 2509 3105 Spiritu
2538 3047 2749 3105 sancto,
2778 3047 2881 3092 etc;
2911 3039 3116 3106 Videte,
3144 3042 3358 3107 fratres.

1800 3130 1937 3181 sicut
1969 3127 2222 3182 Dominus
2244 3137 2422 3181 noster
2450 3128 2606 3186 Jesus
2633 3129 2907 3195 Christus,
2953 3146 3063 3186 xu
3104 3148 3385 3189 annorunr‘

1799 3217 2196 3285 passus,’tertia
2223 3217 2312 3270 die
2336 3218 2570 3272 surrexit
2597 3234 2625 3272 a
2652 3221 2914 3285 mortuis,
2946 3214 3015 3275 ita
3046 3231 3097 3277 et
3126 3239 3224 3279 nos
3251 3239 3367 3279 om-

1799 3305 1881 3358 nis
1910 3308 2131 3372 populus
2162 3308 2216 3359 in
2241 3322 2552 3375 quacunque
2583 3317 2738 3363 aetate
2764 3319 3003 3364 mortuus
3046 3312 3204 3368 luerit
3225 3357 3238 3380 ,
3270 3328 3363 3370 aut

1797 3394 2067 3462 parvulus,
2097 3402 2189 3446 aut
2215 3409 2407 3456 senex,
2442 3404 2531 3451 aut
2574 3396 2626 3449 in
2675 3405 2826 3452 utero
2854 3400 3037 3453 matris
3067 3400 3374 3459 viviﬁcatus.

1798 3494 2039 3537 mortuus
2068 3481 2247 3544 fuerit,
2279 3485 2329 3536 in
2362 3498 2467 3537 xxx
2516 3497 2777 3538 annorum
2823 3490 2978 3541 aetate
3026 3502 3365 3557 resurgemus

1794 3589 2004 3639 omnes,
2029 3574 2092 3627 ad
2118 3574 2380 3641 judicium
2405 3584 2458 3628 et
2488 3585 2793 3643 peccatores
2814 3585 2867 3631 et
2885 3577 3011 3644 justi
3044 3578 3315 3635 veniemus
3344 3600 3354 3633 :

1793 3664 1919 3732 justi
1950 3680 2099 3728 vero,
2131 3672 2185 3717 et
2210 3664 2296 3733 qui
2330 3664 2539 3718 luerunt
2568 3674 2896 3733 peccatores,
2920 3652 3015 3735 qui
3050 3683 3223 3723 veram
3250 3686 3360 3739 poe-

1797 3753 2072 3805 nitentiam
2103 3761 2349 3818 egerunt,
2379 3762 2432 3809 et
2461 3755 2511 3807 iu
2546 3755 2697 3807 bonis
2745 3756 2996 3823 operibus
3041 3772 3356 3824 persevera—

1798 3851 2022 3906 verunt,
2078 3853 2136 3895 ut
2179 3844 2233 3896 in
2281 3858 2443 3898 carne
2495 3845 2788 3915 percipiant
2837 3860 3054 3910 regnum
3087 3847 3215 3911 Dei,
3243 3851 3361 3919 quia

1792 3931 1990 3997 justum
2022 3930 2278 3998 judicium
2312 3932 2401 3985 Dei
2432 3940 2533 3994 cst,
2564 3940 2623 3987 nt
2652 3932 2737 3986 illa
2768 3933 2943 3988 anima
2981 3945 3033 3989 et
3064 3950 3207 4002 caro,
3238 3954 3357 4007 qua:

1795 4021 1849 4072 in
1878 4020 2126 4087 praesenti
2156 4021 2261 4073 vita
2293 4036 2470 4080 veram
2500 4022 2872 4091 pmnitentiam
2895 4026 3021 4092 egit,
3057 4036 3111 4097 et.
3141 4038 3359 4097 propter

1793 4108 2065 4162 Christum
2094 4110 2383 4163 cruciatum
2412 4111 2685 4176 sustinuit,
2719 4120 2775 4167 et
2812 4112 2864 4166 in
2902 4113 3062 4168 bonis
3107 4116 3356 4183 operibus
3436 4118 3440 4123 ’

1794 4199 2171 4266 perseveravit,
2220 4199 2332 4267 ipsa
2380 4212 2535 4272 caro,
2585 4208 2642 4253 et
2684 4201 2873 4257 animat
2904 4215 3025 4255 cum
3056 4201 3268 4259 Christo
3304 4216 3359 4258 et

136 4308 309 4363 mm,
361 4294 455 4349 sed
511 4305 727 4365 ρτοριοι»
771 4298 932 4351 mam
980 4309 1265 4365 gemam,
1318 4310 1374 4354 υι
1421 4304 1494 4355 ειη
1544 4305 1688 4370 APO-
1719 4301 1914 4394 l)cum
1960 4289 2205 4342 omnibus
2254 4288 2451 4343 sanctis
2496 4290 2547 4343 in
2582 4290 2823 4358 paradiso
2853 4291 3058 4345 laetetur
3092 4306 3213 4347 cum
3254 4309 3350 4346 an-

131 4384 294 4439 stolus
323 4377 505 4439 {Absit
532 4386 657 4439 mihi
681 4386 893 4457 gloriari
917 4390 1017 4441 nisi
1042 4390 1094 4442 in
1120 4405 1266 4443 cruce
1298 4388 1502 4445 Domini
1528 4395 1690 4446 nostri

130 4473 251 4530 Jesa
275 4476 483 4542 Christi,
512 4493 600 4545 per
624 4494 771 4546 quem
799 4478 925 4531 mihi
954 4480 1173 4532 mundus
1202 4483 1475 4549 cruciﬁxus
1507 4488 1609 4546 est,
1643 4493 1690 4535 et

129 4588 218 4641 ego
236 4570 445 4626 modo.
471 4574 571 4643 Qui
600 4572 692 4651 fuit
718 4570 977 4643 smper-bus
999 4578 1067 4628 sit
1090 4556 1318 4633 humilis.
1353 4587 1408 4629 ut
1432 4577 1688 4645 scriptum

131 4670 206 4714 est
234 4678 247 4714 :
281 4662 790 4722 llnmilitas'ru‘iaam
820 4676 1087 4732 nunquam
1122 4665 1378 4730 incurrit,
1412 4680 1686 4732 nunquam

132 4750 350 4803 ruinam
363 4764 515 4818 passa
545 4759 644 4806 est.
675 4751 968 4819 Despectus
1008 4763 1123 4807 esto
1151 4754 1288 4821 apud
1322 4756 1685 4822 temetipsum.

132 4840 223 4905 Qui
251 4842 359 4896 sibi
377 4841 641 4911 displicet,
671 4841 782 4897 Deo
804 4845 995 4912 placet.
1014 4832 1365 4908 Quantum-es
1388 4845 1691 4912 despectior

130 4940 247 4986 ante
290 4932 475 4987 oculos
529 4932 789 4986 ltumanos
818 4974 831 4998 ,
881 4942 1084 4985 tantum
1116 4934 1223 4987 eris
1254 4933 1536 5001 pretiosior
1560 4940 1688 4986 ante

130 5020 307 5076 oculos
348 5019 460 5076 Dei.
492 5021 787 5090 'Cognosce
812 5022 933 5091 quis
958 5022 1215 5076 Dominus
1258 5022 1474 5076 humilis
1502 5023 1646 5075 venit
1670 5064 1684 5088 ,

132 5110 385 5176 quiasein
403 5108 572 5163 forma
590 5111 729 5164 servi
754 5110 1066 5164 humiliavit.
1085 5112 1262 5177 Quare
1283 5113 1354 5163 ait
1370 5112 1653 5178 Apostolus
1674 5130 1684 5162 :

134 5196 193 5249 In
237 5199 523 5253 ltumilitate
574 5203 854 5271 superiores
904 5200 998 5253 sibi
1047 5202 1255 5254 invicem
1286 5200 1606 5263 arbitrantes,
1636 5209 1690 5254 et

133 5287 323 5359 reliqua
347 5306 361 5342 :
397 5287 511 5341 Hoc
535 5290 670 5342 sitim
694 5290 871 5341 sentite
896 5290 947 5340 in
975 5290 1131 5356 vobis,
1162 5291 1297 5357 quod
1323 5300 1368 5342 et
1396 5290 1449 5342 in
1484 5289 1687 5343 Christo

132 5374 266 5440 Iesu,
298 5378 390 5448 qui
411 5378 599 5433 cumin
628 5378 793 5445 {arma
820 5376 911 5430 Dei
947 5388 1110 5439 esset,
1152 5394 1251 5430 non
1285 5378 1519 5444 rapinam
1552 5378 1687 5430 arbi-

136 5475 288 5523 tratus
306 5477 380 5523 est
402 5484 509 5522 esse
536 5486 590 5523 se
618 5470 860 5538 (aqualem
888 5468 991 5533 Deo
1010 5510 1023 5533 ,
1057 5469 1145 5521 sed
1169 5471 1490 5537 semetipsum
1514 5470 1688 5523 eximi-

138 5556 487 5628 Iiuitformam
507 5562 919 5629 serviaccipiens,
952 5570 996 5613 et
1026 5562 1076 5611 in
1106 5561 1481 5613 similitudinem
1526 5565 1687 5614 homi-

1794 4378 1926 4448 geljs
1952 4379 2167 4438 sanctis,
2197 4379 2334 4431 sicut
2364 4380 2620 4443 Dominus
2646 4379 2776 4434 dicit
2794 4381 2865 4433 lin
2893 4380 3175 4450 Evangelio
3203 4402 3213 4433 :
3254 4381 3356 4435 Ve-

1790 4471 1894 4523 nite
1915 4514 1929 4537 ,
1985 4468 2227 4523 benedicti
2275 4468 2449 4523 Patris
2481 4470 2607 4534 mei,
2651 4470 2899 4539 possidete
2940 4488 3154 4540 regnum
3180 4514 3193 4536 ,
3222 4474 3358 4538 quod

1788 4560 2118 4611 constitutum
2158 4569 2231 4612 est
2271 4560 2409 4632 vobis
2438 4559 2515 4611 ab.
2544 4562 2738 4632 origine
2774 4562 2970 4627 mundi,
3006 4546 3121 4630 quia
3148 4546 3352 4628 esurivi,

1787 4656 1835 4699 et
1859 4647 2071 4700 dedistis
2094 4648 2216 4700 mihi
2239 4630 2565 4717 manducare,
2587 4630 2641 4703 ct
2670 4650 2871 4719 reliqua
2894 4652 2989 4704 alia
3012 4660 3170 4719 opera
3196 4654 3351 4708 bona.

1859 4760 2009 4815 Tunc
2034 4761 2169 4815 λαειὶ
2189 4763 2447 4833 fulgebunt
2470 4764 2600 4815 sicut
2624 4764 2701 4817 sol
2725 4767 2777 4817 in
2801 4780 2962 4836 regno
2988 4764 3098 4818 Dei.
3128 4769 3203 4817 Ad
3237 4780 3357 4832 pee-

1789 4866 1996 4906 catores
2025 4862 2200 4907 autem
2231 4854 2373 4907 dicet
2402 4871 2413 4904 :
2449 4854 2698 4907 Discedite
2742 4869 2774 4906 a
2820 4869 2932 4917 me,
2980 4854 3268 4916 maledicti,
3299 4858 3355 4909 in

1789 4940 2234 5012 ignem'wternum,
2265 4945 2348 5008 qui
2372 4952 2579 5013 paratus
2602 4954 2676 4995 cst
2695 4944 2897 4996 diabolo
2931 4954 2977 4997 et
3002 4945 3196 5013 angelis
3218 4948 3352 5016 ejus,

1788 5033 1906 5097 quia
1926 5033 2131 5095 esurivi,
2164 5042 2332 5084 etnon
2362 5032 2570 5084 dedistis
2600 5031 2723 5084 mihi
2760 5033 3096 5097 manducare,
3134 5041 3188 5085 et
3231 5033 3354 5087 reli-

1787 5136 1888 5187 qua
1917 5120 2053 5173 bona
2080 5134 2199 5188 qua:
2228 5135 2330 5172 non
2361 5119 2618 5173 fecerunt.
2651 5120 2782 5185 Quia
2811 5130 2862 5172 et
2907 5120 3007 5173 hoc
3034 5120 3237 5187 justum
3261 5119 3348 5191 ju-

1789 5209 1983 5262 dicium
2015 5209 2108 5263 Dei
2150 5218 2261 5273 est,
2288 5220 2343 5263 ut
2374 5211 2460 5261 illa
2492 5223 2617 5263 caro
2652 5217 2705 5262 et
2748 5210 2921 5262 anima
2945 5252 2958 5275 ,
3010 5226 3127 5277 qua:
3177 5212 3259 5263 hic
3293 5212 3345 5263 in

1789 5309 2052 5367 przesente
2084 5297 2182 5350 vita
2217 5297 2487 5364 peccavit,
2538 5308 2591 5351 et
2638 5297 3001 5365 paenitentiam
3032 5314 3210 5351 veram
3244 5314 3344 5351 non

1788 5388 1915 5455 egit,
1944 5395 1997 5439 et
2024 5388 2074 5439 in
2104 5385 2258 5437 malis
2284 5387 2536 5453 Operi-bus
2569 5386 2953 5452 perseveravit,
3001 5386 3113 5450 ipsa
3139 5398 3263 5437 caro
3294 5394 3349 5438 ct

1789 5456 1962 5527 anima
2009 5476 2058 5527 in
2104 5473 2309 5527 inferno
2336 5473 2621 5537 crucietur,
2645 5474 2770 5541 quia
2799 5471 3053 5524 Dominus
3084 5471 3135 5524 in
3171 5471 3340 5524 Evam

1787 5566 1921 5632 gt-lio
1949 5565 2017 5616 ait
2047 5584 2054 5621 ;
2089 5564 2296 5615 Zismiia
2318 5564 2539 5631 colligite
2559 5564 2821 5631 fasciculis
2843 5563 2908 5613 ad
2932 5561 3345 5615 comlmrcttdmn.
