3914 6236
463 266 599 321 1047

908 265 962 320 S.
1010 264 1283 321 PIRMINII
1324 265 1612 322 ABBATIS
1648 217 1737 322 ὗε
1786 264 1962 322 SING.
2001 261 2131 319 ιω.
2173 268 2418 324 CANON.
2460 271 2856 333 SCABAPSUS
2905 272 3251 336 LIBELLUS.

3620 73 3862 149 ἐτ

3569 281 3713 338 1048

464 382 673 436 Zizania
704 380 946 435 homines
969 389 1273 448 peccatores
1300 390 1444 438 sunt.
1471 382 1547 435 De
1569 380 1873 435 hominibus
1900 395 2019 450 pec-
2050 374 2212 449 A'pia
2244 390 2298 436 et
2327 385 2625 453 luxuriosa,
2671 388 2816 443 velut
2860 391 3106 459 sagittam
3146 392 3460 448 diabolicam
3500 393 3705 464 fugite,

461 472 727 526 catoribus
781 471 1065 524 incendere
1106 472 1267 524 debet
1304 470 1541 524 infernus
1568 489 1577 521 :
1608 470 1832 540 Alligate
1874 473 2028 540 fasci-

460 562 602 615 culos
630 564 696 614 ad
724 556 1150 627 comburendum,
1185 562 1284 613 hoc
1314 569 1423 620 est,
1460 560 1743 613 homicida:
1774 576 1890 613 cum
1934 560 2028 612 ho-

462 650 691 716 micidis,
722 652 947 705 adulleri
980 664 1097 711 Cum
1129 652 1400 717 adulteris,
1436 668 1658 715 rapaces
1708 667 1825 705 curn
1874 668 2024 719 rapa-

459 745 631 807 cibus,
661 754 714 795 ut
744 744 1049 811 quicunque
1074 734 1075 737 “
1100 744 1183 794 hic
1218 743 1430 817 ‘similes
1480 744 1693 796 ftiernut
1740 746 1790 796 in
1834 744 1987 811 culpa
2008 787 2021 806 ,

458 834 655 886 ibidem
688 834 893 887 similes
915 841 1067 885 erum
1108 832 1157 883 in
1191 833 1493 886 tormentis.
1528 833 1792 897 Quantum
1825 833 2024 901 majora

454 935 674 989 peccata
730 923 1095 975 commiserim
1142 920 1426 987 homines,
1481 930 1682 974 tantum
1737 908 2025 975 ferventius

458 1015 626 1069 fervet
655 1014 705 1069 in
736 1016 853 1067 illos
882 1014 1016 1081 ignis
1042 1024 1293 1067 aeternus.
1320 1011 1535 1065 Credite
1577 1027 1738 1079 ergo,
1770 1014 2024 1068 charissi-

398 1168 409 1183 '
459 1107 551 1167 mi,
588 1104 793 1158 Patrem
834 1113 887 1157 et
932 1104 1119 1159 Filium
1167 1113 1219 1156 et
1264 1102 1521 1168 Spiritum
1574 1111 1815 1163 sanctum
1864 1117 2025 1156 unum

454 1194 622 1247 Deum
654 1194 706 1247 in
735 1194 1011 1248 Trinitate.
1043 1192 1259 1262 Diligite
1289 1206 1408 1244 eum
1440 1206 1503 1245 ex
1536 1198 1647 1245 toto
1673 1192 1836 1245 corde
1880 1200 1933 1245 et
1958 1206 2023 1245 ex

358 1271 365 1278 ’
455 1293 563 1337 tota
586 1295 786 1347 mente,
813 1284 1079 1350 etdiligite
1106 1282 1376 1349 proximos
1401 1291 1627 1345 vestros,
1651 1281 1790 1334 sicut
1821 1290 2029 1335 vosmet

453 1378 619 1445 ipsos.
651 1376 839 1431 Nullus
867 1392 929 1431 ex
962 1376 1112 1429 vobis
1143 1372 1486 1430 homicidium
1513 1376 1701 1441 faciat,
1733 1390 1835 1429 non
1866 1377 2020 1431 adul-

453 1470 668 1533 terium,
702 1484 803 1527 non
844 1466 1248 1522 fornicationem
1297 1474 1351 1529 et
1391 1466 1707 1519 libidinem:
1737 1454 2022 1521 imninndi:

451 1560 579 1611 tiam
610 1568 661 1612 et
692 1558 1073 1623 impudicitiam
1115 1556 1295 1625 fugite.
1340 1559 1562 1611 Furtum
1618 1571 1725 1609 non
1777 1554 2018 1619 facietis,

451 1662 559 1699 non
588 1647 974 1715 concupiscetis
1005 1662 1115 1701 rem
1146 1648 1375 1712 proximi
1401 1646 1562 1699 vestri
1589 1686 1606 1709 ,
1627 1632 1827 1700 falsum
1864 1646 2016 1699 tesli-

2131 486 2229 526 nec
2253 474 2319 526 ad
2352 476 2493 542 ipsas
2522 479 2781 533 ecclesias
2814 496 2913 534 nec
2941 483 2993 535 in
3020 483 3265 538 domibus
3297 488 3488 541 vestris
3526 504 3623 542 nec
3654 490 3711 543 in

2129 562 2337 628 plateis,
2366 579 2461 617 nec
2486 566 2538 619 in
2570 567 2715 621 nullo
2746 569 2852 623 alio
2878 570 2994 623 loco
3017 564 3191 626 facere
3216 588 3319 626 non
3343 578 3708 644 praesumatis,

2127 652 2250 717 quia
2284 653 2381 705 hoc
2409 654 2471 708 de
2501 670 2825 724 paganorum
2856 663 3243 727 consuetudine
3274 666 3549 719 remansit.
3568 670 3710 721 0m-

2128 744 2211 796 nia
2241 746 2574 813 pltylacteria
2603 742 2905 814 tliabolica,.
2927 763 3357 819 prtecantatores,
3386 736 3442 810 ἐι
3484 759 3709 811 εοι-ιίΙεο

2126 845 2243 899 gos,
2272 832 2540 903 karagios,
2560 848 2622 909 et
2652 840 2947 911 aruspices,
2981 841 3207 906 divinos,
3238 843 3459 909 ariolos,
3489 858 3704 915 magos,

2127 920 2421 997 maleﬁcos,
2452 926 2803 992 auguriosos,
2847 930 3248 997 tempestarios,
3291 942 3344 987 et
3370 944 3564 987 cuncta
3594 936 3707 988 alia

2060 1072 2061 1075 η
2127 1011 2262 1063 mala
2293 1025 2411 1065 cum
2440 1014 2739 1081 supradicta
2769 1012 2976 1085 ingenia
3001 1020 3264 1075 diabolica
3303 1022 3472 1078 nolite
3500 1011 3703 1080 crede-

2127 1112 2204 1166 re,
2236 1113 2333 1154 nec
2360 1101 2611 1166 adorare,
2656 1119 2753 1158 nec
2785 1113 2909 1161 vota
2934 1107 3045 1162 illis
3070 1110 3293 1164 reddere
3318 1143 3334 1176 ,~
3383 1120 3481 1167 nec
3526 1104 3704 1179 ullum

2127 1195 2379 1251 bonorem
2413 1198 2751 1266 impendere;
2781 1201 2875 1255 sed
2907 1203 2975 1256 ad
3002 1215 3237 1259 sanctam
3264 1208 3545 1262 ecclesiam
3569 1223 3709 1263 con-

2130 1287 2326 1351 venite,
2354 1298 2406 1342 et
2438 1289 2489 1343 in
2521 1291 2900 1359 ipsaecclesia
2952 1307 3077 1348 cum
3118 1296 3332 1350 silentio
3378 1309 3593 1353 orantes
3646 1308 3710 1354 et

2129 1376 2412 1444 psallentes
2443 1378 2496 1433 in
2526 1370 2775 1445 cordibus
2797 1378 3238 1439 vestrisverbum
3270 1386 3362 1441 Dei
3390 1396 3446 1442 et
3484 1403 3702 1443 sacram

2129 1465 2454 1537 Scripturam
2486 1468 2772 1540 diligenter
2800 1472 3079 1539 attendite,
3111 1484 3169 1529 ut
3194 1460 3447 1545 scriptum
3479 1477 3607 1543 Dei;
3645 1479 3706 1532 in

2130 1555 2243 1623 lege
2273 1556 2362 1610 Dei
2410 1559 2660 1613 meditate
2713 1559 2802 1615 die
2846 1574 2916 1617 ac
2957 1573 3131 1618 nocte.
3161 1562 3290 1618 Vota
3341 1575 3517 1620 vestra
3556 1568 3705 1622 bona

2129 1643 2238 1699 Deo
2262 1646 2328 1699 ad
2360 1648 2611 1703 ecclesias
2641 1651 2869 1706 redd.te.

451 1736 691 1789 monium
742 1752 847 1791 non
896 1734 1118 1799 dicetis,
1153 1736 1287 1788 iram
1317 1749 1418 1787 non
1462 1734 1778 1800 perficietis’,
1814 1739 2019 1789 iracun-
2051 1711 2100 1769 Β
2196 1734 2463 1791 Primitias
2503 1741 2739 1801 omnium
2782 1741 2989 1810 frugum
3035 1752 3331 1799 vestrarum
3378 1747 3445 1800 ad
3470 1748 3708 1803 benedio

449 1828 591 1881 diam
622 1841 791 1895 usque
824 1826 887 1878 ad
919 1834 1127 1879 noctem
1160 1840 1260 1877 non
1292 1824 1603 1890 reservetis,
1633 1828 1725 1879 sed
1752 1814 1871 1879 ante
1893 1827 2017 1895 solis

448 1933 696 1971 occasum
745 1919 796 1969 in
847 1930 1029 1984 pacem
1076 1914 1269 1969 redite.
1318 1914 1514 1969 Dolum
1563 1925 1617 1970 et
1670 1916 1920 1968 malitiam
1970 1915 2021 1968 in

449 2009 699 2063 cordibus
729 2008 915 2063 vesrris
966 2021 1070 2060 non
1104 2006 1361 2069 teneatis,
1404 2005 1603 2059 falsam
1653 2020 1833 2074 pacem
1888 2008 2024 2060 inter

456 2115 549 2152 vos
582 2114 703 2153 non
753 2096 973 2164 faciatis,
1011 2112 1114 2150 non
1155 2094 1423 2150 tneutiatis
1468 2095 1519 2149 in
1568 2094 1820 2148 invicem.
1850 2094 2023 2150 Nolite

448 2190 647 2255 jnrare,
679 2206 776 2243 nec
805 2190 1106 2257 perjurare;
1141 2189 1333 2240 malum
1360 2202 1453 2255 pro
1481 2187 1621 2239 malo
1644 2200 1749 2238 non
1774 2182 2016 2247 reddite;

452 2282 648 2351 injuste
674 2292 726 2335 et
752 2282 942 2351 injuria
975 2280 1056 2333 vel
1085 2281 1224 2333 malo
1252 2278 1441 2333 ordine
1470 2277 1598 2331 nulli
1630 2276 1827 2329 homini
1860 2276 2019 2329 iacia-

445 2373 552 2434 tis;
582 2371 677 2429 sed
706 2370 983 2439 sialiquis
1023 2370 1174 2424 vobis
1225 2354 1477 2437 iniuriam
1535 2366 1743 2429 fecerit,
1801 2374 2017 2434 propter

450 2464 618 2518 Deum
650 2462 910 2530 patienter
939 2460 1217 2513 sustineat.
1252 2458 1511 2513 inimicos
1538 2465 1747 2511 vestros
1778 2450 2017 2523 diligite,
2054 2484 2055 2499 ι

445 2563 498 2609 ct
524 2571 620 2624 pro
654 2555 780 2623 ipsis
809 2561 981 2607 orate.
1018 2551 1132 2605 Non
1174 2550 1536 2616 maledicetis,
1568 2558 1623 2603 et
1672 2549 1718 2603 si
1760 2548 1878 2617 quis
1924 2562 2019 2601 vos

446 2646 781 2701 maledixerit
810 2685 825 2709 ,
859 2659 963 2698 non
996 2632 1326 2697 maledicctis
1350 2684 1365 2707 ,
1392 2640 1487 2695 sed
1528 2639 1758 2708 amplius
1802 2638 2018 2693 benedi-

444 2733 582 2798 cite;
622 2741 675 2787 et
706 2731 1132 2799 persccuticnem
1175 2739 1393 2798 propter
1432 2726 1692 2795 justitiam
1736 2727 2015 2781 sustinete.

444 2823 653 2877 Nullum
686 2823 955 2876 hominem
985 2820 1108 2877 odio
1136 2819 1396 2885 habeatis,
1430 2818 1523 2872 sed
1546 2819 1678 2871 vitia
1704 2827 1755 2873 et
1776 2824 2015 2886 peccata.

444 2912 559 2965 Non
583 2912 696 2966 sitis
726 2910 940 2978 superbi
960 2946 975 2975 ,
1004 2910 1201 2965 ebriosi
1224 2948 1241 2973 ,
1275 2923 1379 2964 non
1424 2907 1879 2976 concupiscentia!
1920 2922 2014 2974 gu-

402 3060 423 3083 κ
445 3006 550 3057 iam
578 3008 872 3065 sectantes;
897 3015 1005 3054 non
1027 2999 1144 3053 sitis
1184 2998 1529 3061 somnolenti,
1564 3012 1667 3051 non
1691 2998 1865 3097 pigri,
1907 3011 2011 3049 non
2043 3036 2089 3097 Ο

443 3091 765 3146 otiositatem
791 3100 1058 3145 vacantes.
1077 3088 1248 3144 Nolite
1267 3088 1556 3144 detrahere
1578 3076 1828 3151 invicem,
1855 3088 2017 3141 nolite

370 3212 376 3229 ε
444 3178 571 3236 esse
606 3180 971 3245 murmuriosi,
1013 3180 1253 3233 multum
1288 3179 1430 3247 ioqul
1477 3190 1531 3233 et
1560 3180 1716 3233 verba
1739 3178 1885 3231 varia
1912 3192 2017 3231 non

444 3272 672 3334 ametis;
701 3270 925 3323 multum
958 3267 1123 3323 risum
1145 3269 1309 3321 nolite
1333 3267 1577 3335 diligere,
1600 3267 1694 3321 sed
1723 3274 1938 3335 peccata
1963 3274 2021 3320 et

445 3360 791 3429 negligentias
820 3367 1019 3413 vestras
1045 3372 1165 3411 cum
1199 3358 1445 3425 lacrymis
1475 3366 1533 3412 et
1572 3358 1892 3426 gemitu.....
1933 3357 2021 3411 die

446 3462 709 3519 noctuque
738 3448 792 3502 in
821 3448 1062 3501 oratione
1091 3446 1185 3501 Dei
1208 3446 1640 3500 misericordiam
1694 3448 1981 3513 deprecato
2002 3490 2018 3512 ,

444 3552 501 3596 ιιι
548 3542 683 3595 mala
729 3550 906 3617 vestra
952 3540 1221 3608 prazterila
1252 3546 1306 3590 et
1354 3537 1636 3604 prmwntia
1664 3536 1815 3589 vobis
1844 3536 2021 3590 indul-

443 3646 586 3704 geat,
628 3644 682 3689 ct
712 3641 770 3688 ut
810 3634 1022 3688 inantea
1075 3646 1179 3685 non
1225 3631 1477 3699 peccetis,
1520 3629 1788 3684 custodire
1812 3627 2017 3698 jubeat.

443 3725 1063 3792 ldololatria,veneflcia,
1094 3724 1417 3787 inimicitias,
1443 3720 1835 3785 contentiones,
1855 3735 2025 3775 temu-

446 3822 694 3885 lationes,
717 3821 879 3883 rixas,
899 3817 1287 3881 animositates,
1314 3814 1740 3883 provocationes,
1765 3812 2019 3875 haereses,

446 3910 723 3975 invidiam,
756 3911 925 3967 zelum
944 3950 959 3975 ,
1006 3906 1479 3963 commessationes
1499 3946 1515 3971 ,
1544 3906 1708 3961 nolite
1735 3915 1787 3959 et
1813 3905 1913 3959 alla
1942 3903 2022 3958 fa-

449 4020 595 4069 cere,
624 4003 745 4071 quia
773 4000 1059 4068 Apostolus
1089 3981 1421 4052 contestatur
1446 4007 1504 4049 ut
1530 3998 1629 4051 hoc
1660 4011 1764 4049 non
1792 3996 2019 4049 faciatis.

449 4092 639 4156 Omnia
668 4109 785 4162 qua:
816 4092 957 4146 Deus
1001 4104 1093 4158 per
1131 4089 1462 4157 Seripturam
1496 4095 1733 4140 sanctam
1776 4085 1932 4154 jussit
1970 4094 2025 4137 ut

450 4203 553 4241 non
584 4186 780 4239 faceret
811 4183 1006 4249 homo,
1033 4181 1205 4235 nullus
1234 4180 1571 4237 Christianus
1601 4182 1891 4246 prccsuniat
1922 4177 2024 4230 hoc

448 4280 653 4340 facere;
684 4285 737 4332 et
781 4277 1082 4343 quicunque
1130 4281 1314 4326 contra
1363 4281 1684 4339 prmeeptum
1726 4269 1821 4322 Dei
1858 4268 2025 4332 fecit,

2126 1825 2349 1879 centium
2378 1827 2446 1903 ad
2487 1830 2793 1895 sacerdotes
2841 1832 3059 1897 afferte,
3110 1843 3162 1888 et
3209 1834 3287 1888 sic
3339 1847 3523 1904 postea
3572 1840 3707 1893 inde

2128 1916 2461 1974 manducata.
2488 1920 2731 1976 Decimae
2771 1937 2840 1977 ex
2870 1923 3114 1978 onmibus
3144 1924 3399 1980 fructibus
3448 1938 3502 1981 et
3538 1944 3707 1995 neco—-

2126 2006 2268 2061 ribus
2308 2009 2498 2062 vestris
2545 2012 2699 2065 annis
2745 2012 3041 2081 singulibus
3090 2016 3599 2084 ecclesiisgreddite,
3632 2019 3710 2075 de

2110 2111 2312 2152 novem
2340 2099 2574 2167 partibus
2605 2106 2721 2167 ante
2749 2102 2897 2158 vobis
2922 2108 3296 2173 remanserint,
3322 2108 3703 2177 eleemosynas

2125 2184 2314 2249 facile;
2346 2202 2408 2239 ex
2442 2187 2568 2253 ipsis
2600 2201 2814 2255 peccata
2843 2183 3021 2257 vestra
3052 2194 3320 2259 redimite,
3355 2205 3412 2248 ut
3437 2198 3701 2263 scriptum

2123 2287 2230 2330 est:
2256 2274 2593 2347 Eleemosyna
2615 2296 2645 2331 α
2667 2284 2826 2334 morte
2855 2282 3052 2345 liberat,
3078 2292 3123 2336 et
3146 2285 3258 2353 ipsa
3288 2294 3470 2353 purgat
3491 2296 3706 2355 peccaro

2125 2364 2270 2433 (Tob.
2301 2381 2393 2430 xu,
2420 2367 2499 2435 9).
2522 2367 2620 2435 Qui
2652 2378 2735 2423 est
2757 2369 2947 2436 dives,
2993 2381 3047 2425 et
3076 2372 3296 2426 multum
3328 2374 3520 2439 habet,
3564 2379 3710 2428 mul-

2124 2464 2232 2509 tum
2260 2456 2443 2525 donet,
2477 2467 2535 2512 ut
2563 2459 2817 2527 scriptum
2848 2468 2965 2513 est:
3001 2459 3095 2515 Cui
3138 2462 3253 2531 plus
3284 2456 3539 2526 creditur,
3581 2465 3707 2533 plus

2121 2545 2187 2597 ab
2226 2561 2284 2598 eo
2325 2547 2564 2616 exigitur.
2603 2542 2669 2603 Et
2698 2548 2983 2623 Apostolus
3017 2566 3031 2603 :
3066 2548 3323 2605 Habentes
3352 2552 3609 2605 alimenta
3652 2565 3705 2606 et

2119 2640 2298 2706 quibus
2318 2648 2567 2707 tegantur,
2594 2640 2673 2693 Itis
2717 2642 2933 2694 contenti
2961 2641 3138 2706 simus,
3167 2641 3378 2695 hoc-est
3410 2645 3609 2697 victum
3645 2654 3707 2698 et

2122 2728 2367 2783 vestitum
2398 2729 2661 2784 rationale
2688 2773 2701 2796 ,
2730 2740 2985 2798 quantum
3014 2744 3235 2807 necesse
3259 2740 3360 2795 est,
3392 2730 3499 2785 non
3530 2747 3704 2800 quan-

2123 2829 2230 2871 tum
2260 2816 2401 2872 mala
2428 2816 2690 2885 cupiditas
2723 2818 2933 2888 quierit.
2962 2817 3118 2883 Quod
3148 2827 3393 2887 superest
3415 2859 3431 2883 ,
3467 2819 3521 2872 in
3551 2820 3705 2873 elec-

2121 2909 2395 2979 mosynam
2424 2918 2645 2964 necesse
2670 2918 3006 2979 est'propter
3036 2909 3197 2963 vitam
3230 2918 3492 2964 maternam
3531 2910 3708 2965 dona-

2124 3014 2197 3054 re.
2231 2997 2299 3053 Et
2325 3000 2413 3070 qui
2440 3010 2519 3057 est
2551 3000 2853 3069 pauperior,
2876 3002 3028 3069 juxta
3058 3000 3195 3067 quod
3226 3008 3421 3069 potest,
3462 2986 3699 3069 parvum

2121 3089 2305 3154 donet,
2328 3090 2448 3157 quia
2472 3100 2527 3143 et
2554 3088 2711 3143 vidua
2735 3103 2965 3158 paupera
2996 3103 3090 3157 pro
3115 3087 3251 3143 duos
3274 3104 3522 3145 nummos
3545 3090 3701 3159 plus.

2121 3194 2277 3247 quam
2303 3180 2494 3235 divites
2520 3195 2549 3233 a
2580 3179 2803 3233 Domino
2829 3179 3122 3233 collaudata
3175 3188 3289 3245 est,
3331 3188 3386 3235 et
3432 3181 3503 3234 de
3528 3180 3706 3236 calice

2121 3283 2272 3337 aqua:
2303 3268 2504 3337 frigida:
2530 3269 2828 3325 mercedem
2857 3272 2961 3324 non
2990 3267 3220 3337 perdere
3260 3268 3519 3324 Dominus
3559 3285 3698 3339 ριιοο

2121 3356 2282 3411 misit.
2327 3357 2395 3410 Et
2430 3358 2521 3428 qui
2573 3372 2659 3412 res
2709 3372 2813 3412 non
2864 3358 3067 3424 habet,
3113 3360 3254 3413 unde
3298 3359 3709 3431 eleemosyuam

2124 3447 2309 3509 faciat,
2346 3447 2536 3501 habeat
2566 3447 2756 3500 bonam
2788 3450 3113 3503 voluntatem
3144 3464 3154 3501 :
3182 3446 3293 3517 ipsa
3323 3450 3458 3505 bona
3502 3450 3706 3507 volun-

2122 3543 2203 3590 tas
2237 3551 2331 3604 pro
2358 3536 2497 3590 facto
2527 3537 2882 3603 reputabitur.
3318 3595 3323 3598 ,

2194 3626 2417 3691 Quando
2442 3627 2506 3679 ad
2550 3627 2832 3681 ecclesiam
2880 3628 3211 3694 convenitis,
3243 3628 3571 3697 pauperibus
3613 3642 3709 3687 so-

2124 3716 2353 3770 cundum
2385 3717 2527 3770 vires
2552 3726 2756 3770 vestras
2786 3724 2878 3771 aut
2906 3725 3181 3787 argentum
3209 3727 3301 3773 aut
3330 3719 3474 3774 aliud
3498 3720 3710 3789 aliquid

2126 3805 2398 3875 porrigite.
2432 3805 2738 3870 incensum,
2767 3808 3011 3861 cereolos
3035 3846 3051 3873 ,
3082 3818 3135 3862 et
3166 3808 3361 3867 oleum,
3382 3811 3434 3863 in
3462 3811 3718 3863 lumina-c

2124 3894 2273 3948 ribus
2300 3893 2566 3957 ecclesiae,
2589 3893 2739 3962 juxta
2768 3894 2907 3962 quod
2939 3894 3237 3964 prrevaletis
3283 3896 3483 3951 ibidem
3533 3898 3665 3953 date
3689 3930 3712 3961 ς

2125 3986 2247 4053 quia
2272 3982 2526 4039 Dominus
2553 3985 2629 4038 ait
2656 4002 2670 4039 :
2700 3983 2821 4039 Non
2845 3985 3153 4053 apparebitis
3194 3988 3251 4041 in
3288 3999 3565 4057 conspectu
3593 3983 3712 4044 meo

2125 4078 2289 4130 vacui.
2314 4074 2621 4131 Oblationes
2648 4092 2765 4147 quae
2787 4068 2839 4131 in
2862 4078 3051 4131 altaria
3066 4088 3462 4134 consecrantur
3482 4078 3706 4147 clerus,

2128 4175 2181 4222 et
2209 4167 2331 4224 inde
2358 4177 2480 4237 post
2508 4168 2875 4243 penitentiam
2902 4178 3076 4223 actam
3121 4178 3175 4224 et
3214 4170 3711 4226 reconciliationem

2128 4259 2421 4314 secundum
2481 4260 2760 4313 consilium
2826 4260 3122 4329 sacerdotis
3175 4262 3587 4316 communitate.
3642 4260 3717 4317 Et

448 4372 556 4423 cito
587 4354 679 4435 per
712 4382 895 4434 puram
930 4363 1321 4427 confessionem
1351 4371 1405 4417 et
1434 4376 1612 4416 veram
1655 4360 2021 4428 pmnitentiam
2059 4370 2107 4428 ι)
2134 4362 2261 4405 ante
2313 4349 2487 4417 plures
2533 4349 2647 4403 dies
2682 4350 2852 4413 etiam
2884 4365 2913 4401 a
2961 4350 3199 4419 proprias
3250 4365 3446 4403 uxores
3495 4359 3715 4407 vestras

450 4475 570 4514 cum
598 4458 851 4526 operibus
882 4457 1033 4509 bonis
1071 4465 1121 4509 et
1151 4455 1510 4524 eleemosynis
1542 4454 1701 4519 justis
1744 4469 1803 4506 se
1831 4463 2024 4506 emen-

453 4551 563 4620 det,
594 4562 715 4605 ante
740 4566 895 4618 quam
928 4565 1069 4602 mors
1094 4550 1243 4602 illum
1266 4548 1442 4601 subito
1468 4548 1659 4614 rapiat.
1689 4545 1878 4599 Omnia
1907 4560 2026 4614 qua!

457 4658 545 4707 per
596 4656 799 4693 sacram
856 4640 1185 4707 Scripturam
1237 4637 1375 4690 Deus
1408 4640 1675 4705 'prmcepit
1726 4636 1922 4699 facere,
1974 4635 2026 4687 in

452 4727 699 4780 omnibus
738 4725 1017 4777 custodite.
1049 4724 1257 4792 Diligite
1288 4724 1491 4776 amicos
1520 4722 1571 4774 in
1602 4736 1784 4774 amore
1814 4721 1903 4774 Dei
1930 4762 1945 4783 ,
1974 4728 2029 4774 et

456 4816 696 4869 inimicos
726 4822 930 4867 vestros
974 4814 1177 4879 diligite
1230 4824 1444 4879 propter
1484 4811 1676 4863 Deum.
1716 4811 2028 4876 Ubicunque

454 4906 683 4968 fueritis,
717 4914 771 4955 ut
802 4904 873 4954 ait
907 4905 1187 4968 Apostolus
1209 4941 1222 4964 ,
1272 4912 1419 4955 orate
1451 4903 1569 4953 sine
1600 4888 2026 4962 intermissione“,

453 5006 507 5050 et
553 4998 603 5046 in
651 4994 897 5045 omnibus
929 4991 1035 5043 Deo
1064 4995 1256 5057 gratias
1283 4990 1441 5057 agite.
1473 4988 1551 5041 Ad
1586 4988 1877 5041 Ecclesiam
1908 4998 2029 5040 cum

455 5087 649 5139 devoto
676 5084 851 5135 animo
876 5093 929 5133 ct
959 5080 1058 5132 fide
1089 5093 1227 5131 recla
1263 5080 1458 5143 saepius
1480 5078 1763 5131 convenite
1788 5117 1803 5140 ,
1838 5075 2031 5142 praeci-

396 5214 399 5221 .
459 5190 558 5238 pue
589 5174 835 5226 omnibus
861 5173 1048 5224 diebus
1074 5169 1390 5229 Dominicis,
1425 5177 1480 5220 et
1509 5178 1729 5222 cunctas
1771 5167 2028 5221 festivita-

458 5277 539 5317 tes
572 5266 877 5329 praeclaras,
907 5270 1010 5312 tam
1042 5259 1361 5325 vespertinis
1391 5258 1583 5325 vigiliis
1625 5268 1678 5311 et
1712 5258 1985 5311 matutinis
2012 5296 2026 5319 ,

459 5369 615 5420 quant
651 5352 714 5403 ad
748 5352 937 5401 missas
965 5347 1315 5401 celebrandas
1347 5362 1439 5400 vos
1467 5348 1822 5414 frequentate.
1865 5347 1929 5399 Et
1964 5344 2033 5398 ibi

464 5445 633 5495 nulla.
664 5456 852 5494 causas
880 5440 942 5491 ad
969 5439 1311 5505 iudicandum
1344 5438 1533 5491 audeat
1567 5440 1823 5506 proferre,
1856 5447 1910 5492 et
1940 5452 2035 5491 ne-

463 5536 601 5595 gotia
624 5512 734 5581 ῗιοη
766 5532 915 5583 faciat
940 5571 953 5591 ,
990 5538 1043 5580 (σι
1090 5527 1291 5583 fabulas
1320 5531 1521 5582 otiosas
1553 5548 1612 5582 cx
1660 5548 1752 5584 ore
1793 5546 1890 5582 suo
1932 5546 2033 5583 non

466 5622 715 5691 [ΠυῘιΊΑἰ.
754 5622 1067 5674 llallationcs
1115 5630 1163 5673 et
1208 5623 1537 5687 saltationes,
1569 5624 1645 5679 tcl
1688 5633 1893 5677 cantica
1920 5634 2025 5677 tur.

2132 4441 2409 4504 abstinete,
2424 4447 2483 4493 ut
2497 4439 2575 4493 sic
2598 4454 2717 4493 cum
2737 4440 2933 4513 mundo
2950 4440 3109 4493 corde
3131 4449 3369 4494 sanctum
3387 4442 3715 4497 sacriﬁcium

2130 4530 2374 4600 accipere
2410 4530 2646 4600 possitis.
2670 4529 3051 4584 Sacerdotibus
3083 4529 3279 4583 vestris
3316 4531 3579 4585 honorem
3608 4533 3719 4587 im-

2132 4620 2367 4689 pendite,
2394 4628 2451 4675 et
2476 4620 2555 4675 eis
2586 4620 2877 4674 secundum
2908 4619 3070 4673 Deum
3099 4608 3348 4684 obcdiie.
3369 4628 3426 4671 ut
3451 4620 3721 4678 Dominus

2134 4714 2207 4765 ait
2232 4728 2244 4763 :
2279 4712 2379 4777 Qui
2400 4727 2482 4764 vos
2508 4711 2655 4763 audit
2682 4726 2760 4763 me
2787 4712 2952 4765 audit.
3064 4708 3071 4715 ’
3498 4720 3503 4721 ⁷

2207 4801 2370 4856 Filius
2410 4812 2463 4856 et
2503 4802 2605 4853 filia
2653 4802 2879 4855 honoret
2927 4796 3334 4867 patrem‘Sntun
3378 4812 3434 4855 et
3481 4810 3722 4858 matrem

2135 4910 2285 4948 suam
2314 4935 2327 4958 ,
2375 4896 2619 4948 similiter
2670 4904 2722 4946 et
2768 4896 2955 4948 omnes
2996 4892 3283 4945 Christiani
3337 4907 3431 4945 vos
3480 4893 3723 4951 invicem

2138 4988 2414 5045 honorate,
2456 4992 2511 5035 ut
2548 4985 2808 5049 scriptum
2852 4992 2934 5036 cst
2979 5000 2992 5036 :
3051 4982 3257 5035 Honore
3304 4982 3521 5034 invicem
3575 4997 3721 5053 pr.-

2136 5077 2407 5130 t'enierttcs.
2444 5074 2819 5129 Esurientibus
2848 5076 2970 5128 date
3017 5066 3373 5138 manducare,
3407 5072 3725 5129 sitietttibus

2138 5167 2339 5221 bibere.
2382 5167 2637 5233 Hospites
2677 5168 2945 5234 prwcipuc
2983 5180 3245 5233 pauperes
3280 5158 3335 5219 et
3365 5164 3726 5233 peregrinos,

2138 5257 2371 5324 colligite
2403 5258 2454 5309 in
2486 5256 2736 5309 domibus
2764 5255 2997 5319 vestris;
3032 5254 3413 5307 humanitatem
3456 5252 3569 5306 illis
3612 5254 3725 5308 im-

2139 5346 2390 5413 pendite,
2425 5347 2591 5414 pedes
2642 5346 2854 5399 illorum
2904 5346 3097 5397 lavate.
3148 5332 3329 5397 Nudos
3372 5344 3619 5404 vestite.
3666 5342 3723 5397 in

2142 5437 2490 5491 tribulatione
2519 5437 2799 5492 subvenite
2823 5480 2835 5500 ,
2868 5434 3168 5489 indolentes
3210 5431 3524 5495 consolate.
3572 5428 3724 5488 inﬁr-

2143 5543 2257 5582 mos
2304 5529 2553 5593 visitate,
2610 5537 2852 5582 mortuos
2897 5524 3168 5591 sepelito,
3204 5524 3254 5576 in
3304 5538 3591 5577 carcerem
3636 5536 3729 5577 re-

2143 5623 2377 5689 quirite,
2407 5632 2457 5676 ct
2500 5621 2565 5676 de
2608 5620 2764 5675 bonis
2809 5616 2997 5675 vestris
3038 5618 3112 5671 eis
3156 5615 3481 5670 ministrate.
3522 5612 3726 5673 Viduas
