3914 6236
228 206 254 261 ί
268 206 384 263 1349

1232 202 1315 258 CY
1330 201 1618 259 PRIANUS
1661 200 2090 262 CASSINENSIS
2126 203 2511 260 MONACllUS.

3327 162 3468 261 tot-lo

224 326 289 370 et
321 300 591 385 orphantis
621 312 672 368 in
705 313 1071 368 tribulationes
1114 326 1295 367 eorum
1332 315 1617 381 adiuvate;
1668 328 1792 381 pau-
1826 317 1876 375 Α
1904 316 2243 371 homicidium
2286 328 2337 372 et
2374 317 2690 371 adulterium
2716 357 2730 382 ,
2765 315 3164 371 fornicationem
3185 357 3199 380 ,
3233 316 3464 387 furtum,

227 421 399 474 peres
425 415 482 461 et
518 421 704 459 eomes
745 410 1025 472 oppressos
1052 419 1081 457 a
1115 406 1289 472 pravis
1330 404 1667 467 hominibus,
1712 404 1796 457 vel

222 494 300 547 de
351 497 531 562 iniquo
566 493 766 559 iudicio
804 502 858 547 et
895 502 1146 560 quantum
1186 496 1438 561 potestis,
1478 493 1797 560 adiutorium

224 591 512 651 praestate.
544 580 805 636 Iudicium
840 592 1042 635 rectum
1073 596 1282 649 semper
1309 591 1364 635 et
1389 581 1644 650 justitiam
1678 596 1801 633 con-

224 682 494 733 servate;
532 669 953 723 misericordiam
1005 670 1054 721 in
1096 670 1337 725 omnibus
1382 670 1574 735 facite;
1619 684 1799 738 pacem

225 775 364 817 cum
414 761 661 814 onmibus
708 770 762 812 et
812 760 910 827 ipsi
956 761 1007 815 in
1054 756 1199 813 vobis
1232 754 1457 826 habete;
1504 772 1557 815 et
1596 777 1688 816 eos
1716 764 1802 831 qui

223 848 525 903 discordes
544 859 670 905 sunt
699 852 762 903 ad
794 850 1130 903 concordiam
1162 860 1423 905 revocate.

306 939 625 1007 Symbolum
649 948 703 992 et
724 940 1028 993 Orationem
1055 939 1378 993 Dominicam
1408 953 1457 993 et
1480 941 1578 1008 ipsi
1604 950 1801 1009 tenete,

228 1036 292 1079 et
340 1028 474 1080 tilios
510 1036 563 1081 et
602 1029 740 1081 ﬁlias
780 1036 989 1082 vestras
1028 1029 1245 1095 docete,
1281 1040 1335 1082 ut
1364 1040 1415 1083 et
1443 1032 1538 1099 ipsi
1571 1042 1800 1087 teneant.

224 1110 410 1172 Filios
440 1134 570 1186 quos
602 1135 665 1173 ex
702 1122 844 1176 ronte
875 1124 1184 1191 suscepistis
1216 1125 1267 1177 in
1299 1125 1579 1194 baptismo,
1614 1128 1805 1180 scitote

224 1220 337 1260 vos
370 1208 712 1277 fideiussores
742 1222 837 1278 pro
885 1214 965 1266 eis
1010 1217 1147 1281 apud
1196 1210 1357 1269 Deum
1405 1217 1711 1282 exstitisse;
1752 1228 1805 1271 et

226 1296 363 1351 ideo
415 1313 507 1351 eos
553 1300 744 1353 docete
772 1316 1020 1369 semper,
1050 1314 1103 1357 et
1144 1305 1427 1373 corripite,
1459 1317 1511 1360 et
1540 1307 1659 1361 illos
1689 1323 1807 1361 om-

225 1398 338 1437 nes
370 1385 617 1440 subditos
648 1398 851 1444 vestros
876 1434 888 1455 ,
922 1401 978 1442 ut
1008 1394 1191 1446 sobrie
1212 1428 1227 1459 ,
1258 1404 1313 1448 et
1342 1406 1489 1449 caste
1512 1437 1526 1461 ,
1558 1405 1611 1451 et
1634 1396 1804 1464 iuste,

216 1472 419 1525 vivant
446 1514 460 1539 ,
509 1477 707 1544 smpius
750 1478 1066 1548 admonete,
1114 1492 1273 1551 atque
1300 1486 1561 1554 .corrigite
1601 1487 1802 1542 statim.

226 1564 313 1619 Et
354 1567 516 1620 corde
554 1578 606 1620 et
648 1582 743 1623 ore
783 1568 1016 1637 proferte
1061 1575 1372 1640 veritatem;
1420 1576 1712 1631 castitatem
1753 1586 1807 1632 et

218 1654 625 1711 continentiam
657 1666 837 1714 tenete
865 1677 880 1724 ;
908 1662 1247 1717 sobrietatem
1292 1676 1345 1719 et
1390 1668 1696 1733 parcitatem
1738 1670 1804 1723 de

218 1752 363 1811 potu
408 1752 464 1795 et
489 1745 612 1798 cibo
652 1744 942 1815 habetote;
984 1749 1245 1817 jejunium
1294 1762 1506 1819 amate;
1564 1755 1803 1811 seniores

218 1830 527 1911 honorato;
552 1834 791 1901 iuniores
818 1847 1021 1891 vestros
1050 1840 1099 1891 in
1128 1840 1319 1895 Christi
1348 1857 1527 1897 amore
1550 1845 1802 1911 Spiritua-

225 1918 358 1972 liter
388 1922 628 1989 diligite,
661 1926 998 1991 et-patientes
1029 1937 1202 1983 estote
1232 1931 1294 1983 ad
1325 1946 1528 1985 omnes.
1574 1932 1803 1987 Benefa-

218 2008 338 2069 cite
372 2008 453 2089 liis
482 2011 569 2075 qui
603 2027 694 2064 vos
720 2015 969 2070 oderunt.
1003 2014 1245 2070 Charitas
1272 2028 1327 2073 et
1353 2021 1599 2086 gaudium
1622 2060 1635 2084 ,
1670 2036 1801 2091 pax,

228 2101 517 2166 patientia,
552 2102 867 2171 benignitas,
900 2105 1129 2171 hooitas,
1156 2123 1299 2176 spes,
1335 2108 1483 2174 lides,
1515 2110 1797 2179 modestia,

223 2193 615 2259 mansuetudo,
639 2197 983 2262 continentia,
1020 2202 1254 2264 castitas,
1286 2202 1499 2255 dilectio
1528 2204 1597 2255 sit
1623 2202 1674 2258 in
1706 2218 1801 2258 vo-

226 2282 347 2347 bis,
378 2293 433 2336 et
462 2286 560 2337 hoc
592 2286 643 2338 in
690 2286 841 2341 bonis
870 2290 1276 2359 cogitationibus
1306 2300 1359 2346 et
1387 2294 1608 2362 eloquiis
1639 2306 1692 2349 et
1720 2311 1805 2349 sa-

224 2370 343 2423 cris
370 2373 624 2438 operibus
648 2386 979 2430 conservate.
1014 2377 1375 2433 Humilitatem
1405 2390 1599 2447 tenete,
1628 2386 1801 2437 omnia

222 2454 523 2524 custodite,
561 2471 721 2515 totam
765 2479 912 2530 spem
956 2476 1182 2520 vestram
1228 2469 1276 2522 in
1322 2469 1544 2524 Domino
1587 2473 1800 2541 ponite;

228 2550 437 2603 bonum
474 2548 671 2616 aliquid
701 2552 752 2605 in
783 2567 879 2607 vos
905 2552 1290 2617 cumvideritis
1312 2599 1324 2621 ,
1356 2560 1421 2610 ad
1454 2557 1545 2613 Dei
1586 2561 1803 2629 gloriam

228 2646 487 2705 reputate
507 2683 522 2707 ,
554 2642 954 2709 quiivobis'hoc
982 2644 1166 2710 dedit,
1196 2662 1298 2701 non
1331 2648 1395 2699 ad
1427 2660 1655 2704 vestram
1687 2652 1805 2705 lau—

230 2726 386 2781 dem.
414 2726 478 2781 Et
505 2730 697 2783 malum
727 2731 777 2786 in
805 2746 1040 2786 voscum
1068 2734 1330 2801 videritis,
1356 2749 1543 2792 vestra:
1566 2740 1734 2810 culpae
1756 2751 1809 2796 et

233 2816 586 2884 uegligentiis
619 2822 807 2873 vestris
840 2821 943 2875 hoc
980 2823 1161 2878 sciatis
1198 2839 1227 2877 a
1270 2827 1419 2881 vobis
1460 2828 1675 2883 factum.
1712 2830 1803 2885 Ti-

229 2914 385 2960 mete
404 2906 591 2974 judicii
620 2908 792 2973 diem,
826 2906 901 2965 et‘
925 2913 1189 2978 pavescite
1228 2916 1521 2984 gehennam
1550 2935 1563 2983 ;
1597 2918 1807 2973 deside-

1901 407 2089 461 falsnm
2144 407 2545 471 testiinonium,
2596 406 2922 474 periurium,
2977 407 3325 471 ebaietalem,
3378 405 3459 461 vol

1903 498 1985 551 his
2027 496 2215 550 similia
2264 496 2505 549 mortalia
2545 495 2768 548 crimina
2813 502 3142 560 perpetratus
3188 491 3379 554 fuerit.
3409 496 3456 549 si

1902 586 2267 653 pamitentiam
2302 598 2405 637 non
2447 584 2646 651 egerit,
2678 593 2729 635 et
2758 582 3120 650 elecmosynas
3151 582 3320 647 justas
3353 597 3457 633 nou

1903 674 2127 738 fecerit,
2178 682 2233 727 et
2276 675 2328 725 in
2378 672 2528 727 boois
2577 670 2824 738 operibus
2871 684 2972 720 non
3022 670 3491 744 perseveraverit,_

1911 778 2181 831 nunquam
2213 761 2430 815 intrabit
2462 764 2512 814 in
2546 774 2708 826 regno
2741 759 2868 825 Dei,
2902 772 2999 811 nec
3034 757 3316 823 possidebit
3344 758 3462 823 glo-

1904 854 2041 907 riam
2071 862 2324 906 teternam
2355 867 2367 913 ;
2408 864 2528 904 cum
2572 848 2785 901 diabolo
2829 848 3113 900 descendet
3140 849 3189 898 in
3223 846 3462 911 inferna,

1903 944 2021 1010 quia
2046 942 2329 1009 Apostolus
2350 940 2475 992 dicit
2501 956 2511 989 :
2538 938 2637 1001 Qui
2660 938 2785 989 talia
2808 946 2985 1003 agunt,
3013 950 3221 1001 regnum
3244 932 3339 986 liei
3362 924 3465 984 n‘on

1904 1034 2245 1103 possidebunt.
2275 1030 2501 1084 Proinde
2530 1030 2782 1094 scriptum
2812 1036 2892 1079 est
2918 1044 2929 1075 :
2963 1024 3301 1092 Nequaquam
3329 1022 3463 1103 Deus

1905 1100 2307 1193 delinquentibus
2332 1123 2526 1191 parcit,
2550 1121 2787 1188 quoniam
2814 1124 3235 1185 peccatorem-ant
3263 1100 3465 1183 ﬂagello

1858 1222 1861 1227 “
1904 1215 2175 1282 temporale
2196 1215 2260 1266 ad
2288 1214 2636 1281 purgationem
2662 1210 2775 1276 ferit
2795 1216 2924 1289 “aut
2950 1217 3139 1260 (eterna
3154 1206 3348 1276 judicio
3376 1222 3467 1269 pu-

1905 1306 2145 1358 niendum
2185 1303 2460 1371 relinquit,
2496 1310 2585 1353 aut
2636 1302 2741 1366 ipse
2787 1299 2839 1350 in
2876 1314 2929 1351 te
2970 1298 3116 1349 homo
3159 1299 3293 1365 quod
3338 1296 3469 1347 male

1878 1392 2180 1458 commisit,
2208 1391 2463 1461 puniendo
2490 1398 2695 1458 purgat.
2723 1385 2805 1440 Ita
2830 1387 3043 1452 proinde
3068 1397 3137 1437 est
3165 1386 3296 1452 quod
3331 1382 3465 1435 Deus

1896 1483 2210 1553 delinquenti
2240 1498 2339 1533 non
2365 1484 2549 1547 parcit.
2598 1480 2661 1532 Et
2700 1478 2821 1532 alib‘i
2865 1477 3116 1543 scriptum
3147 1482 3269 1527 est:
3303 1472 3465 1524 Nulla

1906 1584 2109 1645 peccata
2148 1572 2312 1626 inulta
2355 1570 2565 1623 dimittit
2615 1569 2751 1621 Deus
2773 1612 2785 1631 ,
2818 1569 2912 1618 hoc
2938 1573 3041 1627 est,
3077 1565 3182 1616 sine
3212 1562 3428 1614 vindicta
3449 1601 3467 1623 ,
3548 1586 3551 1589 λ

1834 1636 2028 1731 Bquia
2076 1672 2220 1717 certe
2267 1670 2358 1713 aut
2407 1673 2505 1712 nos
2558 1658 2643 1710 hic
2695 1654 3074 1709 vindicabimus
3119 1661 3328 1738 pecca}a
3371 1665 3469 1702 no—

1904 1762 2011 1804 stra
2042 1766 2137 1821 per
2168 1749 2531 1816 pmnitentiam
2554 1787 2569 1809 ,
2600 1758 2689 1798 aut
2720 1744 2947 1797 vindicat
2977 1744 3062 1796 illa
3096 1743 3243 1794 Deus
3265 1757 3355 1807 per
3384 1754 3466 1794 se-

1905 1839 2175 1892 veritatem
2206 1837 2409 1906 iudicii.
2447 1836 2508 1888 Et
2541 1836 2667 1889 illud
2712 1834 3006 1888 certissime
3047 1831 3282 1891 credite,
3327 1830 3467 1898 quod

1906 1928 2083 1982 omnis
2109 1930 2287 1991 homo,
2317 1927 2556 1994 quamvis
2588 1934 2850 1991 peccator,
2878 1923 3119 1990 quamvis
3150 1921 3469 1975 criminosus

1906 2000 2137 2080 fuisset,
2158 2024 2347 2083 quanta
2382 2016 2516 2068 mala
2562 2021 2947 2082 perpetrasset,
2991 2012 3034 2063 si
3072 2024 3252 2063 veram
3298 2010 3467 2077 ι)ωηί-

1908 2105 2125 2159 tentiam
2173 2103 2375 2173 egerit,
2423 2105 2791 2171 eleetnosynas
2833 2101 3002 2168 justas
3052 2098 3273 2161 fecerit,
3322 2106 3375 2151 et
3418 2098 3472 2151 in

1908 2192 2044 2247 bona
2074 2194 2355 2247 devotione
2384 2208 2504 2244 cum
2542 2193 2791 2259 operibus
2832 2191 2989 2256 iustis
3033 2204 3173 2241 mors
3202 2190 3354 2240 illum
3388 2188 3472 2241 iu-

1907 2289 2148 2351 venerit,
2177 2303 2441 2354 nunquam
2470 2286 2759 2349 infernum,
2790 2284 2880 2336 sed
2908 2286 2977 2337 ab
3003 2284 3203 2352 angelis
3230 2282 3471 2335 elevatur
3532 2348 3533 2351 η

1910 2380 1963 2433 in
1994 2380 2185 2434 caelum
2209 2419 2223 2441 ,
2255 2390 2305 2432 et
2334 2378 2550 2445 gloriam
2570 2375 2866 2444 possidebit
2893 2384 3162 2427 aeternam.
3196 2371 3345 2426 Unde
3372 2370 3476 2435 Do-

1906 2470 2080 2524 minus
2108 2469 2239 2521 disit
2267 2486 2277 2520 :
2312 2467 2426 2519 Non
2451 2465 2768 2537 iudicabitur
2797 2464 2868 2515 bis
2896 2468 2946 2515 in
2976 2463 3218 2529 idipsum.
3249 2461 3311 2513 iit
3338 2463 3475 2529 Apoc

1904 2558 2072 2612 stolas
2116 2558 2242 2611 dicit
2271 2574 2284 2609 :
2318 2556 2378 2609 Si
2408 2572 2495 2609 nos
2531 2555 2881 2625 judicaremus
2910 2593 2925 2617 ,
2958 2553 3129 2620 utique
3174 2567 3205 2603 α
3256 2548 3476 2602 Domino

1907 2665 2009 2702 non
2038 2647 2457 2714 dijudicarentur,
2491 2646 2592 2699 hoc
2618 2654 2732 2711 est,
2764 2652 2821 2696 ut
2853 2643 2943 2698 ille
2984 2644 3071 2710 qui
3117 2642 3199 2695 hic
3239 2641 3289 2693 ia
3336 2654 3473 2707 pra!-

1913 2748 2117 2795 sentem
2148 2738 2315 2790 vitam
2355 2738 2587 2803 seipsum
2630 2750 2722 2802 per
2768 2733 3131 2802 paenitentiam
3171 2729 3373 2799 indicat
3410 2728 3476 2782 ad

1908 2828 2165 2898 iudicium
2193 2871 2205 2889 ,
2243 2830 2434 2881 iterum
2470 2842 2573 2879 non
2605 2825 3003 2893 diiudicabitur,
3032 2822 3119 2890 qui
3151 2822 3234 2874 hic
3263 2824 3313 2873 in
3344 2834 3479 2888 prae-

1917 2930 2068 2973 sente
2099 2918 2215 2971 vita
2243 2917 2567 2970 teriniuabit.
2612 2914 2762 2969 Unde
2799 2916 3050 2980 scriptum
3092 2919 3212 2965 est:
3258 2909 3405 2973 Quod
3433 2909 3477 2961 si

404 2965 423 2974 -
780 2965 792 2973 .
925 2965 938 2978 .
1599 2965 1779 2973 ---._-
1917 2965 2066 2973 ω---
2111 2965 2208 2971 η--
2246 2965 2564 2970 αμα-ηψπ
2624 2965 2671 2969 -.
2704 2965 2753 2968 -ν
2910 2965 2923 2980 .
2976 2965 2981 2966 κ
3262 2965 3298 2973 η

229 3004 357 3049 rate
381 2994 547 3050 vitam
571 2994 827 3052 aeternam
852 3016 866 3063 ;
891 3003 1237 3081 cogitationes
1263 3000 1316 3057 et
1346 3008 1501 3060 verba
1526 3022 1617 3062 seu
1644 3024 1804 3077 opera
1836 2965 1884 3030 ϐ
1912 3028 2004 3066 nos
2032 3012 2257 3081 perfecte
2281 3008 2621 3077 penitentiam
2660 3006 2855 3081 agimus
2876 3046 2891 3072 ,
2935 3019 3036 3057 non
3071 3002 3235 3055 solum
3274 3012 3473 3053 nostras

235 3094 423 3139 vestra
474 3087 565 3140 diu
616 3085 1140 3161 tioctuque‘semper
1191 3096 1242 3147 in
1282 3095 1477 3149 bonum
1520 3100 1799 3155 custodite.

232 3167 553 3231 Transitum
585 3170 823 3234 vestrum
859 3182 927 3237 de
957 3182 1056 3237 hoc
1088 3186 1315 3250 mundo,
1361 3188 1448 3257 qui
1476 3202 1687 3256 semper
1712 3205 1804 3259 ap-

234 3266 561 3334 propinquat
610 3265 772 3322 omni'
805 3269 891 3324 die
934 3283 1164 3336 sperate.
1216 3275 1480 3344 Praecepta
1514 3277 1607 3332 Dei
1649 3278 1803 3343 [actis

229 3352 480 3421 quotidie
507 3355 817 3425 adimplete,
848 3368 900 3413 et
928 3359 993 3413 de
1023 3359 1117 3414 Dei
1148 3363 1506 3418 misericordia
1535 3380 1801 3436 nunquam

241 3444 586 3511 desperetis;
617 3454 673 3501 et
702 3448 839 3516 quod
870 3449 970 3502 sibi
1002 3451 1118 3517 quis
1150 3452 1259 3505 lieri
1293 3469 1394 3506 non
1437 3455 1587 3524 vult,
1619 3456 1703 3510 alii
1735 3473 1825 3512 ne.

239 3529 403 3585 faciat
433 3550 446 3585 :
478 3543 533 3587 et
560 3548 707 3600 prout
738 3536 887 3589 uultis
914 3540 969 3589 ut
996 3540 1188 3606 faciant
1218 3542 1354 3594 vobis
1384 3544 1606 3599 homines
1638 3547 1766 3599 bona
1791 3588 1808 3613 ,

237 3626 293 3674 et
334 3636 420 3674 vos
465 3622 616 3689 facite
662 3624 768 3678 illis
806 3627 1056 3680 similiter.
1102 3620 1420 3685 Cbaritatem
1452 3640 1662 3700 autem,
1695 3651 1811 3703 quae

232 3718 323 3764 est
354 3710 576 3785 dilectio
605 3712 698 3768 Dei
728 3722 783 3768 et
813 3715 1035 3784 proximi
1070 3718 1120 3771 in
1149 3720 1390 3773 omnibus
1419 3736 1754 3779 conservate.

302 3800 474 3857 Nemo
498 3818 560 3859 se
585 3805 968 3862 circumveniat
989 3848 1006 3874 ,
1039 3808 1227 3865 fratres
1247 3849 1263 3873 .
1294 3811 1413 3880 quia
1441 3816 1611 3868 omnis
1647 3815 1805 3871 homo

232 3895 328 3965 qui
374 3906 495 3964 post
542 3896 862 3964 baptismum
914 3903 1157 3955 mortalia
1212 3904 1432 3958 crimina
1486 3908 1801 3975 committit,

1914 3102 2089 3172 cuipas
2131 3100 2268 3154 Deus
2309 3098 2554 3161 dimittit;
2600 3097 2689 3150 sed
2735 3103 2850 3165 post
2894 3094 3072 3163 culpas
3116 3090 3326 3157 prtt'mia
3356 3104 3477 3157 pro-

1912 3193 2085 3245 mittit.
3462 3194 3465 3195 ⁷

1987 3281 2144 3347 Ideo,
2195 3280 2421 3346 fratres,
2475 3278 2784 3343 testinemus
2824 3274 2931 3343 jam
2985 3271 3267 3326 emendare
3317 3272 3475 3326 vitam

1913 3383 2181 3434 nostram,
2210 3377 2271 3423 ut
2308 3367 2557 3435 quidquid
2603 3354 2740 3419 male
2781 3375 2962 3418 cootra
3009 3362 3101 3416 Dei
3142 3370 3471 3429 prmceptum

1909 3462 2132 3515 fecimus
2158 3498 2173 3523 ,
2204 3448 2491 3511 deﬂeamus
2518 3462 2575 3509 et
2604 3452 2944 3511 emcndemus
2965 3489 2981 3515 ,
3008 3460 3060 3504 et
3106 3449 3327 3502 ulterius
3370 3462 3474 3502 non

1910 3563 2188 3619 peccemus
2208 3582 2225 3609 ,
2253 3554 2308 3600 et
2334 3557 2711 3599 conservemus
2740 3556 2835 3593 nos
2874 3542 2924 3592 in
2957 3541 3090 3590 bona
3124 3537 3391 3591 voluntate
3417 3544 3470 3590 et

1910 3622 2229 3708 cogitatione
2268 3645 2416 3689 recta
2466 3648 2586 3687 cum
2635 3632 2811 3685 verbis
2856 3641 2909 3683 et
2947 3627 3192 3696 operibus
3239 3628 3471 3691 sanctis,

1909 3728 2199 3782 auxiliante
2227 3735 2278 3779 et
2307 3725 2644 3793 gubernante
2675 3722 2899 3775 Domino
2937 3732 3121 3773 noswo
3161 3717 3285 3773 Jcsu
3324 3718 3476 3772 Clui-

1908 3828 2012 3882 sto,
2043 3818 2129 3885 qui
2158 3832 2275 3869 cum
2310 3815 2465 3868 Patre
2495 3823 2551 3867 et
2573 3813 2768 3879 Spiritu
2798 3819 2979 3863 sancto
3023 3808 3151 3861 vivit
3192 3818 3245 3862 et
3288 3816 3475 3873 regnat

1914 3909 2053 3963 Deus
2086 3924 2177 3975 per
2204 3906 2380 3959 omnia
2411 3905 2605 3959 saecula
2636 3901 2947 3956 smculormn
2968 3939 2983 3963 ,
3015 3914 3188 3951 amen.

228 4037 3467 4104 Μ

1508 4200 1675 4244 ANNO
1718 4201 1947 4245 DOMINI
1992 4200 2215 4244 DCCLX.

834 4185 909 4599 .
996 4200 2717 4580 cuf’ii‘i‘iiws

1348 4695 1835 4757 CASSINENSIS
1854 4740 1857 4741 ν
1876 4695 2327 4757 MONACHUS.

1056 4896 1998 4975 ADNOTATIUNCULA
2059 4896 2626 4977 HISTORICA.

1347 5089 1506 5149 (Petr.
1538 5090 1667 5138 Diac.
1693 5088 1776 5137 lib.
1802 5091 1866 5138 de
1887 5090 1989 5138 Vir.
2016 5089 2195 5140 lllustr.
2228 5106 2271 5139 c.
2300 5091 2369 5153 '7.)

1784 5197 1925 5211 —

297 5257 597 5328 Cyprianus
626 5258 900 5326 presbyter
929 5259 1026 5312 sub
1058 5258 1350 5313 Petronace
1392 5252 1587 5312 abbate
1612 5253 1663 5313 in
1698 5274 1791 5315 eo-

228 5346 351 5401 dem
388 5344 747 5415 (Cassinensi)
779 5348 1027 5401 cmnobio
1069 5347 1359 5401 monachus
1417 5347 1607 5410 factus,
1639 5348 1703 5403 de
1738 5350 1793 5401 Β.

229 5431 507 5490 Benedicti
540 5435 805 5491 miraculis
839 5438 1090 5504 hymnum
1117 5436 1304 5507 inpius
1342 5436 1624 5490 festiw‘tate
1671 5451 1798 5490 can-

1907 5262 2121 5316 tandum
2152 5260 2454 5328 descripsit.
2479 5256 2684 5312 Claruit
2711 5266 2883 5311 autem
2912 5256 3233 5325 temporibus
3258 5256 3471 5324 Leonis,

1907 5354 2239 5408 Constantini
2266 5362 2318 5406 ct
2363 5336 2512 5405 [rene
2542 5351 2935 5419 imperatorum.
