3914 6236
412 303 548 359 1059

1355 296 1411 351 s.
1454 289 1946 350 CllRODEGANC-l
1986 287 2319 344 screatus
2353 261 2655 343 suscitet

3516 281 3666 341 1060

483 410 820 467 ltttendamus
847 423 975 479 ergo
1004 406 1071 461 ad
1117 405 1216 461 hoc
1262 406 1524 470 animum,
1552 399 1817 481 quantum
1853 413 1975 467 pos-
2000 402 2050 461 Α
2072 392 2195 467 quae
2224 411 2364 452 nunc
2388 397 2650 453 mitis’est
2673 403 2727 451 et
2756 403 3053 464 exspectat,
3083 396 3204 466 post
3227 372 3508 452 steviatad
3538 399 3667 450 vin-

411 517 620 566 sumus,
661 500 783 569 quia
832 515 938 553 non
990 508 1273 566 possumus
1310 503 1569 564 quantum
1597 492 1874 553 debemus,
1923 494 1981 541 et

414 597 596 645 nostra
627 589 728 643 vita
751 594 1048 641 amareseat
1076 583 1131 639 in
1158 581 1495 660 ptenitentia,
1527 595 1595 635 ne
1617 580 1749 639 ultio
1770 576 1973 638 divina,

2047 562 2061 571 ‘
2080 488 2297 557 dictant.

437 719 3655 751 W

1597 828 1990 907 INCIPIT
2050 812 2473 907 BEGULA.

730 968 906 1024 Car-ur
934 979 1153 1018 ration.
1174 991 1245 1005 —-
1268 961 1345 1017 De
1371 962 1679 1016 humilitate.

460 1058 743 1113 V‘Clautat
790 1055 943 1108 nobis
972 1050 1154 1106 divina
1195 1050 1495 1117 Scriptura,
1546 1049 1767 1121 dicens_:
1797 1046 1975 1099 Omnis

410 1151 501 1221 qui
529 1167 581 1204 se
605 1150 790 1204 exultat
811 1146 1181 1223 humiliabimr,
1205 1155 1252 1197 et
1275 1145 1361 1211 qui
1397 1159 1452 1197 sc
1481 1143 1710 1196 humiliat
1736 1138 1980 1195 exaltabi-

411 1251 513 1294 tur.
540 1236 691 1308 (Luc.
727 1253 836 1309 χειν,
870 1237 981 1303 tl).
1009 1237 1276 1297 Quantum
1328 1235 1467 1286 enim
1509 1232 1758 1285 humilior
1787 1229 1971 1294 fueris,

414 1343 617 1387 tantum
647 1341 698 1384 te
727 1322 965 1393 sequitur
985 1326 1167 1390 gloriae
1195 1323 1419 1377 altitudo
1444 1321 1627 1391 (Prov.
1663 1336 1813 1383 xxix,
1842 1319 1935 1387 25)
1960 1334 1976 1371 :

410 1434 467 1485 et
501 1424 621 1491 quia
668 1418 911 1488 Superbis
943 1415 1075 1468 Dens
1115 1414 1323 1476 resistit,
1369 1411 1643 1465 humilibus
1681 1418 1847 1462 autem
1889 1410 1977 1461 dat

410 1516 626 1586 gratiam
658 1510 798 1581 (Jac.
835 1523 907 1572 tv,
939 1507 1034 1572 6);
1064 1505 1348 1571 omnisque
1392 1515 1648 1569 arrogans
1671 1491 1975 1552 immundus

411 1608 500 1659 est
526 1617 704 1658 coram
736 1599 961 1653 Doittl'no
986 1595 1168 1665 (Prov.
1194 1609 1304 1656 XVI,
1331 1591 1413 1650 5).
1444 1591 1573 1645 Nam
1602 1602 1974 1657 quemcunque

415 1693 700 1761 superbum
729 1688 948 1749 videris,
991 1686 1155 1739 lilium
1188 1684 1381 1737 diaboli
1424 1696 1544 1738 esse
1592 1695 1697 1733 non
1730 1680 1971 1743 dubites;

2086 960 2312 1028 sciplina
2343 974 2473 1013 suos
2512 958 2733 1019 ordines
2760 942 3087 1027 custodiant,
3123 970 3178 1017 et
3202 963 3508 1035 ubicunque
3534 968 3659 1026 foe.

2084 1051 2210 1113 rint,
2238 1051 2539 1104 custodiam
2571 1050 2799 1104 habeant
2829 1060 2884 1104 et
2912 1050 3270 1119 disciplinam.

2080 1139 2261 1194 (Sapor
2303 1140 2386 1194 lll.
2411 1170 2480 1182 -
2510 1140 2583 1191 De
2604 1157 2659 1192 eo
2698 1144 2834 1207 quod
2876 1142 2929 1193 in
2977 1126 3343 1212 congregandis
3389 1149 3658 1207 canonicis

2401 1213 2579 1263 modus
2609 1212 2922 1263 discretionis
2955 1219 3197 1267 tenendus
3232 1217 3318 1283 sit.

2156 1299 2503 1352 cCavendum
2552 1314 2891 1364 stnunmperc
2949 1301 3246 1370 prurposi’tis
3293 1314 3349 1359 et
3414 1308 3660 1375 praelatis

2082 1389 2337 1445 Ecclesia:
2368 1400 2451 1444 est
2478 1404 2529 1442 ut
2557 1391 2610 1444 in
2640 1390 2895 1445 Ecclesiis
2923 1394 3024 1446 Sibi
3053 1395 3357 1451 commissis
3387 1413 3505 1451 non
3526 1396 3651 1465 plu-

2085 1498 2175 1536 res
2199 1483 2486 1535 admittant
2515 1483 2737 1557 clericos
2764 1498 2919 1551 quam
2971 1486 3103 1537 ratio
3149 1486 3295 1553 sinit,
3337 1498 3393 1543 et
3420 1489 3655 1546 facultas

2081 1570 2342 1626 Ecclesia:
2372 1574 2606 1638 suppetit
2633 1588 2646 1638 ;
2674 1566 2740 1627 ite
2787 1574 2829 1627 si
2858 1574 3036 1643 plures
3068 1576 3353 1632 indiscrete
3393 1595 3663 1654 δεδι-εει-

2079 1661 2277 1725 veriut,
2311 1677 2409 1715 nec
2438 1664 2583 1730 ipsos
2620 1665 2941 1731 gubernare,
2982 1680 3081 1719 nec
3117 1677 3174 1720 ut
3198 1678 3409 1736 Oportet
3436 1672 3656 1728 valeant

415 1737 700 1761 νυνι-νη-
742 1737 865 1743 τ--ρ
996 1737 1020 1739 μ.
1958 1737 1968 1743 ,

412 1795 469 1839 et
489 1794 858 1851 quemcunque
882 1769 1134 1833 humilem
1156 1774 1521 1844 prospexeris,
1547 1771 1641 1827 Dei
1671 1770 1837 1823 lilium
1861 1781 1980 1822 esse

2091 1752 2481 1806 adminiculari.
2510 1753 2645 1807 Sunt
2681 1768 2909 1822 namque
2943 1756 3180 1809 nonnulli
3209 1773 3395 1812 vanam
3420 1762 3652 1830 gloriam

413 1874 637 1929 credere
665 1860 849 1923 debes.
882 1866 956 1919 De
983 1865 1164 1921 multis
1184 1854 1324 1915 enim
1356 1873 1522 1929 pauca
1546 1858 1975 1928 perstringimus,

413 1971 473 2017 ut
500 1975 686 2015 omnes
718 1958 962 2012 homines
988 1954 1052 2007 ad
1083 1967 1321 2005 amorem
1373 1949 1684 2003 humilitatis
1727 1960 1978 2015 provoce-

418 2067 561 2115 mus,
600 2059 653 2103 et
692 2045 1058 2101 detestabilem
1111 2043 1485 2106 iuimicamque
1533 2038 1628 2092 Dei
1676 2035 1977 2105 superbiam

418 2142 488 2197 ab
515 2141 592 2195 eis
619 2140 990 2205 retraliamus;
1022 2147 1143 2186 nam
1171 2132 1295 2185 dum
1317 2144 1476 2184 omne
1501 2140 1669 2196 genus
1692 2126 1977 2177 humanum

412 2231 766 2289 humilitatem
802 2226 999 2279 habere
1024 2220 1313 2291 convenit;
1344 2217 1502 2271 nimis
1534 2214 1770 2284 iniquum
1815 2213 1981 2283 pessi-
2010 2254 2011 2257 η

408 2335 658 2388 tuumque
690 2333 750 2373 ac
778 2312 1093 2370 detestabile
1119 2319 1205 2366 est
1229 2319 1287 2362 ut
1313 2308 1402 2377 qui
1434 2306 1653 2359 servitio
1686 2302 1780 2355 Dei
1808 2316 1980 2367 pecu.

412 2412 602 2477 liarius
654 2424 713 2464 se
734 2406 1046 2475 junxerunt,
1095 2400 1456 2456 humilitatem
1498 2396 1775 2462 derelinqtt
1834 2402 1890 2457 ιι,
1928 2400 1982 2445 et

420 2504 683 2574 superbiai
709 2498 1000 2553 diabolica:
1032 2510 1093 2549 se
1139 2494 1364 2547 socient.
1407 2478 1655 2563 Christus
1686 2488 1740 2541 in
1768 2484 1979 2539 humili-

414 2606 545 2664 tate,
575 2592 816 2648 diabolus
848 2590 899 2641 in
928 2583 1185 2654 superbia
1201 2583 1375 2635 sedet.
1448 2590 1449 2593 ‘

481 2683 682 2736 Idcirco
727 2691 946 2733 necesse
974 2680 1057 2728 est
1093 2681 1149 2724 ut
1176 2671 1287 2739 qui,
1323 2666 1581 2721 suadente
1610 2662 1845 2726 diabolo,
1882 2676 1976 2714 us-

411 2788 514 2845 que
562 2784 704 2825 nunc
751 2766 1011 2834 superbus
1059 2774 1219 2829 atque
1264 2760 1456 2822 elatus,
1503 2768 1557 2810 et
1588 2756 1732 2807 vultu
1776 2753 1979 2822 rigidus

410 2840 568 2921 vixit,
602 2858 711 2910 Deo
743 2852 1055 2912 austliante,
1100 2845 1572 2915 periltumilitatem
1610 2850 1770 2907 atque
1799 2840 1976 2893 citari—

412 2960 599 3012 tatem,
644 2953 735 2999 aut
775 2941 1160 3002 obedientiam,
1212 2950 1307 2988 seu
1341 2949 1434 3003 per
1461 2932 1667 2998 reliqua
1716 2931 1851 2983 bona
1880 2924 2007 2985 Dti‘

414 3047 703 3111 praecepta,
733 3040 1001 3101 resurgat,
1030 3014 1152 3095 quia
1184 3028 1412 3080 multum
1445 3021 1635 3076 melius
1659 3032 1743 3075 est
1772 3036 1863 3088 per
1881 3022 1981 3077 ltu-

412 3129 693 3184 militatem
743 3138 863 3176 cum
895 3121 1110 3174 Christo
1159 3120 1210 3168 in
1262 3128 1424 3181 regna
1468 3115 1703 3173 celestis
1750 3124 1974 3177 regnare

412 3233 571 3289 quam
603 3229 723 3269 cum
754 3212 971 3267 diabolo
1008 3224 1105 3277 per
1140 3205 1446 3274 Superbiam
1492 3201 1546 3255 in
1592 3200 1857 3254 infernum
1888 3199 1983 3252 de-

416 3320 685 3376 mergere.

411 3398 592 3453 Cum
636 3393 703 3448 ll.
725 3388 893 3443 —-‘-De
924 3390 1099 3442 ordine
1143 3385 1546 3456 congregationis
1596 3382 1979 3436 canonicorum.

494 3488 518 3525 δ
540 3486 768 3561 Ordines
788 3496 915 3536 suos
942 3480 1181 3533 canonici
1207 3478 1275 3530 ita
1299 3486 1635 3539 conservent,
1658 3486 1725 3529 ut
1747 3476 1979 3530 ordinati

372 3584 373 3587 “
419 3589 545 3633 sunt
575 3578 627 3631 in
662 3556 913 3645 gradibus
939 3571 1073 3639 suis,
1106 3560 1400 3625 secundum
1436 3568 1726 3637 legitimam
1768 3550 1983 3621 institu-

415 3670 616 3722 tiooem
641 3663 893 3718 Romana:
924 3662 1199 3724 Ecclesiae,
1233 3662 1285 3712 in
1310 3661 1553 3727 omnibus
1581 3658 1980 3723 omniuo‘iocis,

419 3756 472 3812 id
503 3764 607 3818 est,
658 3756 706 3806 in
740 3752 1001 3814 Ecclesia,
1054 3750 1136 3801 vel
1186 3747 1492 3813 ubicunque
1540 3747 1697 3800 simul
1747 3762 1805 3800 se
1849 3760 1981 3799 coa-

413 3846 711 3917 junxcrint,
749 3850 803 3895 et
854 3842 992 3893 ratio
1025 3846 1273 3907 prastat;
1315 3837 1553 3903 exceptis
1588 3837 1670 3889 his
1700 3850 1832 3904 quos
1863 3837 1978 3902 epi-

419 3948 611 4004 scopus
641 3934 694 3985 in
722 3930 911 3990 altiore
940 3928 1105 3996 gradu
1131 3926 1616 3991 constituerit,’aut
1646 3924 1983 3993 degradave-

416 4030 508 4092 rit,
539 4028 700 4083 certis
729 4027 796 4080 de
837 4024 1035 4087 causis,
1066 4021 1253 4089 reliqui
1290 4032 1501 4079 omnes,
1535 4017 1878 4084 utdiximus,
1911 4016 1980 4069 ita

414 4130 472 4175 ut
490 4115 725 4173 ordinati
753 4103 1144 4177 suun-ordines
1171 4124 1298 4165 suos
1321 4109 1647 4163 custodiant.

484 4206 731 4261 Iuniores
779 4202 941 4271 igitur
997 4204 1206 4268 priores
1253 4212 1378 4253 suos
1429 4195 1721 4258 honorent,
1774 4193 1980 4263 priores

417 4298 649 4352 minores
693 4308 818 4347 suos
848 4291 900 4343 in
935 4290 1099 4344 Deum
1125 4288 1376 4356 diligant.
1426 4287 1481 4339 ltt
1517 4286 1755 4352 ipsorum
1803 4297 1979 4337 autem

2078 1842 2145 1895 ab
2200 1842 2509 1896 hominibus
2569 1851 2864 1910 captantes,
2916 1848 3006 1911 qui
3074 1845 3464 1907 itmumerosaot
3514 1854 3653 1908 cleri

2077 1933 2537 2000 congregationem
2574 1934 2757 1987 volunt
2788 1931 3019 1996 habere,
3058 1935 3142 1987 cui
3174 1951 3273 1990 nec
3298 1939 3521 2005 anima),
3544 1956 3654 1997 nec

2077 2022 2316 2109 corporis
2362 2034 2551 2077 curant
2600 2023 2789 2077 solatia
2831 2024 3105 2078 exhibere.
3147 2026 3211 2080 lli
3257 2044 3485 2097 namque
3510 2047 3655 2100 qua—

2082 2112 2198 2167 liter
2230 2110 2527 2181 ‘aggregati,
2558 2113 2681 2166 dum
2729 2130 2756 2165 a
2781 2115 3012 2181 praelatis
3040 2114 3303 2183 stipendia
3336 2121 3651 2178 necessaria

2080 2217 2185 2257 non
2232 2204 2521 2275 accipiunt,
2567 2218 2744 2272 neque
2773 2202 3095 2275 canonicum
3124 2217 3341 2262 servant
3377 2212 3648 2278 ordinem,

2080 2306 2178 2346 nec
2224 2292 2418 2346 divinis
2467 2292 2656 2347 ol'liciis
2709 2295 2977 2362 insistunt,
3025 2295 3256 2350 claustra
3304 2300 3654 2355 societatem-

2080 2396 2184 2450 que
2230 2393 2548 2437 caeterorum
2608 2383 3007 2452 relinquentes,
3072 2384 3373 2439 eittciuntur
3427 2391 3544 2459 vagi
3591 2400 3655 2444 et

2078 2473 2283 2559 lascivi,
2317 2475 2454 2545 gula:
2496 2482 2550 2527 et
2596 2473 2867 2538 ebrietati,
2918 2483 2971 2527 et
2997 2477 3209 2529 exteris
3255 2480 3366 2530 suis
3410 2479 3655 2546 volupta-

2082 2565 2221 2621 tibus
2263 2565 2452 2629 dediti,
2498 2562 2756 2634 quidquid
2804 2565 2903 2624 sibi
2953 2564 3235 2619 inhibitum
3274 2576 3380 2633 est,
3439 2570 3654 2625 licitum

2080 2652 2299 2709 faciunt.
2470 2700 2473 2703 .
2810 2684 2813 2687 λ

2152 2743 2381 2799 Proinde
2411 2746 2710 2814 prtepositis
2730 2728 2971 2801 solerter
3022 2746 3405 2813 providendum
3454 2756 3539 2804 est
3588 2761 3653 2805 ut

2084 2839 2137 2891 in
2168 2837 2270 2890 ltoc
2301 2839 2513 2905 negotio
2541 2838 2757 2889 modum
2780 2837 3118 2891 discretionis
3146 2847 3382 2903 teneant,
3413 2841 3643 2907 scilicet,

2083 2941 2141 2987 ut
2178 2947 2276 2987 nec
2307 2930 2425 3001 plus
2470 2945 2627 3000 quam
2676 2940 2904 2996 oportet,
2958 2942 3011 2984 et
3040 2932 3363 2998 possibilitas
3394 2914 3651 2996 Ecclesiae

2084 3024 2338 3093 suppetit,
2370 3024 2422 3078 in
2450 3023 2858 3095 congregatione
2886 3021 3210 3088 admittant;
3243 3037 3341 3076 nec
3368 3038 3483 3089 eos,
3512 3037 3654 3092 quos

2085 3116 2473 3170 rationabiliter
2497 3104 2813 3183 gubernare
2830 3122 3070 3183 possunt,
3096 3127 3254 3167 causa
3273 3114 3525 3167 avaritia:
3551 3117 3653 3167 ab-

2078 3206 2287 3276 jiciattt.
2986 3250 2990 3253 γ
3259 3198 3265 3202 ’

2082 3317 2261 3398 Cum:
2303 3315 2388 3369 IV.
2418 3344 2484 3355 —-—
2508 3314 2582 3396 De
2602 3330 2658 3367 eo
2680 3314 2814 3393 quod
2842 3330 2940 3393 non
2967 3314 3336 3398 dfbcnt'clerici
3436 3330 3655 3381 congre.

2152 3387 2355 3457 gatione
2378 3385 2643 3456 canonica:
2657 3386 2913 3457 constituti
2941 3384 3195 3457 stipendia
3221 3385 3481 3453 super/tua
3504 3386 3652 3439 acci-

2155 3454 2294 3524 pere,
2324 3465 2411 3507 aut
2441 3454 2656 3521 exigere,
2684 3454 2769 3507 sed
2798 3455 3102 3506 necessaria.

2154 3566 2541 3622 “Sanctorum'
2572 3564 2784 3619 Patrum
2831 3564 3110 3635 sententia:
3162 3563 3356 3617 docent
3418 3565 3649 3618 clericos

2085 3673 2190 3713 non
2230 3657 2533 3710 divitiarum
2582 3662 2876 3707 sectatores
2918 3667 3060 3716 esse,
3115 3666 3216 3706 nec
3263 3667 3352 3707 res
3384 3653 3654 3706 Ecclesia-

2085 3763 2199 3801 rum
2234 3745 2531 3799 inofticiose
2555 3744 2797 3810 accipere
2819 3743 3039 3795 debere.
3071 3740 3197 3795 Inde
3222 3741 3351 3794 dicit
3378 3742 3604 3808 Prosper
3628 3759 3648 3793 :

2070 3855 2123 3899 ρ(
2151 3835 2291 3900 °Qui
2334 3834 2585 3887 Ecclesia:
2632 3833 2897 3895 serviunt,
2946 3840 2997 3884 et
3034 3844 3099 3883 ea
3147 3832 3339 3898 quibus
3364 3844 3497 3905 Opus
3538 3844 3649 3883 non

2088 3927 2306 3991 habent,
2340 3933 2431 3978 aut
2476 3925 2704 3979 libenter
2749 3923 3039 3991 accipiunt,
3080 3931 3170 3974 aut
3218 3922 3457 3988 exigunt,
3485 3922 3653 3974 tumis

2086 4014 2372 4069 carnaliter
2420 4014 2669 4079 sapiunt;
2700 4011 2977 4079 indignum
3009 4012 3202 4077 quippe
3252 4019 3357 4073 est,
3390 4009 3435 4060 si
3474 4008 3653 4062 ﬁdelis

2083 4116 2139 4160 et
2167 4120 2387 4173 operosa
2417 4104 2636 4158 devotio
2683 4104 2995 4155 clericorum
3045 4111 3263 4168 propter
3316 4100 3648 4166 stipendium

2086 4198 2344 4253 steculare
2374 4192 2597 4263 praemia
2641 4192 2965 4262 sempiterna
3013 4174 3339 4244 contemnat.
3370 4208 3389 4240 ι
3418 4188 3485 4243 Ut
3514 4189 3649 4256 quid

2085 4289 2275 4355 accipit
2321 4288 2460 4341 unde
2517 4286 2773 4338 rationem
2825 4274 3173 4351 rcddatiUt
3224 4279 3347 4346 quid
3410 4279 3648 4347 peccatis

417 4386 766 4456 appellatione
796 4382 1069 4436 nominum
1123 4379 1255 4433 nulli
1306 4378 1464 4431 liceat
1506 4377 1667 4430 alium
1701 4390 1833 4444 puro
1882 4389 1979 4426 no-
2008 4400 2059 4456 ι)
2088 4379 2273 4433 alienis
2301 4384 2393 4430 sua
2435 4372 2781 4439 multiplicat?
2811 4371 2961 4426 Unde
3000 4384 3217 4424 necesse
3268 4371 3371 4421 into
3402 4369 3532 4422 utile
3564 4379 3652 4423 est

418 4480 562 4533 mine
589 4478 877 4543 appellare,
904 4473 1021 4539 sed,
1055 4470 1349 4525 secundum
1392 4468 1828 4521 constitutionem
1857 4480 1980 4519 sau-

423 4578 522 4622 cta:
551 4567 691 4620 sedis
719 4565 1049 4631 apostolicae,
1078 4571 1231 4614 vocet
1254 4575 1375 4627 eum
1401 4572 1597 4625 nomen
1622 4552 1798 4622 suum,
1834 4554 1982 4622 prius

420 4658 607 4710 addito
628 4665 681 4708 et
710 4652 993 4707 ministerii
1038 4652 1119 4704 sui
1165 4649 1351 4718 gradu,
1381 4650 1768 4717 qualiscunque
1804 4649 1981 4701 fuerit.

426 4748 739 4813 Ubicunque
755 4759 812 4796 se
836 4741 1143 4796 obx‘iaverit
1169 4741 1365 4802 clerus,
1388 4737 1569 4805 iunior
1592 4737 1897 4801 inclinetur,
1930 4748 1984 4792 et

426 4855 456 4893 a
484 4838 663 4905 priore
705 4832 1133 4887 benedictionem
1171 4839 1347 4897 petat;
1379 4835 1434 4880 et
1456 4828 1498 4879 si
1539 4826 1810 4880 sedentem
1842 4828 1985 4880 inve-

430 4929 589 4993 nerit,
622 4933 937 4981 transeunte
970 4920 1173 4989 majore
1203 4920 1381 4972 mittor
1400 4925 1601 4985 surgat,
1629 4926 1683 4969 et
1713 4916 1805 4969 det
1833 4916 1879 4968 ei
1911 4917 1987 4967 lo-

427 5035 548 5074 cum
579 5016 819 5076 sedendi,
854 5028 948 5066 nec
977 5006 1462 5077 praesumatjuni‘or
1493 5006 1786 5059 consedere
1812 5005 1911 5056 nisi
1937 5004 1987 5057 ei

428 5108 697 5175 praecipiat
742 5105 925 5156 senior
956 5114 1117 5162 suus;
1158 5108 1219 5149 ut
1261 5096 1351 5148 ﬁat
1395 5095 1535 5164 quod
1568 5094 1822 5159 scriptum
1868 5101 1985 5145 est:

431 5198 637 5250 Honore
677 5195 883 5246 invicem
910 5190 1267 5259 praocnientcs
1296 5186 1472 5257 (Rom.
1504 5185 1623 5251 stt).
1655 5183 1809 5235 Pueri
1842 5182 1987 5249 parvi

426 5298 478 5340 et
506 5288 893 5365 adolescentes,
923 5284 975 5335 in
1006 5280 1261 5344 oratorio,
1295 5286 1391 5330 aut
1417 5277 1484 5328 ad
1515 5275 1726 5336 missas,
1759 5288 1878 5325 cum
1910 5272 1989 5323 di-

436 5457 441 5461 ’
500 5466 522 5491 ⁸·
551 5456 727 5511 Sancti
762 5452 1019 5519 Benedicti
1052 5450 1181 5519 Reg.
1211 5448 1318 5501 c.~.'i
1338 5485 1351 5498 .

500 5526 524 5563 δ
552 5525 626 5576 Ex
656 5513 775 5588 cap.
807 5521 872 5571 (53
906 5522 1118 5587 Regula:
1133 5511 1323 5588 "sancti
1366 5511 1659 5588 benedicti.
1862 5542 1957 5588 ΜΣ

501 5608 520 5629 ε’
553 5576 680 5658 Cap.
710 5576 850 5645 istud
888 5576 1066 5641 ,ali'evt't.
1108 5587 1306 5639 Concil.
1366 5584 1686 5649 Aqungran.
1737 5592 1823 5629 an.
1860 5576 1984 5633 816,

426 5679 475 5718 c.
512 5665 631 5718 iis.

2082 4469 2295 4522 clericis
2334 4466 2388 4521 itt
2428 4461 2799 4518 ecclesiaSticis
2825 4461 3121 4527 sumptibus
3145 4458 3462 4525 accipiendis
3490 4472 3650 4511 Suum

2085 4560 2254 4612 vitare
2284 4554 2596 4624 periculum.
2630 4551 2861 4605 Proinde
2890 4562 2996 4602 tam
3028 4548 3095 4619 de
3112 4550 3228 4602 'suis
3256 4563 3412 4615 quam
3442 4546 3513 4599 de
3546 4547 3653 4599 Ec-

2084 4650 2260 4702 etesia:
2292 4645 2627 4699 facultatibus
2677 4658 2779 4695 non
2830 4641 2943 4707 plus
2995 4636 3259 4705 accipiant
3311 4647 3404 4689 aut
3434 4628 3657 4703 exigant

2086 4755 2240 4807 quam
2287 4746 2526 4803 oportet;
2573 4733 2622 4786 id
2672 4730 2972 4799 accipient:
3000 4728 3197 4791 cibum,
3240 4736 3442 4793 potum,
3486 4734 3658 4794 atque

2086 4830 2478 4883 vestimentum,
2523 4834 2576 4876 et
2628 4822 2711 4873 his
2739 4818 2974 4872 contenti
3018 4815 3157 4880 sint;
3222 4815 3458 4883 tte,'plus
3502 4814 3657 4869 acci-

2088 4915 2369 4987 pientes,'
2426 4927 2680 4982 pauperes
2751 4921 2979 4976 gravare
3055 4904 3357 4958 videantur;
3418 4922 3438 4954 ι
3476 4902 3659 4960 “Sina

2087 5008 2273 5078 grandi
2317 5014 2535 5073 peccato
2565 5017 2668 5055 non
2700 5000 2993 5068 accipiunt,
3022 4996 3163 5061 unde
3187 5009 3389 5063 pauper
3414 4997 3660 5052 victurus

2089 5110 2222 5156 erat.
2255 5119 2272 5149 ο
3526 5158 3531 5159 7

2160 5193 2224 5244 lli
2254 5205 2381 5241 vero
2410 5188 2497 5255 qui
2528 5200 2625 5239 nec
2663 5185 2772 5237 suis
2800 5182 2963 5236 rebus
2990 5180 3282 5241 abundant,
3328 5191 3428 5229 nec
3459 5176 3659 5230 Eccle-
3696 5201 3702 5209 -

2092 5283 2184 5336 sia:
2221 5280 2416 5335 habent
2447 5276 2833 5347 possessiones,
2878 5282 2933 5326 et
2961 5282 3203 5339 magnam
3237 5266 3530 5320 utilitatem
3560 5265 3665 5320 Ec-

2167 5452 2189 5490 δ
2216 5452 2421 5505 Concil.
2455 5463 2607 5516 supra
2643 5447 2758 5505 cit.,
2790 5459 2840 5496 c.
2862 5442 2999 5516 ηο.

2173 5536 2193 5555 ε·
2226 5503 2436 5588 i’rosp.v,
2465 5503 2672 5588 de'iiita
2703 5503 2995 5588 co_tttemp.,
3029 5509 3064 5560 l.
3097 5520 3153 5566 tt,
3188 5520 3238 5557 c.
3273 5503 3356 5558 lt).

2177 5593 2191 5627 ί
2223 5582 2432 5656 Prosp.,
2455 5586 2606 5648 ibid.,
2638 5598 2685 5635 c.
2718 5582 2802 5633 Η.
