3926 6330
422 284 547 340 lolii

1606 278 1879 333 ltEliULA
1921 234 2421 333 CANUNICUliUM.

3493 282 3625 337 10153

418 401 591 454 clesia:
637 400 942 461 conferunt,
993 395 1259 461 accipient
1289 397 1341 448 in
1384 396 1633 448 canonica
1677 409 1962 461 congregn-
1999 401 2039 451 Λ
2070 409 2183 445 rum
2208 395 2419 446 Patrum
2449 394 2614 461 possit
2644 398 2874 466 [quoquo
2898 400 3053 453 modo
3080 403 3333 451 sancitum
3360 396 3616 472 reperiri].

418 492 561 543 tione
606 488 800 541 victum
854 496 907 541 et
963 488 1355 549 vesﬂmentuin,
1413 495 1465 537 et
1508 486 1965 550 eleeinosynaruin

422 590 612 647 partes,
642 579 762 647 quia
810 578 877 630 de
908 575 1098 647 talibus
1148 575 1200 626 in
1253 575 1388 628 libro
1437 572 1681 641 Prosperi
1735 572 1967 624 dicitur:

423 687 444 724 ι
469 667 654 722 Clerici
681 684 815 735 quos
850 668 1089 719 voluntas
1119 673 1207 717 aut
1251 664 1500 717 nativitas
1536 678 1795 732 pauperes
1824 663 1971 727 fecit,

420 758 471 809 in
528 758 936 825 congregatione
985 754 1245 816 viventes,
1302 755 1600 806 necessaria
1654 753 1775 805 vita:
1830 753 1973 803 acci-
2012 750 2029 757 ’

422 845 587 910 pient,
618 844 737 911 quia
766 843 835 893 ad
863 856 923 894 ea
954 840 1257 909 accipienda
1290 856 1397 893 non
1440 855 1530 891 eos
1576 839 1801 892 habendi
1835 838 1977 890 ducit

420 932 719 999 cupiditas,
772 931 864 985 sed
920 934 1063 998 cogit
1128 932 1335 984 vivendi
1393 931 1701 985 necessitas.
1734 949 1751 980 ι
1810 930 1975 982 Porro

421 1020 465 1071 si
501 1019 631 1073 tales
672 1020 886 1084 fuerim,
914 1021 1003 1089 qui
1054 1035 1151 1083 nec
1197 1035 1339 1089 snas,
1394 1035 1488 1073 nec
1518 1021 1764 1074 Ecclesia:
1812 1021 1975 1072 velint

425 1111 620 1165 habere
666 1114 1063 1178 possessiones,-
1103 1111 1295 1164 horum
1348 1111 1751 1165 necessitatibus
1798 1111 1973 1177 provi-

422 1200 729 1254 dentiSsirna
777 1202 1162 1269 gubernatione
1214 1202 1280 1253 de
1326 1200 1670 1253 facultatibus
1726 1199 1976 1253 Ecclesia:

427 1290 621 1343 debent
676 1291 955 1343 subvenire
1010 1290 1234 1358 praelati,
1278 1292 1613 1357 attendentes
1666 1290 1791 1342 illud
1847 1289 1977 1342 Pro-

425 1378 563 1449 speri
597 1397 607 1430 :
642 1398 658 1429 ι
692 1389 714 1415 ι
739 1379 889 1443 Quod
940 1379 1118 1442 habet,
1172 1380 1358 1455 inquit,
1391 1381 1455 1431 de
1487 1379 1823 1431 facu‘tatibus
1872 1377 1974 1430 Ec-

410 1466 626 1529 clesiae,
657 1482 777 1518 cum
809 1468 1054 1521 omnibus
1077 1467 1206 1520 nihil
1238 1468 1547 1521 habentibus
1577 1482 1855 1519 commune
1882 1468 1974 1519 ha-

424 1558 565 1610 beat.
601 1574 620 1606 ι
666 1558 771 1611 Sed
813 1567 862 1609 ct
891 1558 1101 1609 illorum
1131 1573 1312 1625 curam
1352 1573 1535 1625 gerere
1585 1556 1801 1621 debent,
1845 1569 1976 1623 quos

428 1655 513 1698 aut
565 1646 863 1711 infirmitas,
909 1656 999 1699 aut
1035 1658 1280 1706 senectus
1321 1655 1595 1713 aggravat,
1637 1661 1768 1713 quos
1814 1644 1972 1698 etiam

426 1735 775 1799 constatolim
808 1740 860 1787 in
889 1735 1202 1787 utilitatibus
1236 1736 1484 1788 Ecclesia:
1517 1738 1827 1786 desudasse.

425 1820 599 1876 Cum
642 1820 797 1874 V.—
826 1822 900 1874 De
938 1822 1017 1874 his
1043 1825 1131 1889 qui
1175 1824 1227 1875 in
1272 1825 1653 1892 congregatione
1694 1822 1973 1892 sibircom-

2048 482 2165 534 -Est
2198 499 2386 550 nempe
2416 485 2726 539 rationabile
2752 490 3053 553 iustumque
3091 502 3265 539 coram
3303 487 3407 537 lien
3442 495 3493 536 et
3524 488 3619 533 lm-

2075 573 2322 635 minihus,
2348 582 2404 625 ut
2442 575 2491 626 in
2535 572 2843 642 unaquaque
2870 582 3121 631 canonica
3169 576 3567 644 congregatione
3596 588 3624 624 a

2074 660 2291 713 minimo
2318 677 2481 729 usque
2509 661 2573 715 ad
2604 663 2886 715 maximum
2914 665 3087 717 cibum
3130 675 3182 717 et
3212 676 3384 727 potum
3414 662 3622 729 wqiiali-
3650 708 3655 715 ,

2077 761 2155 806 ter
2184 751 2476 818 accipiant;
2506 752 2555 804 hi
2584 753 2827 806 videlicet
2868 755 2957 820 qui
3002 762 3213 820 propter
3237 752 3457 817 aliquam
3491 748 3627 801 utili-

2078 852 2236 899 tatem
2263 842 2313 893 in
2346 856 2571 895 nurnero
2593 845 2966 909 can‘onicorum
2992 842 3183 895 fuerint
3202 842 3433 894 admissi.
3454 842 3622 905 Quan«

2074 946 2229 997 quam
2275 932 2415 983 enim
2464 932 2699 998 plerique
2750 932 3079 985 subditorum
3123 947 3149 982 a
3203 930 3429 996 praelatis
3472 932 3626 981 rebus

2075 1022 2396 1087 quibuslibet
2425 1020 2543 1073 aliis
2571 1023 2685 1089 plus
2712 1024 2920 1076 caeteris
2948 1022 3135 1076 merito
3158 1024 3327 1074 solent
3356 1018 3625 1083 honorari,
3650 1006 3666 1019 ’

2074 1111 2127 1163 in
2152 1110 2247 1163 hac
2272 1120 2444 1165 tamen
2467 1114 2735 1174 societate,
2770 1112 2970 1164 reclusa
3000 1124 3339 1176 personarum
3363 1109 3627 1175 acceptiu-
3678 1142 3685 1155 ς

2078 1214 2161 1263 ne,
2188 1213 2291 1251 una
2320 1199 2472 1251 debet
2499 1198 2602 1251 cibi
2628 1208 2680 1251 et
2710 1208 2865 1267 potus
2888 1199 3161 1265 aequalitas
3183 1212 3322 1250 esse.

2268 1290 2442 1345 CAPUT
2464 1290 2680 1345 Vlll.-——
2708 1291 2779 1344 De
2802 1307 3038 1344 mensura
3069 1290 3165 1343 cibi
3192 1299 3240 1343 et
3267 1300 3433 1356 potus.

2154 1377 2411 1445 fQuando
2432 1380 2603 1433 clerus
2631 1396 2732 1433 una
2762 1390 2852 1432 aut
2879 1381 2995 1432 bina
3022 1380 3134 1431 vice
3163 1382 3213 1431 in
3241 1375 3629 1447 dierelicit,ac-

2076 1470 2234 1535 cipiat
2278 1483 2306 1519 a
2348 1468 2549 1521 minore
2588 1484 2756 1535 usque
2783 1468 2849 1521 ad
2881 1469 3165 1521 maximum
3207 1478 3429 1535 quatuor
3468 1467 3627 1520 libras

2084 1563 2270 1629 panis,
2303 1570 2356 1614 et
2382 1563 2591 1628 quando
2623 1561 2703 1614 bis
2732 1561 2783 1613 in
2813 1559 2897 1614 die
2922 1559 3115 1622 reiicit,
3158 1560 3476 1628 pulmentum
3506 1572 3629 1611 vero

2078 1650 2149 1702 ad
2197 1659 2436 1712 sextam,
2487 1664 2642 1702 unam
2701 1638 3137 1703 ministrationcui
3191 1646 3258 1701 de
3301 1661 3459 1701 carne
3496 1648 3629 1701 inter

2005 1722 2051 1807 β
2076 1740 2242 1802 duos;
2274 1752 2326 1793 et
2349 1740 2394 1792 si
2424 1740 2621 1792 cibaria
2650 1739 2749 1792 alia
2785 1754 2885 1792 una
2925 1741 3203 1805 accipient,
3232 1746 3284 1792 et
3306 1738 3497 1792 cibaria
3522 1753 3627 1791 non
3694 1738 3699 1743 ”

2085 1827 2335 1890 habeant,
2362 1838 2484 1880 tunc
2509 1828 2642 1881 duas
2675 1828 3087 1880 ministrationes
3111 1827 3176 1879 de
3204 1841 3361 1879 carne
3387 1825 3628 1879 habeant.

493 1892 686 1953 missa,
739 1893 1050 1943 solummodo
1105 1908 1170 1944 ea:
1222 1894 1420 1959 familia
1457 1891 1719 1944 Ecclesia:
1770 1891 1976 1944 clericos

497 1972 770 1991 ηηη.ηηηη,

2091 1914 2163 1978 Ad,
2196 1928 2403 1989 comam
2454 1924 2632 1968 autem
2690 1924 2780 1967 aut
2827 1930 2979 1991 unam
3027 1916 3466 1967 ministratiunem
3498 1917 3632 1967 inter

495 1972 789 2027 agyregant.

492 2047 518 2084 δ
543 2050 675 2102 Sunt
698 2049 934 2103 nonnulli
959 2050 1049 2117 qui
1075 2058 1274 2103 tantum
1298 2065 1359 2103 ex
1385 2048 1583 2102 familia
1612 2040 1977 2102 ecclesiastica

435 2136 660 2192 clericos
705 2140 756 2191 in
787 2138 888 2191 sibi
935 2139 1234 2192 commissis
1260 2149 1584 2207 congregant
1617 2138 1865 2192 Ecclesiis
1888 2155 1902 2202 ;
1928 2147 1982 2191 et

431 2229 530 2282 hoc
562 2229 681 2281 ideo
723 2227 900 2282 facere
932 2228 1194 2296 videntur,
1228 2240 1286 2281 ut
1333 2233 1377 2282 si
1406 2231 1619 2295 quando
1648 2231 1726 2283 eis
1776 2222 1979 2295 aliquid

428 2318 818 2375 incommodum
848 2317 1089 2381 fecerint,
1112 2330 1198 2372 aut
1227 2318 1493 2387 stipendia
1524 2330 1820 2387 opportuna
1853 2317 1977 2370 sub-

422 2407 875 2483 traxerint,‘nihil
906 2408 1261 2477 querimonia:
1284 2408 1470 2461 contra
1503 2424 1561 2462 se
1590 2409 1825 2475 objicere
1848 2422 2021 2476 prce-'-

430 2505 662 2562 sumant,
706 2494 977 2561 timentes,
1007 2495 1236 2562 scilicet,
1267 2511 1333 2551 ne
1362 2506 1451 2550 aut
1478 2484 1836 2550 severissimis
1864 2510 1984 2551 ver-

428 2580 644 2637 boribus
689 2581 1005 2647 afllciantur,
1062 2591 1154 2635 aut
1207 2584 1454 2637 humana:
1508 2583 1747 2638 servituti
1803 2584 1979 2639 denuo

426 2671 712 2725 crudeliter
732 2671 1067 2725 addicuntur.
1324 2740 1327 2745 γ

496 2761 607 2814 Hoc
635 2772 810 2816 autem
840 2778 945 2815 non
981 2763 1115 2817 ideo
1136 2762 1343 2826 dicitur,
1376 2771 1433 2815 ut
1473 2776 1537 2816 es
1582 2761 1776 2816 familia
1807 2761 1987 2817 Eccle-

424 2852 518 2904 sia
547 2849 842 2918 probabiles
870 2854 992 2905 vita:
1013 2853 1062 2904 in
1090 2854 1516 2921 congregatione,
1548 2865 1650 2905 non
1671 2850 1772 2904 sint
1798 2853 1984 2905 admit-

428 2938 593 3006 tendi,
617 2941 909 3007 prmsertim
936 2922 1054 2993 cum
1084 2945 1220 3007 apud
1246 2940 1406 2992 Deum
1430 2956 1532 2992 non
1555 2943 1623 2992 sit
1646 2952 1985 3006 personarum

425 3030 683 3094 acceptio,
714 3029 805 3082 sed
835 3028 1025 3095 pniius,
1058 3039 1114 3080 ut
1144 3036 1354 3096 propter
1396 3043 1552 3096 quam
1593 3030 1862 3082 intulimus
1896 3042 1983 3082 oc-
2011 3039 2056 3101 ε

428 3118 695 3173 casionem
716 3161 729 3181 ,
760 3120 953 3189 nullus
1000 3119 1335 3189 prmlatoruin
1362 3158 1377 3182 ,
1424 3117 1645 3172 seclusis
1691 3118 1949 3171 nobilibus
1968 3155 1983 3181 ,
2010 3137 2013 3141 ·

425 3210 557 3262 viles
577 3220 774 3262 tantum
793 3209 845 3263 in
861 3225 954 3262 sua
984 3210 1392 3279 congregatione
1416 3206 1693 3261 admittant
1722 3221 1985 3276 personas.

426 3300 605 3351 (ἰιρυτ
640 3297 721 3349 γι.
775 3324 846 3337 -—
903 3297 1000 3362 Qui
1040 3299 1205 3349 clerici
1235 3298 1286 3349 in
1330 3300 1713 3365 congregatione
1752 3296 1991 3349 canonica

499 3368 786 3433 constituti,
818 3369 1147 3419 ecclesiastica
1182 3369 1407 3433 accipere
1435 3370 1641 3418 debeant
1670 3367 1938 3433 stipendia.

503 3468 525 3494 ε
548 3456 678 3521 Quia
708 3470 1005 3508 sanetorum
1055 3455 1263 3508 Patrum
1291 3471 1445 3521 supra
1477 3464 1669 3507 notata:
1713 3452 1989 3507 eeiiteiitite

424 3545 624 3599 docent
650 3546 875 3598 clericos
918 3560 1022 3597 non
1052 3545 1348 3598 divitiarum
1377 3554 1666 3597 sectatores
1712 3558 1857 3603 esse,
1892 3556 1989 3595 nec

425 3648 518 3687 res
539 3635 889 3687 Ecclesiarum
917 3634 1208 3688 inofliciose
1248 3640 1487 3698 accipere
1524 3634 1740 3697 debere,
1764 3648 1865 3685 non
1896 3635 1989 3687 abs

426 3730 495 3787 re
536 3725 835 3793 putavimus
884 3726 1130 3779 nonnulla
1176 3710 1400 3791 capitula
1454 3726 1569 3776 libri
1628 3724 1870 3790 Prosperi
1924 3724 1989 3774 ad

428 3816 664 3867 medium
693 3816 915 3881 exempli
947 3829 1101 3867 causa
1140 3814 1419 3881 deducere,
1451 3816 1500 3867 in
1542 3815 1729 3879 quibus
1758 3815 1825 3865 ita
1858 3812 1988 3879 legi-

431 3912 556 3955 tur:
594 3920 612 3953 t
645 3899 670 3936 ἀ
700 3904 796 3968 Qui
842 3901 1092 3956 ECCiCSiJ:
1138 3913 1393 3965 serViunt;
1427 3911 1481 3955 et
1518 3918 1576 3953 ea
1626 3901 1813 3968 quibus
1859 3913 1989 3961 opus

429 4002 539 4041 non
581 3988 791 4052 habent,
822 4001 910 4042 aut
940 3991 1158 4042 libenter
1187 3991 1468 4061 accipiunt,
1510 3998 1599 4042 aut
1641 3992 1872 4054 exigunt,
1906 3986 1990 4039 iii-

431 4078 540 4131 mis
570 4079 843 4132 carnaliter
883 4083 1109 4146 sapiunt.
1149 4097 1166 4131 ι
1200 4079 1325 4131 Item
1374 4079 1442 4132 ibi
1488 4097 1499 4129 2
1560 4096 1577 4127 ς
1634 4080 1770 4132 Satis
1801 4082 1993 4148 quippe

431 4170 706 4238 indignum
738 4180 816 4222 est
852 4172 893 4224 si
924 4171 1089 4224 fidelis
1119 4182 1171 4223 et
1199 4186 1417 4237 operosa
1449 4171 1655 4223 devotio
1683 4171 1988 4224 cteiicorum

433 4274 650 4333 propter
669 4264 982 4330 stipendium
1009 4260 1258 4325 saeculari:
1284 4267 1494 4331 praemia
1520 4258 1835 4330 sempiterna
1864 4278 1991 4317 cono

2079 2003 2235 2068 duos,
2263 2012 2351 2057 aut
2374 2004 2573 2056 cibaria
2597 2003 2693 2056 alia
2728 2003 2971 2055 habeant.
3006 2002 3100 2055 lllo
3130 1998 3388 2069 tempore,
3419 2001 3629 2068 quando

2079 2093 2583 2162 quadragesinialem
2614 2076 2773 2144 vitam
2794 2092 2991 2145 debent
3012 2092 3227 2156 ducere,
3261 2102 3381 2144 tunc
3413 2090 3476 2144 ad
3498 2104 3629 2149 sex—

2084 2194 2186 2236 tam
2235 2186 2369 2235 inter
2393 2182 2529 2235 duos
2556 2182 2780 2236 clericos
2820 2184 3114 2251 portiunem
3144 2182 3213 2235 de
3241 2182 3533 2243 fortnatico,
3575 2191 3631 2234 et

2080 2272 2277 2325 cibaria
2334 2271 2431 2324 alia
2478 2271 2849 2337 accipient-wet
2896 2270 2939 2323 si
2986 2270 3155 2339 pisces
3199 2269 3491 2332 habuerint,
3542 2279 3633 2322 aut

2085 2362 2347 2429 legumen,
2381 2369 2469 2411 aut
2518 2360 2658 2412 aliud
2706 2359 2919 2427 aliquid,
2969 2361 3190 2412 addatur
3219 2370 3269 2411 ct
3301 2362 3539 2423 tertium;
3576 2369 3633 2414 et

2082 2450 2145 2502 ad
2168 2464 2371 2503 caenam
2393 2448 2586 2500 cibaria
2607 2448 2741 2501 inter
2766 2448 2916 2511 duos.
2943 2458 2995 2501 et
3016 2450 3307 2515 porticiiem
3338 2448 3405 2502 de
3434 2450 3628 2501 ferina-

2082 2537 2185 2589 tico
2200 2537 2490 2601 accipient;
2515 2535 2629 2588 etsi
2656 2535 2788 2588 Deus
2812 2537 3036 2599 amplius
3056 2536 3278 2601 dederit,
3300 2552 3415 2589 cum
3434 2537 3632 2604 gratia-

2082 2640 2194 2679 rum
2208 2627 2411 2677 actioue
2427 2626 2697 2692 accipient.
2714 2626 2931 2691 Quando
2948 2639 3121 2678 autem
3141 2626 3190 2679 in
3207 2629 3291 2677 die
3309 2642 3405 2679 una
3419 2628 3633 2681 refectio

2084 2714 2259 2779 fuerit,
2277 2725 2398 2767 tunc
2415 2716 2607 2769 cibaria
2634 2728 2730 2766 una
2749 2713 2881 2767 inter
2903 2714 3051 2779 duos,
3070 2725 3118 2765 et
3144 2718 3432 2782 portionem
3455 2715 3521 2770 de
3539 2714 3635 2767 fur-

2084 2814 2296 2869 tuatco,
2316 2815 2366 2856 et
2395 2802 2824 2856 ministrationein
2854 2803 2919 2857 de
2948 2804 3207 2872 lt'gliltllllc
3235 2813 3324 2856 aut
3351 2806 3490 2856 aliud
3518 2804 3636 2871 pul-

2090 2904 2323 2945 mentum
2367 2891 2643 2959 accipient.
2700 2892 2765 2944 Et
2806 2891 2849 2945 si
2895 2894 3169 2960 contigerit
3213 2894 3350 2959 quod
3382 2890 3470 2943 illo
3498 2907 3637 2944 anno

2086 2984 2289 3051 glandis
2318 2982 2397 3036 vel
2427 2983 2596 3043 fagina
2629 2998 2729 3035 non
2756 2982 2843 3046 sit,
2893 2992 2944 3035 et
2983 2998 3086 3034 non
3110 2981 3309 3045 habent
3336 2982 3470 3035 unde
3496 2983 3631 3033 hanc

2090 3072 2493 3127 mensuram‘de
2527 3085 2685 3124 carne
2724 3070 2991 3137 impleant,
3031 3072 3307 3135 prmvideat
3337 3071 3633 3137 episcopus,

2093 3162 2174 3217 vel
2205 3165 2290 3232 qui
2319 3164 2416 3215 sub
2445 3178 2509 3215 eo
2552 3172 2651 3224 est,
2679 3160 2831 3229 juxta
2884 3164 3017 3230 quod
3038 3144 3206 3215 'Deus
3238 3164 3635 3230 possibilitatem

2088 3249 2310 3311 dederit,
2349 3261 2436 3303 aut
2486 3250 2552 3302 de
2582 3252 3018 3318 quadragesima“
3067 3252 3337 3317 alimento,
3391 3262 3482 3307 aut
3508 3252 3636 3319 alio,

2090 3340 2229 3394 unde
2258 3341 2674 3391 consolationem
2700 3338 2942 3391 habeant.

2157 3438 2223 3492 Et
2274 3430 2542 3491 si'eadem
2571 3438 2714 3507 regio
2758 3439 2979 3492 vinifera
3028 3440 3198 3505 fuerit,
3251 3442 3507 3508 accipiant
3554 3458 3643 3511 pcr

2090 3532 2326 3599 singulos
2356 3531 2469 3583 dies
2501 3531 2731 3598 quinque
2763 3530 2921 3582 libras
2953 3531 3056 3582 viui
3093 3531 3155 3599 (si
3200 3542 3370 3583 tamen
3400 3535 3643 3587 sterilitas

2090 3609 2520 3689 impedimentum
2545 3638 2646 3674 non
2673 3622 2859 3675 fecerit
2887 3620 3183 3691 temporis),
3208 3622 3254 3674 si
3279 3638 3399 3683 vero
3430 3622 3645 3676 vinifera

2090 3714 2243 3781 plena
2274 3730 2374 3764 non
2409 3712 2583 3775 fuerit,
2611 3721 2718 3763 tres
2750 3712 2907 3763 libras
2930 3712 3055 3775 vini,
3081 3727 3132 3764 et
3164 3723 3269 3765 tres
3298 3714 3563 3778 cervisiazg
3595 3723 3647 3766 et

2090 3808 2308 3853 Caveant
2352 3801 2683 3853 ebrietatem.
2714 3801 2768 3852 Si
2812 3816 2935 3852 vero
2982 3800 3261 3869 contigerit
3292 3817 3358 3868 qu
3385 3804 3427 3855 id
3470 3818 3645 3854 vinum

2092 3884 2277 3945 minus
2298 3891 2473 3955 fuerit,
2504 3901 2557 3944 et
2589 3893 2739 3942 istam
2769 3906 3069 3943 mensuram
3113 3884 3411 3959 episcopus,
3446 3893 3523 3944 vel
3555 3894 3640 3962 qui

2091 3982 2189 4035 sub
2217 3997 2279 4033 eo
2305 3992 2403 4046 est,
2439 3982 2655 4046 implere
2706 3996 2807 4032 non
2842 3990 3031 4047 potest,
3058 3980 3205 4046 juxta
3236 3982 3372 4048 quod
3402 3984 3649 4047 prcevalct

2093 4074 2307 4139 impleat
2337 4075 2402 4126 de
2430 4073 2668 4135 cervisia,
2701 4083 2752 4125 et
2791 4073 2866 4124 eis
2890 4074 3299 4125 Consiilatioiicm
3336 4074 3563 4138 faciant;
3592 4084 3650 4127 et

2095 4165 2198 4215 illis
2222 4164 2310 4229 qui
2340 4148 2396 4215 se
2422 4179 2449 4213 a
2484 4162 2603 4215 vino
2632 4162 2896 4213 abstinent
2923 4162 3207 4228 pri-videat
3234 4162 3535 4227 cpiSt'OltUs,
3564 4162 3649 4214 vel

2096 4254 2183 4319 qui
2214 4252 2309 4304 Sub
2338 4266 2401 4304 eo
2429 4262 2530 4312 est,
2558 4258 2613 4302 ut
2643 4259 2839 4302 tantum
2882 4250 3108 4301 habeant
3146 4252 3212 4301 de
3236 4252 3454 4302 cervisia
3483 4266 3652 4317 quau-

434 4362 656 4406 teninat.
705 4370 727 4404 ι
760 4348 884 4406 ltém
918 4353 1024 4405 ibi:
1062 4372 1079 4403 ι
1128 4353 1183 4407 Si
1237 4365 1447 4421 propter
1478 4355 1576 4404 hoc
1614 4367 1716 4404 non
1749 4354 1855 4404 vult
1897 4366 1986 4403 sua

2102 4350 2209 4395 tum
2240 4341 2306 4394 de
2337 4342 2459 4392 vino
2491 4341 2680 4393 habere
2709 4339 3016 4392 debuerant.
3050 4340 3268 4406 Quando
3315 4355 3439 4393 vero
3474 4341 3652 4395 Ecclu-

356 4445 366 4455 '
430 4447 660 4514 quisque
688 4446 981 4514 relaiquere
1004 4488 1017 4511 ,
1073 4456 1127 4499 ut
1169 4448 1358 4500 habeat
1406 4448 1543 4500 unde
1574 4448 1743 4512 vivat,
1779 4455 1832 4500 ut
1869 4447 1992 4515 quid

429 4540 628 4605 accipit
657 4540 792 4591 unde
818 4539 1069 4591 rationem
1099 4539 1317 4591 reddat?
1354 4558 1373 4589 ι

430 4630 616 4684 CAPUT
650 4628 734 4682 VH
755 4658 846 4679 .—
892 4627 969 4681 De
1008 4645 1064 4682 eo
1102 4631 1236 4697 quod
1261 4630 1314 4683 in
1343 4632 1725 4699 congregatione
1753 4631 1995 4683 canonica

707 4698 965 4767 aequaliter
992 4700 1130 4751 cibus
1166 4708 1211 4750 et
1240 4710 1383 4763 potus
1407 4698 1704 4768 arcipiaur.

512 4794 536 4821 ⁸
565 4784 707 4839 Solet
738 4787 787 4837 in
816 4786 1076 4853 plerisque
1105 4788 1477 4839 canonicoruni
1503 4788 1997 4855 congregationibus

434 4874 861 4929 irrationabiliter
887 4885 1042 4943 atque
1080 4875 1365 4929 indiscrete
1404 4876 1514 4929 fieri
1547 4886 1599 4928 ut
1629 4877 1863 4929 nonnulli
1894 4878 1999 4929 cle-

432 4970 560 5038 rici,
588 4953 674 5035 qui
705 4980 758 5021 et
782 4970 980 5022 divitiis
1022 4967 1261 5031 affluant,
1294 4976 1346 5021 et
1374 4978 1464 5021 aut
1508 4985 1689 5036 parum
1738 4979 1826 5022 aut
1872 4969 1997 5023 nihil

432 5044 677 5120 utilitatis
723 5063 970 5116 Ecclesia:
1008 5058 1307 5125 conferunt,
1340 5061 1594 5127 majorem
1638 5062 1842 5113 caeteris
1865 5061 1998 5113 divi-

436 5169 565 5209 num
610 5140 828 5207 strenue
879 5152 1247 5219 pcragentibus
1287 5149 1515 5203 ollicium
1570 5166 1831 5204 annonam
1860 5152 1996 5203 acci-

436 5248 611 5315 piunt,
654 5258 769 5295 eum
819 5242 916 5295 hoc
964 5241 1032 5293 ita
1082 5241 1193 5293 fieri
1240 5241 1433 5293 debere
1475 5257 1737 5310 nunquam
1793 5256 1891 5295 nec
1944 5243 1997 5295 in

437 5334 748 5414 atrotorittite
770 5330 1173 5398 Scripturarum,
1207 5344 1305 5382 nec
1327 5330 1377 5382 in
1404 5330 1770 5385 traditionibus
1792 5340 1995 5384 sancto-

514 5477 538 5502 ιι
565 5462 714 5525 lbid.,
741 5478 790 5515 c.
823 5462 888 5525 9;
921 5462 1011 5515 sed
1043 5463 1209 5514 variat
1236 5471 1438 5517 textus.

516 5533 762 5587 bConcil.
794 5534 1106 5600 Aquisgran.
1138 5546 1187 5584 c.
1217 5531 1338 5585 119.

518 5616 539 5641 ί·
571 5600 725 5666 lbid.,
756 5615 805 5653 c.
837 5601 956 5653 120.

2100 4432 2189 4483 size
2220 4432 2437 4483 facultas
2470 4446 2569 4482 non
2616 4430 2863 4497 suppetit,
2892 4440 2980 4480 aut
3010 4430 3254 4483 sterilitas
3297 4441 3449 4482 teme
3490 4432 3651 4483 exsti—

2100 4524 2241 4583 terit,
2270 4524 2405 4576 sicut
2434 4522 2643 4586 crebro,
2690 4526 2916 4590 peceatis
2950 4524 3141 4576 nostris
3185 4508 3645 4591 pra‘pedieutibus,

2098 4613 2308 4664 evenire
2329 4610 2482 4675 solet,
2510 4624 2560 4663 et
2588 4613 2784 4678 pra-lati
2813 4622 3062 4679 quantum
3086 4613 3280 4665 debent
3302 4616 3424 4666 dare
3448 4617 3652 4680 vinum,

2100 4712 2187 4753 aut
2234 4702 2475 4763 siceram,
2507 4716 2598 4753 seu
2638 4703 2946 4763 cervisiam,
2982 4706 3251 4755 canones
3293 4704 3650 4769 nequiverint,

2100 4791 2416 4859 pnevideant
2461 4791 2535 4843 eis
2583 4800 2759 4859 potum
2806 4806 2871 4843 ex
2919 4791 3142 4844 diversis
3196 4794 3429 4845 materiis
3475 4794 3656 4847 confc-
3712 4822 3723 4851 ε

2099 4889 2270 4943 ctum;
2309 4896 2411 4933 non
2445 4891 2616 4934 autem
2658 4891 3007 4947 murmurcnt,
3042 4883 3135 4935 sed
3182 4886 3343 4951 magis
3390 4900 3508 4937 cum
3539 4900 3656 4952 gra—

2103 4970 2288 5022 tiarum
2321 4972 2527 5023 actione
2554 4971 2689 5038 quod
2735 4972 2845 5023 dari
2894 4973 2991 5024 sibi
3026 4982 3197 5040 potest
3227 4974 3505 5039 accipiant,
3540 4978 3656 5025 ani-

2102 5058 2488 5113 tnadiertentes
2537 5060 2793 5113 Joannem
2847 5050 3166 5130 BaptiStatn,
3195 5063 3283 5129 qui
3331 5080 3425 5116 nec
3455 5067 3651 5123 vinum,

2102 5162 2197 5200 nec
2228 5142 2471 5210 siceram,
2506 5164 2602 5201 nec
2629 5150 2750 5217 quid
2793 5152 2932 5203 aliud
2977 5155 3112 5216 quod
3163 5162 3335 5219 potest
3385 5155 3652 5214 inebriari,

2104 5238 2250 5303 bibit,
2284 5241 2520 5310 qiiia‘ubi
2551 5242 2777 5313 ebrietas
2819 5244 2892 5303 lit,
2927 5242 2995 5294 ibi
3047 5244 3296 5311 flagitium
3347 5254 3501 5311 atque
3533 5260 3654 5308 pee-

2102 5341 2274 5383 Catum
2319 5343 2434 5392 est;
2468 5342 2519 5382 et
2551 5331 2651 5384 hoc
2699 5334 3061 5395 admonemus,
3100 5342 3155 5384 ut
3202 5335 3374 5387 clerus
3424 5336 3651 5387 sobriam

2173 5465 2196 5499 ί¹
2232 5466 2437 5529 Prosp,
2462 5462 2551 5515 lib.
2581 5478 2635 5525 ll,
2660 5479 2709 5515 c.
2737 5465 2817 5517 10.

2174 5546 2196 5569 ε
2229 5534 2427 5585 Concil.
2462 5536 2803 5600 Aquisgrau.,
2834 5549 2881 5587 c.
2913 5532 3028 5587 121.

2179 5603 2193 5639 1
2228 5602 2452 5669 Hujusce
2481 5616 2593 5668 cap.
2628 5603 2871 5655 nonnulla
2904 5605 2952 5655 in
2982 5602 3199 5669 praefato
3226 5602 3501 5666 concil.,c.
3539 5600 3654 5655 l'lzl.
