3914 6236
427 324 564 385 1οῶ

1375 310 1436 407 ἒξ.
1475 302 1961 363 CllliODEGANC-l
2003 301 2342 365 HETENSIS
2385 298 2687 355 Ei’ISCOPl

3506 292 3672 352 106$

425 452 636 507 semper
664 438 822 491 ducat
864 410 1045 488 vitam.
1083 437 1108 464 ⁸
1144 429 1207 482 Et
1233 427 1357 503 quia
1387 423 1710 494 persuadere
1736 436 1839 477 non
1871 432 1992 499 pos-
2018 421 2070 480 Α
2095 417 2310 481 cinrins,
2340 415 2391 470 in
2414 416 2658 470 omnibus
2676 412 2893 467 omnino
2914 410 3505 507 actibus-veloperibus
3530 415 3671 475 suis,

426 541 612 583 sumus
641 535 698 580 ut
724 524 900 578 vinum
953 535 1057 574 non
1102 509 1303 581 bibant,
1334 517 1416 568 Vel
1458 516 1557 565 hoc
1599 508 1992 564 consentiamus

429 632 485 672 It
512 619 715 672 saltem.
739 614 791 667 in
821 612 927 666 illis
957 609 1187 665 ebrietas
1238 621 1341 658 non
1376 603 1711 664 dominetur,
1731 599 1850 667 quia
1879 603 2015 651 otn-‘

429 719 527 762 nec
549 704 790 760 ebriosos
821 697 1107 769 Apostolus
1148 711 1177 748 a
1209 707 1372 762 regno
1404 691 1495 744 Dei
1544 699 1823 743 extraneos
1870 700 1991 740 esse

428 796 723 857 denuntiat,
773 790 872 845 nisi
919 803 1012 857 per
1041 776 1251 854 dignam
1282 779 1641 852 pmnitentiam
1671 777 1991 832 emendave-

429 888 553 941 rint.
586 885 823 939 liabeant
865 881 1043 948 itaque
1090 866 1331 930 canonici
1386 873 1565 924 hortos
1596 870 1821 933 olerum,
1853 869 1992 939 unde

431 992 551 1030 cum
584 974 788 1028 caeteris
826 965 1202 1025 additamentis
1224 962 1449 1037 aliquod
1483 962 1808 1030 pulmentum
1859 973 1992 1028 quo-

434 1066 563 1121 tidie
592 1064 692 1119 sibi
722 1062 948 1119 vicissim
980 1046 1297 1111 ministrent.

644 1152 816 1205 tisror
840 1148 929 1202 IX.
947 1174 1017 1187 —
1038 1144 1113 1197 De
1132 1140 1504 1211 septimannriis
1528 1143 1773 1209 requirite.

500 1239 526 1276 ιτ
547 1239 734 1295 Clerici
756 1234 992 1290 canonici
1018 1233 1095 1286 sic
1109 1230 1209 1284 sibi
1231 1230 1455 1286 invicem
1470 1231 1723 1292 servient,
1739 1236 1792 1280 ut
1815 1225 1992 1279 nullus

360 1344 361 1347 ‘
432 1337 713 1384 excusetur
738 1344 765 1379 a
788 1324 1024 1392 coquina'
1040 1319 1233 1381 officio,
1257 1319 1357 1371 nisi
1382 1317 1989 1389 mgritudine,qautcausa

427 1418 604 1490 gravis
653 1416 891 1471 utilitatis
933 1418 1331 1481 praoccupatns
1386 1407 1578 1473 fuerit,
1629 1406 1751 1476 quia
1798 1404 1990 1481 exinde

426 1508 598 1575 major
648 1516 851 1560 merces
897 1509 952 1554 et
993 1498 1229 1554 cbaritas
1273 1496 1586 1566 acquiritur.
1633 1495 1991 1550 lmbecillibuc

426 1576 602 1650 autem
652 1599 996 1664 procurentur
1036 1588 1242 1651 solatia,
1276 1596 1332 1641 ut
1364 1603 1467 1661 non
1499 1601 1619 1642 cum
1650 1587 1855 1639 tristitia
1884 1586 1988 1641 hoc

426 1684 640 1749 iaciant,
672 1682 763 1736 sed
791 1679 1015 1751 habeant
1035 1690 1222 1731 omnes
1248 1676 1432 1731 solatia
1457 1676 1749 1729 secundum
1771 1675 1983 1728 modum

426 1771 872 1841 congregationis,
903 1775 993 1821 aut
1028 1766 1342 1832 positionem
1375 1765 1499 1819 loci.

497 1860 927 1921 Archidiaconns,
978 1866 1067 1908 aut
1120 1854 1457 1921 prepositus,
1508 1855 1588 1907 vel
1629 1853 1897 1918 cellarius,
1929 1861 1988 1907 et

425 1953 512 2021 qui
537 1952 587 2004 in
617 1949 898 2017 majoribus
928 1946 1241 1999 utilitatibus
1266 1944 1506 2011 occupati
1534 1954 1677 2008 sunt,
1712 1943 1797 1996 isti
1825 1958 1987 1996 exeu-

424 2048 610 2096 sentnr
648 2054 676 2092 a
726 2038 979 2107 coquina.
1016 2024 1200 2088 Cieteri
1240 2044 1416 2088 autem
1447 2032 1547 2087 sibi
1580 2034 1680 2086 sub
1729 2034 2008 2088 charitate‘

425 2127 657 2181 invicem
688 2124 935 2181 servient.
967 2122 1287 2190 Egressurus
1331 2122 1397 2175 de
1446 2120 1738 2188 septimana
1765 2123 1983 2177 sabbato

426 2216 711 2272 munditias
734 2204 973 2269 vaSorum
996 2213 1169 2280 faciat,
1198 2223 1250 2265 et
1273 2226 1397 2265 vasa
1425 2211 1702 2266 ministerii
1732 2214 1833 2278 sui,
1864 2230 1997 2284 qua

430 2310 494 2361 ad
527 2305 923 2361 ministrandum
979 2294 1373 2370 acccpit,‘sana
1425 2310 1478 2357 et
1521 2303 1714 2355 munda
1766 2302 1984 2357 cellario

425 2403 791 2469 reconsignet;
833 2396 950 2452 etsi
983 2395 1173 2463 aliquid
1205 2410 1268 2448 ex
1317 2394 1417 2447 illis
1457 2378 1744 2447 minuatum
1798 2395 1979 2463 fuerit,

424 2493 489 2547 ad
520 2492 801 2557 capitulum
830 2486 914 2540 d.e
939 2486 1154 2541 Sabbati
1185 2486 1391 2539 veniam
1438 2493 1604 2552 petat,
1637 2493 1693 2538 et
1719 2499 1864 2551 vasa,
1896 2482 1983 2540 vel

429 2582 570 2652 quod
604 2580 890 2632 minuatum
921 2584 1016 2639 est,
1053 2575 1103 2627 itt
1135 2575 1250 2627 loco
1276 2574 1535 2627 restituat.
1602 2624 1606 2627 Α

545 2668 723 2724 Caper
751 2665 817 2720 Χ.
848 2693 914 2705 ——
942 2663 1016 2717 De
1042 2664 1420 2726 archidiacono,
1452 2662 1526 2715 vel
1558 2663 1849 2732 prwposito.

499 2768 521 2797 ο
545 2759 763 2825 Oportet
788 2756 923 2819 enim
953 2767 1044 2806 eos
1071 2767 1187 2806 esse
1215 2753 1499 2819 prudentes
1527 2753 1663 2803 sicut
1684 2760 1977 2818 serpentes,

423 2859 479 2905 et
509 2848 771 2918 simplices
793 2835 938 2900 "sicut
958 2846 1232 2909 columbte,
1263 2845 1311 2897 id
1355 2853 1457 2908 est,
1485 2852 1541 2897 ut
1586 2846 1691 2898 sint
1718 2847 1983 2914 sapientes

424 2942 479 2996 in
510 2939 723 3007 bonum,
752 2950 804 2991 et
831 2938 1088 3008 simplices
1121 2935 1390 2994 inmalum
1418 2952 1431 2999 ;
1464 2944 1515 2988 et
1542 2936 1684 2990 docti
1712 2937 1765 2988 in
1800 2937 1973 2993 Evan-

424 3033 589 3102 gelica
618 3036 895 3101 prtcccpta,
941 3036 994 3080 et
1033 3036 1330 3079 sanctorum
1366 3024 1599 3078 Patrum.
1630 3026 1861 3078 instituta
1891 3041 1978 3080 ca-

429 3140 647 3184 nonum,
682 3131 736 3175 ut
765 3120 966 3187 possint
994 3120 1185 3175 docere
1215 3118 1411 3171 clerum
1445 3117 1493 3169 in
1528 3118 1641 3183 lege
1685 3116 1858 3169 divina
1878 3157 1896 3185 ,
1925 3126 1978 3171 et

426 3215 503 3267 sic
524 3227 581 3266 sc
611 3210 936 3264 ennforutent
977 3208 1139 3271 clero,
1174 3216 1229 3260 ttt
1260 3222 1363 3259 non
1392 3216 1591 3258 tantum
1626 3208 1796 3259 verbis
1821 3221 1978 3275 capa-

429 3282 599 3363 cibus,
628 3299 718 3350 sed
741 3298 891 3350 etiam
917 3295 1173 3360 exemplis
1201 3292 1609 3359 simplicioribus
1641 3292 1815 3346 divina
1842 3310 1978 3363 praea

430 3399 580 3456 cepta
633 3390 1030 3449 demonstrent,
1085 3386 1203 3452 quia
1264 3384 1499 3451 Apostuli
1530 3385 1725 3438 debent
1770 3399 1978 3452 semper

436 3493 648 3533 scrvare
672 3536 675 3537 ν
700 3476 937 3538 formant,
972 3476 1019 3527 in
1050 3491 1148 3541 qua
1190 3465 1357 3526 dicit:
1392 3474 1578 3541 Argue,
1634 3474 1853 3540 obsecra,
1896 3476 1976 3528 in-

435 3584 580 3636 crepa
612 3565 660 3635 (1
698 3565 824 3618 Tim.
860 3568 953 3632 tv),
989 3566 1289 3619 itntuiscens
1332 3564 1654 3630 temporibus
1704 3572 1937 3639 tempora
1963 3605 1978 3631 ,

428 3657 713 3712 terroribus
751 3654 1126 3709 blandimenta.
1174 3653 1597 3721 lndisciplinatos
1623 3662 1677 3708 et
1706 3654 1978 3725 inquietos

431 3746 622 3799 debent
641 3745 817 3798 durius
844 3760 1083 3813 arguere,
1111 3743 1419 3797 obedientes
1448 3754 1623 3799 autem
1655 3753 1706 3797 et
1737 3744 1901 3798 tnites—
1927 3753 1981 3799 et

433 3837 707 3903 mittentes,
736 3843 796 3896 ut
821 3835 875 3886 in
918 3833 1103 3886 melius
1132 3832 1423 3901 proficiant,
1469 3833 1782 3897 observare;
1814 3834 1979 3902 negli-

428 3935 632 3995 gentes,
664 3936 711 3978 et
755 3932 1170 3985 contemnentes,
1220 3930 1271 3973 et
1317 3923 1595 3989 superbus,
1627 3922 1900 3991 increpent
1928 3931 1982 3977 et

432 4013 732 4082 corripiant.
785 4011 960 4078 Neque
1006 4008 1342 4079 dissimulent
1397 4020 1607 4076 peccata
1675 4011 1980 4079 delinquen-

430 4105 587 4168 tium,
612 4102 703 4158 sed
741 4116 857 4155 tuo:
889 4112 946 4153 ut
972 4100 1231 4167 cmperint
1259 4101 1405 4163 oriri,
1437 4098 1681 4153 radicitus
1705 4110 1760 4152 ut
1786 4116 1983 4166 prava-

432 4195 562 4256 lent,
594 4201 886 4260 amputem,
918 4204 1178 4242 memores
1222 4187 1436 4256 periculi
1469 4190 1579 4244 lleli
1602 4190 1888 4244 sacerdotis
1917 4192 1982 4246 de

432 4283 552 4339 filiis
574 4286 685 4337 suis
711 4281 761 4349 (1
797 4281 917 4350 lirg.
972 4282 1053 4347 tt).
1102 4279 1439 4332 Ilonestiores
1470 4280 1679 4347 quidem
1716 4290 1867 4347 atque
1897 4282 1980 4334 in-

2095 509 2203 561 sint
2251 507 2361 562 Deo
2388 517 2442 561 et
2467 506 2729 582 episcopo
2765 503 2943 556 fideles
2996 511 3049 554 et
3095 500 3435 565 obedientes;
3475 509 3672 557 etnon

2092 598 2199 651 sint
2224 595 2439 663 superbi
2472 611 2639 664 neque
2683 594 2945 660 rebelles,
2979 592 3061 647 vel
3106 601 3529 661 contemptores,
3570 594 3675 648 sed

2093 687 2243 749 casti,
2275 695 2328 741 et
2349 684 2535 747 sobrii.
2571 684 2853 753 patientes,
2901 683 3135 750 benigni,
3160 693 3216 737 et
3245 680 3627 737 misericordes
3654 699 3673 745 ;

2093 773 2311 842 diligant
2338 776 2560 836 clerum,
2592 773 2801 827 oderint
2832 772 2981 835 vitia,
3024 781 3078 826 et
3107 787 3209 825 non
3247 774 3556 838 permittant
3603 787 3669 825 ea

2092 862 2310 929 nutriri,
2333 862 2426 915 sed
2472 860 2755 929 prudentes
2791 872 3066 945 amputare
3109 861 3382 915 festinent.
3430 863 3671 915 Caveaat

2091 965 2159 1005 ne
2184 951 2309 1004 dum
2336 952 2454 1005 aliis
2483 951 2910 1021 praedicnveriut,
2959 951 3057 1019 ipsi
3097 952 3306 1020 reprobi
3337 953 3667 1006 efficiantur.

2162 1038 2189 1077 ἀ
2237 1041 2336 1107 Qui
2381 1041 2806 1125 archidiaconus,
2838 1042 2934 1094 Ivel
2982 1043 3331 1109 praepositus,
3380 1042 3425 1096 si
3464 1040 3667 1109 reperti

2024 1130 2027 1131 ⁷
2090 1130 2309 1195 iuerint,
2336 1120 2475 1197 quod
2495 1130 2657 1196 absit,
2699 1120 3026 1223 superbiant
3052 1131 3201 1198 elati,
3232 1140 3323 1183 aut
3361 1132 3671 1184 contradic-

2092 1227 2232 1274 tores
2280 1221 2361 1273 vel
2397 1219 2791 1289 contemptores
2837 1219 3110 1289 canonicae
3157 1220 3532 1283 institutionis,
3561 1233 3665 1274 εει

2088 1310 2319 1364 cundum
2349 1310 2559 1366 Dotttini
2588 1319 2912 1383 prmceptum
2940 1311 3328 1365 admoneamur
3380 1310 3549 1365 semel
3603 1317 3667 1364 et

2088 1400 2300 1463 iterum,
2332 1410 2382 1454 et
2411 1400 2457 1455 si
2485 1416 2590 1455 non
2634 1401 3051 1465 emendaverint,
3084 1402 3152 1456 ab
3178 1402 3432 1470 episcopo
3460 1390 3663 1455 scena.
3742 1474 3747 1475 γ

2088 1490 2212 1544 dum
2240 1491 2458 1546 modum
2503 1492 3020 1562 cuipaajndicetttnr.
3069 1492 3221 1559 Quod
3264 1493 3310 1546 si
3363 1506 3537 1560 neque
3575 1490 3664 1547 sic

2088 1582 2439 1646 correxerint,
2467 1582 2536 1638 de
2562 1583 2838 1639 ordinibus
2874 1584 2992 1638 suis
3016 1582 3414 1657 ejiciunturhei
3439 1583 3529 1641 alii
3557 1582 3658 1651 qui

2086 1670 2227 1739 digni
2270 1681 2423 1735 sunt,
2456 1682 2509 1727 et
2552 1673 2871 1726 voluntatem
2903 1672 3020 1739 Dei,
3048 1673 3130 1727 vel
3156 1672 3393 1740 episcopi
3421 1670 3525 1738 sui,
3555 1683 3661 1726 se-

1968 1782 1981 1791 ~
2014 1744 2320 1816 Bcundum
2368 1760 2605 1816 divinum
2637 1774 2954 1833 preceptum
3006 1762 3369 1832 impleverim,
3419 1763 3472 1820 in
3520 1761 3662 1821 locis

2090 1847 2303 1910 illorum
2322 1851 2702 1921 subrogantur.

2498 1984 2676 2041 Carn'r
2704 1981 2793 2039 XI.
2828 1996 2894 2024 -‘-
2925 1981 3003 2040 De
3022 1984 3249 2041 cellario.

2160 2124 2186 2153 ο
2209 2114 2468 2187 Cellarius
2494 2131 2625 2171 vero
2650 2115 2807 2174 debet
2834 2129 2954 2187 esse
2983 2117 3180 2179 timens
3200 2114 3389 2181 Deum,
3414 2090 3659 2179 sobrius,

2084 2218 2191 2262 non
2242 2205 2562 2272 vinolentus,
2593 2221 2696 2260 non
2749 2206 3130 2271 contentiones,
3185 2206 3289 2260 non
3335 2205 3655 2276 iracundus,

2084 2296 2180 2351 sed
2208 2297 2482 2351 modestus
2502 2336 2519 2362 ,
2554 2296 2789 2350 maribus
2816 2304 3037 2363 cautus,
3084 2304 3138 2351 ct
3166 2295 3367 2358 tidelis,
3422 2309 3527 2349 non
3558 2309 3663 2350 su-

1994 2396 2027 2417 ~‘
2084 2389 2297 2458 perbus,
2330 2402 2434 2441 non
2476 2386 2660 2439 tardus
2682 2386 2715 2447 .‘
2750 2398 2855 2438 non
2881 2386 3165 2455 prodigus,
3195 2400 3301 2439 non
3348 2386 3660 2459 superfluus

2078 2463 2367 2550 dissipator
2422 2481 2540 2531 sine
2584 2476 2792 2541 ordine,
2824 2490 2930 2529 non
2961 2472 3243 2539 remissus,
3291 2482 3345 2529 et
3396 2474 3658 2544 quidquid

2081 2568 2347 2638 acceperit
2372 2567 2471 2621 sub
2496 2582 2623 2629 cura
2644 2581 2738 2620 sua
2761 2569 2825 2619 ad
2850 2579 2983 2634 opus
3005 2565 3341 2630 clericorum,
3360 2565 3652 2632 custodiat,

2083 2672 2151 2714 ne
2195 2658 2420 2732 ministri
2467 2658 2675 2731 ibidem,
2707 2658 2947 2725 deputati
2977 2647 3246 2712 annonam
3288 2658 3512 2712 fratrum
3556 2667 3659 2713 aut

2082 2746 2264 2802 furtim
2290 2747 2661 2813 ,subripiendo,
2690 2756 2781 2804 aut
2808 2748 3115 2818 aliquolibet
3142 2736 3315 2802 modo"
3328 2750 3659 2818 negligenter

2080 2838 2310 2894 vivendo
2333 2838 2610 2906 dissipent.
2639 2838 2700 2890 Hi
2732 2853 2854 2890 vero
2878 2838 3056 2891 famuli
3080 2838 3338 2905 eligantur
3362 2840 3430 2891 de
3454 2838 3661 2891 fidelis-

2082 2930 2215 2984 sima
2243 2928 2495 2983 Ecclesiae
2529 2928 2746 2993 familia,
2775 2939 2847 2983 et,
2869 2927 2948 2982 his
2977 2928 3165 2982 ciliciis
3212 2929 3498 2996 diligenter
3524 2941 3658 2981 eru—

2081 3017 2310 3082 diantur,
2338 3026 2395 3072 ut
2417 3018 2621 3072 scilicet
2648 3028 2700 3071 et
2724 3026 2841 3073 arte
2871 3019 3108 3085 pistoria,
3150 3030 3202 3071 et
3236 3018 3357 3072 fidei
3396 3018 3653 3086 puritate.

2008 3074 2057 3149 CA
2082 3108 2484 3163 necessitatibus
2536 3108 2753 3162 fratrum
2806 3109 3506 3175 opportunissimevaleant
3539 3109 3656 3162 sur.

2078 3199 2286 3268 fragari.
2314 3197 2506 3252 Eadem
2533 3192 2741 3265 quoque
2764 3196 2929 3250 forma
2959 3198 3025 3251 de
3053 3198 3224 3251 coccis
3246 3199 3519 3252 servanda
3537 3209 3658 3254 est.

2459 3325 2634 3385 Carus
2668 3327 2778 3387 XII.
2811 3358 2877 3368 -—
2904 3328 2977 3383 De
3007 3330 3251 3398 portorio.
3290 3384 3302 3396 ‘

2155 3460 2174 3499 ί
2198 3461 2467 3515 Portarius
2492 3475 2626 3514 unus
2652 3476 2771 3515 cum
2801 3476 2901 3515 suo
2926 3461 3133 3528 iuniore
3176 3477 3374 3516 annum
3405 3474 3495 3517 aut
3532 3478 3653 3518 am-

2079 3551 2238 3620 plius,
2288 3550 2333 3601 si
2376 3550 2644 3628 episcopo,
2670 3552 2752 3604 vel
2785 3551 2835 3604 ei
2866 3552 2950 3618 qui
2980 3552 3079 3605 sub
3124 3567 3188 3607 eo
3224 3564 3327 3615 est,
3366 3554 3649 3623 placuerit,

2079 3651 2255 3710 portas
2282 3640 2543 3707 claustra),
2574 3643 2657 3696 vel
2685 3643 2837 3705 ostia,
2873 3643 3157 3696 custodiat.
3183 3652 3207 3690 8
3240 3644 3338 3710 Qui
3383 3646 3651 3713 pcttariu's

2078 3732 2149 3786 sit
2172 3730 2330 3784 frater
2361 3731 2642 3799 probabilis
2664 3732 2805 3796 vitae,
2828 3731 3053 3798 sobrius,
3078 3732 3383 3798 patiens,et
3406 3735 3650 3801 sapiens.

2077 3822 2165 3891 qui
2190 3821 2323 3876 sciat
2343 3836 2654 3889 reSponsunt
2678 3822 2917 3889 accipere
2940 3831 2992 3875 et
3022 3821 3242 3877 reddere
3264 3824 3389 3876 ε.ευὶ
3412 3823 3648 3881 ofﬁcium

2078 3916 2149 3969 sit
2189 3925 2397 3981 portam
2426 3914 2799 3966 canonicorum
2845 3925 2963 3966 cum
3014 3927 3218 3967 summa
3246 3914 3551 3969 obedientia
3584 3924 3657 3972 et

2079 4005 2371 4059 humilitate
2394 4006 2711 4079 competenti
2736 4010 2970 4073 tempore
2990 4005 3254 4069 claudere,
3287 4019 3349 4059 ac
3376 4008 3646 4073 reserare,

2042 4166 2047 4169 Α
2081 4108 2138 4151 ιιι
2166 4097 2294 4151 ttulli
2323 4111 2415 4166 per
2432 4111 2551 4161 eam
2580 4096 2685 4151 nisi
2712 4111 2803 4164 per
2840 4096 3106 4149 licentiam
3134 4098 3309 4151 aditus
3352 4106 3533 4166 pateat
3557 4096 3649 4154 in-

2082 4188 2251 4265 trandi
2282 4195 2371 4241 aut
2416 4188 2661 4255 exeundi.
2691 4186 2785 4241 Cui
2837 4190 2997 4242 etiam
3037 4187 3425 4244 observandum
3466 4200 3549 4245 est
3574 4205 3652 4247 ne

2084 4280 2159 4331 eis
2189 4278 2377 4345 quibus
2397 4290 2521 4333 cura
2549 4286 2631 4331 est
2652 4278 2766 4346 plus
2795 4278 2915 4331 otiis
2945 4293 3133 4332 vacare
3156 4294 3311 4347 quam
3335 4281 3531 4334 divinis
3549 4280 3655 4335 ob-

432 4376 725 4443 tclligibiles
750 4374 910 4441 prima
937 4381 989 4423 et
1017 4371 1248 4424 secunda
1279 4369 1633 4425 admonitione
1659 4371 1975 4439 corripiant;
2010 4395 2059 4454 Β
2083 4370 2279 4440 sequiis
2308 4370 2557 4424 incubare
2604 4368 2744 4422 foras
2786 4370 3039 4434 evagandi
3089 4372 3257 4449 locum
3303 4375 3560 4441 praebeat,
3590 4384 3653 4429 et

434 4466 700 4533 improbos
727 4477 786 4515 ac
814 4462 972 4514 duros
1021 4459 1203 4523 corde,
1253 4474 1313 4511 ac
1359 4461 1635 4527 superbos,
1691 4461 1769 4511 vel
1803 4460 1983 4517 inobe‘

432 4558 658 4617 dientes,
681 4551 903 4607 verbere
937 4561 986 4603 et
1015 4549 1355 4615 castigatione
1378 4550 1427 4600 in
1461 4550 1573 4615 ipso
1606 4549 1753 4601 initio
1774 4544 1980 4615 peccati

436 4655 728 4707 coerceant,
762 4645 988 4697 scientes
1009 4641 1255 4705 scriptum
1287 4657 1298 4688 ;
1334 4639 1531 4691 Stultus
1562 4638 1719 4689 verbis
1746 4655 1844 4691 non
1872 4654 1983 4690 cor-

432 4739 615 4807 rigitur
660 4734 835 4803 (Prov.
886 4745 1029 4790 xvttt,
1072 4728 1147 4794 Ξ).
1183 4727 1247 4779 Ει
1297 4728 1523 4779 iterum:
1561 4726 1768 4779 Percute
1820 4728 1984 4793 ﬁlium

433 4838 575 4881 tuum
603 4824 764 4892 virga,
796 4832 840 4873 et
863 4816 1092 4871 liberabis
1119 4818 1339 4865 animant
1367 4831 1477 4883 ejus
1501 4833 1530 4866 a
1563 4823 1739 4867 morte.

506 4916 570 4967 Et
599 4911 846 4981 quidquid
890 4923 979 4974 per
1009 4921 1067 4959 se
1110 4906 1246 4970 juste
1290 4915 1340 4956 et
1382 4906 1764 4959 rationabiliter
1793 4920 1982 4959 secun-

436 5004 559 5056 dum
583 4999 883 5054 canonicam
911 4994 1289 5046 institutionem
1314 5009 1417 5044 non
1448 4994 1711 5060 potuerint
1740 4995 1980 5058 delinire,

436 5098 683 5163 episcopo
714 5084 1044 5157 patefaciant,
1076 5094 1127 5136 et
1154 5084 1264 5148 ipse
1295 5084 1581 5135 secundum
1615 5084 1703 5135 Dei
1742 5084 1978 5137 volunta-

440 5196 542 5237 tem
578 5178 716 5249 quod
745 5173 1100 5240 castigandum
1150 5180 1231 5223 est
1268 5172 1519 5239 castiget,
1569 5173 1785 5239 etquod
1816 5172 1981 5225 corrio

437 5274 665 5338 gendum
712 5274 792 5319 est
837 5263 1077 5330 corrigat.
1107 5260 1207 5323 Qui
1238 5259 1661 5325 archidiaconus,
1698 5262 1776 5313 vel
1805 5260 1983 5329 primi—

515 5431 535 5453 "
571 5421 641 5472 Es
672 5432 788 5481 cap.
819 5415 885 5466 tit)
914 5414 1040 5479 Reg.
1066 5414 1229 5463 sancti
1264 5412 1548 5465 Benedicti.

512 5488 536 5525 ⁸⁸
570 5490 641 5540 Ex
666 5502 714 5539 c.
743 5482 810 5538 ’55
828 5482 1061 5550 ejusdem
1092 5482 1303 5544 regular.

514 5567 534 5591 ε
568 5558 643 5609 iis
679 5572 724 5607 r.
757 5553 812 5606 2.
834 5548 959 5617 ltcg.
988 5550 1151 5601 sancti
1184 5548 1466 5602 Benedicti.

529 5628 537 5659 ι
568 5625 739 5679 Sancti
770 5614 1029 5677 lien-dicti
1056 5633 1170 5687 cap.
1202 5617 1289 5681 liii,
1319 5617 1414 5669 sub
1442 5614 1634 5672 medio,

2087 4473 2267 4513 eorum
2300 4473 2553 4526 nugarum
2586 4457 2746 4527 (quod
2778 4459 2925 4513 nefas
2956 4460 3058 4528 est)
3089 4462 3350 4528 particeps
3380 4463 3491 4516 ﬂat.

2159 4551 2324 4605 Debet
2354 4560 2610 4617 praetcrea
2634 4548 2971 4603 advenientes
3004 4565 3211 4619 quoque
3239 4566 3358 4605 cum
3386 4551 3656 4609 citat-itam

2076 4638 2393 4705 ’suscipere,
2456 4646 2509 4690 et
2555 4637 2717 4703 priori
2770 4638 3049 4691 adventum
3094 4653 3277 4693 eorum
3322 4653 3655 4713 causamque

2090 4728 2348 4780 nuntiare.
2386 4726 2608 4793 Expleto
2631 4742 2857 4792 namque
2884 4729 3184 4796 vespertino
3210 4737 3263 4782 et
3290 4732 3653 4800 complelorio

2086 4814 2281 4891 ol’licio,
2320 4813 2682 4881 obseratisque
2708 4815 2891 4879 portis,
2920 4816 3096 4870 claves
3133 4833 3314 4887 earnm
3355 4819 3497 4874 idem
3526 4839 3658 4890 pct-

2089 4907 2251 4956 tat‘ius
2280 4905 2327 4956 ei
2357 4906 2440 4971 qui
2474 4906 2639 4958 vicem
2672 4906 2865 4971 prmiati
2900 4914 3041 4961 tenet
3071 4907 3225 4974 ferat,
3257 4921 3313 4963 ιιι
3340 4913 3471 4967 nttlli
3503 4915 3659 4973 horis

2088 4994 2557 5060 incotupetentibus
2591 4995 2818 5048 intrandi
2850 5006 2934 5049 aut
2966 4999 3189 5052 exeundi
3236 5013 3450 5055 maneat
3483 5004 3663 5061 facta].

2088 5096 2188 5139 tas.
2216 5085 2270 5137 Si
2302 5099 2425 5137 vero
2466 5078 2771 5135 ittobedietts
2800 5092 2890 5136 aut
2919 5096 3193 5152 protervus
3233 5089 3372 5144 idem
3406 5107 3667 5162 repertus

2087 5177 2241 5228 fuerit
2269 5178 2547 5240 portarius,
2592 5174 2727 5228 sicut
2754 5174 2841 5226 alii
2872 5174 3097 5229 ministri
3145 5178 3477 5248 negligentes
3516 5184 3673 5255 ittdiv

2086 5276 2249 5322 θεων.

2163 5429 2185 5455 ι’
2213 5417 2368 5475 IItid.,
2400 5430 2446 5465 c.
2484 5418 2570 5467 51.

2168 5486 2183 5521 τ
2218 5486 2394 5540 Sancti
2420 5483 2683 5536 Benedicti
2712 5499 2827 5550 cap.
2849 5486 2900 5539 5.

2163 5563 2186 5597 s
2212 5551 2284 5609 Bx
2314 5553 2412 5605 huc
2442 5566 2487 5603 c.
2516 5567 2663 5605 conc.
2702 5553 3033 5623 ;\t|ttisgratt.,
3068 5569 3117 5607 c.
3154 5554 3273 5617 145,
