3914 6236
177 268 305 325 ιοθι

1324 214 1640 311 κῐιιῖσυὶρι
1681 247 2194 305 εΑΝυΝιουιωκ.
2282 254 2287 263 ι

3264 238 3399 294 Ιοῦϋ

172 383 337 439 Carus
366 379 498 436 XIII.
530 407 599 419 -—
629 376 702 428 De
727 391 788 428 eo
822 374 955 442 quod
1000 371 1260 442 diligenter
1286 363 1589 442 punienda
1617 371 1732 442 sunt
1760 363 1810 421 Α
1839 361 1997 426 latus,
2021 370 2177 413 caute
2224 367 2399 413 tamen
2430 367 2480 412 et
2503 355 2736 417 curiose,
2769 362 2827 408 ut
2871 350 3093 405 inﬁrmis
3139 350 3400 404 mentibus

234 434 449 506 claustra
464 434 849 508 canonis-orum,
868 450 918 496 tn
940 434 1116 508 quibit}
1132 437 1388 490 dormiunt
1412 434 1657 487 canonici.

237 552 259 577 ⁸
291 538 699 607 Pra‘positorum
755 547 879 587 cura
924 532 993 584 sit
1043 537 1100 580 ttt
1148 526 1480 580 subditorum
1529 518 1736 573 tuentes

170 643 463 689 sanctarum
482 626 874 693 Scripturarum
898 620 1212 676 lectionibus
1235 618 1443 671 assidue
1470 614 1728 673 muniant,

169 737 233 777 ne
257 724 407 786 lupus
437 716 717 781 invisibilis
765 714 965 767 aditum
1020 708 1271 768 inveniat,
1306 721 1410 775 quo
1440 704 1597 755 'nvile
1630 701 1732 754 Do-

167 811 289 864 mini
333 806 538 875 ingredi
566 814 621 860 et
667 805 898 873 aliquam
929 799 1102 851 ovium
1136 796 1408 861 subripere
1437 794 1626 845 valeat.
1666 789 1732 842 Et

166 909 417 964 prtelerea
473 906 693 949 necesse
750 900 833 946 est
882 898 939 942 ut
984 888 1232 952 claustra,
1275 900 1382 953 quo
1426 881 1572 937 clero
1629 880 1729 933 sibi

164 989 444 1043 commisso
492 985 748 1041 canonice
792 980 1071 1034 vivendum
1123 986 1226 1042 est,
1276 973 1446 1029 limus
1498 971 1730 1034 undique

164 1078 487 1132 circumdent
517 1072 915 1134 munitionibus,
959 1079 1015 1121 ut
1044 1068 1170 1122 nulli
1212 1067 1430 1119 omnino
1470 1061 1725 1123 intrandi,

162 1177 248 1220 ant
276 1164 526 1231 exeundi,
558 1162 661 1217 nisi
692 1176 787 1230 per
812 1169 1039 1229 portam.
1072 1167 1247 1225 pateat
1276 1157 1473 1211 aditus.

226 1256 344 1311 Sint
369 1255 527 1310 etiam
553 1252 776 1307 interius
801 1249 1129 1311 dormitorio,
1162 1247 1463 1311 refcctoria,
1490 1247 1723 1309 cellaria,

160 1354 213 1400 et
237 1354 445 1399 cetera:
473 1340 827 1395 habitationes
856 1337 1039 1393 usibus
1070 1335 1288 1389 fratrum
1332 1336 1380 1388 in
1413 1350 1514 1387 una
1559 1336 1728 1387 socie-

161 1443 262 1488 tate
291 1426 580 1488 viventium
612 1428 947 1484 necessaria.
982 1426 1178 1479 Omnes
1208 1422 1259 1476 in
1314 1438 1420 1476 uno
1464 1422 1730 1475 dormiant

162 1521 493 1585 dormitorio,
524 1527 714 1589 prteter
745 1518 865 1571 illos
904 1515 1094 1583 quibus
1137 1514 1417 1581 episcopus
1462 1510 1729 1563 licentiam

159 1610 385 1675 dederit,
415 1604 874 1673 secundnmrquod
919 1604 967 1656 ei
1006 1600 1390 1655 rationabiliter
1417 1598 1585 1652 visum
1613 1596 1733 1653 fue-

158 1700 246 1754 rit.
277 1698 305 1735 δ
356 1699 416 1752 Et
463 1700 515 1751 in
548 1698 658 1765 ipsa
687 1696 914 1749 claustra
973 1706 1065 1759 per
1094 1689 1379 1757 diSpositas
1426 1687 1729 1743 mansiones
1760 1687 1806 1749 Β

157 1786 424 1842 dormiant
455 1786 737 1854 separatim
770 1797 863 1851 per
889 1780 1096 1849 singula
1127 1778 1286 1844 lecta,
1318 1778 1459 1831 misti
1492 1791 1611 1830 cum
1640 1793 1727 1831 se-

159 1876 400 1930 nioribus
450 1883 667 1943 propter
710 1869 1106 1940 prsevidentiam
1156 1868 1371 1932 bonam,
1405 1876 1463 1919 ut
1488 1866 1727 1921 seniores

157 1964 484 2034 pravideant
513 1963 636 2031 quid
660 1961 901 2031 iuniores
925 1958 1216 2013 secundum
1258 1959 1630 2025 Deumagant.
1666 1958 1731 2013 Et

158 2058 207 2111 in
238 2057 353 2125 ipsa
397 2057 629 2110 claustra
675 2051 818 2107 nulla
870 2051 1062 2105 femina
1111 2052 1372 2117 introeat,
1423 2065 1521 2104 nec
1562 2050 1729 2107 laicus

158 2146 341 2210 homo,
361 2154 551 2212 praeter
573 2152 774 2197 tantum
796 2142 843 2198 si
863 2142 1165 2210 episcenos,
1186 2148 1277 2194 aut
1296 2140 1724 2207 archidiaconus,

155 2238 237 2290 vel
267 2237 603 2304 praepositus,
631 2234 909 2304 iusserint,
940 2244 996 2286 ut
1025 2233 1076 2287 in
1101 2233 1384 2287 relectorio
1412 2234 1724 2289 refectionis

155 2341 311 2379 causa
343 2326 571 2387 veniant,
604 2324 801 2378 relictis
848 2323 1013 2376 armis
1041 2334 1163 2378 ante
1191 2322 1550 2377 refectorium.
1587 2326 1650 2378 Et
1678 2325 1723 2380 si

159 2430 376 2471 necesse
400 2415 557 2468 fuerit
584 2414 648 2467 ad
677 2428 834 2480 opera
867 2412 1103 2465 facienda
1134 2413 1202 2466 ibi
1235 2414 1348 2466 laici
1383 2413 1723 2468 homines....

156 2517 208 2558 at
236 2504 324 2560 ubi
355 2505 647 2573 perfectum
679 2502 961 2555 habuerint
989 2515 1121 2569 opus
1162 2516 1339 2563 suum,
1367 2516 1488 2554 cum
1520 2516 1726 2555 summa

156 2594 494 2649 festinatione
537 2592 875 2659 egrediantur
921 2590 1084 2642 foras.
1131 2590 1195 2641 Et
1248 2590 1292 2641 si
1346 2591 1492 2641 cocci
1546 2590 1728 2644 clerici

154 2684 367 2749 desunt,
398 2692 453 2735 et
481 2696 614 2749 opus
642 2680 801 2733 fuerit
831 2690 887 2732 ut
912 2679 1031 2731 laici
1053 2679 1219 2742 cocci,
1248 2677 1313 2731 ad
1345 2679 1728 2734 coccinandum

158 2782 358 2826 tantum
402 2770 788 2840 ingrediantur,
820 2780 871 2822 et
915 2768 1129 2837 expleto
1164 2768 1458 2824 ministerio
1481 2785 1577 2823 suo
1608 2784 1727 2825 cum

155 2865 427 2917 celeritate
454 2866 651 2916 exeant
688 2860 849 2913 foras.

188 2951 367 3009 (ἰδοῦ-ι·
397 2951 611 3006 XIV.—
640 2950 712 3003 De
735 2951 811 3002 his
837 2964 949 3017 qua:
979 2965 1009 3001 a
1038 2949 1171 3003 clero
1202 2950 1254 3003 in
1292 2959 1436 3003 nocte
1474 2951 1535 3005 de
1566 2953 1692 3007 lecto

260 3030 505 3093 surgente
533 3022 753 3089 primunt
782 3020 995 3072 dicenda
1033 3028 1085 3071 at
1101 3036 1183 3087 )ue
1205 3024 1463 3086 cperanda
1482 3029 1624 3077 sunt.

224 3111 511 3168 Nocturnis
536 3112 681 3165 boris
702 3126 819 3164 cum
842 3111 907 3162 ad
939 3124 1072 3175 opus
1101 3110 1338 3163 divinum
1367 3110 1433 3163 de
1454 3111 1592 3166 lecto
1615 3128 1734 3168 sur-

157 3201 291 3256 rexit
311 3200 520 3263 clerus,
552 3201 775 3268 primum
804 3198 1012 3266 signum
1057 3194 1155 3250 sibi
1200 3207 1402 3251 sanctae
1429 3202 1600 3254 crucis
1632 3203 1732 3256 im-

158 3289 352 3358 primat
400 3304 496 3357 per
520 3288 907 3341 invocationem
953 3294 1152 3341 sancta:
1203 3288 1508 3353 Trinitatis;
1541 3292 1733 3347 deinde

160 3380 298 3434 dicat
360 3392 614 3432 versum:
677 3377 925 3440 Domine,
983 3377 1115 3428 labia
1154 3392 1264 3429 mea
1292 3362 1518 3447 aperias,
1574 3389 1625 3432 et
1676 3398 1731 3436 os

162 3487 337 3528 meum,
356 3468 677 3543 annuntiabit
718 3468 919 3519 laudent
949 3476 1085 3520 luant
1117 3466 1290 3537 (Psal.
1316 3485 1370 3535 ι,
1396 3467 1513 3537 16);
1543 3471 1731 3528 deinde

162 3563 421 3630 psalmum
455 3578 467 3612 :
510 3559 669 3627 Deus,
701 3560 753 3610 in
782 3559 1094 3627 adjutorinm
1131 3574 1296 3611 meum
1326 3561 1529 3612 intende
1557 3561 1725 3629 (Psal.

161 3652 326 3721 uis),
362 3661 532 3705 totum
561 3666 679 3703 cum
709 3648 925 3713 Gloria;
957 3658 1009 3703 et
1041 3662 1163 3704 tunc
1188 3653 1461 3718 provideat
1484 3655 1582 3708 sibi
1614 3670 1732 3711 cor-

159 3740 377 3813 poream
426 3741 794 3794 necessitatem
846 3749 1069 3803 naturm,
1122 3750 1175 3792 ct
1222 3742 1299 3795 sic
1346 3744 1409 3793 ad
1442 3746 1731 3801 oratorium

158 3832 372 3886 festinet
421 3828 699 3899 psallendo
731 3828 989 3895 psalmum
1024 3845 1037 3881 :
1074 3830 1149 3879 Ad
1198 3839 1263 3893 te,
1313 3829 1547 3896 Domine,
1578 3834 1734 3887 levavi

154 3924 381 3975 animam
410 3934 570 3972 nteant
596 3918 768 3989 (Psal.
814 3920 982 3985 xstv),
1017 3934 1135 3971 cum
1190 3934 1395 3973 summa
1441 3925 1733 3978 reverentia

156 4020 207 4065 et
228 4009 441 4065 cautela
475 4008 696 4069 intrans,
741 4015 799 4059 ut
826 4008 943 4059 aliis
986 4008 1260 4061 orantibus
1287 4024 1392 4061 non
1442 4011 1730 4078 impediat;

155 4111 207 4156 et
233 4112 362 4153 tunc
390 4106 691 4167 prostratus
720 4096 771 4148 in
800 4095 911 4148 loco
940 4110 1175 4164 congruo
1198 4097 1441 4151 eliundat
1473 4114 1656 4166 preces
1678 4103 1728 4155 in

153 4198 443 4257 conspectu
494 4186 721 4248 Domini,
758 4186 924 4253 magis
963 4175 1124 4239 corde
1178 4202 1337 4254 quam
1383 4202 1497 4252 ore,
1549 4190 1617 4241 ita
1673 4200 1730 4244 ut

156 4281 298 4335 illius
328 4294 429 4332 vos
461 4274 680 4331 vicinior
726 4276 794 4327 sit
836 4273 944 4328 Deo
982 4289 1140 4342 quam
1185 4275 1305 4339 sibi,
1341 4277 1409 4329 ita
1463 4277 1725 4331 dicendo:

1834 468 1936 505 non
1967 460 2202 504 vertatur
2225 451 2275 502 in
2308 464 2593 511 nauseam;
2625 458 2679 501 et
2711 459 2923 513 semper
2954 443 3089 496 cuod
3125 442 3405 507 projicitur

1833 542 1966 607 pede
2005 540 2365 603 conculcetur,
2399 548 2454 592 ut
2483 556 2601 592 cum
2644 536 2709 590 ad
2756 535 3054 591 orationem
3092 541 3399 591 curvantur.

1834 632 2145 682 vestimenta
2188 641 2369 680 eorum
2413 645 2516 681 non
2560 627 2933 688 sordidcntur;
2963 632 3015 677 ct
3056 624 3191 676 infra
3224 622 3400 675 eccle-

1831 718 1984 783 siam,
2016 726 2070 771 et
2121 717 2173 770 in
2200 717 2343 770 omni
2387 726 2678 781 conventu,
2728 731 2822 770 seu
2852 728 2906 770 et
2951 715 3002 767 in
3044 714 3268 782 portico,
3302 713 3404 766 hoc
3482 772 3501 785 κ

1830 808 2217 863 observandum
2266 816 2369 876 est,
2402 808 2621 878 utquod
2672 808 2882 878 spuitur
2931 822 3143 878 semper
3175 802 3397 874 pedibus

1830 900 2189 952 conculcetur.
2982 916 2987 921 ·

1973 1010 2151 1063 CAPUT
2188 1006 2296 1063 XV.
2323 1039 2392 1051 -—-
2422 1008 2497 1063 De
2520 1010 2692 1078 oﬂiciis
2720 1010 2900 1062 diuinis
2928 1010 2979 1061 in
3009 1010 3254 1061 noctibus.

1906 1112 1926 1139 ε
1956 1078 2172 1169 ilyemis
2203 1116 2327 1153 vero
2365 1099 2718 1167 temporibus,
2756 1100 2806 1152 id
2837 1111 2920 1151 est
2950 1113 2979 1150 a
3018 1098 3267 1150 Kalendis
3298 1096 3405 1151 Νο-

1829 1191 2084 1255 vembris,
2132 1204 2299 1257 usque
2342 1190 2392 1242 in
2444 1190 2669 1251 Pascha,
2724 1187 2874 1256 juxta
2920 1184 3400 1241 considerationem

1830 1280 2075 1344 rationis,
2108 1290 2294 1333 octava
2329 1281 2455 1332 hora
2491 1278 2662 1332 noctis
2704 1278 3025 1345 surgendum
3065 1285 3167 1338 cst,
3195 1283 3253 1327 ut
3290 1290 3405 1326 mo-

1830 1369 1950 1422 dice
1982 1368 2209 1436 amplius
2238 1369 2305 1422 de
2349 1367 2528 1421 media
2557 1354 2715 1421 nocte
2753 1375 3059 1434 pausentur,
3094 1374 3144 1417 et
3168 1364 3278 1433 jam
3324 1363 3406 1415 di-

1829 1460 1961 1528 gesti
1986 1460 2051 1512 ad
2101 1460 2307 1526 vigilias
2336 1467 2574 1529 surgant.
2609 1456 2739 1512 Post
2787 1456 2962 1509 ﬁnitas
3012 1462 3297 1507 nocturnas
3326 1452 3405 1505 di-

1832 1560 1954 1603 cant
2001 1565 2213 1603 versum
2266 1571 2277 1602 :
2332 1549 2682 1605 Exsultabunt
2719 1548 2881 1603 sancti
2927 1548 2981 1599 in
3023 1547 3187 1613 gloria
3233 1544 3404 1611 (Psal.

1834 1652 2009 1700 ειυς,
2033 1637 2108 1705 5),
2136 1647 2255 1702 aut,
2292 1630 2561 1692 Exsultent
2579 1639 2709 1708 justi
2735 1638 2787 1691 in
2816 1644 3087 1701 conspectu
3114 1634 3208 1686 Dei
3230 1631 3403 1699 (Psal;

1832 1740 1997 1790 van,
2024 1726 2101 1791 4).
2133 1725 2330 1780 Deinde
2373 1724 2532 1795 It’yrie
2561 1727 2767 1787 eleison,
2807 1733 2861 1777 et
2888 1723 3194 1776 Orationem
3228 1721 3407 1775 Durni-

1832 1814 2005 1869 nicam
2030 1834 2042 1880 ;
2074 1825 2129 1869 et
2157 1812 2353 1868 faciant
2384 1816 2741 1877 intervallum,
2768 1821 3001 1880 excepto
3022 1812 3211 1866 diebus
3238 1811 3407 1864 Durni-

1832 1904 1968 1957 nicis
1996 1912 2051 1956 et
2079 1902 2461 1958 festivitatibus
2490 1913 2817 1960 sanctorum.
2846 1900 2997 1970 juxta
3024 1900 3406 1954 consideratio-

1831 2006 1949 2045 nem
1980 1992 2242 2060 cpisc0pi,
2274 1992 2358 2045 vel
2387 1992 2475 2061 qui
2507 1992 2607 2045 sub
2629 2005 2694 2045 eo
2724 1998 2824 2055 est,
2859 1990 2911 2044 id
2947 1999 3048 2055 est,
3079 2000 3136 2043 ut
3174 1989 3398 2058 quadra-

1828 2082 1975 2151 ginta
2002 2089 2095 2135 aut
2123 2081 2497 2150 quinquaginta
2543 2080 2775 2148 psalmos
2806 2080 3009 2147 possint
3040 2089 3286 2145 cantare,
3316 2096 3407 2133 se-

1829 2171 2059 2225 cundum
2110 2171 2251 2239 quod
2283 2170 2450 2224 visum
2495 2154 2672 2235 fuerit,
2722 2178 2775 2223 et
2807 2168 2933 2223 liora
2968 2167 3305 2236 permiserit;
3349 2177 3405 2221 et

1828 2262 1917 2329 qui
1943 2261 2175 2328 psalterii
2200 2261 2285 2314 vel
2328 2259 2618 2315 lectionum
2651 2260 2847 2328 aliquid
2893 2260 3149 2330 indigent,
3181 2260 3403 2314 medita-

1833 2350 1959 2404 tioni
1990 2350 2313 2404 inserantur.

1904 2438 1969 2491 Et
1992 2454 2096 2491 non
2122 2447 2410 2505 prmsumat
2436 2438 2628 2506 aliquis
2652 2433 2705 2491 in
2732 2439 2846 2506 ipso
2870 2439 3151 2493 intervallo
3172 2438 3404 2493 dormire

1830 2527 1956 2597 (nisi
1988 2543 2145 2595 quem
2183 2527 2465 2582 inﬁrmitas
2491 2538 2679 2597 cogat,
2713 2537 2767 2583 et
2797 2529 2896 2582 hoc
2927 2543 3022 2597 per
3054 2540 3407 2582 commeatum

1833 2615 1969 2681 ﬁat),
1997 2626 2051 2671 et
2097 2617 2185 2683 qui
2215 2618 2371 2671 aliter
2420 2616 2608 2671 fecerit
2651 2618 3160 2672 excommunicelur.
3198 2619 3407 2686 Reliqui

1832 2718 2021 2759 omnes
2048 2703 2292 2760 ordinem
2328 2705 2625 2775 vigiliarum
2657 2717 2871 2762 teneant
2900 2723 3065 2776 usque
3100 2709 3164 2761 ad
3196 2710 3412 2762 matuti-

1831 2810 1928 2850 nas
1951 2797 2138 2852 dictas.
2184 2799 2247 2851 Et
2291 2802 2341 2852 in
2383 2800 2499 2866 ipso
2524 2801 2802 2855 intervallo
2841 2816 3103 2856 summum
3132 2804 3401 2857 silentium

1833 2886 1922 2940 fiat
1950 2898 2053 2942 tam
2084 2888 2137 2942 in
2171 2904 2301 2945 voce
2327 2907 2486 2959 quam
2532 2893 2583 2945 in
2616 2903 2758 2959 actu,
2794 2894 2876 2947 vel
2907 2895 3117 2949 incessu
3145 2910 3239 2949 seu
3266 2911 3400 2950 sono

1762 3015 1807 3075 Ο
1837 2977 2061 3047 alicujus
2103 2981 2199 3049 rei,
2232 2988 2289 3034 ut
2321 2981 2480 3036 liceat
2514 2984 2800 3053 unicuique
2828 2985 3030 3053 absque
3076 2986 3300 3039 alterius
3328 2987 3412 3039 iu-

1837 3071 2145 3139 quietudiue
2195 3084 2408 3140 peccata
2457 3089 2551 3128 sua
2598 3090 2721 3128 cum
2770 3076 2971 3145 gemitu
3002 3085 3057 3132 et
3100 3079 3331 3146 suSpirio
3355 3088 3412 3134 et

1837 3159 2085 3229 lacrymis
2122 3162 2345 3228 Domino
2386 3166 2653 3234 conﬁteri,
2690 3174 2745 3221 et
2772 3170 2985 3233 veniam
3012 3169 3095 3223 vel
3142 3171 3413 3225 remissio-

1838 3266 1956 3305 nem
1989 3267 2085 3321 pro
2134 3253 2263 3323 ipsis
2312 3255 2379 3311 ab
2417 3259 2786 3325 omnipotente
2841 3258 3065 3316 Domino
3110 3264 3311 3317 orando
3358 3275 3414 3319 et

1836 3344 2064 3412 petendo
2096 3344 2384 3414 postulare.

2009 3454 2186 3510 Caper
2226 3457 2364 3513 XVI.
2395 3490 2466 3501 —
2495 3460 2570 3516 De
2598 3464 2885 3533 vigiliarum
2913 3464 3234 3535 antiquitate.

1915 3558 1943 3599 ά
1967 3562 2193 3631 Antiqua
2218 3576 2298 3619 est
2328 3568 2625 3638 vigiliarum
2657 3572 2889 3635 devotio,
2926 3575 3186 3629 familiare
3217 3577 3410 3631 bonum

1834 3652 2076 3705 omnibus
2103 3656 2320 3709 sanctis.
2355 3656 2517 3711 Isaias
2549 3659 2678 3713 dicit
2706 3680 2716 3713 :
2763 3662 2839 3715 De
2877 3674 3025 3716 nocte
3054 3667 3227 3735 vigilat
3257 3672 3413 3736 spiri—

1836 3749 1914 3793 tus
1946 3757 2083 3794 meus
2112 3745 2177 3795 ad
2205 3754 2269 3809 te,
2300 3745 2435 3800 Deus
2466 3747 2619 3814 (Isai.
2649 3752 2819 3819 xxw).
2848 3754 2975 3806 Item
3004 3731 3165 3808 David
3195 3775 3205 3807 :
3235 3731 3412 3813 Media

1838 3840 1981 3882 nocte
2001 3833 2267 3901 surgebam
2290 3836 2357 3886 ad
2385 3839 2728 3902 conﬁtendum
2753 3841 2841 3893 tibi
2860 3858 3010 3911 super
3026 3846 3233 3916 judicia
3254 3852 3413 3917 justi-

1838 3922 1921 3975 tia:
1950 3931 2049 3975 tum
2080 3922 2251 3992 (Paul.
2282 3929 2483 3999 cxvnt).
2516 3930 2624 3985 lloc
2653 3947 2882 4003 namque
2911 3945 3151 4006 tempore
3172 3952 3410 3996 vastator

1837 4012 2057 4080 angelus
2102 4016 2749 4089 transiensprimogenita
2779 4022 3147 4095 Egyptiorum
3189 4047 3407 4100 percus-

1834 4103 1935 4167 sit;
1966 4104 2108 4159 unde
2136 4116 2191 4159 et
2219 4122 2316 4161 nos
2344 4108 2561 4177 vigilare
2601 4121 2833 4181 oportet,
2867 4132 2934 4170 ne
2975 4120 3221 4185 periculis
3247 4121 3409 4193 Egy-

1834 4194 2065 4261 ptiorum
2096 4196 2510 4255 admisceamur.
2541 4201 2728 4258 Iisdem
2762 4206 2921 4259 etiam
2947 4206 3092 4262 horis
3130 4219 3408 4268 venturum

1833 4298 1891 4337 se
1925 4298 2045 4339 esse
2076 4287 2126 4339 in
2158 4286 2448 4359 Evangelia
2472 4292 2717 4347 Salvator
2743 4298 2956 4362 asserit,
2988 4299 3129 4355 unde
3172 4301 3237 4354 ad
3277 4304 3411 4369 vigi-

157 4374 367 4428 Gratias
392 4370 484 4424 tibi
517 4383 637 4436 ago,
675 4367 1009 4432 omnipotens
1042 4365 1216 4431 Pater,
1247 4366 1333 4433 qui
1366 4381 1451 4420 me
1481 4367 1726 4437 dignatus
1757 4351 1807 4410 D
1834 4374 2045 4428 landum
2076 4351 2345 4433 auditores
2376 4394 2504 4435 suos
2531 4388 2886 4452 exsuscitans,
2917 4351 3082 4453 dicit:
3109 4351 3263 4444 Dea—ti
3282 4351 3412 4446 nisi

156 4478 213 4517 es
260 4461 313 4514 in
367 4460 468 4513 hac
502 4464 661 4511 nocte
707 4455 991 4518 custodire,
1024 4464 1077 4508 et
1108 4455 1365 4522 deprecor
1395 4457 1729 4513 clementiam

155 4559 323 4613 tuam,
380 4546 681 4599 misericors
732 4544 975 4606 Domine,
1014 4550 1074 4595 ut
1106 4547 1232 4596 milia
1282 4547 1543 4601 concedas
1591 4550 1731 4603 diem

154 4650 438 4696 venturum
466 4639 544 4691 sic
589 4648 841 4704 peragere
871 4634 923 4687 in
972 4643 1060 4688 tuo
1088 4646 1275 4689 sancto
1326 4640 1564 4713 servitio,
1611 4656 1731 4695 cum

156 4732 453 4786 humilitate
501 4736 557 4781 et
602 4725 938 4787 discretione,
990 4726 1215 4793 qualiter
1265 4728 1353 4778 tibi
1405 4730 1736 4797 complaceat

153 4823 385 4877 servitus
411 4826 613 4872 nostra.
645 4818 836 4870 Amen.

223 4909 289 4963 Et
318 4920 449 4975 tunc
486 4920 675 4961 omnes
719 4906 825 4959 sint
856 4908 1132 4974 prgeparati
1155 4916 1361 4962 stantes
1402 4910 1451 4962 in
1486 4910 1602 4963 loco
1634 4926 1734 4965 suo

154 5003 206 5055 in
235 5002 405 5054 choro
452 5014 546 5067 per
574 4999 842 5060 ordinem,
875 5007 932 5049 ut
969 5012 1091 5050 cum
1139 5000 1481 5051 noviSsitnum
1522 5001 1731 5068 signum

154 5070 482 5151 cessaverit,
513 5103 633 5141 cum
682 5101 887 5140 summa
922 5088 1215 5141 humilitate
1253 5099 1307 5141 et
1341 5089 1618 5144 honestate
1650 5106 1734 5146 rc-

154 5177 333 5231 l'erant
364 5176 551 5233 laudes
588 5176 718 5239 Deo,
753 5178 803 5228 in
832 5188 1120 5244 conspectu
1153 5180 1463 5247 angelorum
1498 5182 1634 5248 ejus.
1670 5181 1735 5235 Et

156 5268 200 5318 si
231 5266 397 5319 alicui
427 5267 867 5330 ireqnensxtussis
901 5277 989 5318 aut
1022 5267 1267 5335 phlegma
1301 5283 1361 5319 cx
1401 5280 1612 5335 pectore
1645 5279 1735 5323 aut

86 5377 93 5383 η
155 5355 375 5409 naribus
419 5363 718 5415 excrescat,
768 5364 885 5421 post
914 5356 1128 5407 dorsum
1166 5359 1429 5426 pI‘i‘ejil'irtl,
1474 5360 1731 5429 antjuxta

224 5544 248 5568 ε·
279 5533 410 5599 Cap.
446 5530 545 5583 “7
576 5530 807 5595 ejusdem
835 5537 1067 5588 concilii.

224 5600 471 5670 ιῃιοεηι.
496 5601 662 5651 sancti
696 5602 980 5667 lictttdtcti,
1014 5620 1062 5658 c.
1093 5607 1181 5659 εἰνὶ.

431 5691 698 5751 Par-not.
748 5694 1103 5759 LXXXIX.

1829 4464 1907 4517 illi
1953 4482 2096 4533 quos,
2140 4462 2254 4521 cuin
2306 4472 2493 4524 venerit
2527 4472 2795 4539 Dominus,
2846 4476 3093 4533 invenerit
3145 4482 3411 4553 vigilantes

1835 4554 2053 4624 (Matth.
2086 4561 2253 4627 χειν).
2292 4558 2355 4612 Et
2380 4562 2420 4613 si
2449 4564 2729 4630 vespertina
2756 4564 2904 4630 liora,
2957 4567 3148 4634 inquit,
3194 4575 3409 4637 venerit,

1831 4653 1880 4697 et
1909 4646 1953 4697 si
1985 4647 2152 4699 media
2178 4656 2345 4712 nocte,
2376 4658 2424 4703 et
2451 4652 2494 4704 si
2522 4651 2651 4721 galli
2674 4662 2827 4706 cantu
2845 4694 2859 4715 ,
2887 4664 2931 4708 et
2960 4656 3201 4711 invenerit
3229 4676 3311 4713 eos
3337 4666 3410 4713 vi—

1835 4735 2069 4804 gilantes,
2116 4740 2243 4791 beati
2272 4749 2388 4793 sunt
2436 4742 2636 4809 quidem
2687 4745 2816 4798 serui
2858 4747 2956 4800 illi.
3006 4745 3188 4816 Itaque
3224 4759 3271 4802 et
3325 4768 3410 4804 vos

1832 4836 1991 4880 estote
2035 4832 2221 4896 parati,
2255 4834 2374 4900 quia
2406 4836 2604 4889 nescitis
2651 4853 2751 4906 qua
2792 4838 2919 4892 hora
2969 4840 3141 4895 Filius
3188 4844 3409 4899 hominis

1832 4927 2074 4971 uenturus
2102 4930 2175 4971 est
2224 4919 2380 4987 (Luc.
2404 4925 2524 4988 xu).
2576 4924 2849 4994 Siquidem
2894 4944 2992 4983 nec
3017 4932 3193 4986 verbis
3236 4934 3407 4987 solum

1834 5007 2018 5061 docuit
2050 5010 2279 5078 vigilias,
2308 5014 2402 5068 sed
2426 5014 2588 5069 etiam
2612 5017 2950 5072 conﬁrmavit
2976 5024 3245 5090 exemplo.
3273 5024 3407 5079 Nam

1836 5106 2060 5151 testatur
2093 5100 2462 5169 Evangelium,
2500 5107 2619 5171 quia
2671 5117 2778 5161 erat
2826 5109 2981 5164 Jestts
3019 5108 3319 5181 pernzctans
3355 5118 3410 5169 in

1834 5190 2063 5242 oratione
2092 5189 2188 5241 Dei
2214 5189 2365 5257 (Luc.
2397 5193 2492 5261 νι).
2521 5193 2716 5251 Paulus
2737 5215 2946 5268 quoque
2980 5211 3034 5256 et
3056 5204 3193 5256 Silas
3235 5206 3286 5258 in
3316 5220 3409 5259 cu-

1836 5278 2007 5329 stodia
2033 5278 2259 5345 publica,
2284 5281 2422 5336 circa
2447 5284 2680 5338 medium
2708 5290 2878 5343 noctis
2895 5300 3129 5358 orantes,
3154 5295 3405 5364 hymnum

1836 5368 2175 5425 audientibus
2204 5376 2409 5427 cnnclis
2455 5376 2616 5429 vincti
2647 5378 2845 5433 dixisse
2886 5398 3243 5438 memorantur
3270 5386 3402 5455 (Art.

1910 5555 1930 5617 ς
1960 5544 2149 5617 Begul.
2176 5548 2343 5617 sancti
2380 5550 2670 5617 Benedicti,
2704 5570 2753 5608 c.
2782 5555 2837 5607 8.

1907 5614 1929 5649 σι
1954 5616 2099 5680 lsid.,
2132 5616 2286 5671 Ul'lic.
2319 5620 2353 5672 Ι.
2380 5636 2416 5687 ι,
2440 5637 2489 5674 c.
2513 5622 2605 5687 ‘22,
2650 5614 2700 5678 et
2722 5640 2874 5680 conc.
2899 5626 3170 5698 Aquisgr.,
3197 5645 3248 5686 c.
3282 5629 3407 5689 129.

2855 5715 2934 5778 ενι
