3914 6236
200 342 328 399 I069

504 476 509 479 ·
538 453 716 506 CAPUT
743 452 905 506 XXII.
933 482 999 490 —
1022 451 1096 506 De
1125 451 1401 521 completis.

265 552 289 579 ι
323 542 399 596 De
442 543 721 610 completis
774 542 1105 596 celebrandis
1146 543 1197 595 in
1240 541 1451 596 Patrum
1483 537 1756 592 invenitur

196 636 467 702 exemplis,
524 634 685 687 David
732 632 984 686 dicente:
1037 632 1098 685 Si
1145 636 1422 685 ascendero
1471 632 1521 681 in
1576 630 1757 682 lectum

193 726 335 779 strati
361 726 479 778 mei.
511 723 572 776 Si
597 723 782 775 dedero
812 738 1045 774 somnum
1070 724 1227 773 oculis
1256 722 1399 782 meis,
1439 728 1484 772 ct
1506 719 1758 786 palpebris

194 816 309 867 meis
338 812 766 876 dormitationem,
789 822 837 864 et
858 812 1078 880 requiem
1106 811 1409 877 temporibus
1431 810 1573 874 meis,
1599 808 1757 861 donec

193 902 441 953 inveniam
490 902 657 953 locum
711 900 962 965 Domino,
1002 900 1392 952 tabernaculum
1441 898 1544 949 Deo
1597 896 1757 953 Iacob

195 988 358 1057 (Prol.
383 993 597 1057 cum).
641 988 749 1050 Nos
778 999 951 1042 autem
981 990 1024 1041 si
1060 991 1204 1043 locus
1238 988 1442 1042 Domini
1469 1002 1587 1041 esse
1614 988 1759 1040 volu-

195 1094 343 1141 mus,
391 1087 448 1132 ct
498 1080 896 1133 tabernaculum
947 1089 1001 1132 et
1052 1080 1305 1145 templum
1351 1078 1465 1146 ejus
1521 1079 1759 1146 cupimus

196 1169 401 1233 haberi,
444 1170 685 1236 exempla
716 1180 1019 1224 sanctorum
1065 1169 1353 1231 imitemur,
1385 1183 1453 1221 ne
1492 1168 1561 1223 de
1608 1168 1761 1222 nobis

193 1258 395 1311 dicatur
436 1259 576 1326 quod
629 1260 817 1327 legimr
850 1278 860 1311 :
891 1257 1220 1311 Dormierunt
1250 1275 1482 1311 somnum
1510 1276 1681 1324 suum,
1711 1270 1759 1311 et

194 1350 323 1402 nihi‘l
348 1351 640 1404 invenerunt
670 1368 842 1405 omnes
871 1350 964 1402 viri
995 1349 1285 1403 divitiarum
1310 1351 1361 1402 in
1395 1350 1624 1402 manibus
1655 1350 1761 1402 suis

193 1436 363 1505 (Psal.
390 1440 574 1508 Luv).
746 1448 747 1451 ‘

194 1524 373 1580 Carior
414 1527 599 1581 XXIII.
630 1557 689 1567 —
714 1528 785 1582 De
818 1540 1015 1598 recepto
1057 1531 1258 1583 silentio
1291 1540 1400 1595 post
1432 1529 1760 1593 completum.

262 1616 491 1682 Expleto
512 1617 777 1685 completo
808 1634 1071 1672 summum
1116 1618 1384 1671 silentium
1419 1618 1529 1679 liat,
1562 1624 1616 1669 et
1638 1628 1762 1669 ora-

199 1706 370 1760 tiones
419 1716 626 1760 secrete
657 1706 782 1759 liant
812 1722 930 1758 cum
974 1707 1345 1760 recerdatione
1386 1704 1721 1773 peccatorum
1750 1722 1764 1769 ;

195 1803 247 1848 et
277 1806 463 1862 postea
494 1794 693 1862 gratias
737 1805 892 1861 agant
939 1794 1068 1860 Deo,
1103 1793 1330 1848 dicendo
1363 1812 1395 1847 ε·
1430 1792 1637 1847 Gratias
1666 1809 1766 1862 ago

197 1884 311 1950 tihi,
340 1884 589 1947 Domine,
614 1896 796 1939 sancte
818 1885 975 1939 Pater
1002 1886 1339 1954 omnipotens
1366 1894 1570 1939 ceterae
1602 1884 1766 1946 Deus.

193 1976 282 2045 qui
312 1990 399 2029 me
428 1975 674 2041 dignatus
702 1990 762 2029 es
808 1977 858 2028 iti
893 1976 989 2029 hac
1016 1976 1103 2029 die
1148 1974 1417 2029 custodire
1443 1990 1456 2026 :
1502 1989 1595 2042 per
1623 1982 1765 2027 tuam

196 2072 431 2116 sanctam
487 2064 906 2117 misericordiam
957 2066 1191 2119 concede
1229 2064 1359 2117 mihi
1392 2066 1523 2117 lianc
1556 2073 1765 2118 noctem

196 2155 394 2207 mundo
440 2155 603 2208 corde
649 2164 703 2208 et
747 2169 973 2222 corpore
1018 2157 1095 2209 sic
1142 2156 1485 2223 perlransire,
1517 2156 1764 2223 qualiter,

205 2260 359 2297 mane
387 2259 631 2311 surgens,
660 2254 867 2311 gratum
900 2247 987 2298 tibi
1019 2246 1294 2298 servitium
1333 2246 1613 2299 exsolvere
1646 2261 1766 2314 pos-

194 2331 320 2397 sim,
354 2347 447 2399 per
473 2333 743 2386 Christum
774 2334 1055 2387 Dominum
1085 2345 1346 2388 nostrum.
1380 2338 1571 2389 Amen.

267 2422 479 2475 Etcum
510 2435 697 2490 magna
739 2422 941 2475 cautela
974 2422 1250 2477 ambulent
1288 2423 1339 2476 in
1368 2424 1590 2478 ecclesia
1633 2434 1686 2479 et
1716 2424 1769 2479 in

197 2510 543 2575 dormitorio;
576 2519 776 2565 etcum
816 2512 879 2563 ad
910 2513 1177 2579 proprium
1234 2520 1454 2566 stratum
1506 2514 1768 2581 venerint,

197 2601 323 2655 dum
354 2616 414 2656 se
443 2602 787 2656 collocaverit
808 2601 1002 2664 clerus,
1028 2602 1171 2655 dicat
1198 2604 1457 2671 psalmum
1484 2620 1498 2656 :
1527 2604 1686 2672 Deus,
1718 2607 1770 2659 in

196 2693 511 2761 adjutorium
558 2708 721 2745 meum
768 2695 972 2746 intende
1021 2691 1191 2761 (Psal.
1232 2695 1397 2763 Lux),
1432 2704 1600 2748 totum
1648 2710 1769 2751 cum

201 2778 413 2845 Gloria;
442 2790 498 2834 et
528 2789 643 2847 post
673 2782 815 2836 dicat
854 2797 1063 2837 versum
1095 2801 1106 2833 :
1138 2782 1305 2848 Pone,
1336 2784 1573 2850 Domine,
1598 2796 1770 2839 custo-

196 2871 334 2923 diam
381 2872 459 2923 ori
499 2886 630 2937 meo,
682 2880 730 2924 et
778 2873 962 2925 ostium
1010 2874 1399 2927 circumstantia
1445 2874 1592 2927 labiis
1644 2877 1768 2929 meis

197 2957 369 3026 (Paul.
397 2974 521 3023 (ιιι,
551 2958 629 3028 5).
682 2959 830 3014 Sicut
873 2975 1027 3014 inane
1071 2976 1295 3029 surgens
1343 2964 1627 3030 postulavit
1665 2965 1767 3020 sibi

200 3052 331 3106 labia
386 3068 415 3106 a
451 3053 675 3106 Domino
720 3054 933 3121 aperiri,
977 3052 1421 3121 sic.requiescens
1452 3063 1601 3123 roget
1643 3057 1763 3125 poni

197 3144 272 3196 ori
302 3157 401 3197 suo
433 3158 463 3195 a
492 3142 715 3197 Domino
745 3143 1065 3198 custodiam.

197 3236 378 3291 CAPUT
408 3234 597 3290 XXIV.
621 3265 691 3276 —
716 3234 788 3287 De
817 3253 873 3288 eo
897 3236 1033 3304 quod
1062 3237 1211 3288 horas
1235 3237 1508 3290 canonicos
1538 3236 1769 3290 canonici

614 3306 846 3373 religiose
866 3312 1128 3358 observare
1154 3308 1353 3359 debent.

271 3395 297 3433 δ
324 3394 586 3450 Studeant
625 3409 960 3460 summopere
1003 3396 1239 3448 canonici
1286 3395 1563 3461 prmdictas
1610 3395 1768 3450 horas

197 3474 603 3552 vigilatitissima
634 3498 760 3537 cura
791 3484 1081 3547 custodire,
1114 3494 1168 3537 et
1195 3484 1248 3536 in
1282 3483 1364 3536 bis
1388 3484 1628 3537 divinum
1652 3485 1786 3555 ofli-t

202 3576 345 3629 cium
382 3574 657 3628 humiliter
684 3574 973 3651 aedevote
1014 3573 1345 3641 persolvere;
1392 3588 1513 3626 mox
1542 3576 1683 3626 enim
1714 3582 1773 3626 ut

198 3666 439 3719 auditum
494 3665 655 3719 fuerit
712 3664 947 3731 signum,
1002 3664 1314 3717 festinanter
1369 3663 1433 3715 ad
1488 3664 1769 3718 ecclesiam

198 3755 543 3817 convenient,
577 3753 778 3807 relictis
798 3753 1045 3806 omnibus
1072 3753 1319 3820 quislibet
1349 3753 1549 3807 fuerint
1574 3754 1626 3806 in
1656 3769 1770 3806 ma-

202 3844 382 3907 nibus,
428 3842 506 3895 sic
531 3852 713 3895 tamen
736 3848 795 3895 ut
825 3856 928 3894 non
960 3850 1215 3910 pereant;
1242 3850 1298 3896 et
1331 3841 1376 3894 si
1409 3842 1563 3910 longe
1588 3841 1654 3895 ab
1680 3856 1770 3895 ec-

200 3932 361 3987 clesia
395 3931 585 3998 aliquis
610 3930 785 3994 fuerit,
812 3938 872 3983 ut
896 3932 959 3983 ad
988 3944 1121 3997 opus
1155 3932 1245 3983 Dei
1273 3946 1371 3999 per
1416 3931 1577 3983 horas
1602 3945 1774 3984 cano-

201 4024 349 4076 nicas
376 4035 667 4074 occurrere
696 4035 800 4074 non
835 4020 1017 4087 possit,
1048 4030 1165 4086 agat
1188 4033 1321 4087 opus
1362 4019 1457 4073 Dei
1490 4034 1608 4072 cum
1659 4028 1767 4072 tre-

200 4127 349 4168 more
374 4110 553 4165 diviuo
583 4110 670 4163 ubi
703 4120 825 4162 tunc
856 4109 1030 4161 fuerit.
1069 4109 1141 4161 Et.
1161 4109 1446 4176 pricvideat
1474 4118 1656 4162 custos
1685 4123 1772 4162 ec-

200 4206 377 4259 cIcsizn
426 4216 482 4257 ut
520 4204 607 4256 illa
651 4202 797 4270 signa
843 4201 986 4255 lteris
1020 4199 1446 4267 competentibus
1494 4210 1769 4252 sonentur.

204 4309 225 4335 ε
252 4296 319 4349 Εῑ
350 4303 575 4348 caveant
617 4290 881 4354 canonici,
910 4299 967 4343 ut
998 4305 1101 4341 non
1142 4288 1469 4355 pompatice,
1507 4299 1596 4341 aut
1629 4289 1775 4341 inbo-

203 4394 376 4448 neste,
440 4392 534 4436 aut
588 4382 959 4449 incomposite,
1006 4390 1094 4430 aut
1144 4379 1373 4447 superbe
1420 4378 1639 4443 intrent,
1682 4386 1772 4431 aut

202 4482 366 4538 stent,
400 4482 490 4524 aut
518 4471 758 4529 sedeant,
786 4470 837 4521 iu
868 4469 1173 4521 ecclesiam.

416 4561 594 4614 CAPUT
626 4558 791 4613 XXV.
812 4586 882 4598 —
912 4558 986 4609 De
1016 4558 1272 4625 diligentia
1293 4554 1563 4625 psallendi.

274 4654 300 4691 ιι
336 4653 545 4719 Ubique
575 4650 841 4703 credimus
882 4648 1111 4701 divinam
1156 4663 1274 4700 esse
1314 4647 1673 4714 prmsentiam,
1726 4653 1779 4699 et

204 4745 390 4799 oculos
438 4742 643 4796 Domini
690 4738 951 4806 Speculari
999 4737 1167 4790 bonos
1215 4746 1269 4790 et
1310 4738 1500 4800 malos,
1547 4736 1776 4788 maxime

208 4849 388 4890 tamen
419 4835 517 4884 hoc
544 4834 663 4883 sine
689 4830 864 4895 aliqua
891 4827 1214 4880 dubitatione
1238 4826 1540 4889 credamus,
1563 4839 1682 4877 cum
1713 4823 1777 4876 ad

208 4940 345 4995 opus
383 4922 616 4975 divinum
645 4918 972 4977 assistimus;
1012 4917 1129 4969 ideo
1165 4930 1379 4980 semper
1406 4928 1671 4967 memores
1710 4912 1783 4965 si-

208 5032 322 5069 mus
354 5011 493 5082 quod
525 5011 611 5062 ait‘
648 5007 908 5074 PrOplieta
940 5023 952 5057 ι
1008 5005 1201 5059 Servite
1250 5001 1468 5056 Domino
1498 5004 1551 5054 in
1581 5003 1778 5067 timore,

206 5119 249 5159 ινι
303 5103 552 5173 exsultate
605 5105 652 5153 ei
697 5116 809 5152 cum
857 5110 1068 5150 tremore
1111 5096 1282 5163 (l’sal.
1310 5096 1391 5163 tt).
1441 5094 1507 5147 Et
1544 5096 1777 5147 iterum:

213 5184 426 5252 Psallite
455 5197 705 5265 sapienter
739 5192 908 5260 (Psal.
945 5192 1108 5257 XLVI).
1147 5190 1247 5241 Et:
1283 5186 1346 5239 In
1390 5194 1659 5253 conspectu
1691 5202 1783 5237 an-

208 5290 439 5359 gelorum
465 5285 682 5354 psallam
706 5283 796 5332 tibi
821 5281 995 5347 (Psal.
1021 5277 1280 5345 cxxxvn).
1314 5278 1452 5345 Ergo
1476 5276 1783 5329 considere-

526 5436 927 5547 At|:1;s‘grati.,c.
948 5433 1047 5486 128
1066 5443 1117 5487 et
1142 5446 1255 5499 seq.
1280 5431 1357 5484 Ex
1376 5430 1589 5495 eodem,
1613 5446 1662 5486 c.
1686 5430 1777 5484 2|.

382 5526 424 5547 ιιι
526 5522 552 5547 (⁵
642 5540 652 5547 .
716 5543 728 5547 -

292 5507 491 5570 blind”
526 5522 572 5557 (ἴ.
610 5505 729 5558 15L

292 5590 314 5614 ι
340 5578 407 5629 Ut
432 5578 482 5628 in
515 5577 643 5643 Iieg.
675 5574 839 5626 sancti
874 5571 1161 5635 Benedicti,
1192 5586 1241 5622 c.
1278 5569 1364 5621 51).

293 5646 317 5684 ιι
341 5645 518 5696 Sancti
552 5643 817 5696 Benedicti
852 5643 1039 5709 Iiegul.
1069 5655 1114 5693 c.
1151 5644 1233 5693 Ili.

295 5730 316 5750 ε
346 5712 521 5769 Sancti
552 5713 840 5779 Benedicti.
874 5713 1020 5774 ilud.,
1053 5726 1099 5763 c.
1134 5710 1217 5760 2‘).

1396 335 1668 392 REGULA
1716 334 1793 384 (EA
1806 329 1931 382 NUN
1944 328 2139 381 lCtllilJ
2152 328 2218 381 Μ.

3286 329 3304 380 ¹1
3318 326 3372 378 0°.
3390 328 3419 376 ἐ)

1784 442 1833 498 Α
1862 450 1977 489 nius
2006 434 2231 505 qualiter
2259 436 2512 505 oporteat]
2534 436 2586 501 in
2617 447 2897 504 conSpectu
2932 435 3214 488 divinitatis
3245 445 3297 489 et
3325 451 3415 489 an-

1854 525 2089 593 gelorum
2120 523 2235 592 ejus
2264 539 2400 590 esse,
2431 534 2483 579 et
2524 539 2703 580 orare:
2750 537 2802 579 et
2844 526 2920 578 sic
2957 534 3157 579 stemus
3187 527 3250 577 ad
3282 528 3415 593 psal-

1859 613 2092 677 lendum,
2120 620 2170 665 ut
2203 628 2351 665 mens
2376 624 2548 667 nostra
2573 615 2855 667 concordet
2873 615 3214 668 vocinostrtc.
3237 624 3259 649 θ
3290 615 3415 667 Nam

1858 702 1899 752 si
1918 715 2035 752 cum
2066 700 2216 753 benis
2247 701 2564 766 hominibus,
2600 705 2678 757 vel
2709 704 3024 772 potentibus,
3060 704 3300 758 volumus
3322 704 3422 757 ali-

1857 804 1957 858 qua
1990 802 2295 858 suggerere,
2328 804 2429 842 non
2459 792 2823 858 prmsumituus
2853 793 2951 846 nisi
2981 809 3097 847 cum
3130 792 3422 845 humilitate

1859 885 1912 930 et
1964 878 2297 942 reverentia;
2332 890 2527 945 quanto
2569 881 2731 947 magis
2768 881 3016 934 Dominus
3056 882 3415 935 universorum

1858 982 1886 1019 a
1918 967 2068 1021 nobis
2089 972 2207 1020 Cum
2254 968 2544 1021 humilitate
2572 978 2623 1021 et
2653 970 2873 1035 puritate
2898 970 3268 1036 supplicandus
3296 984 3375 1024 εει
3400 972 3422 1022 τ

1863 1079 2043 1134 CAPUT
2083 1077 2272 1131 XXVI.
2298 1107 2365 1118 -—
2394 1077 2467 1130 De
2489 1094 2545 1129 eo
2574 1079 2710 1146 quod
2740 1093 2837 1129 non
2866 1080 3143 1146 pompatice
3179 1082 3443 1132 standuu'

2429 1156 2499 1200 est
2542 1149 2593 1199 in
2637 1149 2864 1199 ecclesia.

1936 1239 1956 1278 ί
1988 1240 2105 1294 Mox
2134 1248 2332 1303 autem,
2365 1238 2542 1291 audito
2572 1239 2745 1305 signo,
2775 1252 2959 1291 omnes
2995 1237 3230 1291 canonici
3281 1237 3427 1291 fusu-

1860 1328 1989 1383 nent
2018 1330 2081 1383 ad
2104 1328 2417 1391 ecclesiam;
2446 1335 2499 1381 et
2530 1341 2631 1380 non
2650 1329 2972 1395 ponipatice,
3004 1336 3095 1378 aut
3124 1326 3424 1385 inli0nc5te.

1865 1422 1948 1474 vel
1980 1420 2351 1486 incomposite,
2399 1418 2494 1470 sed
2548 1430 2665 1469 cum
2716 1417 2802 1471 Dei
2838 1418 3038 1469 'timore
3070 1410 3428 1483 ingrediantur

1864 1527 2001 1564 eam.
2036 1511 2139 1565 Nec
2163 1526 2283 1563 cum
2309 1509 2531 1573 baculis,
2565 1517 2655 1561 aut
2683 1500 2969 1575 camputis,
2992 1516 3082 1559 aut
3123 1507 3344 1559 fustibus
3375 1507 3427 1558 in

1866 1603 2052 1666 choro,
2083 1601 2319 1666 exceptis
2344 1600 2625 1662 debilibus,
2658 1598 2748 1650 sed
2780 1599 3022 1665 religiose
3054 1597 3155 1649 illis
3178 1598 3421 1650 standum

1868 1700 1923 1743 et
1952 1690 2281 1759 psallendum
2310 1698 2411 1742 est.
2440 1690 2577 1742 Sunt
2599 1688 2738 1741 enim
2758 1687 2969 1753 quidam
2998 1686 3311 1739 clericorum
3339 1702 3426 1754 qui

1804 1771 1841 1828 Β
1871 1781 1923 1833 in
1948 1778 2291 1833 saecularibus
2319 1778 2542 1843 negotiis
2575 1786 2633 1831 et
2661 1776 3132 1843 disceptationibus
3176 1791 3308 1842 pene
3351 1784 3433 1827 tu-

1871 1882 1983 1926 tum
2014 1871 2413 1939 infatigabiliter
2434 1871 2700 1924 deducunt
2728 1868 2891 1931 diem,
2926 1878 2978 1919 et
3020 1881 3143 1919 mox
3174 1876 3227 1919 ut
3258 1868 3437 1928 eccle-_

1869 1964 2000 2015 siam
2030 1961 2094 2015 ad
2136 1962 2373 2014 divinum
2420 1960 2653 2013 officium
2706 1957 3057 2027 peragendum
3098 1957 3436 2020 intraverint,
3498 1953 3501 1957 ⁴

1870 2056 1938 2106 ita
1969 2052 2167 2120 fatigati
2198 2051 2463 2113 videntur,
2514 2057 2571 2101 ut
2611 2062 2707 2102 nec
2732 2049 2957 2101 orationi
3006 2062 3207 2111 vacare,
3244 2062 3340 2101 nec
3367 2049 3433 2099 ad

1870 2140 2203 2209 psallendum
2244 2147 2387 2193 stare
2425 2147 2643 2204 queant,
2683 2139 2775 2190 sed
2810 2137 2981 2203 potius
3027 2136 3294 2198 sedentes,
3330 2151 3432 2188 non

1869 2228 2083 2293 divinis,
2111 2227 2206 2281 sed
2240 2226 2386 2280 ranis
2415 2228 2587 2279 solent
2618 2228 2813 2279 instare
2844 2225 3088 2293 loquelis,
3128 2233 3183 2278 et
3208 2225 3431 2276 saecula-

1871 2322 1946 2373 ria
1972 2320 2155 2384 verba,
2180 2329 2232 2373 et
2257 2318 2419 2389 (quod
2444 2319 2584 2372 dictu
2616 2319 2764 2372 nefas
2789 2319 2891 2383 est)
2924 2319 3093 2387 turpia
3121 2328 3177 2371 et
3204 2318 3434 2372 obscena

1879 2410 2105 2463 invicem
2131 2400 2427 2476 proferunt.
2456 2408 2675 2477 Oportet
2720 2425 2945 2475 namque
2978 2420 3033 2463 ut
3060 2409 3125 2461 ab
3154 2410 3345 2477 bisqui
3388 2411 3436 2460 id

1872 2499 2093 2562 faciunt,
2134 2506 2189 2552 et
2218 2498 2282 2552 ab
2314 2497 2418 2551 illis
2451 2499 2540 2563 qui
2584 2497 2687 2552 eos'
2707 2500 2839 2549 forte
2872 2498 3065 2549 imitari
3099 2498 3299 2560 volunt,
3340 2498 3442 2550 iste

1873 2591 2216 2645 exsecrabilis
2248 2605 2371 2643 usus
2401 2590 2659 2643 radicitus
2692 2591 2965 2651 evellatur,
3000 2591 3289 2642 secundum
3320 2603 3443 2641 sen-

1874 2683 2094 2737 tentiam
2124 2682 2332 2737 Domini
2362 2684 2589 2737 dicentis
2622 2701 2633 2735 :
2663 2682 2858 2734 Domus
2896 2696 3004 2734 mea
3045 2682 3226 2733 domus
3253 2681 3443 2733 oratio-

1872 2776 1949 2828 nis
1980 2774 2238 2827 vocabitur
2259 2772 2467 2844 (Matth.
2500 2775 2632 2841 XXI).

1946 2865 2147 2926 ,Csrur
2180 2864 2389 2918 XXVII.
2415 2892 2483 2905 —-
2508 2863 2583 2916 De
2612 2864 3043 2932 proﬁciscentibus
3068 2864 3117 2915 in
3146 2866 3343 2917 itinere.

1945 2964 1969 3002 8
1999 2955 2331 3025 Quicumque
2354 2972 2418 3009 ex
2446 2956 2594 3010 clero
2618 2957 2668 3008 in
2699 2956 2898 3009 itinere.
2917 2970 3034 3007 cum
3062 2956 3335 3023 episeopo,
3358 2955 3444 3007 νει

1874 3060 1993 3098 cum
2018 3045 2146 3108 alio,
2182 3046 2609 3113 proficiscuntur,
2639 3045 2877 3098 ordinem
2910 3060 3086 3106 suum,
3112 3044 3162 3096 iu
3190 3053 3440 3110 quantum

1798 3106 1843 3167 Ο
1876 3137 1975 3188 iter
2003 3134 2085 3187 vel
2117 3136 2250 3187 1⁸.ιὶίο
2302 3134 2616 3201 permiserit,
2666 3149 2773 3187 non
2801 3134 3088 3201 negligant.
3123 3134 3188 3185 Et
3218 3147 3323 3187 non
3350 3147 3444 3186 eos

1872 3224 2071 3278 debent
2118 3224 2395 3293 praeterire
2440 3224 2583 3278 horta
2620 3224 2946 3288 constitutae,
2990 3234 3093 3275 tam
3142 3222 3209 3277 de
3256 3222 3446 3277 officiis

1873 3315 2094 3391 divinis,
2127 3331 2283 3382 uitam
2316 3314 2549 3367 aliunde.
3076 3301 3080 3303 Α

1853 3404 2049 3458 -ΟΔιδυτ
2074 3404 2309 3458 XXVIII.
2342 3433 2408 3442 —
2430 3403 2525 3455 De
2547 3406 2625 3455 Itis
2654 3402 2741 3471 qui
2771 3404 2821 3455 in
2841 3402 3137 3464 quibusdam
3175 3401 3446 3454 levioribus

2396 3474 2558 3541 culpis
2589 3475 2907 3538 delinquunt.

1944 3558 1968 3596 ιι
2002 3561 2201 3629 Siquis
2231 3576 2294 3614 ex
2338 3561 2482 3614 clero
2525 3560 2589 3611 ad
2635 3574 2768 3627 Opus
2820 3558 2912 3611 Dei
2961 3560 3044 3612 vel
3093 3558 3159 3611 ad
3206 3573 3444 3611 mensam

1872 3650 2024 3703 tarde
2051 3649 2366 3708 occurrerit.
2398 3658 2488 3701 aut
2537 3664 2631 3716 pro
2672 3649 2842 3715 aliqua
2883 3660 3043 3700 causa
3091 3647 3272 3700 senior
3318 3661 3446 3700 suus

1874 3738 2226 3807 psalmodiam
2272 3738 2351 3790 vel
2400 3739 2587 3789 missas
2616 3747 2834 3791 cantare
2871 3734 3219 3803 ordiuaverit,
3261 3748 3314 3788 et
3345 3735 3447 3790 boc

1876 3831 2096 3884 minime
2142 3810 2459 3897 itnpleveril,
2490 3838 2543 3881 et
2570 3828 2612 3880 si
2644 3827 2860 3895 fregerit
2882 3827 3173 3893 quidpiam,
3202 3840 3290 3879 aut
3322 3842 3447 3895 per-

1875 3920 2093 3982 diderit,
2123 3921 2203 3970 vel
2232 3918 2433 3985 aliquid
2462 3917 2772 3977 excesserit,
2802 3925 2855 3968 et
2887 3929 2992 3967 non
3029 3917 3249 3968 veniens
3279 3916 3451 3968 conti.

1875 4022 1979 4061 nuo
2002 4016 2124 4060 ante
2150 4008 2480 4073 episcopum,
2513 4014 2605 4056 aut
2643 4014 2766 4057 ante
2813 4018 2903 4056 eos
2934 4003 3024 4071 qui
3055 4005 3157 4066 sub
3194 4018 3259 4057 eo
3301 4016 3445 4065 sunt,

1876 4098 1989 4165 ipse
2019 4097 2157 4151 ultro
2202 4095 2538 4156 satisfecerit,
2569 4094 2652 4147 vel
2681 4092 2931 4146 celaverit
2961 4092 3212 4146 delictum
3265 4108 3446 4159 suum,

1875 4188 2002 4241 dum
2043 4202 2135 4255 per
2176 4188 2335 4238 alium
2378 4187 2643 4253 cognitum
2702 4183 2880 4246 fuerit,
2933 4184 3117 4246 majori
3169 4183 3450 4249 subiaceat

1876 4278 2269 4339 emendationi;
2315 4290 2433 4327 nam
2480 4274 2521 4326 si
2579 4275 2693 4340 ipse
2724 4283 2912 4341 Sponte
2938 4272 3218 4326 confessus
3263 4273 3446 4336 fuerit,

1881 4369 2063 4421 leviori
2120 4367 2392 4435 subjareat
2449 4364 2828 4427 emendationi,
2882 4365 3173 4417 secundum
3228 4364 3439 4416 modum

1802 4453 1854 4512 D
1882 4459 2052 4524 culpat
2082 4477 2093 4510 :
2138 4456 2226 4525 qui
2253 4456 2443 4533 modus
2485 4456 2840 4522 correptionis
2888 4452 2939 4507 in
2989 4454 3243 4521 episc0pi,
3276 4465 3363 4506 aut
3393 4456 3441 4506 in

1882 4550 2022 4606 illius
2043 4548 2244 4616 judicio
2270 4548 2357 4614 qui
2382 4549 2481 4598 sub
2512 4562 2577 4599 eo
2607 4555 2709 4609 est,
2740 4546 2986 4611 pettdcul.

1957 4615 2107 4703 iQui
2153 4638 2201 4689 in
2250 4637 2533 4689 levioribus
2556 4637 2725 4701 culpis
2757 4634 3114 4701 deprehensus
3165 4635 3341 4697 fuerit,
3397 4638 3448 4687 in

1883 4735 1967 4789 illa
1996 4734 2079 4786 die
2104 4732 2338 4800 privetur
2366 4745 2394 4782 a
2426 4744 2621 4783 mensa:
2672 4730 3089 4796 participatione,
3133 4737 3185 4779 et
3230 4728 3280 4779 in
3328 4742 3449 4780 ora—

1885 4829 2022 4880 torio
2070 4826 2326 4893 psalmum
2372 4834 2460 4874 aut
2505 4822 2847 4887 antiplionatn
2901 4835 3002 4872 non
3048 4822 3302 4885 imponat,
3350 4835 3448 4874 nec

1888 4916 2165 4970 lectionem
2196 4915 2407 4967 recitet.
2459 4909 2825 4965 Refecdonem
2855 4912 2955 4961 cibi
3008 4921 3124 4976 post
3181 4911 3445 4963 elcrorum

1889 5003 2229 5057 refectionem
2260 5001 2503 5066 accipiat,
2538 5009 2589 5052 ut
2621 4998 2663 5050 si
2693 4998 2833 5050 verbi
2855 4998 3017 5065 gratia
3054 4998 3177 5050 cleri
3207 5002 3449 5051 reliciunt

1888 5097 2017 5151 liora
2057 5104 2223 5154 sexta,
2256 5092 2341 5144 ille
2368 5106 2523 5152 nona,
2556 5092 2596 5143 si
2628 5090 2753 5143 cleri
2786 5104 2943 5149 nona,
2973 5084 3059 5140 ille
3092 5104 3329 5155 vespera.

2083 5185 2255 5237 CAPUT
2294 5180 2484 5234 XXIX.
2511 5210 2579 5219 -—
2608 5179 2680 5233 De
2718 5178 3029 5249 grat'io'ri'us
3062 5182 3244 5247 culpis.

1960 5278 2013 5332 Si
2038 5274 2155 5345 quis
2177 5273 2397 5328 clericus
2421 5274 2486 5325 de
2508 5273 2691 5323 ordine
2717 5272 2969 5323 canonico
2993 5273 3246 5338 gravioris
3278 5271 3445 5338 culpa:

1968 5434 1984 5469 ί
2015 5432 2179 5486 Cone.
2210 5430 2543 5497 Aquisgrauh
2578 5444 2623 5481 c.
2665 5429 2777 5480 151.

1963 5514 1986 5547 5
2012 5502 2188 5554 Sancti
2220 5500 2485 5553 Benedicti
2524 5501 2677 5568 Iit'gq
2707 5515 2755 5551 c.
2789 5498 2876 5549 50.

1962 5571 1985 5605 ⁵¹
2015 5574 2086 5624 Ex
2112 5586 2157 5623 c.
2190 5570 2255 5621 ili
2282 5571 2540 5637 ejusdem.

1968 5641 1976 5675 ί
2020 5643 2092 5695 Ex
2124 5640 2358 5708 ejusdem
2382 5655 2429 5694 c.
2452 5639 2542 5691 ἓξ.
