3914 6236
421 266 551 320 1οη

1415 265 1470 320 8.
1511 265 1999 322 CllltUDEGANGl
2043 267 2383 325 METENSIS
2424 271 2719 328 EPISCOPI

3529 274 3679 328 1073

416 380 618 434 crimen
645 381 999 445 commiserit,
1029 381 1078 434 id
1120 388 1222 449 est,
1261 382 1628 450 homicidium,
1677 381 1981 437 fornicatio-
2013 384 2061 443 Α
2091 391 2341 451 tuerunt;
2392 397 2446 442 et
2493 389 2751 455 deinceps
2799 403 2917 442 cum
2949 389 3118 458 aliqua
3149 389 3401 461 cogitat'o
3431 392 3568 445 mala
3619 393 3672 447 In

419 487 563 539 nem,
585 471 934 537 adulterium,
968 470 1185 535 furtum,
1215 471 1298 526 vel
1340 471 1421 526 his
1464 472 1656 527 similia
1685 489 1750 528 ex
1785 473 1984 542 princi-

421 563 628 632 palibus
661 562 829 625 vitiis,
872 562 1130 628 corporali
1175 562 1513 631 castigationi
1557 565 1832 634 subiaceat
1881 565 1987 633 pri-

419 651 600 706 initus.
655 651 847 705 Deinde
872 659 1070 718 quanto
1118 658 1359 720 tempore
1410 654 1641 708 voluerit
1682 654 1985 724 episcopus,

422 745 736 815 velquisub
771 760 836 800 eo
878 752 1024 811 sunt,
1050 759 1289 814 carcere,
1341 746 1424 802 vel
1475 747 1668 802 exsilio
1720 748 1984 817 puniatur,

419 837 589 894 aciem
620 835 764 891 illam
811 837 1100 892 terribilem
1144 838 1462 895 sententiam
1493 838 1734 906 Apostoli
1779 839 1986 893 Domini

415 926 676 982 dicentis:
721 923 945 980 Tradere
987 926 1282 996 hujusmodi
1329 927 1579 982 hominem
1629 929 1684 981 in
1730 928 1988 982 interitum

415 1020 606 1084 carnis,
639 1028 694 1072 ut
716 1017 927 1088 spiritus
950 1020 1118 1074 salvus
1142 1021 1205 1072 sit
1236 1019 1289 1073 iu
1317 1021 1400 1074 die
1440 1016 1646 1074 Domini
1673 1018 1727 1088 (1
1756 1018 1877 1075 Cor.
1911 1020 1984 1092 v).

422 1108 624 1166 εωυω
645 1108 698 1163 in
724 1109 839 1177 ipso
855 1122 1072 1164 carcere
1089 1109 1264 1177 luerit,
1285 1111 1595 1166 nulluseiex
1623 1113 1769 1166 clero
1799 1112 1850 1166 in
1882 1113 1988 1166 ullo

410 1200 664 1271 jungatur
681 1201 972 1264 consortio,
990 1215 1162 1271 neque
1182 1200 1236 1255 in
1257 1201 1542 1271 colloquio,
1567 1204 1669 1258 nisi
1712 1205 1797 1258 cui
1846 1207 1988 1273 prior

413 1292 668 1361 jusserit;
701 1299 755 1346 et
784 1291 869 1344 bic
894 1291 1038 1344 solus
1068 1292 1387 1366 persistetiu
1407 1294 1717 1364 ptenitentia
1751 1295 1984 1349 luctuum

418 1380 653 1448 quandiu
685 1381 844 1449 priori
877 1381 1046 1435 visum
1071 1380 1249 1437 fuerit.

480 1470 743 1542 Egressus
773 1473 840 1526 de
871 1488 1110 1538 carcere,
1140 1471 1182 1526 si
1212 1474 1481 1548 episcopo,
1513 1478 1593 1531 vel
1639 1477 1721 1530 itis
1765 1481 1855 1548 qui
1887 1479 1988 1532 sub
2014 1483 2025 1494 ’

414 1576 483 1618 eo
522 1571 668 1627 sunt,
713 1564 883 1617 vit-um
925 1563 1105 1628 fuerit,
1135 1574 1255 1634 agat
1281 1566 1455 1619 adhuc
1498 1568 1764 1634 publicam
1815 1571 1986 1638 μανεὶς

417 1652 657 1719 tentiam,
687 1654 738 1708 id
761 1662 861 1719 est,
893 1655 1248 1722 suspendatur
1275 1656 1343 1710 ab
1364 1658 1623 1723 oratorio,
1676 1660 1833 1713 simul
1877 1671 1928 1714 et
1957 1675 1987 1714 a

419 1760 640 1811 mensa;
707 1755 762 1801 et
811 1746 1056 1800 omnibus
1103 1745 1250 1801 horis
1308 1749 1580 1802 canonicis
1639 1752 1821 1804 veniat
1866 1763 1990 1806 ante

419 1836 615 1892 ostium
641 1837 906 1904 ecclesiae,
933 1839 1021 1892 ubi
1046 1839 1189 1907 prior
1224 1840 1466 1906 jusserit,
1492 1840 1682 1909 jacens
1727 1831 1991 1911 prostrato

416 1928 562 1982 omni
589 1941 818 1994 corpore
844 1942 963 1993 suo,
993 1938 1116 1982 ante
1146 1929 1322 1996 ipsum
1359 1930 1582 1984 limitem
1623 1933 1867 1985 ecclesiae
1898 1946 1989 1985 us-

414 2031 518 2086 que
542 2017 670 2074 dum
724 2017 1090 2086 ingrediuntur
1119 2033 1326 2082 omnes,
1377 2031 1430 2072 et
1474 2029 1658 2088 postea
1704 2023 1864 2091 erigit
1908 2037 1990 2086 se,

414 2113 520 2161 stet
545 2105 689 2160 foras
715 2107 957 2160 ecclesite
984 2115 1108 2161 ante
1131 2108 1301 2175 ipsum
1333 2110 1553 2174 ostium,
1585 2117 1639 2164 et
1665 2109 1885 2178 impleat
1919 2110 1989 2163 ibi

412 2194 649 2250 omcium
685 2210 865 2262 suum,
904 2197 954 2248 iu
998 2206 1257 2266 quantum
1300 2208 1508 2265 potest;
1555 2209 1610 2254 et
1643 2197 1850 2269 iacens,
1909 2203 1990 2255 vel

419 2294 567 2341 stans
597 2294 720 2341 ante
745 2286 917 2357 ipsum
947 2286 1193 2355 limitem,
1223 2304 1343 2342 cum
1377 2290 1524 2344 nullo
1557 2291 1792 2345 homine.
1827 2291 1992 2360 Egre—

418 2378 684 2434 dientibua
731 2378 800 2432 de
838 2378 1101 2444 ecclesia,
1153 2379 1400 2434 similiter
1448 2387 1743 2448 prostratus
1785 2381 1993 2448 jaceat,

424 2485 593 2541 usque
621 2470 746 2525 dum
778 2485 966 2525 omnes
997 2470 1194 2525 fuerint
1221 2472 1421 2541 egressi
1448 2475 1610 2526 foras;

493 2563 571 2619 De
605 2563 926 2619 abstinentia
961 2565 1195 2632 quandiu
1233 2565 1316 2618 vel
1360 2566 1588 2634 qualiter
1612 2567 1890 2635 episcopo,
1913 2566 1995 2621 vel

420 2655 504 2710 his
533 2654 622 2724 qui
644 2655 745 2708 sub
772 2670 836 2710 eo
858 2665 1003 2722 sunt,
1028 2653 1197 2709 visum
1227 2655 1406 2722 fuerit,
1433 2671 1706 2724 mensura,
1733 2659 1814 2712 vel
1845 2661 1994 2725 hora,

419 2761 522 2813 qua
551 2746 603 2800 ei
635 2746 866 2801 viderint
893 2756 1222 2815 competere,
1266 2762 1440 2816 neque
1471 2763 1498 2799 a
1530 2763 1795 2818 quoquam
1826 2749 1993 2803 bene-

419 2839 648 2904 dicatur,
677 2851 846 2908 usque
872 2836 997 2890 dum
1028 2837 1427 2893 reconcilietur.

415 2949 598 3006 Carur
629 2948 881 3004 XXX.—
928 2947 1003 3003 De
1029 2949 1446 3004 reconciliatione
1468 2947 1748 3019 paenitentis
1776 2949 1996 3020 capitale
2034 2973 2045 3004 I

1105 3035 1292 3072 ct'tnten
1304 3061 1315 3073 .

489 3109 632 3165 Ordo
664 3109 1030 3178 penitentiam
1062 3111 1266 3177 agentis
1291 3109 1552 3186 publicam
1578 3110 1664 3163 hic
1681 3120 1764 3164 est
1787 3125 1802 3163 :
1828 3111 1997 3164 susci-

421 3200 538 3267 pies
560 3213 678 3253 cum
703 3212 887 3266 quarta
918 3198 1048 3253 feria
1074 3213 1228 3254 mane
1255 3199 1307 3251 in
1334 3203 1509 3268 capite
1535 3201 1992 3270 Quadragesimte,

422 3289 477 3346 id
506 3289 666 3345 estin
697 3278 1241 3359 capite‘jejuniorum,
1270 3300 1325 3343 et
1346 3291 1624 3360 cooperics
1650 3307 1772 3346 eum
1799 3292 1998 3358 cilicio,

419 3392 477 3441 et
499 3382 680 3438 orabis
709 3397 806 3451 pro
835 3397 899 3436 co
928 3392 1037 3447 ;.et'
1071 3382 1311 3436 iucludes
1349 3398 1468 3436 eum
1501 3398 1667 3452 usque
1698 3384 1751 3437 in
1781 3383 1999 3438 Cinnam

420 3473 629 3533 Domini
656 3491 670 3527 :
703 3473 790 3543 qui
814 3475 1002 3527 eodem
1031 3473 1117 3528 die
1149 3484 1499 3542 prtcsenletur
1523 3474 1575 3527 iu
1600 3480 1804 3545 gremio
1824 3476 2001 3529 eccle-

419 3565 550 3630 siae;
600 3565 688 3629 qui
727 3565 851 3617 dum
905 3574 1121 3618 vocatus
1167 3566 1370 3618 venerit
1420 3565 1484 3617 ad
1540 3565 1998 3619 reconciliaudum

423 3661 549 3707 ante
576 3654 907 3721 episcopum,
953 3654 1035 3707 vel
1080 3654 1306 3720 clerum,
1337 3671 1456 3707 cum
1508 3657 1653 3707 omni
1699 3657 2002 3711 humilitate

423 3755 693 3814 prostrato
729 3746 871 3798 omni
902 3759 1127 3813 corpore
1157 3761 1317 3813 super
1349 3755 1544 3800 terram
1576 3758 1701 3799 ante
1727 3749 1996 3813 absidam,

432 3844 581 3904 petat
609 3835 676 3887 ab
705 3835 952 3888 omnibus
980 3835 1226 3904 veniam;
1255 3843 1308 3888 et
1329 3835 1633 3903 episc0pus,
1667 3835 1750 3890 vel
1783 3836 1870 3903 qui
1902 3837 2000 3890 sub

422 3939 489 3980 eo
517 3931 620 3989 est,
654 3925 743 3978 det
771 3926 1042 3978 orationes
1083 3939 1244 3990 super
1273 3939 1394 3978 eum
1435 3925 1499 3977 ad
1551 3923 1999 3980 reconciliaudum

419 4012 472 4071 in
501 4015 684 4086 quinta
719 4014 846 4069 feria
875 4013 1056 4069 Ctenze
1089 4017 1320 4068 Domini.

666 4103 847 4160 CAPUT
889 4104 1080 4160 XXXI.
1113 4135 1182 4146 --
1214 4105 1292 4159 De
1323 4106 1774 4174 confessionibusu

488 4196 744 4253 Hortatur
782 4210 881 4250 nos
933 4197 1204 4265 Scriptura
1253 4197 1439 4250 dicens
1478 4212 1492 4250 :
1540 4197 1723 4250 Revela
1783 4196 1999 4249 Domino

415 4286 548 4340 uiam
595 4293 752 4348 tuam,
795 4285 1035 4353 et'spera
1080 4288 1134 4338 in
1185 4293 1302 4338 eum
1335 4285 1506 4351 (Psal.
1544 4301 1728 4350 xxxvi,
1759 4285 1838 4354 5).
1870 4287 1997 4339 item

416 4377 582 4430 dicit:
607 4375 931 4443 Con/itemini
964 4376 1206 4439 Domini,
1237 4376 1476 4442 quoniam
1509 4376 1559 4427 in
1586 4378 1827 4429 saeculum
1854 4376 2001 4429 mise-
2033 4408 2080 4466 ο

416 4465 641 4517 ricordia
691 4467 801 4534 ejus
851 4464 1031 4534 (Psal.
1063 4479 1152 4527 CV,
1191 4467 1264 4526 1).
1301 4467 1428 4517 Item
1467 4481 1479 4516 :
1533 4465 1785 4518 Delicium
1834 4481 2000 4517 meum

415 4557 677 4626 cognitum
705 4556 794 4609 tibi
845 4555 963 4623 feci,
1014 4567 1058 4607 et
1109 4557 1385 4624 iujustitias
1427 4572 1565 4610 meas
1614 4574 1713 4608 non
1757 4556 2002 4609 abscondi

422 4643 589 4716 (Paul.
617 4660 766 4710 ιιιι,
793 4645 874 4712 5).
906 4645 1033 4697 Item
1063 4663 1072 4695 :
1100 4643 1388 4712 Conﬁtebor
1417 4647 1662 4699 adversus
1688 4664 1764 4700 me
1794 4647 2000 4715 injusti-

416 4738 513 4792 tias
551 4753 686 4790 meas
730 4736 982 4800 Domino;
1027 4747 1074 4789 et
1107 4747 1158 4789 tu
1196 4737 1433 4798 remisisti
1464 4740 1771 4807 impietatem
1808 4742 2002 4808 peccati

417 4829 518 4882 mei
567 4827 737 4897 (Ibid.
782 4826 869 4896 6).
923 4828 990 4880 Et
1033 4828 1222 4881 iterum
1266 4846 1279 4881 :
1333 4827 1657 4897 Con/itemini
1697 4831 2001 4883 alterutrum

418 4931 624 4986 peccata
652 4929 818 4972 uestra
866 4918 1007 4989 (Jac.
1043 4935 1096 4987 ν,
1129 4919 1242 4989 16),
1275 4930 1328 4975 ει
1366 4922 1663 4978 deleantur.
1718 4922 1786 4975 Et
1825 4922 1950 4975 alibi
1984 4939 1997 4975 :

424 5010 524 5071 Qui
548 5008 813 5063 abscondit
842 5011 1033 5062 scelera
1060 5027 1176 5075 sna,
1204 5027 1303 5063 non
1334 5012 1615 5081 dirigetur;
1640 5014 1729 5082 qui
1749 5022 1914 5065 autent
1942 5029 2000 5064 ea

421 5097 682 5165 confessus
714 5100 887 5166 fuerit,
918 5101 1128 5152 saloabit
1157 5102 1383 5153 animant
1412 5104 1521 5170 ejus
1550 5121 1581 5156 a
1628 5113 1787 5156 morte
1816 5102 1996 5172 (Prov.

422 5201 627 5249 xxvut,
669 5187 781 5253 13).
837 5189 899 5240 Et
952 5175 1204 5242 Dominus
1256 5193 1306 5243 in
1361 5192 1644 5260 Evangelia
1674 5197 1750 5245 ait
1792 5211 1804 5244 :
1859 5193 2003 5260 Agite

421 5279 789 5348 pmtitentiam,
849 5281 1276 5351 appropinquavit
1316 5284 1450 5336 enim
1495 5301 1706 5352 regnum
1759 5285 2001 5337 caelorum

421 5369 642 5440 (Matth.
676 5386 758 5434 tu,
789 5371 868 5438 ἓ).
905 5373 1130 5427 Necesse
1163 5387 1244 5425 est
1289 5387 1344 5428 ut
1369 5381 1488 5427 dum
1522 5377 1700 5440 modo,
1737 5378 2001 5430 suadente

421 5462 662 5525 diabolo,
698 5464 863 5516 multa
891 5477 1077 5517 contra
1116 5467 1436 5519 voluntatem
1471 5477 1522 5521 ct
1552 5478 1874 5536 prmceptum
1908 5469 1999 5521 Dei

423 5552 807 5617 commisimus,
840 5568 933 5622 per
954 5571 1131 5608 veram
1153 5556 1503 5610 humilitatem
1534 5569 1586 5610 cl
1609 5558 1999 5612 coalessionem

421 5645 770 5700 emendemus
803 5650 1146 5715 ριεηὶιριιιεε,
1180 5651 1314 5703 sicut
1359 5650 1528 5703 saneli
1565 5650 1746 5701 Patres
1795 5650 2000 5702 consti-

2093 489 2207 541 cor,
2241 478 2496 533 suadente
2540 479 2777 547 diabolo,
2823 482 3048 545 venerit,
3100 482 3207 536 cito
3253 483 3528 552 episcopo,
3587 489 3671 538 vel

2095 569 2280 636 priori,
2337 571 2672 635 conﬁteatur,
2725 583 2780 626 ut
2829 589 2920 640 per
2955 589 3130 627 veram
3181 570 3579 630 eonlessiouem
3613 590 3671 630 et

2096 660 2481 726 paenitentiam,
2516 676 2739 730 regnum
2790 664 2879 718 Dei
2915 661 3109 718 habere
3141 682 3466 720 mereamur.
3500 667 3670 720 Nimis

2094 748 2236 801 enim
2280 747 2551 818 improbus
2598 759 2682 806 est
2721 754 2809 820 qui
2857 765 2979 808 ante
3029 755 3118 809 Dei
3162 756 3349 811 oculos
3403 765 3587 825 peccat
3617 766 3672 811 et

2098 836 2297 892 homini
2329 841 2571 894 conliteri
2602 843 2888 897 erubescit.

2093 933 2272 1002 Caput
2305 949 2516 1026 XXXII.
2553 980 2610 992 -ιο
2645 952 2784 1026 Ordo
2817 959 2888 1006 ad
2918 957 3260 1023 penitentiam
3288 959 3668 1024 accipiendam,

2483 1032 2531 1074 et
2560 1025 2924 1087 cuiuessionem
2964 1029 3272 1093 faciendam.

2167 1104 2292 1160 llaec
2323 1117 2406 1162 est
2435 1114 2605 1164 oratio
2643 1111 2967 1178 pmnitentim
2990 1121 3044 1167 et
3065 1114 3414 1170 confessionis
3444 1125 3669 1178 nostra,

2093 1174 2210 1262 q‘ua:
2238 1210 2418 1250 coram
2464 1199 2568 1253 De.»
2592 1211 2644 1254 et
2675 1201 3040 1257 sacerdOlihus
3069 1205 3184 1270 eius
3217 1219 3247 1258 a
3279 1205 3431 1259 nobis
3469 1207 3672 1273 pariter

2093 1285 2310 1353 agendae
2341 1296 2485 1352 sunt,
2520 1290 2567 1342 id
2615 1300 2728 1354 est,
2778 1293 2830 1343 in
2863 1307 3184 1361 unoquoque
3212 1309 3352 1346 anno
3384 1295 3552 1350 tribus
3586 1297 3668 1348 vi-

2092 1368 2263 1443 cibus,
2297 1374 2347 1429 id
2391 1386 2474 1431 est
2503 1379 2555 1432 in
2585 1383 2756 1434 tribus
2786 1381 3217 1452 Quadragesimis
3235 1385 3462 1454 populus
3494 1385 3674 1439 ﬁdelis

2094 1480 2242 1519 suam
2274 1468 2660 1525 confessionem
2688 1486 2785 1526 suo
2813 1475 3077 1528 sacerdoti
3123 1473 3296 1540 iaciat,
3327 1486 3379 1530 et
3405 1477 3495 1544 qui
3540 1478 3669 1546 plus

2096 1552 2301 1621 fecerit,
2333 1559 2524 1612 melius
2549 1557 2695 1616 facit.
2735 1561 2976 1617 Monachi
3005 1563 3059 1617 in
3089 1579 3409 1632 unoquoque
3431 1565 3674 1619 Sabbato

2095 1645 2487 1713 confessionem
2521 1648 2886 1722 iaciantxcum
2927 1652 3062 1706 bona
3096 1657 3392 1720 voluntate,
3415 1657 3678 1724 episcopo

2022 1737 2070 1795 B
2095 1744 2184 1789 aut
2208 1736 2371 1803 priori
2401 1754 2518 1794 suo.
2553 1742 2778 1805 Quando
2805 1742 3043 1797 volueris
3069 1745 3461 1811 confessiOnem
3493 1746 3678 1802 facere

2097 1839 2431 1894 peccatorum
2455 1841 2689 1899 tuorum,
2722 1835 2944 1888 viriliter
2966 1844 3092 1905 age,
3110 1846 3164 1890 et
3194 1837 3301 1890 noli
3324 1838 3678 1904 erubescere,

2095 1921 2218 1988 quia
2253 1921 2379 1978 inde
2409 1924 2551 1978 venit
2573 1925 2901 1994 indulgentia
2926 1945 2942 1991 ;
2972 1936 3026 1981 et
3050 1929 3166 1982 sine
3194 1910 3532 1982 confessione
3559 1945 3677 1982 non

2093 2021 2178 2064 est
2206 2011 2558 2081 indulgentia.

2166 2099 2434 2168 imprimis
2465 2083 2746 2171 prosterne
2776 2112 2827 2159 te
2857 2104 3130 2161 humiliter
3158 2105 3213 2160 in
3251 2120 3540 2177 conspectu
3579 2108 3681 2164 Dei

2053 2265 2058 2274 .
2097 2187 2147 2242 in
2181 2197 2321 2243 terra
2356 2191 2420 2245 ad
2445 2193 2765 2258 orationem,
2789 2204 2841 2248 et
2872 2211 2997 2264 roga
3025 2196 3230 2250 beatam
3279 2197 3498 2251 Mariam
3549 2212 3679 2252 cum

2094 2281 2292 2335 sanctis
2323 2284 2606 2351 apostolis,
2649 2282 2703 2339 et
2752 2287 3098 2356 martyribus,
3150 2299 3204 2341 et
3249 2290 3677 2355 confessoribus,

2096 2376 2155 2424 ut
2202 2371 2300 2439 ipsi
2341 2373 2671 2428 intercedant
2713 2391 2808 2444 pro
2855 2387 2907 2430 te
2952 2378 3017 2431 ad
3073 2365 3379 2444 Dominum,
3432 2389 3488 2434 et
3536 2381 3682 2436 Deus

2097 2465 2437 2533 omnipotens
2458 2466 2704 2536 dignetur
2728 2469 2820 2523 tibi
2847 2469 2977 2524 dare
3006 2470 3320 2540 sapientiam
3355 2470 3679 2538 perlectam,

2098 2563 2151 2607 et
2195 2555 2495 2621 scientiam,
2525 2567 2581 2611 et
2613 2559 3253 2629 intelligentiam-veram,
3295 2559 3361 2613 ad
3414 2560 3682 2616 conliteri-

2097 2643 2222 2698 dum
2277 2655 2488 2715 peccata
2536 2658 2641 2701 tua.
2690 2648 2755 2702 Et
2805 2659 2986 2718 postea
3019 2663 3176 2718 surge
3217 2642 3337 2704 cum
3370 2651 3564 2706 liducia
3618 2663 3681 2707 et

2098 2751 2220 2801 vera
2267 2739 2601 2806 credulitate,
2633 2747 2689 2793 et
2726 2740 2811 2795 die
2853 2740 2974 2795 illi:
3020 2740 3191 2796 Serve
3237 2741 3361 2807 Dei,
3411 2745 3592 2798 credis
3627 2747 3684 2799 in

2099 2828 2264 2883 Deum
2328 2819 2540 2886 Patrem
2595 2832 3014 2902 omnipotentem
3075 2845 3372 2890 creatorem
3447 2836 3577 2891 cmli
3628 2847 3688 2892 et

2099 2927 2252 2972 terrae
2269 2919 2295 2973 2

2172 3008 2442 3079 Respond.
2478 3010 2670 3064 Credo.
3067 3065 3078 3070 _
3269 3069 3274 3075 δ

2173 3098 2432 3180 interrog.
2464 3103 2652 3158 Credis
2686 3106 2736 3158 in
2768 3105 2980 3161 Patrem
3007 3083 3064 3161 et
3105 3106 3295 3161 Filium
3326 3117 3380 3163 et
3420 3107 3690 3179 Spiritum

2103 3192 2384 3244 sanctum?

2174 3280 2444 3351 Respond.
2484 3283 2677 3339 Credo.

2171 3371 2271 3424 lnt.
2304 3374 2491 3428 Credis
2520 3378 2660 3445 quod
2688 3379 2803 3432 ista:
2831 3387 2942 3433 tres
2969 3395 3234 3450 personae,
3281 3381 3554 3451 quomodo
3601 3382 3689 3437 di-

2100 3461 2293 3527 ximus,
2331 3461 2487 3518 Pater
2511 3474 2563 3520 et
2596 3466 2757 3521 Filius
2790 3477 2844 3522 et
2872 3468 3101 3539 Spiritus
3141 3485 3382 3537 sanctus,
3420 3482 3530 3526 tres
3559 3488 3692 3541 per-

2101 3566 2248 3605 sona:
2275 3554 2404 3619 sint,
2435 3564 2489 3609 et
2512 3571 2647 3610 unus
2675 3557 2851 3612 Deus?

2173 3643 2442 3712 Respond.
2490 3644 2686 3700 Credo.

2173 3737 2274 3788 lnt.
2314 3736 2500 3791 Credis
2529 3739 2672 3806 quod
2707 3740 2759 3792 in
2793 3742 2902 3808 ipsa
2944 3756 3106 3794 carne
3152 3742 3206 3794 in
3250 3757 3352 3808 qua
3405 3756 3548 3795 nunc
3600 3757 3687 3806 es.

2104 3824 2344 3893 recipere
2374 3826 2542 3879 habes
2587 3829 2731 3894 quod
2762 3826 2938 3896 egisti,
2970 3842 3022 3880 et
3052 3831 3192 3895 quod
3222 3828 3399 3897 egeris
3447 3829 3558 3883 sive
3589 3831 3691 3883 bu-

2103 3931 2250 3978 num,
2281 3915 2395 3992 sive
2422 3916 2664 3969 malum?

2177 4006 2448 4074 liespond.
2483 4006 2680 4060 Credo.

2174 4095 2272 4148 lnt.
2307 4094 2490 4148 Credis
2522 4095 2970 4149 resurrectionem
3003 4109 3055 4149 et
3089 4097 3250 4149 vitam
3276 4107 3534 4151 :etcrnam
3557 4111 3688 4153 esse

2101 4189 2194 4242 tibi
2229 4196 2344 4257 post
2376 4187 2637 4245 inertem?

2174 4280 2447 4349 licspond.
2481 4283 2674 4336 Credo.

2180 4371 2282 4425 lnt.
2312 4371 2403 4424 Vis
2431 4371 2700 4426 dimittere
2729 4375 2904 4426 omnia
2928 4373 3064 4424 mala
3093 4374 3198 4425 illis
3228 4375 3476 4428 omnibus
3505 4371 3596 4442 qui
3629 4374 3689 4426 in

2108 4470 2159 4513 te
2192 4473 2565 4533 peccaverunt,
2604 4472 2658 4516 ut
2689 4464 2828 4517 Deus
2859 4463 3090 4516 dimittat
3123 4464 3217 4516 tibi
3250 4463 3430 4516 omnia
3464 4473 3684 4532 peccata

2106 4553 2233 4604 tua?
2261 4553 2473 4607 dicente
2501 4554 2689 4608 eodem
2723 4555 2944 4607 Domino
2974 4555 3023 4607 in
3056 4555 3344 4624 Evangelio
3377 4573 3388 4607 :
3426 4554 3488 4609 Si
3525 4558 3687 4608 renti-

2103 4642 2270 4694 seritis
2295 4642 2581 4696 hominibus
2610 4652 2812 4712 peccata
2841 4660 3036 4708 eorum,
3063 4645 3376 4699 remittantur
3400 4645 3537 4698 vobis
3564 4662 3692 4714 pec-

2105 4740 2218 4784 cata
2247 4742 2410 4784 uestra
2445 4731 2659 4801 (Matth.
2694 4748 2841 4798 xvm,
2870 4731 2984 4802 35).

2178 4827 2450 4894 liespond.
2499 4827 2648 4880 Volo.

2177 4918 2239 4971 Et
2269 4927 2447 4984 postea
2482 4918 2690 4986 require
2719 4932 2842 4970 eum
2875 4918 3178 4985 diligenter,
3224 4913 3270 4968 si
3319 4924 3447 4969 sunt
3492 4925 3686 4969 secum

2103 5025 2265 5079 opera
2301 5011 2459 5074 mala,
2489 5028 2607 5078 quae
2638 5019 2887 5077 separant
2920 5010 3188 5062 hominem
3231 5009 3314 5076 (ut
3343 5011 3418 5060 ait
3447 5012 3694 5076 Aposto-

2104 5103 2205 5170 lus)
2253 5118 2284 5155 a
2329 5119 2494 5173 regno
2521 5103 2631 5156 Dei.
2677 5102 2803 5154 ΙΙωο
2851 5110 2974 5152 sunt
3019 5101 3153 5152 mala
3199 5099 3478 5168 cogitatio,
3511 5099 3692 5152 malus

2103 5209 2284 5246 sermo
2310 5207 2362 5246 et
2391 5195 2619 5259 otiosus,
2669 5191 2871 5254 odium,
2915 5190 3133 5258 invidia,
3176 5189 3464 5256 detractio,
3515 5191 3696 5244 male-

2109 5285 2292 5343 dictio.
2326 5284 2643 5346 convicium,
2682 5283 3082 5348 turpiloquium,
3139 5281 3472 5342 scurrilitas,
3522 5278 3696 5334 dissi-

2121 5374 2359 5435 mulatio,
2395 5373 2651 5433 adulatio,
2687 5372 3069 5435 murmuratio,
3105 5371 3372 5438 cupiditas
3419 5369 3692 5434 carnaiis,

2109 5464 2290 5525 eiatio,
2319 5463 2546 5528 desidia,
2590 5463 2819 5530 pigritia,
2848 5460 3209 5520 inltunoratio,
3236 5461 3502 5512 bonorum
3533 5457 3699 5512 inbo-

2109 5557 2339 5618 noratio,
2373 5564 2722 5623 cognatorum
2758 5553 3119 5616 inltonoratio,
3152 5551 3343 5604 diebus
3371 5548 3696 5604 Dominicis-

2108 5664 2223 5702 rum
2273 5658 2326 5702 ct
2372 5657 2678 5702 sanctorum
2735 5645 3131 5700 solemnitatem
3190 5644 3532 5713 ignorantia,
3563 5642 3698 5697 in-
