3914 6236
211 341 346 397 1073

1400 331 1672 387 ΠΕϐυιΑ
1714 323 2218 380 ωκυηιουιιυκ.

3310 330 3444 384 ίυη

205 452 394 506 cundia
421 493 435 516 ,
483 450 701 504 avaritia
726 490 742 513 ,
801 449 930 503 falsa
983 446 1287 500 testificatio
1311 487 1325 508 ,
1384 439 1768 498 somnolentis,
1802 438 1850 496 Α
1874 432 1942 487 Et
1971 445 2090 500 post
2121 435 2329 488 tertiam
2361 442 2482 488 tunc
2513 437 2768 504 temporis
2792 436 3080 504 capitulum
3110 436 3360 503 habeant,
3383 451 3435 497 et

208 541 611 610 intemperantia
635 541 688 593 in
711 533 876 604 cibis,
895 538 1098 606 rapina,
1124 537 1264 607 gula,
1282 536 1536 598 ebrietas,
1565 545 1769 586 comes-

206 633 364 696 satio,
395 632 697 694 fornicatio,
727 629 1065 691 adulterium,
1108 628 1470 695 sacrilegium,
1499 621 1771 691 superbia,

1878 535 2058 592 postea
2093 523 2288 579 faciant
2317 526 2456 590 quod
2487 541 2778 597 congruum
2815 529 2994 597 fuerit,
3033 530 3145 586 sive
3168 532 3220 584 in
3259 532 3438 600 legen-

1879 613 1968 679 do,
2000 614 2112 667 sive
2137 613 2189 668 in
2219 615 2507 683 operando.

209 723 528 789 periurium,
578 719 800 783 furtum,
834 718 1197 781 homicidium,
1229 727 1283 770 et
1329 717 1410 769 his
1457 713 1676 768 similia.
1710 711 1776 765 Et
1877 704 2058 760 CAPUT
2089 705 2307 759 XXXV.
2335 735 2403 745 -
2433 705 2505 760 De
2531 710 2840 775 temporibus
2871 711 2926 763 in
2961 711 3144 779 quibus
3171 710 3328 764 semel
3355 719 3447 762 aut

208 819 486 878 postquam
512 811 793 864 conlessus
823 809 981 862 fuerit
1002 823 1095 862 sua
1129 819 1364 878 peccata,
1389 809 1434 861 si
1465 807 1574 859 vult
1597 802 1774 857 dimit-

210 909 323 953 ture
351 913 433 965 ea,
463 899 528 953 da
571 901 618 954 ei
661 900 1056 967 paenitentiam,
1088 911 1139 954 et
1169 900 1212 954 si
1242 915 1344 954 non
1377 901 1505 963 vult,
1552 914 1656 950 non
1709 898 1773 948 da

158 1055 162 1058 η
207 988 254 1040 ei
285 990 670 1057 pmnitentiam,
702 992 824 1060 quia
855 1005 960 1045 non
992 1000 1177 1060 potes;
1210 1001 1266 1044 et
1293 991 1337 1045 si
1366 991 1476 1043 vult
1501 989 1798 1090 dimitterc\

209 1079 326 1145 ipsa
375 1091 611 1148 peccata,
662 1083 748 1134 lac
801 1081 848 1135 ei
893 1081 1132 1136 conllte'ri
1184 1097 1267 1146 ca,
1317 1090 1372 1134 et
1415 1079 1479 1133 ad
1530 1079 1776 1133 ultimum

205 1170 427 1224 dicere:
459 1171 620 1224 Multa
648 1181 770 1225 sunt
799 1181 1013 1238 peccata
1044 1185 1161 1224 mea
1193 1172 1245 1224 in
1278 1170 1449 1233 lactis,
1480 1171 1531 1223 in
1573 1169 1773 1232 verbis,

210 1258 264 1312 in
294 1247 730 1328 cogitationibus;
763 1271 886 1314 tunc
912 1262 978 1314 da
1008 1261 1078 1314 illi
1111 1263 1477 1330 paenitentiam
1517 1261 1776 1315 canonice

210 1360 602 1418 mensuratam;
629 1361 682 1406 et
712 1361 891 1421 postea
924 1353 1136 1408 ellunde
1167 1367 1327 1421 super
1357 1368 1478 1408 eum
1509 1353 1780 1407 orationes

209 1448 265 1494 et
292 1455 504 1508 preces.

281 1528 588 1586 Cavendum
609 1541 693 1587 est
713 1535 894 1603 utique
917 1551 984 1589 ne
1007 1535 1059 1589 hi
1085 1539 1173 1604 qui
1195 1537 1244 1589 in
1271 1534 1519 1604 gravibus
1543 1535 1784 1602 peccatis

212 1620 480 1687 Incidunt,
519 1631 574 1677 et
612 1623 666 1678 hi
693 1620 782 1694 qui
833 1627 886 1679 in
935 1627 1225 1680 levioribus
1254 1625 1573 1693 quibusdam
1618 1625 1786 1679 delin-

212 1713 406 1779 qu’unt,
433 1711 712 1778 aqualiter
736 1713 1062 1780 iudicentur,
1094 1713 1185 1772 sed
1216 1715 1508 1786 secundum
1540 1714 1784 1768 morbum

210 1798 515 1854 adhibenda
546 1809 629 1853 est
654 1800 940 1856 medicina.

243 1889 431 1946 ϐινοτ
461 1889 699 1945 XXXIII.
724 1921 792 1932 -
823 1890 898 1946 De
919 1894 1440 1969 excommunicatione
1459 1893 1751 1961 culparum.

285 1978 346 2034 Si
396 1982 518 2047 quis
570 1980 797 2034 clericus
818 1989 1121 2044 contumax,
1169 1991 1258 2034 aut
1312 1980 1646 2048 inobediens,
1697 1991 1789 2035 aut

208 2069 497 2138 superbus,
529 2079 617 2128 aut
644 2070 912 2136 ebriosus,
943 2081 1035 2124 aut
1061 2071 1350 2140 detractor,
1395 2080 1488 2124 aut
1533 2071 1774 2137 rebellis,

211 2171 304 2214 aut
349 2160 625 2232 bilinguis,
655 2175 747 2218 aut
779 2161 1090 2231 fornicator,
1139 2175 1228 2218 aut
1276 2165 1653 2232 contradictor,
1699 2176 1790 2222 aut

208 2252 604 2314 contentiosus,
634 2259 727 2304 aut
756 2260 956 2318 raptor,
985 2263 1078 2305 aut
1120 2253 1224 2316 fur,
1269 2262 1360 2307 aut
1400 2263 1783 2321 murmurator,

208 2349 300 2391 aut
332 2339 658 2407 increpator,
687 2351 779 2394 aut
832 2342 1014 2396 indicti
1064 2343 1246 2411 ieiunii
1278 2355 1665 2414 transgressor,
1695 2354 1788 2400 aut

207 2429 362 2500 juxta
389 2443 602 2484 crucem
631 2431 804 2484 standi
839 2441 895 2486 et
923 2431 1180 2487 adorandi
1211 2445 1572 2502 contemptor,
1602 2447 1695 2490 aut
1736 2438 1791 2490 in

209 2518 429 2588 aliquod
477 2520 804 2574 contrarium
852 2522 1171 2589 consistens,
1224 2533 1316 2576 aut
1365 2527 1648 2594 praeceptis
1679 2525 1800 2595 epi-‘

211 2611 388 2681 scopi,
421 2611 507 2664 vel
537 2625 722 2666 eorum
753 2612 841 2681 qui
875 2601 1062 2668 subeo
1082 2625 1224 2678 sunt,
1252 2625 1587 2685 contemptor
1613 2616 1792 2684 luerit,

211 2714 312 2755 sua
359 2701 630 2757 voluntate
660 2703 872 2757 veniam
919 2719 1023 2758 non
1076 2706 1309 2775 petierit,
1364 2706 1451 2759 hic
1494 2709 1791 2763 secundum

212 2789 429 2843 Domini
454 2798 774 2858 praeceptum
796 2792 1164 2859 admoneatur,
1187 2795 1372 2858 semel,
1399 2803 1452 2849 et
1477 2795 1580 2859 bis,
1604 2804 1658 2850 et
1686 2806 1788 2862 ter,

211 2889 449 2943 secreto,
479 2894 508 2931 a
539 2879 843 2935 senioribus
873 2883 986 2936 suis
1011 2900 1026 2949 ;
1055 2891 1110 2937 et
1132 2886 1178 2939 si
1207 2897 1268 2938 se
1312 2899 1416 2938 non
1467 2886 1791 2940 emendaveo

213 2971 310 3034 rit,
341 2969 655 3039 obiurgetur
689 2971 901 3039 publice
928 2987 1110 3028 coram
1142 2975 1407 3031 omnibus.
1436 2977 1491 3030 Si
1519 2991 1647 3032 vero
1694 2991 1793 3032 ne-

212 3071 320 3124 que
350 3057 427 3110 sic
473 3070 533 3112 se
561 3058 876 3126 correxerit,
906 3061 1448 3118 excommunicationi
1492 3063 1790 3131 subiaceat.

213 3147 274 3204 Si
320 3158 498 3204 autem
547 3148 821 3218 improbus
847 3159 947 3217 est,
982 3161 1070 3204 aut
1118 3153 1294 3206 minus
1345 3151 1670 3223 intelligens,
1704 3167 1796 3211 aut

215 3239 630 3309 Incorrigibilis,’
656 3241 904 3295 vindicta:
935 3245 1196 3312 corporali
1229 3227 1506 3300 subdatur:

249 3348 435 3405 ΟΑΡυτ
483 3349 722 3407 XXXIV.
749 3381 818 3393 —
850 3351 927 3406 De
958 3354 1396 3475 .bQuadragesima:
1449 3359 1758 3414 observatio-

913 3440 966 3475 ηε
1003 3440 1079 3475 us.

913 3440 1079 3476 ηιουε.

286 3508 441 3564 Licet
485 3511 629 3566 omni
680 3522 925 3581 tempore
965 3516 1068 3569 vita
1096 3514 1523 3574 Christianorum
1566 3521 1790 3590 simplex

215 3601 412 3657 debeat
433 3615 553 3656 esse
573 3609 628 3657 et
651 3604 852 3671 sobria,
880 3608 1112 3661 maxime
1140 3615 1317 3663 tamen
1350 3611 1614 3680 religiosis
1638 3627 1806 3667 men-'

221 3691 364 3745 tibus
396 3691 650 3746 convenit
678 3701 736 3746 ut
762 3693 844 3748 his
873 3695 1062 3750 diebus
1091 3699 1455 3754 continentius
1495 3702 1695 3768 vivant,
1743 3714 1796 3757 et

217 3781 406 3835 sedula
450 3781 708 3836 servitute
739 3783 1016 3839 adhaerere
1049 3785 1160 3840 Deo
1189 3787 1536 3842 contendant.
1567 3790 1798 3860 Ideoque

219 3875 564 3930 decernimus
583 3887 639 3929 ut
660 3877 711 3929 in
731 3877 835 3931 illis
853 3879 1197 3949 quadraginta
1214 3883 1402 3937 diebus
1423 3893 1546 3938 ante
1567 3885 1796 3953 Pascha,

218 3981 345 4022 cum
376 3965 520 4020 omni
552 3968 780 4034 puritate
807 3969 1002 4022 mentis
1029 3979 1082 4024 et
1110 3973 1354 4039 corporis
1384 3984 1570 4028 noster
1592 3977 1793 4040 clerus,

220 4054 336 4111 Deo
361 4055 604 4124 iubente,
634 4053 690 4110 in
721 4069 975 4127 quantum
1020 4062 1238 4128 poterit,
1285 4077 1345 4117 se
1387 4064 1672 4120 custodiat.
1723 4067 1798 4119 De

221 4144 330 4200 cibi
374 4155 552 4199 autem
582 4155 634 4200 et
669 4158 826 4216 potus
859 4150 1223 4216 perceptione,
1263 4153 1314 4204 in
1348 4163 1604 4220 quantum
1661 4155 1798 4210 Deus

221 4235 480 4291 auxilium
511 4235 736 4301 dederit,
778 4239 1088 4306 parcitatem
1123 4242 1335 4311 habeat,
1370 4245 1419 4304 id
1449 4257 1552 4311 εει,
1579 4256 1635 4300 ut
1669 4263 1801 4316 quo.

223 4321 378 4392 tidie,
409 4330 651 4398 exceptis
676 4329 866 4384 diebus
893 4331 1204 4398 Dominicis,
1238 4349 1266 4388 a
1293 4337 1468 4403 capite
1493 4339 1792 4409 Quadrage-

1823 3109 1870 3175 ϐ

2176 797 2250 850 bis
2278 797 2330 849 in
2357 797 2438 850 die
2465 799 2658 850 clericis
2684 802 3009 866 reﬁciendam
3043 812 3135 856 est.

1954 887 1995 938 Δ
2029 884 2226 940 Pascha
2253 895 2431 938 autem
2461 901 2626 953 usque
2655 889 2719 941 ad
2759 886 3108 946 Pentecosten
3141 893 3221 945 bis
3271 894 3322 946 in
3354 892 3442 947 die

1881 977 2120 1030 canonici
2154 977 2415 1040 reﬁciant,
2446 987 2503 1032 et
2527 990 2741 1034 carnem
2786 983 3135 1036 manducandi
3172 984 3440 1038 licentiam

1884 1064 2116 1119 habeant
2161 1066 2284 1133 (nisi
2335 1067 2676 1136 partitum)
2719 1077 2908 1136 prater
2954 1078 3154 1126 tantum
3201 1085 3445 1140 quartam

1883 1169 2195 1228 sextamque
2233 1157 2440 1212 feriam.
2475 1160 2519 1212 Δ
2539 1154 2863 1220 Pentecoste
2893 1176 3017 1217 vero
3043 1178 3209 1232 usque
3239 1165 3304 1218 ad
3354 1181 3450 1218 na-

1886 1249 2144 1303 tivitatem
2190 1250 2359 1302 sancti
2408 1248 2630 1303 Joannis
2675 1250 2942 1322 Baptistae,
2997 1254 3240 1308 similiter
3270 1255 3348 1309 bis
3396 1255 3450 1310 in

1884 1339 1973 1394 die
2002 1340 2264 1405 reficiant,
2295 1348 2348 1392 et
2378 1353 2540 1395 carne
2575 1340 2896 1397 abstineant.
2931 1346 2970 1398 Δ
3005 1344 3280 1400 nativitate
3322 1361 3450 1400 vero

1885 1432 2054 1484 sancti
2084 1429 2306 1484 Joannis
2336 1444 2504 1499 usque
2549 1432 2616 1488 ad
2657 1434 2933 1489 transitum
2982 1435 3153 1490 sancti
3203 1437 3447 1499 Martini,

1886 1520 2024 1574 sicut
2047 1529 2201 1574 antea
2233 1519 2315 1573 bis
2343 1520 2395 1573 in
2435 1521 2522 1576 die
2551 1521 2807 1589 relciaat,
2835 1537 3021 1595 quarta
3059 1536 3113 1581 et
3140 1535 3287 1582 sexta
3319 1527 3450 1581 feria

1888 1626 1920 1663 a
1950 1624 2111 1665 carne
2139 1609 2460 1666 abstineant.

1921 1701 1931 1709 '
1962 1703 2044 1755 Ah
2071 1700 2188 1769 ipso
2216 1703 2436 1758 transitu
2464 1706 2633 1760 sancti
2673 1705 2884 1761 Martini
2916 1721 3084 1775 usque
3111 1706 3178 1762 ad
3221 1708 3453 1763 natalem

1821 1775 1864 1835 θ
1893 1793 2100 1848 Domini
2141 1811 2171 1849 a
2198 1809 2359 1850 carne
2387 1810 2576 1851 omnes
2603 1786 3011 1866 abstineant,'et
3054 1814 3221 1869 usque
3249 1800 3315 1854 ad
3359 1816 3456 1854 no-

1891 1897 2013 1938 nam
2050 1885 2312 1953 jejuneut,
2353 1895 2408 1940 et
2433 1887 2683 1942 onmibus
2728 1888 2811 1942 bis
2850 1888 3038 1945 diebus
3071 1890 3124 1943 in
3177 1889 3460 1946 refectorio

1891 1975 2159 2031 reﬁciant.
2211 1977 2278 2030 Et
2329 1987 2449 2043 post
2492 1979 2721 2034 natalem
2754 1978 2960 2034 Domini
2988 1995 3156 2051 usque
3199 1984 3264 2036 ad
3303 1991 3462 2053 caput

1888 2061 2314 2132 Quadragesima
2343 2065 2576 2119 secunda
2606 2074 2662 2120 et
2702 2075 2916 2135 quarta,
2944 2075 2999 2121 et
3029 2077 3179 2122 sexta
3212 2065 3364 2133 feria,
3400 2069 3454 2124 in

1890 2154 2178 2211 refectorio
2214 2155 2280 2210 ad
2308 2171 2503 2210 nonam
2540 2156 2800 2211 reﬁciant.
2851 2157 3088 2228 Reliquis
3137 2158 3221 2212 his
3267 2157 3457 2214 diebus

1889 2246 2096 2301 duabus
2135 2246 2339 2302 vicibus
2365 2248 2418 2302 in
2449 2247 2731 2304 relectorio
2771 2251 3029 2305 rellciant.
3062 2253 3102 2305 Δ
3133 2265 3294 2308 carne
3323 2265 3451 2306 vero

1893 2347 2102 2405 quarta,
2135 2345 2190 2391 et
2231 2347 2379 2392 sexta
2404 2337 2534 2392 let‘la
2567 2339 2648 2392 his
2678 2339 3008 2409 temporibus
3037 2337 3357 2396 abstineant.
3389 2340 3458 2397 Et

1895 2426 1941 2479 si
1971 2426 2087 2480 dies
2137 2426 2304 2487 festus
2351 2426 2406 2482 iu
2453 2426 2544 2508 bis
2582 2428 2772 2483 diebus
2819 2429 2963 2483 feriis
3005 2431 3128 2484 talis
3161 2431 3384 2496 venerit,
3413 2431 3460 2485 si

1896 2517 2202 2587 permiserit
2249 2518 2414 2588 prior,
2457 2533 2674 2575 carnem
2723 2520 3046 2576 manducent
3094 2533 3191 2589 pro
3237 2521 3463 2575 inﬁrmi-

1897 2614 2024 2663 tate.
2290 2665 2292 2668 ,

1991 2695 2171 2753 Carus
2212 2697 2446 2755 XXXVI.
2473 2727 2543 2741 --
2571 2699 2643 2754 De
2671 2701 3024 2770 festivitatibus
3049 2710 3359 2756 sanctorum.

1969 2791 2097 2846 Illud
2130 2791 2375 2846 intimare
2393 2793 2736 2860 complacuit,
2761 2803 2818 2848 ut
2845 2807 2942 2850 nos
2973 2802 3028 2861 et
3052 2795 3229 2850 clerus
3259 2801 3460 2860 noster,

1897 2882 2272 2939 festivitatibus
2321 2882 2551 2947 Domini,
2583 2893 2637 2938 et
2671 2895 2869 2938 sancta:
2906 2883 3103 2946 Mariw,
3135 2884 3220 2938 vel
3258 2881 3461 2938 duode-

1897 2974 2004 3031 cim
2051 2974 2436 3042 apostolorum,
2485 2988 2580 3027 seu
2610 2973 2931 3043 reliquorum
2962 2985 3292 3039 sanctorum,
3325 2989 3464 3042 quo-

1899 3081 2016 3120 rum
2041 3073 2281 3119 usus'est
2317 3063 2370 3120 in
2399 3067 2500 3121 ista
2529 3066 2801 3134 provincia
2825 3107 2839 3131 ,
2868 3067 3022 3120 annis
3060 3066 3281 3135 singulis
3315 3067 3460 3121 cele-

1901 3157 2058 3214 brare
2085 3159 2167 3229 (in
2195 3168 2450 3227 quantum
2483 3158 2622 3214 Deus
2644 3158 3052 3230 possibilitatem
3082 3155 3310 3228 dederit)
3339 3155 3462 3212 olli-

1901 3249 2043 3305 cium
2083 3249 2319 3306 divinum
2348 3248 2436 3305 die
2464 3259 2727 3318 noctuque
2757 3262 3123 3318 procuremus.
3168 3249 3235 3303 Et
3259 3249 3470 3318 episeo-

1901 3357 2020 3415 pus,
2050 3343 2134 3399 vel
2163 3343 2253 3412 qui
2288 3341 2389 3398 sub
2416 3356 2481 3397 eo
2521 3349 2624 3405 est,
2665 3339 2717 3396 in
2755 3341 3044 3396 Nativitste
3070 3350 3125 3395 et
3167 3340 3463 3409 Epiphania

1904 3431 2135 3496 Domini,
2157 3440 2210 3486 et
2240 3429 2462 3497 Pascha,
2494 3441 2548 3486 et
2575 3431 2756 3485 clauso
2781 3429 3021 3494 Pascha,
3053 3439 3106 3485 et
3133 3429 3462 3485 Ascensiune

1901 3523 2128 3592 Domini,
2163 3530 2219 3578 et
2261 3521 2594 3586 Pentecoste,
2641 3529 2696 3574 et
2736 3517 3114 3575 festivitatibus
3157 3528 3463 3575 sanctorum

1903 3615 2188 3684 provincia:
2208 3626 2340 3675 suae,
2371 3611 2422 3664 in
2454 3610 2611 3665 domo
2637 3624 2732 3664 sua
2761 3610 2826 3663 ad
2854 3610 2998 3678 ipsos
3017 3609 3189 3664 cleros
3220 3595 3469 3663 refectio-

1905 3719 2025 3759 nem
2069 3702 2246 3767 laciat,
2276 3702 2320 3754 si
2351 3715 2581 3768 prazsens
2608 3708 2711 3765 est,
2734 3708 2789 3754 et
2816 3701 2861 3752 si
2891 3701 3084 3754 absens
3112 3707 3213 3764 est,
3244 3699 3328 3753 bis
3356 3701 3466 3753 die-

1905 3796 2002 3850 bus
2032 3806 2156 3848 tunc
2183 3795 2234 3846 in
2261 3789 2543 3847 relectorio
2570 3790 2798 3844 habeant
2827 3789 3170 3845 refectionem
3201 3789 3466 3846 sufﬁcien-

1908 3897 2007 3949 ter,
2039 3887 2175 3939 sicut
2203 3883 2448 3952 superius
2475 3881 2728 3951 scriptum
2757 3891 2858 3935 est.
2893 3881 2956 3934 Et
2985 3889 3264 3950 postquam
3289 3881 3358 3935 de
3384 3893 3469 3934 re-

1902 3973 2126 4028 lectorio
2150 3972 2414 4034 exierint,
2445 3972 2497 4024 in
2526 3970 2801 4024 camiuada
2831 3969 3012 4025 bibant
3037 3969 3242 4024 duabus
3271 3968 3474 4024 vicibus

1904 4075 1995 4117 aut
2050 4063 2241 4126 tribus,
2273 4062 2499 4128 qualiter
2545 4060 2840 4127 consolatio
2870 4060 2960 4123 sit,
2985 4069 3054 4113 ‘et
3086 4059 3322 4113 ebrietas
3366 4072 3472 4113 non

1903 4153 2226 4206 dominetur.
2365 4218 2374 4223 ι

1974 4244 2108 4298 Aliis
2137 4257 2263 4296 vero
2290 4241 2478 4295 diebus
2507 4240 2656 4296 festis
2674 4281 2690 4306 ,
2732 4239 2870 4294 sicut
2897 4239 3060 4294 moris
3089 4247 3170 4294 est
3193 4239 3472 4305 Ecclesiae,

1900 4333 2050 4400 juxta
2081 4331 2221 4401 quod
2254 4330 2450 4385 melius
2478 4329 2678 4398 praelati
2722 4341 2962 4398 possunt,
3001 4329 3207 4384 clericis
3255 4329 3365 4385 suis
3393 4331 3473 4385 ci-

221 4418 402 4483 simc,
433 4432 599 4487 usque
617 4419 694 4472 ad
723 4419 921 4474 Pascha
945 4431 1208 4488 sanctum,
1235 4433 1356 4491 post
1381 4426 1577 4481 dictam
1607 4443 1798 4498 vespe-
1834 4448 1887 4508 ι)
1912 4423 2034 4475 bum
2067 4431 2354 4489 potumque
2395 4419 2719 4474 ministrent.
2764 4420 2832 4473 Et
2861 4419 2993 4472 illud
3022 4421 3221 4475 interea
3253 4433 3478 4508 caveant

221 4523 338 4563 ram
369 4509 423 4563 in
452 4509 738 4563 relectorio
761 4510 988 4576 reﬁciat,
1012 4521 1065 4564 et
1086 4514 1152 4564 ab
1184 4514 1285 4568 illis
1305 4515 1436 4569 cibis
1455 4532 1512 4571 se
1535 4519 1801 4575 abstineat

221 4600 310 4654 vel
342 4606 493 4669 potu,
536 4601 675 4653 sicut
701 4602 986 4668 episcopus
1015 4603 1101 4656 vel
1142 4603 1231 4672 qui
1282 4607 1383 4658 sub
1411 4621 1477 4660 eo
1524 4619 1648 4663 sunt
1681 4626 1802 4664 cum

222 4693 434 4747 ratione
461 4691 857 4744 constituerint.
893 4691 957 4743 Et
982 4691 1108 4744 alibi
1139 4707 1312 4760 neque
1347 4697 1397 4748 in
1428 4696 1538 4764 ipsa
1563 4699 1802 4767 civitate,

224 4798 401 4851 neque
442 4783 494 4836 in
536 4781 898 4848 monasteriis,
951 4799 1123 4852 neque
1163 4787 1215 4840 in
1274 4789 1603 4855 quibuslibet
1649 4793 1803 4862 locis,

223 4887 403 4943 neque
432 4874 484 4928 in
513 4873 758 4928 domibus
791 4876 1042 4942 propriis,
1089 4876 1170 4928 his
1219 4877 1563 4947 quadraginta
1610 4882 1798 4937 diebus

224 4963 472 5018 reﬁciant
493 5002 508 5026 ,
553 4965 653 5016 nisi
683 4965 770 5017 ubi
821 4964 949 5018 hora
981 4975 1320 5033 competente
1352 4968 1417 5020 ad
1452 4970 1627 5022 cibum
1651 4986 1802 5026 suum

223 5052 594 5119 accipiendum
647 5066 746 5120 pro
797 5053 1042 5108 utilitatis
1091 5070 1249 5109 causa
1301 5059 1454 5126 longe
1503 5059 1716 5124 fuerint,
1753 5072 1808 5116 et

224 5143 419 5197 adesse
450 5159 572 5196 cum
609 5144 864 5199 fratribus
895 5162 997 5198 nou
1029 5151 1320 5214 potuerint.

299 5229 541 5286 Lectioni
572 5247 698 5286 vero
728 5235 910 5288 clerici
955 5237 1007 5288 in
1059 5237 1139 5290 his
1184 5239 1532 5308 quadraginta
1581 5242 1802 5308 diebus,

171 5353 190 5360 ι
225 5321 472 5388 exceptis
501 5321 686 5398 diebus
716 5323 1005 5378 Dominicis
1028 5326 1161 5389 suis,
1197 5341 1225 5379 a
1259 5329 1428 5396 prima
1460 5332 1599 5386 dicta
1639 5348 1804 5401 usque

223 5409 292 5462 ad
335 5412 544 5465 tertiam
605 5411 812 5478 plenam
865 5424 1076 5481 vacent,
1126 5427 1178 5471 et
1225 5419 1364 5472 foras
1395 5423 1652 5490 claustra,
1696 5427 1797 5480 nisi

228 5517 446 5558 necesse
475 5504 654 5570 fuerit,
687 5519 790 5560 non
822 5507 1182 5574 egrediantur,
1228 5512 1325 5564 nisi
1370 5515 1674 5581 cpiscopus,
1709 5525 1799 5568 aut

227 5592 314 5654 qui
342 5594 442 5644 sub
469 5609 534 5646 eo
557 5603 657 5660 est,
693 5594 1015 5665 indicaverit
1046 5608 1099 5650 ut
1124 5600 1234 5662 liat,
1265 5603 1404 5667 quod
1439 5605 1670 5658 lienzlum
1698 5615 1796 5659 est.

307 5711 331 5737 "
364 5703 438 5756 Ex
469 5705 650 5774 Regni.
683 5712 850 5762 sancti
884 5710 1174 5781 ilen‘cditgti,
1207 5729 1252 5762 ο.
1294 5715 1376 5767 70.

1913 4512 2138 4581 praelati,
2167 4525 2233 4563 ne
2266 4511 2314 4564 id
2347 4511 2488 4580 quod
2516 4511 2646 4565 dare
2685 4511 2900 4577 debent,
2941 4520 3034 4566 aut
3077 4507 3321 4581 possunt,
3351 4526 3482 4583 qua-

1911 4606 2034 4658 libet
2061 4601 2508 4669 dissimulatione,
2539 4613 2630 4657 aut
2668 4605 2970 4669 tenacitate,
3003 4605 3230 4661 subditis
3259 4605 3480 4659 subtra-

1912 4695 2058 4759 ltum,
2105 4709 2171 4747 ne
2222 4693 2543 4762 paupertatis
2588 4695 2868 4748 occasione
2920 4694 3200 4762 compulsi,
3255 4708 3349 4762 per
3398 4695 3482 4749 di-

1912 4802 2066 4842 versa
2120 4785 2295 4856 vagari
2339 4801 2400 4840 ac
2439 4801 2498 4842 se
2534 4788 2777 4856 turpibus
2825 4789 3082 4856 implicari
3127 4788 3352 4858 negotiis
3393 4803 3486 4845 co-

1909 4889 2135 4950 ganllﬂ';
2187 4879 2482 4947 relictoque
2529 4878 2908 4934 Ecclesiastico
2954 4880 3169 4944 oﬂlcio,
3226 4880 3485 4948 incipiant

1912 4973 2298 5040 indisciplinate
2336 4971 2554 5035 vivere,
2605 4980 2660 5026 et
2708 4971 2933 5040 propriis
2984 4972 3337 5040 voluptatibus
3392 4973 3488 5026 de-

1912 5066 2145 5130 servire;
2174 5073 2227 5119 et
2253 5063 2452 5132 praelati
2477 5065 2564 5130 qui
2592 5065 2671 5118 eis
2693 5065 2989 5119 necessaria
3023 5064 3294 5135 largiendo
3321 5078 3349 5117 a
3380 5065 3482 5120 Do-

1915 5156 2060 5208 mino
2092 5154 2426 5209 remunerari
2461 5161 2732 5221 poterant,
2760 5153 2999 5208 districte
3047 5149 3113 5208 et'
3130 5168 3317 5208 severe
3346 5153 3485 5221 judi-

1891 5255 2117 5320 lCCDIUI'.

1902 5356 2093 5410 Carus
2136 5351 2392 5408 XXXVII.
2421 5381 2490 5393 —
2523 5351 2589 5406 Ut
2614 5369 2714 5404 non
2741 5361 3016 5422 prn'sumat
3045 5354 3232 5424 aliquis
3269 5356 3482 5406 alterunt

2313 5425 2502 5477 ca’dere
2525 5433 2612 5475 aut
2638 5425 3092 5477 excommunirare.

1983 5526 2005 5552 ι
2049 5517 2255 5570 Vitetur
2286 5516 2338 5568 in
2387 5514 2487 5568 hoc
2523 5514 2710 5569 ordine
2735 5509 2994 5568 canonico
3021 5514 3194 5567 omnis
3222 5525 3478 5579 praesuin-

1910 5608 2101 5676 ptionis
2155 5605 2389 5672 occasio,
2444 5606 2493 5661 id
2533 5615 2634 5671 est,
2670 5615 2725 5659 ut
2771 5605 2899 5658 nulli
2954 5605 3106 5658 liceat
3160 5615 3478 5671 quemquam
