3914 6236
456 368 584 423 ith‘i

1457 369 1513 422 s.
1555 365 2035 421 annotinos-xui
2080 330 2414 424 tnz't'nxsts
2457 371 2755 426 EI’ISCOI’I

3548 378 3692 434 tn76

448 498 626 549 parem
676 497 827 536 suum
860 481 1333 541 exeotntnunieare,
1369 489 1457 531 aut
1503 482 1729 543 credere,
1761 478 2002 545 quamvis
2035 476 2080 535 A
2114 494 2316 543 novas;
2365 491 2418 534 ct
2452 492 2682 543 veteres,
2710 498 2838 548 quas
2871 486 3136 549 praeterito
3167 499 3512 552 atecperunt,
3543 506 3685 543 svm-

449 572 639 639 aﬁquis
667 588 756 625 sua
791 571 1197 639 prtesumptione
1228 567 1395 635 ipsum
1424 570 1488 623 ad
1521 570 1620 623 hoc
1651 571 1828 623 incitet
1854 587 1869 621 :
1902 584 2006 621 nou

447 673 528 713 νει
563 676 713 715 suum
755 660 1115 722 advindicare,
1168 669 1257 710 aut
1290 659 1339 710 in
1391 660 1589 722 verbis,
1630 668 1719 711 aut
1748 660 1796 711 in
1829 657 2006 731 factis,

450 752 540 804 scd
587 747 651 801 ad
700 748 929 817 priorem
976 746 1177 806 veniat.
1234 758 1284 799 et
1323 746 1409 799 ille
1436 748 1725 800 secundum
1766 746 2005 799 ordinem

444 840 614 907 ipsam
648 851 858 889 causam
898 835 1129 889 deﬁniat.
1162 835 1223 888 Et
1252 836 1337 902 qui
1389 836 1486 888 hoc
1537 834 1709 890 facere
1752 849 2013 902 prmsum-

455 929 641 994 pserit,
673 928 737 980 ab
766 926 1017 995 episcopo
1067 926 1143 979 vel
1176 926 1242 979 ab
1271 940 1334 978 eo
1363 925 1450 994 qui
1480 924 1579 977 sub
1626 939 1692 981 eo
1719 930 1821 987 est,
1872 922 2012 990 judi-

446 1023 619 1067 ceter.

457 1107 632 1181 Cseu'r
677 1123 952 1179 λ-Χχγιιι.
980 1152 1046 1162 —-
1076 1121 1141 1176 Ut
1167 1124 1218 1175 in
1244 1123 1628 1193 congregatione
1657 1122 2014 1186 canonicorum

800 1194 926 1246 mitti
956 1195 1099 1247 liceat
1130 1193 1344 1255 alterum
1364 1195 1657 1262 defendere.

477 1362 481 1366 .
524 1318 551 1347 ³
586 1308 844 1362 Omnibus
884 1306 1053 1359 modis
1082 1304 1372 1359 cavendum
1399 1312 1484 1357 est
1530 1313 1586 1355 ut
1622 1319 1715 1371 pro
1750 1302 1887 1355 nulla
1922 1313 2015 1354 occ

451 1396 663 1449 casione
694 1395 827 1448 alter
857 1404 1141 1461 praesumat
1186 1394 1347 1445 alium
1387 1390 1695 1457 defendere,
1727 1406 1825 1444 nec
1863 1388 2014 1455 quasi

454 1486 746 1556 parcntelte
792 1485 1030 1547 obtentu,
1072 1492 1162 1535 aut
1202 1483 1372 1549 aliqua
1418 1482 1672 1547 amicitia,
1723 1489 1815 1532 aut
1865 1480 2015 1533 fami-

466 1577 712 1640 liaritate,
762 1575 811 1628 id
860 1590 888 1627 a
942 1574 1209 1627 canonicis
1266 1582 1633 1640 prmsumalur,
1674 1573 1794 1640 quia
1836 1573 2013 1640 gravis

441 1656 673 1719 ‘occasio
703 1664 1069 1717 scandalorum
1101 1664 1150 1715 in
1183 1664 1589 1731 congregatione
1619 1676 1684 1715 ex
1728 1662 1826 1715 hac
1854 1676 2015 1716 causa

460 1752 600 1807 solet
645 1754 791 1806 oriri.
858 1751 1005 1817 Quod
1058 1753 1101 1804 si
1156 1754 1273 1819 quis
1322 1762 1677 1818 transgressus
1734 1750 1929 1818 fuerit,
1986 1765 2015 1803 a

2118 583 2211 634 per
2242 571 2502 633 reddant,
2535 571 2657 625 dum
2690 573 2954 639 accipiunt
2989 590 3172 628 novas.
3222 574 3284 629 Et
3315 579 3416 629 alia
3453 593 3581 646 pars
3610 582 3696 635 di-

2115 660 2272 712 midia
2301 661 2424 715 cleri
2456 702 2469 720 .
2501 663 2616 716 illas
2648 679 2841 733 cappas
2871 672 2921 718 et
2951 675 3125 720 vestes
3152 680 3386 734 veteres,
3417 684 3550 738 quas
3585 672 3689 725 iliis

2115 749 2351 801 seniores
2380 750 2460 803 sui
2494 752 2715 819 singulis
2743 751 2894 806 anuis
2927 754 3173 815 reddunt.
3205 758 3493 824 accipiant.
3520 759 3589 811 Et
3613 759 3689 813 illi

2116 840 2353 892 seniores
2383 839 2499 893 illas
2527 856 2719 918 cappas
2744 853 2796 895 et
2830 853 3025 906 vestes,
3049 859 3180 912 quas
3210 849 3437 902 reddere
3464 850 3689 912 debent,

2116 944 2218 981 non
2247 937 2592 983 commutent.
2630 930 2696 984 Et
2722 935 3083 1002 unusquisque
3111 934 3237 987 cieri
3277 939 3509 993 senioris
3534 942 3689 991 annis

2115 1016 2331 1087 singulis
2377 1029 2482 1072 tres
2527 1021 2812 1089 campsiles
2872 1023 3169 1090 accipiunt;
3217 1034 3271 1079 et
3321 1028 3694 1095 unusquisque

2116 1110 2240 1163 cleri
2270 1109 2491 1177 junioris
2515 1113 2669 1165 annis
2690 1114 2911 1182 singulis
2932 1114 3061 1167 duas
3086 1116 3372 1183 campsiles
3388 1118 3685 1184 accipiunt.

2114 1198 2481 1253 Calceamenta
2512 1216 2637 1255 vero
2666 1199 2839 1255 omnis
2863 1203 3040 1258 clerus
3068 1205 3221 1258 annis
3247 1206 3489 1276 singulis,
3518 1206 3687 1272 pelles

2116 1290 2381 1353 buccinas,
2412 1300 2467 1346 et
2495 1284 2655 1357 solas,
2685 1293 2829 1359 paria
2856 1301 3084 1361 quatuor
3115 1292 3400 1362 accipiunt.
3433 1293 3502 1347 Et
3528 1296 3693 1347 vesti-

2114 1389 2289 1432 menta
2336 1380 2389 1432 in
2445 1379 2668 1433 transitu
2714 1381 2884 1434 sancti
2927 1381 3160 1445 Martini,
3206 1388 3261 1435 et
3301 1381 3594 1453 campsiles
3638 1383 3692 1435 in

2116 1468 2338 1533 Pascha,
2385 1476 2443 1522 et
2488 1468 2847 1523 calccameuta
2894 1467 2947 1523 in
2995 1467 3246 1525 Kalendis
3282 1467 3695 1539 Septembribus

2117 1555 2362 1610 habeant.
2625 1577 2628 1580 ’

2254 1643 2430 1699 CAPUT
2460 1644 2617 1699 XLII.
2656 1674 2725 1685 ——
2768 1645 2839 1699 De
2859 1647 3185 1720 eieemosynis
3212 1649 3544 1720 accipiendis.

2187 1734 2239 1788 Si
2280 1736 2470 1803 aliquis
2515 1737 2603 1790 uni
2648 1738 2909 1793 sacerdoti
2953 1755 3048 1805 pro
3094 1743 3253 1795 missa
3301 1756 3420 1806 sua,
3466 1744 3549 1797 vel
3594 1756 3696 1811 pro

460 1842 639 1908 priore
688 1842 861 1895 acrius
906 1851 1228 1903 coercentur,
1284 1848 1340 1893 ut
1384 1838 1559 1893 creteri
1617 1838 1860 1893 timorem
1916 1840 2015 1892 ha-

2128 1822 2475 1889 conl‘essione,
2502 1835 2594 1880 aut
2620 1826 2814 1881 clerico
2838 1841 2932 1895 pro
2958 1829 3197 1896 psalmis,
3227 1842 3281 1885 et
3308 1830 3546 1901 hymnis,
3591 1845 3693 1885 seu

457 1931 634 1987 beant.

457 2040 637 2095 CAPUT
679 2038 916 2093 XXXIX.
966 2068 1035 2078 —
1077 2039 1152 2092 lle
1191 2038 1298 2090 zelo
1342 2037 1469 2090 bona
1511 2053 1658 2104 quem
1684 2037 1861 2089 debent
1888 2038 2020 2090 servi

965 2106 1061 2159 Dei
1086 2107 1264 2161 habere
1292 2107 1539 2158 invicem.’

526 2193 556 2233 ι’
600 2196 746 2250 Sicut
775 2206 859 2249 est
886 2196 1032 2249 zelus
1062 2195 1424 2254 amaritudinis
1450 2196 1621 2250 malus
1644 2237 1658 2261 ,
1690 2197 1775 2263 qui
1800 2181 2017 2264 'scparat

455 2301 486 2338 a
523 2286 633 2340 Deo
658 2327 676 2351 ,
697 2296 751 2339 et
779 2287 989 2340 deducit
1016 2288 1080 2340 ad
1110 2286 1373 2341 infernum
1394 2328 1415 2350 ,
1448 2287 1518 2341 ita
1546 2297 1628 2341 est
1654 2288 1798 2340 zelus
1824 2286 2012 2353 bonus,

458 2374 547 2441 qui
579 2380 788 2440 separat
820 2388 850 2425 a
879 2374 1037 2437 vitiis,
1084 2370 1305 2426 et‘ducit
1345 2375 1410 2426 ad
1438 2374 1602 2427 Deum
1629 2414 1644 2438 ,
1684 2382 1737 2427 et
1760 2374 1825 2427 ad
1856 2375 2015 2427 vitam

459 2462 944 2539 a-ternam.dlunc
989 2478 1115 2531 ergo
1179 2464 1365 2516 zelum
1403 2464 1794 2539 ferventissimo
1838 2477 2019 2517 amore

458 2532 902 2608 exerceantservi
940 2554 1052 2616 Dei,
1082 2553 1131 2606 id
1160 2564 1261 2615 est,
1288 2563 1346 2606 ut
1378 2554 1575 2607 honore
1612 2570 1670 2607 se
1700 2532 2020 2621 prmveuiant

458 2644 706 2712 invicem,
754 2654 807 2697 et
857 2645 1188 2697 inﬁrmitates
1226 2658 1349 2697 suas
1403 2645 1514 2697 sive
1563 2659 1867 2712 corporum,
1908 2643 2019 2695 sive

459 2747 694 2795 morum,
749 2731 1127 2795 patientissime
1151 2728 1401 2784 tolerent.
1448 2732 1509 2784 Et
1552 2732 1595 2783 si
1644 2730 1897 2797 qua«vitia
1929 2744 2012 2783 re-

459 2832 494 2885 p
527 2828 604 2871 rta
638 2818 845 2881 iuerint,
891 2818 1223 2885 reprimenda
1262 2828 1405 2883 sunt,
1454 2826 1508 2871 ct
1546 2818 1820 2886 castigatio
1862 2818 2015 2871 adhi-

459 2906 630 2961 Itenda
659 2918 759 2971 est,
782 2923 899 2961 cum
932 2909 1014 2961 his
1041 2922 1069 2960 a
1100 2907 1289 2973 quibus
1320 2910 1418 2961 hoc
1443 2919 1523 2961 est
1552 2891 1891 2961 commissum
1933 2908 2017 2976 (ut

464 2996 534 3049 ait
566 2996 941 3064 Apustolus)...
973 2999 1238 3059 existant,
1275 2998 1500 3064 qualiter
1526 2995 1654 3048 vitia
1684 2996 1728 3047 si
1759 3004 1873 3049 orta
1903 2994 2015 3048 fue-

2120 1929 2215 1983 pru
2239 1914 2436 1982 seipso,
2472 1917 2554 1969 vel
2585 1931 2681 1983 pro
2709 1917 2949 1984 quolibet
2979 1917 3143 1977 charo
3169 1936 3300 1989 suo,
3329 1933 3422 1977 aut
3446 1921 3703 1991 vivente,

2118 2010 2208 2055 aut
2252 2014 2481 2067 mortuo,
2532 2004 2728 2072 aliquid
2776 2007 2828 2059 in
2870 2007 3208 2076 eleemosyna
3254 2011 3383 2065 dare
3433 2012 3688 2076 voluerit,

2119 2090 2220 2145 hoc
2261 2091 2549 2157 sacerdos,
2598 2094 2680 2147 vel
2732 2093 2958 2149 clericus
3011 2110 3045 2149 a
3100 2097 3366 2153 tribuente
3413 2100 3691 2169 accipiat,

2115 2188 2172 2232 et
2234 2180 2421 2233 exinde
2478 2181 2618 2249 quod
2666 2180 2897 2238 voluerit
2944 2184 3123 2240 faciat.
3169 2186 3226 2243 Si
3276 2198 3454 2242 autem
3517 2205 3547 2243 a
3592 2191 3730 2244 tri“

2120 2269 2313 2323 huente
2352 2269 2416 2323 ad
2465 2286 2650 2326 omnes
2695 2273 2999 2330 sacerdotes
3026 2276 3223 2344 aliquid
3265 2279 3317 2333 in
3341 2278 3690 2349 eleemosyna

2115 2356 2295 2410 datum
2343 2359 2534 2423 tuerit,
2584 2362 2716 2415 hanc
2759 2366 3151 2433 eleemosynam
3200 2381 3532 2422 communem
3593 2370 3693 2422 ha-

2119 2448 2274 2501 beant
2315 2459 2368 2503 et
2411 2449 2782 2518 psalmodiam,
2833 2454 2913 2508 vel
2963 2456 3154 2510 missas
3203 2470 3303 2525 pro
3338 2456 3431 2512 illo
3478 2458 3690 2514 eriseri-

2118 2538 2278 2589 corde
2308 2537 2517 2593 faciant.

2116 2647 2296 2700 CAPUT
2327 2647 2502 2702 XLIII.
2547 2678 2617 2691 --
2669 2650 2745 2703 De
2762 2668 2995 2705 mensura
3021 2656 3362 2711 sacerdotibus
3382 2659 3445 2711 de
3469 2659 3689 2715 deamo-

2534 2720 2671 2787 synis
2693 2721 3003 2788 accipienda,
3038 2725 3291 2790 facienda.

2185 2802 2353 2857 Nimis
2380 2819 2537 2873 grave
2576 2808 2653 2859 eis
2681 2821 2800 2860 esse
2837 2810 3224 2877 existimamus,
3254 2814 3300 2867 si
3349 2822 3454 2868 tam
3498 2816 3689 2887 ingen-

2116 2894 2244 2948 tium
2274 2908 2437 2949 onera
2482 2897 2816 2963 peccantium
2852 2899 2984 2953 solis
3012 2901 3115 2954 illis
3155 2903 3528 2959 Sacerdotibus
3553 2921 3687 2961 con-

2117 2984 2290 3052 tigerit
2325 2995 2560 3053 portare,
2592 2987 2713 3055 quia
2743 2987 2949 3042 facilius
2980 2990 3071 3045 Dei
3116 2988 3536 3048 misericordiam
3564 2997 3686 3064 piu-

461 3091 567 3141 rint
599 3097 813 3154 possunt
837 3086 1130 3147 destruere,
1155 3095 1205 3138 et
1229 3084 1291 3137 ad
1321 3087 1588 3140 meliorem
1612 3093 1804 3137 statum
1829 3099 2014 3155 un_um-
2040 3119 2092 3183 α
2121 3090 2208 3129 res
2263 3075 2551 3144 impetrant
2598 3092 2755 3146 quam
2813 3094 2971 3148 unus,
3026 3083 3145 3149 quia
3199 3087 3568 3154 unusquisque
3618 3088 3690 3141 dc

466 3192 727 3245 quemque
756 3189 1076 3243 provocare,
1104 3174 1225 3241 quia
1255 3176 1506 3240 scriptum
1537 3184 1617 3227 est
1659 3190 1670 3224 :
1717 3172 1818 3239 Qui
1844 3173 2017 3243 diligi-

468 3272 531 3321 tis
580 3267 893 3331 Dominum,
940 3267 1076 3319 adite
1121 3266 1311 3319 malum
1351 3265 1519 3336 (Psal.
1556 3280 1677 3329 xcv,
1726 3267 1831 3334 10).
1880 3264 2019 3317 Nam

462 3357 551 3423 qui
576 3355 743 3425 diligit
786 3356 1132 3421 iniquitatem,
1166 3354 1268 3406 odit
1295 3353 1515 3407 animum
1552 3369 1717 3407 suam.
1769 3355 1896 3407 Nam
1932 3355 2019 3407 ille

466 3444 692 3498 animam
721 3458 868 3497 suam
900 3445 1030 3496 bene
1057 3442 1260 3511 diligit,
1293 3443 1381 3510 qui
1413 3458 1473 3497 se
1499 3431 1771 3507 custodit,
1812 3453 1864 3497 et
1888 3445 2019 3497 alios

465 3533 531 3585 ad
578 3532 880 3599 exemplum
932 3533 1083 3585 bona:
1131 3533 1585 3597 conversationis,
1635 3542 1689 3587 et
1717 3533 1915 3599 verbis,
1967 3542 2022 3587 et
2105 3559 2113 3572 -

438 3621 731 3691 ‘ojt‘eribns,
763 3612 941 3676 trahit.
1426 3668 1429 3671 η

702 3711 877 3763 CAPUT
914 3708 1027 3763 XL.
1067 3738 1135 3749 —
1176 3708 1247 3761 De
1272 3710 1489 3777 inﬁrmis
1519 3709 1789 3762 canonicis.

548 3816 570 3842 ε
601 3802 657 3867 Si
680 3805 865 3870 aliquis
893 3818 955 3856 ex
983 3804 1126 3857 clero
1152 3803 1470 3869 inlirmatur,
1502 3806 1798 3872 episcopus,
1829 3805 1909 3857 vel
1934 3805 2025 3873 qui

476 3892 577 3946 sub
601 3906 669 3945 eo
695 3901 797 3955 est,
828 3892 1015 3945 habent
1060 3894 1337 3945 maximam
1379 3907 1555 3946 curam
1588 3895 1652 3947 de
1682 3894 1809 3956 illo;
1850 3904 1900 3947 et
1920 3910 2025 3947 .ca-

473 3990 593 4037 veat
619 3997 683 4035 ne
710 3982 998 4050 negligatur
1020 3982 1288 4046 inﬁrmus;
1316 3982 1405 4036 sed
1429 3983 1561 4035 sicut
1584 3996 1768 4035 revera
1790 3981 2019 4046 Christo,

475 4074 547 4129 iis
579 4074 626 4127 ei
657 4075 932 4127 serviatur.
978 4074 1175 4138 Quibus
1207 4074 1429 4126 inﬁrmis
1457 4075 1562 4125 sint
1587 4072 1890 4125 mansiones
1921 4072 2017 4126 de-

471 4173 689 4233 putatae,
717 4166 1095 4219 rationabiliter
1115 4164 1401 4231 diapasitm.
1433 4166 1726 4231 condignm,
1750 4177 1903 4232 aptm,
1934 4166 2024 4219 ubi

472 4268 591 4308 esse
619 4254 821 4321 possint
848 4271 861 4318 ;
909 4264 961 4307 et
991 4255 1056 4306 sit
1085 4268 1221 4306 unus
1246 4269 1311 4306 ex
1353 4256 1498 4305 clero
1524 4254 1802 4316 deputatus
1834 4253 2027 4304 timens

472 4342 655 4404 Deum,
686 4342 774 4409 qui
804 4340 940 4393 circa
974 4341 1236 4392 inﬁrmam
1272 4340 1553 4402 maximam
1582 4353 1761 4391 curam
1785 4347 1935 4404 gerat
1960 4337 2029 4390 de

2129 3167 2340 3234 propria
2386 3166 2726 3227 conscientia
2789 3183 2883 3222 sua
2932 3169 3092 3225 debet
3144 3182 3427 3247 metuere,
3483 3184 3689 3244 quanto

2125 3255 2295 3323 magis
2317 3256 2383 3311 de
2412 3257 2599 3310 alienis
2631 3258 2861 3323 peccatis
2902 3273 3059 3327 supra
3091 3262 3230 3316 vires
3262 3277 3371 3316 non
3397 3264 3552 3319 debet
3581 3266 3690 3319 sibi

2120 3348 2392 3401 sarcinam
2426 3357 2760 3415 peccatorum
2788 3348 3079 3405 cumulare.

2121 3444 2299 3510 Carum
2346 3457 2523 3511 XLIV.
2564 3488 2639 3531 _——.
2680 3458 2771 3531 De
2796 3474 2919 3531 cura
2947 3476 3096 3531 quam
3127 3464 3177 3515 in
3206 3465 3397 3530 populo
3424 3466 3520 3519 sibi
3546 3480 3690 3520 οοιιιο

2270 3590 2273 3593 λ
2509 3529 2661 3579 misso
2690 3529 2868 3580 debent
2898 3529 3080 3581 habere
3098 3529 3287 3584 clerici.

2192 3616 2496 3671 Cavendum
2527 3619 2678 3670 nobis
2704 3631 2787 3673 est
2810 3633 2875 3673 ne
2897 3618 2949 3671 in
2987 3621 3285 3686 periculum
3320 3636 3415 3687 per
3447 3632 3691 3678 nostram

2125 3708 2534 3774 negligentiam,
2594 3718 2651 3760 ut
2700 3709 2771 3761 ita
2812 3708 3077 3774 dixerim,
3132 3711 3336 3778 absque
3396 3712 3689 3782 baptismo,

2126 3808 2179 3850 et
2226 3796 2653 3861 conﬁrmatione,
2691 3807 2744 3851 et
2794 3798 3151 3865 confessione,
3182 3806 3237 3853 et
3287 3800 3689 3868 prrdicatione.

2126 3882 2176 3941 in
2220 3885 2445 3954 quadam
2487 3888 2770 3940 securitate
2802 3888 3006 3953 positus
3035 3888 3269 3942 incurrat
3298 3902 3478 3943 noster
3524 3905 3695 3959 popo-

2125 3978 2227 4028 lus.
2287 3975 2436 4029 Unde
2485 3977 2853 4029 constituimus
2893 3988 2949 4030 ut
2978 3978 3059 4033 bis
3105 3979 3157 4031 in
3193 3995 3375 4034 mense
3402 3996 3495 4049 per
3516 3990 3692 4036 totum

2124 4078 2340 4126 annum,
2384 4064 2451 4119 de
2480 4066 2684 4130 ,quinto
2729 4066 2962 4135 decimo,
2991 4067 3044 4120 in
3089 4070 3270 4137 quinto
3297 4071 3533 4136 decimo,
3566 4087 3697 4127 ver-

2126 4156 2247 4207 bum
2274 4155 2457 4208 salutis
2502 4156 2549 4209 ei
2606 4158 2938 4225 prmdicetur,
2971 4160 3196 4227 qualiter
3224 4160 3289 4213 ad
3328 4164 3491 4215 vitam
3522 4175 3695 4216 mter-

2128 4260 2281 4309 nam,
2335 4248 2441 4299 Deo
2487 4248 2813 4312 auxiliante,
2869 4250 3162 4317 perveniat.
3211 4251 3291 4322 .Et
3346 4252 3390 4303 si
3438 4252 3697 4310 omnibus

2129 4335 2279 4389 festis
2309 4347 2362 4389 et
2392 4336 2678 4388 Dominicis
2703 4322 2893 4390 diebus
2922 4339 3130 4391 assidua
3162 4337 3320 4393 fuerit
3351 4339 3694 4406 praedicatio,

472 4427 721 4481 omnibus
753 4426 1165 4492 necessitatibus
1204 4426 1353 4491 ejus;
1394 4436 1443 4477 et
1474 4425 1663 4478 habeat
1690 4426 1933 4479 solatium
1980 4426 2023 4477 si
2052 4431 2104 4488 1)
2133 4424 2310 4477 utilior
2358 4434 2437 4477 est
2463 4441 2476 4488 ;
2504 4433 2561 4477 et
2600 4425 2742 4490 juxta
2768 4425 2905 4494 quod
2952 4427 3249 4496 intelligere
3276 4428 3463 4497 vulgus
3492 4428 3694 4498 possit,

472 4529 615 4582 opus
632 4521 712 4567 est
737 4553 753 4577 ,
790 4513 932 4580 juxta
973 4512 1109 4576 quod
1142 4513 1474 4565 constituerit
1512 4512 1688 4579 prior:
1732 4523 1785 4565 et
1813 4514 1946 4567 sciat
1984 4514 2027 4567 si

476 4606 609 4659 bene
676 4600 1090 4664 ministraverit,
1149 4600 1365 4664 gradum
1422 4602 1612 4655 bonum
1674 4604 1772 4657 sibi
1827 4619 1856 4656 a
1921 4604 2028 4658 Deo

471 4691 693 4758 acquiri.
848 4699 853 4709 ‘
1718 4690 1721 4691 ⁷

542 4781 646 4836 Sed
678 4790 732 4835 et
763 4782 871 4847 ipse
897 4781 1135 4835 inﬁrmus
1164 4781 1462 4835 consideret
1492 4784 1541 4835 in
1576 4784 1775 4837 honore
1807 4782 1896 4836 Dei
1926 4784 2025 4837 sibi

472 4871 679 4935 serviri,
713 4882 763 4925 et
809 4886 910 4925 non
957 4872 1315 4939 superﬂuitate
1360 4888 1455 4925 sua
1492 4876 1767 4929 contristet
1797 4877 2029 4929 servien-

474 4969 578 5011 tem
610 4960 731 5012 sibi.
772 4958 827 5011 ΕΙ
859 4959 957 5011 hoc
988 4958 1322 5012 indicendum
1352 4970 1452 5019 est.
1481 4966 1619 5026 quod
1654 4962 1867 5013 inﬁrmo
1908 4963 2029 5015 licet

474 5048 615 5100 omni
651 5046 775 5097 hora
806 5047 979 5099 cibum
1013 5057 1064 5100 et
1094 5058 1272 5114 potum
1301 5062 1507 5104 sumere
1533 5093 1545 5114 ,
1578 5052 1790 5118 quando
1820 5052 2024 5107 deside-

477 5137 695 5196 raverit,
722 5135 800 5186 vel
827 5139 1006 5202 possit,
1035 5138 1079 5188 si
1110 5146 1405 5204 opportune
1431 5156 1530 5193 non
1562 5140 1747 5208 possit.

472 5228 650 5283 Csvu'r
692 5228 821 5281 XLI.
872 5257 940 5269 --
986 5228 1058 5281 De
1110 5230 1401 5284 vestimentis
1452 5244 1499 5285 et
1540 5235 1885 5286 calceamentis
1929 5237 2027 5288 cle-

1132 5314 1292 5349 νιεοιίι
1299 5317 1343 5350 οη
1353 5338 1365 5351 .

548 5390 633 5442 Illa
665 5390 876 5442 dimidia
908 5404 1027 5456 pars
1052 5390 1203 5455 cleri,
1231 5391 1315 5457 qui
1355 5394 1588 5450 seniores
1614 5396 1807 5448 iuerint
1828 5437 1843 5462 ,
1877 5399 2027 5451 annis

476 5478 695 5544 singulis
741 5478 999 5545 accipient
1046 5493 1237 5546 cappas
1286 5494 1467 5545 novas,
1520 5494 1571 5536 ct
1625 5493 1797 5538 vestes
1852 5486 2025 5540 laneas

546 5595 569 5686 ἰ
703 5586 1104 5706 llirigulaqszineti
1133 5588 1418 5653 Benedicﬁ,
1448 5605 1496 5643 c.
1527 5592 1612 5644 09.

652 5676 661 5701 t
685 5675 698 5704 t
724 5695 763 5706 ..
798 5673 845 5706 (ξ.
878 5677 956 5706 Δ...

652 5673 763 5719 tm.,
798 5673 845 5708 (ξ.
878 5673 956 5707 ΓΖ.

2130 4512 2199 4565 ita
2228 4513 2617 4580 praedicandum
2639 4518 2749 4568 est.

2129 4600 2304 4673 Cspor
2346 4598 2503 4653 XLV.
2536 4630 2604 4641 —
2644 4599 2738 4655 Cui
2761 4603 3005 4655 committi
3032 4602 3245 4657 debeant
3278 4606 3539 4674 stipendia
3556 4626 3697 4679 ρει-

2805 4687 2996 4738 perum.

2202 4761 2224 4797 ά
2256 4760 2584 4828 Evangelicis
2614 4772 2773 4831 atque
2821 4766 3124 4830 apostolicis
3161 4765 3476 4823 instruimnr
3526 4769 3696 4824 άοευς

2130 4850 2340 4911 mentis,
2367 4851 2417 4902 in
2440 4851 2749 4918 colligendis
2771 4852 3067 4919 hospitibus
3091 4871 3105 4917 ;
3132 4864 3187 4908 et
3205 4854 3324 4908 ideo
3355 4868 3480 4911 ante
3507 4861 3695 4916 omnia

2129 4954 2342 5007 operam
2374 4940 2566 4995 debere
2595 4943 2743 5006 dare,
2794 4950 2850 4995 ut
2894 4943 3085 4995 merito
3109 4944 3177 4999 de
3204 4944 3358 4999 nobis
3385 4960 3414 5001 a
3460 4946 3697 5004 Domino

2128 5033 2331 5084 dicatur
2356 5032 2591 5103 :lﬂaspes
2608 5034 2706 5099 fui,
2731 5042 2778 5085 et
2791 5032 3059 5101 collegistis
3078 5036 3392 5105 uindicauit.
3421 5053 3555 5103 xxv,
3568 5040 3695 5111 38).

2134 5120 2355 5173 Proinde
2404 5132 2610 5190 oportet
2639 5133 2695 5175 ιιι
2728 5123 2927 5190 praelati
2960 5123 3234 5189 Ecclesia‘,
3269 5130 3697 5195 precedent“.

2130 5209 2341 5264 Patrum
2376 5214 2611 5281 exempla
2641 5222 2936 5276 sectantes,
2965 5212 3176 5283 aliquod
3206 5230 3513 5286 prmparent
3543 5234 3697 5275 rece-

2131 5302 2414 5369 ptaculum,
2446 5302 2533 5355 ubi
2570 5317 2827 5370 pauperes
2855 5301 3192 5371 colligantur,
3224 5314 3278 5359 et
3306 5306 3375 5361 de
3395 5307 3564 5362 rebus
3586 5308 3696 5363 Ee—
3720 5336 3729 5343 -

2129 5393 2303 5446 clesite
2348 5404 2546 5445 tantum
2594 5394 2785 5447 ibidem
2834 5390 3104 5459 deputent,
3133 5376 3276 5449 unde
3316 5405 3567 5464 sumplus
3590 5412 3699 5455 ne.

2142 5485 2397 5537 rcssarius
2419 5486 2564 5551 juxta
2592 5481 2991 5552 possibilitatem
3019 5499 3196 5539 rerum
3224 5485 3425 5543 habere
3454 5488 3695 5557 valeant,

2207 5606 2226 5630 ε
2268 5594 2438 5647 Sancti
2470 5594 2749 5658 Benedicti,
2786 5594 3001 5663 Regula,
3030 5610 3075 5649 c.
3104 5594 3190 5647 Si}.

2204 5664 2225 5696 "
2266 5666 2419 5718 (Ione.
2450 5669 2781 5733 Aquisgratt.,
2812 5682 2858 5718 c.
2896 5666 3010 5718 HI.
