3914 6236
195 262 336 318 1077

1418 252 1698 307 REGULA
1741 249 2244 331 (IANUNICOHUM‘.

3321 252 3457 305 {073

192 374 442 438 exceptis
465 366 709 433 decimis,
734 378 851 433 qua:
873 363 940 415 de
968 362 1214 416 Ecclesia:
1249 361 1385 414 villis
1411 362 1606 413 ibidem
1643 375 1765 412 coir
1804 365 1851 416 Α
1884 360 2281 427 praerogativam
2310 377 2320 409 :
2357 364 2444 426 qui
2476 371 2527 412 et
2561 363 2610 412 in
2651 361 3062 427 congregatione
3089 359 3291 415 assidui
3322 354 3451 425 sint,’

192 462 469 514 feruntur.
516 456 625 512 Sed
674 465 730 509 et
775 451 1019 506 canonici
1071 460 1173 502 tam
1214 449 1282 502 de
1331 448 1568 515 frugibus
1616 461 1771 514 quam

192 549 359 601 etiam
409 548 473 599 de
523 545 772 599 omnibus
802 544 1259 610 eleemosynarum
1308 537 1668 591 oblationibus
1722 535 1774 587 in

190 655 327 700 usus
361 651 654 707 pauperum
682 631 1296 712 decimaslibentissime
1341 629 1407 681 ad
1438 628 1612 696 ipsum
1642 641 1773 680 con-

192 730 375 785 ferant
420 724 699 793 hospitale.
751 723 817 776 Et
869 720 991 774 boni
1042 718 1327 773 testimonii
1374 717 1537 770 frater
1564 715 1772 769 consti-

191 825 402 878 tuatur,
434 818 522 883 qui
553 816 808 882 hospites,
853 822 908 867 et
947 812 1252 878 peregrinos
1295 808 1684 870 mendicantes,
1718 819 1774 860 ut

193 914 321 971 pote
352 904 629 957 Christum
678 906 731 955 in
780 902 905 963 illis,
937 898 1210 965 suscipiat.
1246 898 1431 965 eisque
1463 897 1770 950 necessaria

191 998 433 1052 libenter
477 1009 576 1063 pro
606 992 805 1047 viribus
834 991 1197 1053 adininistret;
1246 992 1330 1059 qui
1360 990 1523 1043 etiam
1551 1002 1610 1039 ea
1646 1002 1765 1055 quae

192 1088 245 1140 ln
275 1101 413 1141 usus
444 1098 729 1151 pauperum
755 1080 947 1135 cedere
971 1078 1165 1132 debent
1194 1091 1531 1148 nequaquam
1564 1078 1616 1128 in
1651 1090 1775 1130 suos

191 1190 322 1230 usus
371 1174 651 1235 reﬂectat,
683 1186 748 1224 ne
776 1185 896 1224 cum
924 1168 1054 1222 Juila
1088 1169 1289 1222 loculos
1315 1166 1525 1222 Domini
1559 1166 1771 1221 forante

188 1264 524 1321 sententiam
554 1260 910 1316 damnationis
940 1258 1191 1325 excipiat.

261 1356 335 1409 Et
400 1354 598 1422 praelati
651 1366 837 1404 cavere
885 1349 1079 1403 debent
1132 1363 1421 1402 netcuram
1479 1359 1769 1417 pauperum

189 1441 607 1513 parvipendant.
662 1439 727 1493 Et
769 1439 975 1499 clerici.
1028 1438 1071 1492 si
1129 1437 1246 1490 aliis
1296 1434 1627 1501 temporibus
1684 1445 1776 1485 ne-

191 1541 423 1598 queunt,
456 1531 645 1585 saltem
669 1527 1117 1598 quadragesimali
1148 1534 1409 1591 tempore,
1446 1522 1609 1591 pedes
1640 1534 1777 1587 pau-

190 1639 387 1694 perum
436 1623 487 1676 in
515 1620 841 1689 competenti
884 1621 1059 1673 lavare
1090 1617 1288 1670 debent
1322 1614 1593 1683 hospitali,
1621 1614 1769 1681 juxta

193 1710 323 1765 illud
366 1710 733 1778 evangelicum
764 1726 776 1760 :
822 1707 884 1761 Si
927 1722 1017 1775 ego
1052 1704 1300 1758 Dominus
1330 1714 1374 1757 et
1406 1704 1643 1773 magister
1672 1703 1772 1755 lavi

190 1802 330 1856 vobis
357 1800 733 1871 pedes,quanto
754 1797 916 1867 magis
938 1812 1021 1848 vos
1033 1794 1221 1847 debetis
1232 1795 1359 1846 alter
1376 1794 1585 1846 alterius
1612 1793 1779 1845 lavare

193 1890 347 1961 pedes
373 1888 557 1959 (Joan.
593 1902 709 1951 xui,
745 1885 857 1949 li),
883 1898 933 1938 et
957 1895 1169 1938 caetera.
1196 1886 1529 1952 Quapropter
1558 1884 1775 1951 expedit

194 1988 252 2031 ut
294 1978 351 2032 in
399 1977 724 2045 competenti
776 1976 893 2028 loco
941 1975 1200 2041 hospitale
1237 1976 1304 2028 sit
1334 1988 1646 2042 pauperum,
1680 1974 1770 2026 ubi

197 2069 472 2135 perfacilis
520 2070 586 2121 ad
631 2067 758 2121 illud
800 2066 1045 2121 veniendi
1098 2063 1556 2123 conveuttlsiieri
1607 2064 1773 2133 possit

195 2159 445 2213 fratrum.
503 2158 654 2223 Quod
685 2158 727 2209 si
773 2156 823 2211 is
874 2156 955 2208 cui
1002 2154 1260 2223 hospitale
1307 2155 1650 2207 commissum
1691 2160 1771 2207 est

192 2261 385 2302 curam
428 2261 718 2315 pauperum
751 2245 1080 2314 neglexerit,
1118 2258 1411 2313 eorumque
1442 2259 1526 2298 res
1555 2245 1605 2319 in
1646 2258 1771 2296 suos

196 2349 326 2392 usus
357 2335 660 2401 retorserit,
692 2349 995 2404 quanquam
1026 2334 1200 2387 divina
1232 2333 1434 2388 ultione
1460 2334 1651 2403 dignus
1681 2335 1767 2401 sit,

194 2424 441 2479 severius
484 2434 658 2478 tamen
686 2438 843 2493 quam
892 2424 1067 2477 cmtcri
1096 2422 1464 2492 delinquentes
1494 2440 1522 2477 a
1556 2438 1772 2493 praepo-

195 2513 316 2568 sitis
340 2513 687 2581 iudicandus,
728 2521 782 2566 et
828 2528 857 2565 a
906 2511 1202 2567 ministerio
1253 2514 1641 2578 removendus;
1675 2527 1773 2567 nec

199 2603 491 2669 immerito,
539 2603 735 2671 quippe
762 2601 851 2670 qui
898 2611 952 2655 et
980 2605 1146 2669 pretia
1198 2612 1560 2670 peccatorum,
1594 2612 1648 2655 et
1675 2602 1773 2656 ali-

202 2701 381 2746 menta
408 2706 719 2760 pauperum,
750 2700 807 2746 et
836 2691 1144 2745 thesaurum
1170 2690 1310 2744 ccelo
1339 2690 1765 2758 recondendum,

204 2781 315 2835 suis
344 2782 549 2850 aptavit
578 2780 785 2835 usibus.

517 2871 694 2927 Ctmrr
735 2871 913 2925 XLVI.
939 2900 1007 2912 σσ-
1032 2869 1109 2925 De
1134 2866 1447 2940 praepositis.

1879 458 1931 502 et
1960 447 2179 501 fratrum
2221 463 2401 501 curam
2452 452 2690 519 pervigili
2743 451 2917 503 studio
2943 459 3167 516 gerant;
3219 457 3274 502 et
3312 450 3451 503 sicut

1880 537 2010 589 alios
2045 537 2350 603 prmcedunt
2388 540 2718 614 magisterio,
2752 540 2821 591 ita
2869 539 3119 592 nimirum
3154 539 3455 592 innocentis

1881 628 1999 679 vita:
2066 628 2357 681 lnforment
2410 630 2699 697 exemplo,
2756 639 2834 694 ut,
2882 628 3037 698 juxta
3093 630 3450 696 Apostolum,

1880 721 2122 786 exemplo
2153 720 2259 772 sint
2288 721 2495 774 caeteris
2528 722 2579 773 in
2610 724 2773 774 verbo
2797 762 2809 784 ,
2840 722 2888 773 in
2918 722 3333 776 cnnversatione
3354 761 3367 784 ,
3400 721 3452 772 in

1882 810 2163 875 cbaritate,
2196 813 2246 865 in
2281 811 2401 876 fide,
2435 821 2487 865 et
2514 813 2782 868 castitate.
2816 824 2919 867 etc.
2949 811 3001 881 (1
3031 812 3179 865 Tim.
3213 813 3307 880 tv).

1952 902 2051 967 Qui
2082 902 2262 961 etiam,
2293 902 2336 953 si
2366 902 2631 966 prioratus
2654 902 2733 953 sui
2762 918 2916 953 causa
2951 903 3306 955 intumescere
3332 915 3447 955 cm-

1882 992 2097 1059 perint,
2125 1001 2181 1044 et
2209 1006 2349 1044 cura:
2383 992 2601 1044 fratrum
2661 992 2786 1043 nihil
2835 993 3256 1058 propenderint,
3307 1000 3361 1045 et
3406 993 3448 1043 si

1879 1082 2072 1135 crebro
2124 1080 2517 1148 incorrigibiles
2562 1082 2886 1143 exstiterint,
2919 1097 2945 1133 a
2995 1081 3291 1135 ministerio
3329 1098 3450 1149 pro-

1881 1172 2163 1236 pellantur,
2210 1170 2405 1238 aliique
2447 1171 2503 1239 in
2534 1171 2647 1221 loc:
2704 1169 2916 1221 illorum
2966 1170 3054 1235 qui
3086 1176 3302 1222 strenue
3330 1182 3450 1236 per-

1880 1276 2036 1329 agere
2064 1262 2270 1329 possint
2296 1260 2711 1329 constituantur.

1880 1366 2054 1426 Carm
2093 1370 2317 1425 XLVIII.
2376 1398 2445 1409 —-
2496 1368 2575 1422 De
2616 1368 2785 1437 pueris
2829 1367 3115 1420 nutriendis
3158 1368 3450 1421 custodien-

2490 1463 2495 1469 ·
2560 1441 2756 1507 disque.

1954 1541 1974 1567 ε
2015 1528 2251 1583 Solerter
2296 1538 2531 1582 rectores
2566 1526 2925 1581 Ecclesiarum
2971 1527 3189 1593 vigilare
3216 1534 3445 1591 oportet,

1884 1628 1939 1670 ut
1980 1620 2127 1686 pueri
2164 1629 2217 1670 et
2246 1618 2616 1671 adolescentes
2641 1658 2654 1680 ,
2690 1618 2777 1684 qui
2812 1617 2861 1667 in
2895 1616 3311 1683 congregatione
3350 1616 3447 1668 sibi

1881 1710 2159 1762 comitiissa
2216 1706 2539 1768 nutriuntur,
2594 1707 2673 1759 vel
2724 1706 3061 1770 erudiuntur,
3117 1704 3188 1758 ita
3236 1704 3447 1773 jugibus

1880 1796 2258 1851 ecclesiasticis
2300 1796 2486 1861 discipl
2516 1796 2601 1847 nis
2650 1796 3104 1860 constringuntur,
3165 1803 3220 1846 ut
3264 1808 3445 1847 eorum

1879 1886 2074 1939 iasciva
2100 1897 2251 1948 antas,
2282 1894 2338 1937 et
2374 1885 2438 1937 ad
2472 1883 2797 1951 peccandum
2835 1884 2987 1937 valde
3020 1882 3297 1949 proclivis,
3332 1882 3448 1935 nul-

1875 1979 1982 2031 lum
2029 1975 2193 2045 possit
2241 1976 2477 2043 reperire
2526 1974 2699 2028 locum
2741 1988 2847 2043 quo
2891 1974 2942 2028 in
2995 1974 3195 2041 peccati
3245 1971 3445 2026 facinus

1878 2076 2113 2135 proruat.
2159 2066 2491 2135 Quapropter
2539 2066 2590 2118 in
2638 2065 3004 2131 hujuscemodi
3053 2062 3440 2127 custodiet-dis,

1874 2173 1927 2215 et
1972 2161 2277 2230 spiritaliter
2319 2160 2661 2221 erudiendis,
2720 2161 2840 2211 talis
2888 2173 2914 2209 a
2970 2158 3205 2226 prwlutis
3246 2155 3443 2209 consti-

1877 2252 2102 2306 tuendus
2130 2260 2213 2305 est
2240 2251 2358 2317 vita:
2386 2250 2671 2318 probabilis
2704 2248 2887 2310 frater,
2923 2247 3009 2316 qui
3043 2262 3226 2299 eorum
3259 2259 3437 2297 curam

1874 2358 2078 2397 summa
2117 2353 2265 2411 gerat
2314 2341 2593 2403 industria,
2642 2354 2840 2407 eosque
2874 2342 2940 2391 ita
2970 2338 3269 2391 aI'CliS:itll8
3310 2349 3441 2388 con-

1873 2434 2116 2501 stringat,
2144 2432 2395 2501 qualiter,
2429 2430 2809 2495 ecclesiasticis
2833 2430 3092 2481 doctrinis
3119 2427 3306 2479 imbuti
3331 2465 3346 2490 ,
3391 2436 3445 2479 et

1873 2527 2035 2575 armis
2058 2520 2389 2586 spiritalibus
2418 2520 2609 2583 induti,
2644 2527 2696 2570 et
2730 2518 2978 2571 Ecclesia:
3007 2516 3323 2569 utilitatibus
3353 2516 3443 2568 dc-

1875 2619 2057 2663 center
2078 2602 2289 2679 parere,
2324 2619 2374 2663 et
2401 2609 2464 2663 ad
2496 2608 2687 2677 gradus
2713 2608 3102 2662 ecclesiasticos
3126 2608 3440 2676 quandoque

1874 2700 2032 2768 digne
2066 2699 2266 2767 possint
2299 2684 2639 2766 promoveri.‘
2754 2770 2759 2773 ν

1947 2788 2121 2842 Libuit
2152 2794 2407 2855 praterea
2438 2829 2451 2851 ,
2492 2789 2559 2839 ob
2582 2785 2987 2840 tediilcationem
3016 2800 3303 2855 congruam
3332 2826 3344 2845 ,
3388 2794 3440 2837 et

1874 2876 2278 2930 instructionem
2318 2876 2518 2943 negotii
2550 2875 2616 2929 de
2643 2889 2749 2943 quo
2779 2879 2970 2942 agitur,
3000 2873 3285 2942 quamdam
3318 2889 3437 2927 san-

269 2972 292 2999 ·
348 2963 611 3031 Quamvis
662 2976 847 3017 omnes
902 2962 989 3030 qui
1046 2971 1282 3030 prtesnnt
1344 2961 1616 3031 praepositi
1662 2961 1763 3015 rite
1792 2998 1840 3060 α
1874 2978 2076 3021 ctorum
2109 2966 2323 3022 Patrum
2354 2966 2668 3019 sententiam
2702 2966 2820 3018 huic
2846 2965 2993 3034 epeii
3021 2968 3278 3027 inserere,
3318 2980 3435 3033 quae

200 3051 464 3117 dicantur,
510 3066 636 3107 usus
676 3062 848 3106 tamen
896 3052 1119 3105 obtinuit
1151 3066 1250 3104 eos
1282 3050 1463 3104 vocari
1503 3052 1766 3120 praeposi—

207 3152 290 3199 tos
316 3145 407 3211 qui
435 3143 717 3216 quamdam
764 3146 1025 3210 prioratus
1051 3156 1230 3195 curam
1263 3143 1359 3195 sub
1389 3142 1507 3196 aliis
1536 3143 1770 3210 praelatis

204 3242 415 3301 gerunt.
466 3234 531 3291 lli
562 3242 737 3287 tamen
769 3234 857 3302 qui
900 3234 1048 3301 juxta
1092 3247 1293 3286 morem
1328 3232 1467 3286 hunc
1499 3233 1766 3301 prteposili

206 3333 482 3387 vocantur,
516 3325 649 3378 tales
676 3334 730 3377 ct
759 3334 862 3378 tam
888 3326 1090 3377 strenui
1122 3324 1480 3383 constituendi
1504 3332 1649 3387 sunt,
1681 3323 1768 3391 qui

201 3412 321 3467 vita:
368 3413 661 3482 probabilis
706 3415 848 3477 sint,
897 3422 950 3468 et
992 3427 1052 3467 ea
1085 3426 1202 3482 tuta:
1233 3413 1331 3467 sibi
1356 3412 1590 3482 iniuncta
1623 3423 1767 3479 sunt,

202 3503 430 3560 ﬁdeliter
478 3505 859 3574 humiliterque
906 3506 1182 3572 expleant;
1242 3514 1296 3557 et
1332 3505 1453 3572 [pro
1508 3521 1572 3559 eo
1626 3504 1763 3573 quod

202 3596 316 3653 aliis
364 3598 568 3666 praelati
616 3607 762 3663 sunt,
812 3610 1141 3665 nequaquam
1177 3596 1559 3663 parvipendant
1604 3609 1759 3648 cano—

204 3685 316 3740 nica
346 3687 608 3757 instituta,
662 3685 757 3740 sed
803 3694 999 3751 quanto
1048 3684 1166 3752 plus
1199 3684 1539 3750 implicantur
1572 3684 1622 3737 in
1656 3684 1764 3738 frao

206 3782 341 3827 trum
371 3775 536 3839 curis,
572 3782 716 3827 tanto
751 3774 917 3842 magis
946 3771 1527 3827 studeant‘rmlestibus
1558 3774 1763 3826 obtem-

207 3877 389 3931 perare
420 3864 654 3918 monitis.
702 3862 904 3917 Debent
935 3862 1093 3930 igitur
1122 3872 1327 3915 cuncta:
1356 3862 1761 3932 congregationi

204 3952 355 4006 utiles
378 3966 497 4007 esse
520 3992 535 4016 ,
581 3961 637 4005 et
667 3952 731 4015 de
761 3950 1060 4004 ministerio
1087 3950 1185 4003 sibi
1217 3950 1502 4003 commisso
1532 3950 1759 4004 fideliter

210 4040 475 4105 prodesse.
526 4038 601 4091 Ba
631 4052 759 4092 vero
787 4052 903 4104 qua:
956 4038 1204 4091 fratribus
1231 4038 1357 4091 dare
1386 4039 1602 4105 debent,
1632 4055 1753 4093 cum

204 4124 457 4183 cbaritate
481 4138 718 4195 tempore
741 4136 1037 4193 opportuno
1066 4125 1436 4195 incunctanter
1462 4127 1755 4194 praebeant,

204 4231 459 4286 quatenus
504 4233 533 4269 a
584 4216 807 4270 Domino
842 4215 908 4269 de
957 4216 1095 4270 fideli
1127 4215 1585 4271 administratione
1642 4215 1761 4285 gra-

205 4305 324 4361 dum
356 4308 550 4361 bonum
577 4306 678 4360 sibi
702 4305 996 4374 acquirant.

205 4411 374 4469 Carur
412 4412 689 4470 XLVll.—-
716 4413 901 4479 Quales
932 4413 1035 4467 vice
1054 4412 1378 4477 prtelatorum
1400 4415 1452 4467 in
1483 4429 1757 4484 congrega-

688 4485 822 4536 tione
851 4484 993 4552 [αηρὶ
1022 4483 1257 4538 debeant.

271 4573 299 4611 δ
327 4575 547 4642 Oportet
573 4572 821 4627 Ecclesiae
845 4574 1089 4640 praelatos
1112 4614 1129 4637 ,
1175 4583 1231 4626 ut
1254 4573 1320 4627 de
1349 4584 1760 4643 congregatione

210 4662 304 4717 sibi
346 4665 626 4719 commissa
659 4664 787 4717 tales
826 4664 1019 4731 eligant
1060 4663 1185 4715 boni
1218 4665 1509 4717 testimonii
1544 4665 1752 4727 fratres,

210 4753 259 4805 in
286 4754 476 4823 quibus
520 4767 681 4807 onera
730 4753 1000 4820 regiminis
1043 4766 1230 4806 secure
1281 4757 1482 4821 possint
1541 4755 1741 4822 partiri

210 4842 403 4908 Quibus
441 4846 599 4898 etiam
639 4843 794 4897 talem
841 4839 1115 4896 conferant
1158 4843 1490 4911 dignitatem,
1542 4856 1596 4897 ut
1647 4845 1758 4897 vice

212 4930 410 4986 illorum
442 4933 739 5004 fungentes,
771 4943 823 4986 et
847 4932 1213 4986 inobedientes
1240 4932 1498 4986 canonica
1529 4948 1750 4987 censura

180 5020 190 5030 ’
210 5030 487 5096 corripere,
508 5038 563 5083 et
581 5028 884 5083 obedientes
911 5026 1169 5081 hortando
1195 5026 1269 5080 ad
1289 5028 1506 5081 meliora
1545 5028 1756 5082 valeant

213 5129 512 5183 provocare.
558 5119 672 5171 Non
718 5117 1070 5172 constituendi
1101 5126 1224 5171 sunt
1254 5112 1624 5187 personaliter,
1655 5108 1747 5173 aut

215 5221 274 5261 eo
300 5210 481 5263 ordine
506 5223 610 5279 quo
638 5208 688 5261 in
720 5209 943 5278 collegio
974 5209 1193 5263 fratrum
1232 5209 1448 5263 admissi
1480 5221 1629 5276 sunt,
1664 5212 1756 5265 sed

214 5298 486 5355 secundum
536 5300 659 5353 vitae
711 5303 977 5367 meritum,
1037 5310 1091 5355 et
1135 5300 1450 5370 spiritalium
1500 5302 1760 5357 donorum

278 5440 299 5464 ⁸
340 5434 497 5485 ιίοηε.
523 5430 763 5499 Aquisg.,
793 5445 842 5485 c.
876 5430 991 5483 139.

218 5499 301 5621 “ﬁ
324 5500 494 5624 (ibid,
526 5516 573 5555 c.
604 5502 719 5555 158.
761 5502 835 5571 litt
864 5500 1049 5568 liegul.
1088 5503 1223 5555 licati
1269 5502 1558 5567 Benedicti,
1586 5521 1631 5558 ς.
1666 5504 1757 5567 21,

243 5603 295 5633 -,
361 5592 412 5624 ο.

1877 3058 1944 3109 ita
1966 3072 2025 3111 se
2057 3053 2213 3109 habet
2242 3072 2256 3110 :
2287 3053 2369 3107 νδ
2402 3057 2572 3114 Prona
2603 3068 2681 3109 est
2704 3058 2843 3109 enim
2867 3055 3038 3109 omnis
3067 3064 3195 3109 aetas
3226 3058 3290 3108 ab
3314 3057 3438 3108 ado-
3508 3098 3512 3101 Α

1876 3131 2125 3202 lescentia
2154 3146 2203 3200 in
2230 3146 2442 3199 malum.
2476 3146 2727 3212 Quisquis
2748 3156 2922 3199 autem
2947 3146 2997 3199 io
3020 3144 3163 3199 clero
3183 3148 3427 3214 puberes,

1875 3245 1964 3289 aut
1995 3236 2356 3290 adolescentes
2403 3237 2673 3297 existunt,
2717 3249 2902 3288 omnes
2938 3235 2992 3288 in
3040 3249 3143 3286 uno
3193 3236 3434 3288 conclavi

1876 3326 1990 3379 atrii
2014 3335 2427 3387 commorentur,
2457 3334 2512 3378 ut
2557 3326 2769 3378 lubricae
2803 3324 2969 3378 aetatis
2996 3341 3185 3391 annos,
3245 3341 3367 3378 non.
3389 3326 3439 3379 in

1876 3416 2100 3477 luxuria,
2145 3416 2237 3470 sed
2279 3417 2330 3468 in
2382 3412 2676 3484 disciplinis
2716 3414 3093 3469 ecclesiasticis
3135 3423 3310 3481 agant,
3345 3414 3438 3468 de-

1875 3505 2040 3573 putati
2113 3504 2489 3571 probatissimo
2512 3504 2753 3567 seniori,
2804 3518 2962 3571 quem
3027 3512 3078 3556 et
3129 3502 3434 3573 magistrum

1870 3594 2150 3657 doctrinm,
2204 3604 2257 3647 et
2304 3604 2490 3648 testem
2518 3596 2638 3649 vita:
2668 3594 2914 3658 habeant,
2950 3612 2967 3643 ι
3004 3604 3054 3646 et
3082 3602 3292 3661 czetera.
3346 3594 3436 3647 llis

1873 3684 1940 3736 ita
1970 3684 2278 3750 przcmissis,
2308 3691 2520 3749 oportet
2557 3689 2612 3734 ut
2654 3680 3022 3749 probatissimo
3062 3682 3256 3736 seniori
3287 3683 3432 3749 pueri

1872 3772 1937 3824 ad
1961 3772 2387 3834 custodiendum,
2419 3773 2544 3823 licet
2584 3772 2648 3824 ab
2678 3772 2782 3823 alio
2810 3772 3141 3836 erudiuntur,
3182 3772 3437 3840 deputen-

1875 3872 1979 3918 tur.
2005 3861 2190 3914 Frater
2223 3876 2350 3913 vero
2372 3860 2455 3913 cui
2484 3861 2597 3913 lucc
2622 3875 2743 3914 cura
2770 3848 3140 3921 committitur,
3170 3862 3214 3915 si
3248 3876 3432 3917 eorum

1874 3966 2052 4003 curam
2095 3950 2503 4016 parvipenderit.
2528 3958 2581 4001 et
2614 3949 2753 4001 aliud
2798 3963 2955 4016 quam
2997 3958 3206 4016 oportet
3241 3948 3437 4004 docue-

1872 4040 1961 4104 rit,
1994 4039 2083 4090 aut
2113 4039 2196 4090 his
2220 4039 2452 4105 aliquam
2484 4035 2767 4104 cujuslibet
2794 4038 3026 4090 laesionis
3073 4038 3331 4091 maculam
3357 4039 3435 4091 in.

1866 4128 2113 4195 gesserit,
2139 4116 2473 4181 severissime
2494 4136 2771 4194 correptus
2796 4126 2863 4179 ab
2883 4126 3062 4181 officio
3092 4137 3426 4192 amoveatur;

1871 4228 1925 4273 et
1949 4217 2098 4271 fratri
2128 4220 2216 4271 alii
2236 4196 2747 4282 .lti'committantur,
2799 4216 2887 4285 qui
2916 4232 3011 4271 eos
3040 4226 3093 4271 et
3135 4217 3433 4272 innocentis

1794 4323 1847 4382 Β
1874 4312 1991 4363 vitae
2019 4309 2281 4376 exemplis
2312 4307 2577 4373 informet,
2612 4316 2666 4361 et
2694 4305 2757 4360 ad
2788 4321 2921 4376 opus
2948 4308 3140 4362 bonum
3167 4322 3424 4376 peragen-

1871 4402 1993 4455 dum
2021 4403 2235 4455 excitet.

1868 4514 2048 4568 CAPUT
2091 4510 2273 4565 XLIX.
2316 4541 2384 4551 -——
2426 4510 2491 4565 Ut
2519 4512 3020 4591 omnescanoniciod
3048 4515 3431 4580 completorium

2487 4591 2805 4633 conveniant.
3092 4598 3097 4603 '

1942 4673 2176 4741 Expletis
2231 4669 2632 4737 religiosissima
2662 4668 2923 4737 obsequio
2950 4669 3096 4723 horis
3127 4680 3434 4737 competen-

1868 4761 2007 4814 tibus
2054 4760 2258 4813 diurnis
2314 4759 2507 4811 officiis
2548 4759 2613 4812 ab
2658 4758 2904 4812 omnibus
2945 4761 3249 4821 canonicis,
3308 4759 3432 4811 dum
3491 4813 3497 4819 η

1872 4850 2043 4917 signo,
2078 4848 2421 4901 devotissime
2453 4846 2517 4899 ad
2549 4848 2953 4914 completorium
2980 4846 3297 4900 veniendum
3322 4858 3430 4911 est,

1868 4938 2151 5005 incipiente
2178 4942 2361 4998 nocte;
2395 4948 2501 5001 quo
2529 4935 2819 5000 completo,
2852 4948 2956 4987 non
2988 4942 3200 5001 oportet
3222 4944 3275 4986 ut
3302 4950 3433 5001 epu-

1866 5028 1932 5081 lis
1983 5035 2038 5082 et
2096 5024 2452 5095 potationibus
2482 5066 2497 5090 ,
2556 5024 3152 5093 vanisquetjnseryiant
3184 5026 3427 5093 loquelis,

1864 5119 1956 5174 sed
1983 5118 2063 5172 bis
2090 5115 2297 5186 penitus
2326 5117 2650 5184 postpositis,
2676 5118 2949 5171 humiliter
2974 5128 3026 5171 et
3056 5117 3276 5172 honeste
3307 5118 3427 5169 dor-

1865 5212 2131 5265 mitorium
2154 5217 2431 5279 petant,et
2476 5224 2807 5280 nequaquam
2859 5211 2965 5264 duo
3006 5211 3056 5263 in
3115 5224 3218 5263 uno
3272 5211 3426 5273 lecto,

1864 5304 1955 5359 sed
1987 5302 2178 5371 singuli
2228 5301 2279 5355 in
2320 5300 2541 5372 singulis
2595 5301 2745 5355 lectis
2789 5303 3083 5369 quiescant.
3128 5310 3144 5329 λ’
3193 5301 3423 5354 Lucerna

1939 5451 1957 5469 τ
2002 5438 2163 5489 Cone.
2190 5436 2431 5503 Aquisg..
2462 5449 2513 5491 c.
2546 5434 2664 5488 155.

1937 5504 1959 5541 ἀ
2003 5506 2165 5557 tione.
2194 5505 2369 5557 'l‘olett
2400 5519 2471 5569 tv,
2499 5520 2547 5557 c.
2576 5504 2662 5556 25.

1946 5586 1963 5604 ν
2002 5575 2125 5625 live.
2156 5574 2323 5626 sancti
2348 5574 2634 5635 Benedicti,
2660 5588 2706 5623 c.
2738 5574 2825 5624 ἐξ.
