3914 6236
453 337 588 390 1079

1441 330 1495 381 s.
1538 327 2025 384 CllltUltEtiANGl
2069 313 2404 386 uerensts
2444 331 2743 388 EPISCOPI

3580 334 3605 386 Ι
3617 333 3726 388 080

445 459 656 516 quoque
682 444 734 496 in
764 443 950 498 eodem
996 442 1312 496 dormitorio
1344 444 1514 495 noctis
1556 452 1792 510 tempore
1818 440 2019 510 jugiter
2050 447 2094 500 Α
2128 453 2420 511 nequeunt,
2456 446 2768 498 erudiuntur
2799 446 2948 513 prius
2996 461 3025 498 a
3055 449 3344 515 magistris,
3379 455 3434 500 et
3461 446 3724 500 in~tructi

445 537 649 590 ardeat.
683 532 821 588 Nihil
864 535 1096 601 denique
1152 535 1491 585 inhonestum
1519 543 1609 585 aut
1658 533 1913 585 indecens
1971 533 2020 585 in

443 627 760 681 dormitorio
790 635 1003 697 geratur
1031 624 1098 676 ab
1125 623 1302 691 aliquo
1326 638 1342 687 ;
1369 639 1466 676 nec
1493 624 1757 691 quispiam
1787 623 2021 687 aliquem

445 717 742 782 inquietare
775 722 1075 784 prtesumat.
1107 728 1206 765 nec
1235 713 1299 765 ad
1331 713 1492 767 verba
1520 712 1726 766 inutilia
1760 720 1819 766 et
1848 715 2020 765 otiosa

437 820 790 873 prorumpere
827 810 1003 870 cngat.
1053 801 1221 867 l'lujus
1250 795 1468 869 capituli
1516 811 1854 869 contemptor
1899 816 2022 870 spe-

403 882 646 948 ‘cialiter
686 910 712 945 ιι
759 893 990 963 prselatis
1040 901 1093 944 et
1136 891 1406 963 magistris
1456 891 1801 948 severissime
1851 893 2023 946 corriv

440 986 635 1053 piatur.

796 1077 975 1134 CAPUT
1022 1075 1081 1130 L.
1122 1105 1192 1116 —
1225 1072 1301 1129 De
1342 1076 1654 1129 cantoribus.

510 1177 535 1204 ⁸
576 1169 911 1224 Studendum
942 1183 1286 1235 summopere
1313 1168 1620 1221 cantoribus
1667 1174 1770 1235 est,
1828 1181 1898 1220 ne
1923 1167 2014 1220 do-

437 1273 564 1313 num
596 1260 696 1312 sibi
727 1259 976 1315 divinitus
999 1259 1251 1312 collatum
1277 1258 1420 1312 vitiis
1461 1258 1680 1320 tendent,
1715 1258 1810 1311 sed
1845 1257 2019 1325 potius

367 1347 374 1350 ’
437 1351 567 1403 illud
603 1351 920 1413 ltumiiitate,
944 1361 999 1403 et
1022 1348 1337 1412 sobrietate,
1361 1359 1414 1403 et
1437 1349 1703 1414 castitate,
1729 1357 1782 1401 et
1807 1347 2018 1401 caeteris

435 1452 748 1494 sanetarum
778 1441 1031 1494 virtutum
1063 1441 1393 1515 ornamentis
1421 1449 1692 1494 exornent
1741 1456 1750 1490 Σ
1785 1452 2013 1515 quorum

433 1532 664 1585 ntelodia
696 1531 902 1585 animos
932 1533 1120 1602 populi
1157 1511 1548 1586 circumstantis
1577 1531 1644 1584 ad
1696 1511 2016 1584 memoriam

435 1636 780 1688 amoremque
810 1622 1110 1676 caelestium
1141 1636 1262 1676 non.
1297 1623 1471 1676 solum
1522 1621 1854 1675 sublimitate
1897 1636 2018 1676 ver-

433 1712 646 1771 borum.
681 1711 774 1765 sed
808 1714 967 1765 etiam
997 1711 1259 1766 suavitate
1281 1727 1556 1775 sonorum,
1588 1726 1706 1781 qua:
1739 1711 2006 1777 dicantur,

2132 535 2243 586 hate
2273 535 2565 601 adimplere
2590 538 2859 596 studeant.
2892 545 2944 588 ut
2972 538 3249 590 audientes
3280 537 3569 590 :mlilicent.

2414 626 2593 680 CAPUI‘
2627 626 2732 680 Lll.
2760 655 2828 670 —-
2856 625 3039 680 Modus
3069 631 3423 698 correptionis.

2200 727 2220 753 ο
2254 716 2564 785 Quanquam
2619 726 3016 785 contemptores
3062 722 3439 772 eanouiearnm
3499 721 3723 772 institu-

2127 802 2327 870 tionutn
2352 806 2644 873 episcopali
2697 808 2962 875 prmeipue
3014 807 3219 876 judicio
3259 797 3525 877 plectendi
3581 807 3718 871 sint,

2122 894 2268 962 juxta
2299 895 2514 949 modum
2531 898 2834 964 culparum,
2869 907 2925 952 ut
2953 913 3111 966 supra
3131 887 3433 965 retulimus,
3461 917 3718 955 mensura

2125 987 2457 1042 extendendo
2487 996 2569 1040 est
2593 988 3020 1059 eorreptionum.
3054 990 3115 1042 Et
3145 991 3257 1044 haec
3281 993 3460 1044 omnia
3489 991 3615 1059 jure
3665 992 3720 1045 in

2125 1075 2460 1144 praelatortnn
2491 1075 2725 1144 pendent
2749 1077 2983 1146 judicio,
3015 1092 3121 1146 quo
3149 1079 3535 1133 discretissitne
3579 1090 3722 1132 tent-

2125 1167 2355 1234 peranda
2385 1175 2556 1222 sunt:
2591 1181 2813 1222 necesse
2841 1177 2924 1221 est
2963 1169 3131 1233 enim,
3179 1180 3235 1222 ut
3287 1168 3446 1221 iidem
3505 1170 3723 1236 praelati

2122 1254 2260 1307 circa
2290 1254 2665 1323 delinquentes
2719 1257 2911 1311 medici
2956 1257 3269 1327 peritissimi
3324 1257 3604 1312 imitentur
3634 1255 3722 1309 fa-

2121 1356 2287 1410 etum,
2319 1347 2524 1400 scilicet
2554 1354 2632 1412 ut,
2663 1345 2898 1400 adhibita
2945 1361 3151 1416 magna
3183 1348 3720 1408 dis‘crctionis'eura,

2121 1434 2246 1502 quid
2275 1437 2468 1504 cuique
2498 1444 2780 1504 congruat,
2815 1435 3012 1504 quidve
3040 1440 3348 1500 conveniat,
3375 1435 3673 1489 adhibeant
3703 1451 3720 1487 :

2120 1541 2459 1596 summopere
2480 1528 2872 1595 perpendentes
2890 1539 2967 1593 ut,
2979 1527 3134 1596 juxta
3154 1527 3505 1595 quantitatem
3533 1525 3722 1580 vulne-

2121 1619 2570 1692 rum,exbibcant
2615 1619 2850 1673 fomenta
2897 1619 3267 1681 curationum;
3315 1627 3578 1687 quatenus
3610 1629 3720 1670 nec

2127 1710 2279 1763 alteri
2308 1710 2433 1763 dent
2458 1708 2598 1779 quod
2631 1719 2837 1774 noceat,
2872 1723 2974 1765 nec
2999 1709 3153 1764 alteri
3208 1709 3532 1763 subtrahant
3561 1705 3715 1776 quod

435 1800 623 1867 erigat.
656 1801 936 1853 (lentorem
970 1811 1171 1867 autem,
1200 1799 1339 1854 sicut
1371 1778 1620 1854 traditum
1641 1809 1725 1854 est
1752 1816 1781 1853 a
1809 1801 2011 1856 sanctis
2041 1778 2092 1839 Β
2114 1801 2284 1868 juvet.

433 1889 700 1952 l‘atribns,
733 1899 786 1943 et
835 1905 964 1943 voce
1013 1898 1068 1943 et
1116 1900 1230 1944 arte
1278 1890 1590 1958 praeclarum
1643 1891 2014 1960 illustremque

433 1993 556 2032 rese
583 1988 816 2044 ogortvt,
846 1979 914 2032 ita
949 1989 1004 2033 ut
1031 1979 1427 2033 oblectamento
1465 1979 1774 2034 dulcedinis
1800 1982 2011 2034 animos

440 2068 622 2124 incitet
653 2070 1004 2134 audientium,
1031 2079 1139 2125 etc.
1171 2070 1431 2125 Cantores
1455 2070 1634 2139 itaque
1663 2085 1768 2124 non
1794 2078 2011 2140 propter

451 2159 629 2213 ianum
653 2159 752 2214 sibi
781 2161 1034 2213 collatum
1066 2174 1126 2213 se
1169 2159 1383 2215 caeteris
1427 2159 1786 2228 superbieudo
1814 2159 2009 2228 praefe-

434 2265 484 2298 r'-
499 2257 572 2311 ut,
601 2246 692 2301 sed
716 2248 986 2302 humiliter
1002 2246 1179 2302 socios
1199 2245 1509 2302 exhibeant.
1533 2245 1598 2300 Et
1625 2247 2010 2315 providendum

434 2348 517 2392 t'st
545 2338 648 2391 illis
696 2338 908 2406 quando
961 2347 1277 2406 temperate,
1309 2336 1525 2405 quando
1554 2337 1821 2392 submisse
1872 2336 2011 2389 divi-

429 2443 558 2481 num
581 2439 767 2496 agatur
794 2428 1060 2492 cilicium;
1091 2428 1298 2481 scilicet
1321 2436 1378 2480 ut
1405 2426 1698 2480 secundum
1729 2440 2012 2480 numerum

431 2515 769 2582 clericorum,
801 2525 854 2569 et
883 2516 1044 2570 cilicii
1086 2517 1419 2586 qualitatem,
1473 2524 1528 2568 et
1584 2515 1839 2580 temporis
1887 2527 2012 2580 pro-

436 2610 723 2676 lixitatem,
755 2619 955 2662 tantum
990 2608 1328 2677 protendunt,
1366 2616 1420 2662 et
1465 2619 1622 2661 voces
1666 2605 2012 2660 moderentur

429 2710 775 2754 cancrorum.
807 2700 1009 2755 Senum
1038 2701 1200 2753 etiam
1232 2700 1495 2753 vocalium
1545 2695 1845 2751 litterarum
1878 2698 2013 2750 bene

429 2805 484 2847 et
507 2806 696 2848 ornate
728 2792 1018 2860 proferant.

501 2883 564 2937 lli
598 2898 724 2938 vero
753 2882 848 2952 qui
893 2882 1048 2951 bujus
1078 2880 1207 2936 artis
1237 2880 1412 2936 minus
1461 2891 1685 2947 capaces
1737 2885 1877 2942 sunt,
1914 2874 2013 2930 doc

429 2990 526 3028 nec
578 2975 890 3029 erudiantur
947 2975 1163 3039 melius,
1210 2974 1459 3028 convenit
1503 2983 1559 3026 ttt
1605 2971 1818 3036 sileant,
1851 2983 2008 3039 quam

427 3074 646 3119 cantare
674 3064 902 3119 Volendo
953 3065 1095 3134 quod
1128 3066 1394 3127 nesciunt,
1438 3063 1664 3141 aliorum
1695 3075 1854 3116 voces
1900 3060 2012 3114 dis-

430 3169 625 3209 sonare
651 3155 992 3223 compellant.
1026 3155 1221 3208 Psalmi
1255 3152 1485 3234 namque
1528 3154 1580 3205 in
1616 3151 1854 3206 ecclesia
1904 3165 2009 3204 non

430 3245 650 3306 cursim,
683 3245 846 3298 autin
879 3244 1104 3297 excelsis
1136 3253 1294 3311 atque
1325 3241 1666 3302 inordinatis,
1700 3255 1792 3293 seu
1821 3238 2012 3293 intem-

433 3334 632 3401 peratis
658 3332 906 3396 vocibus,
955 3332 1045 3385 sed
1079 3331 1236 3399 plane
1279 3341 1334 3386 et
1365 3329 1540 3383 lucide
1585 3343 1704 3382 cum
1753 3343 2010 3396 compun-

428 3425 607 3477 ctionc
628 3423 804 3476 cordis
836 3424 1150 3487 recitentur,
1195 3431 1251 3475 ut
1278 3431 1333 3475 et
1380 3418 1718 3474 recitandum
1768 3433 1922 3473 mens
1951 3418 2015 3472 ll-

429 3512 601 3566 lorum
625 3511 906 3564 dulcedine
935 3519 1204 3578 pascatur,
1236 3518 1291 3564 et
1321 3508 1656 3562 audientium
1700 3521 1858 3562 aures
1885 3506 2011 3561 illo-

427 3619 546 3658 tum
571 3603 999 3670 pronuntiatione
1027 3602 1454 3668 detnulceantur,
1480 3601 1732 3668 quoniam
1759 3601 2010 3669 quamvis

428 3696 709 3748 cantilenae
735 3709 898 3749 sonus
927 3695 978 3748 in
1010 3693 1128 3747 aliis
1158 3692 1352 3746 ciliciis
1402 3689 1614 3744 excelsa
1662 3689 1834 3744 soleat
1890 3689 2008 3743 ﬁeri

429 3799 583 3848 voce,
618 3787 668 3838 in
696 3787 986 3840 reeitandis
1035 3793 1214 3838 tamen
1266 3784 1486 3853 psalmis
1517 3782 1886 3850 hujuscemodi
1932 3781 2009 3836 vi-

433 3875 592 3931 tanda
616 3885 699 3929 est
721 3892 842 3929 vox.

502 3965 909 4018 Constituantur
962 3963 1166 4018 interea
1217 3959 1455 4016 seniores
1487 3960 1702 4036 fratres,
1759 3957 2011 4029 probabi-

430 4056 579 4111 lioris
610 4057 812 4110 scilicet
840 4057 980 4120 vitrc,
1004 4056 1088 4124 qui
1117 4063 1361 4121 tempore
1387 4062 1588 4108 statuto
1622 4053 1856 4107 vicissim
1877 4055 2010 4106 'cttm

426 4154 706 4202 tantorum
739 4146 919 4201 schola
951 4147 1079 4209 sint,
1114 4159 1180 4197 ne
1211 4144 1263 4198 hi
1301 4143 1392 4211 qui
1424 4143 1634 4206 discere
1666 4142 1883 4208 debent,
1919 4149 2012 4195 aut

427 4239 540 4290 otio
569 4245 774 4302 vacent,
798 4245 890 4290 aut
921 4235 1164 4289 inanibus
1194 4245 1249 4289 et
1289 4236 1639 4304 supervacuis
1679 4235 1872 4290 fabulis
1923 4235 2011 4288 in-

428 4337 592 4381 stent.
625 4328 680 4381 Si
711 4343 835 4381 vero
859 4334 1108 4380 cantores
1142 4327 1354 4392 superbi
1384 4305 1709 4391 exstiterint,
1757 4335 1812 4379 et
1838 4335 2008 4381 artem

2189 1890 2412 1945 Omissis
2444 1888 2608 1959 igitur
2639 1890 2720 1944 his
2752 1890 2978 1958 quorum
3032 1890 3175 1944 tetuli
3217 1889 3548 1959 delinquenti
3582 1902 3714 1956 par-

2115 1981 2278 2034 citum
2311 1994 2415 2034 non
2447 1989 2548 2044 est,
2583 1979 2676 2032 sed
2711 1979 2892 2046 potius
2918 1994 3103 2032 eorum
3157 1981 3320 2032 latera
3373 1994 3439 2032 ne
3487 1977 3719 2033 indure-

2117 2073 2268 2124 scant
2300 2070 2460 2138 virgis
2482 2057 2696 2124 assidue
2730 2067 2996 2122 tundenda
3031 2079 3174 2129 sunt,
3196 2069 3428 2136 qualiter
3453 2081 3576 2133 erga
3598 2081 3714 2120 cc-

2119 2169 2272 2225 teros,
2295 2160 2671 2229 delinquentes
2722 2158 2874 2228 juxta
2927 2157 3297 2212 auctoritatem
3341 2157 3600 2218 divinam.
3654 2165 3713 2212 et

2119 2260 2432 2307 sanctorum
2467 2252 2685 2305 Patrum
2715 2250 3041 2318 exemplum,
3066 2249 3489 2317 traditionesque
3511 2248 3561 2302 id
3584 2247 3710 2304 ﬁeri

2118 2351 2392 2411 oporteat,
2421 2341 2648 2396 strictim
2675 2340 3013 2408 breviterque
3041 2338 3376 2394 ostendatur.

2188 2430 2243 2484 Si
2277 2433 2397 2498 quis
2429 2431 2617 2494 frater,
2651 2431 2705 2483 in
2730 2429 3144 2497 congregatione
3167 2427 3422 2481 canonica
3444 2425 3714 2481 constitu-

2119 2528 2226 2583 tus,
2253 2519 2411 2572 horas
2440 2519 2729 2572 canonicas
2777 2517 3124 2585 frequentare
3165 2515 3485 2586 neglexerit,
3523 2515 3710 2571 eccle-

2117 2594 2357 2677 siamque
2384 2623 2486 2661 non
2513 2607 2803 2676 religiose,
2831 2605 2924 2661 sed
2958 2606 3279 2674 pompatiee,
3309 2606 3395 2659 vel
3429 2606 3714 2674 incompo-

2115 2699 2242 2772 site,
2296 2685 2594 2760 intraverit,
2644 2707 2700 2752 et
2730 2711 2863 2766 Opus
2915 2696 3008 2752 Dei
3037 2697 3372 2766 negligenter
3414 2709 3712 2752 exsecutus

2117 2789 2303 2855 fuerit,
2335 2791 2398 2843 ad
2425 2791 2773 2846 collationem
2806 2788 2990 2844 venire
3013 2789 3303 2855 distulerit,
3335 2790 3709 2845 obedientiam

2114 2897 2145 2935 a
2178 2883 2446 2950 magistris
2489 2882 2591 2937 sibi
2624 2883 2918 2953 injunctam
2957 2896 3115 2951 agere
3137 2885 3482 2947 recusaverit,
3533 2884 3589 2938 iu
3630 2884 3714 2939 lc-

2116 2976 2290 3045 gendo
2321 2987 2372 3031 et
2397 2979 2684 3041 cantando,
2716 2976 2797 3029 vel
2827 2978 2878 3029 in
2903 2977 3112 3030 creteris
3134 2976 3520 3031 ecclesiasticis
3546 2975 3712 3032 disci-

2117 3051 2300 3134 plinis,
2328 3063 2480 3137 juxta
2511 3065 2656 3121 vires
2681 3065 2917 3120 studium
2948 3081 3055 3120 non
3087 3066 3412 3130 exhibuerit,
3455 3065 3526 3121 sd
3557 3081 3714 3136 men-

2118 3169 2231 3208 sam
2263 3168 2366 3208 non
2419 3155 2762 3218 necessitate,
2794 3157 2888 3208 sed
2919 3155 3054 3207 vitio
3091 3155 3242 3208 tarde
3297 3153 3626 3218 occurrerit,
3679 3169 3713 3208 ο

2116 3243 2362 3309 claustris
2407 3241 2525 3296 sine
2583 3221 2799 3296 licentia
2848 3241 3070 3305 exierit,
3103 3257 3195 3310 per
3252 3242 3527 3296 licentiam
3573 3255 3715 3297 vero

2116 3345 2364 3400 egressus
2395 3342 2549 3384 extra
2572 3318 2922 3385 constitutum
2952 3332 3052 3384 sibi
3076 3331 3323 3398 placitum
3354 3346 3539 3385 moras
3564 3331 3714 3386 fece-

2117 3421 2208 3486 rit,
2242 3419 2303 3474 in
2326 3421 2513 3489 plateis
2543 3420 2644 3487 ire,
2671 3432 2763 3473 aut
2792 3421 2845 3474 in
2875 3419 3030 3475 biviis
3054 3421 3294 3476 residere
3315 3423 3628 3488 tentaverit,
3655 3421 3712 3475 in

2115 3512 2432 3567 dormitorio
2458 3511 2663 3582 aliquid
2691 3513 3075 3578 indecens,aut
3099 3513 3467 3581 inhonestum,
3503 3513 3709 3580 verbis,

2113 3613 2206 3657 aut
2229 3604 2459 3672 actibus,
2491 3604 2901 3673 perpetraverit,
2931 3604 3126 3660 alicubi
3148 3605 3246 3660 nisi
3278 3606 3330 3658 in
3387 3606 3715 3662 dormitorio

2112 3707 2233 3747 cum
2259 3693 2470 3747 caeteris
2523 3692 2727 3763 absque
2751 3708 2912 3749 causa
2943 3694 3234 3750 inevitabili
3280 3693 3522 3749 dormire
3571 3706 3717 3760 pr.-

2111 3795 2428 3852 sumpsertt,
2451 3769 2711 3851 iratribus
2740 3784 3020 3839 charitatis
3044 3784 3225 3839 ofﬁcio
3252 3784 3572 3841 obedienter
3591 3799 3716 3840 ses-

2116 3876 2229 3930 vire
2258 3875 2578 3944 neglexerit,
2603 3875 2928 3931 discordiam
2964 3891 3128 3945 quam
3178 3877 3448 3947 scriptura
3478 3877 3581 3932 Dei
3614 3878 3718 3933 de-

2116 3972 2361 4031 testatur,
2391 3965 2529 4019 inter
2559 3963 2754 4019 Intres
2803 3966 3173 4034 seminaverit,
3225 3975 3280 4021 et
3334 3967 3458 4021 huic
3492 3968 3715 4022 institu-

2116 4056 2244 4110 tioni
2277 4064 2583 4120 contumax,
2616 4065 2706 4108 aut
2729 4057 3016 4122 superbus,
3050 4067 3139 4110 aut
3169 4072 3517 4112 murmurans
3540 4059 3717 4114 exsti-

2114 4149 2262 4212 terit,
2307 4157 2362 4202 et
2390 4160 2584 4202 caetera
2645 4143 3018 4215 hujuscemodi
3073 4161 3235 4216 agere
3264 4151 3579 4216 tentaverit,
3625 4150 3716 4204 hic

2112 4240 2288 4311 primo
2312 4240 2603 4294 secundum
2656 4240 2866 4294 Domini
2918 4249 3242 4308 praceptum
3295 4254 3402 4292 non
3432 4239 3614 4294 solum
3661 4249 3717 4295 et

2111 4329 2372 4391 secundo,
2404 4337 2461 4382 et
2491 4329 2676 4394 tertio,
2710 4328 2950 4397 quinimo
2968 4328 3214 4382 crebrius
3239 4327 3632 4397 admoneatur;
3660 4339 3716 4385 et

428 4429 586 4485 quam
619 4416 868 4469 divinitus
895 4414 1060 4484 adjuti
1109 4415 1396 4497 didicerint
1441 4415 1559 4467 aliis
1613 4415 1880 4468 insinuare
1929 4429 2012 4466 τε·
2038 4453 2093 4513 D
2117 4421 2163 4474 si
2197 4420 2279 4473 his
2303 4421 2760 4474 admonitionibus
2787 4433 2892 4471 non
2925 4419 3174 4483 cesserit,
3204 4418 3419 4486 publica
3453 4419 3717 4490 objurgao

431 4508 668 4572 nucriut,
697 4508 928 4576 graviter
957 4523 1015 4557 ac
1046 4495 1231 4558 severe
1257 4505 1583 4571 judicentur,
1614 4513 1690 4571 ut,
1743 4505 2008 4560 emendati

431 4604 589 4666 atque
620 4595 864 4661 correcti,
895 4595 1150 4648 talentum
1187 4595 1288 4646 sibi
1318 4609 1344 4645 a
1381 4592 1489 4648 Deo
1515 4594 1730 4663 quidem
1760 4594 2009 4649 collatum

431 4687 547 4742 aliis
578 4701 797 4755 erogare
833 4693 1145 4753 procurent.

430 4822 608 4875 Cum"
651 4819 735 4872 ω.
768 4848 836 4860 -
869 4817 1055 4882 Quales
1084 4819 1153 4869 ad
1195 4817 1462 4886 legendum
1499 4828 1545 4870 et
1587 4817 1905 4871 cantandum
1954 4817 2010 4869 in

852 4889 1058 4941 ecclesia
1092 4889 1425 4939 constituendi
1455 4887 1579 4939 sint.

509 4978 705 5030 "Tales
733 4979 796 5028 ad
827 4976 1132 5043 legendum,
1159 4976 1578 5040 etcantandum,
1601 4983 1654 5030 et
1679 4974 2010 5042 psallendum

435 5072 483 5120 in
518 5067 739 5118 ecclesia
768 5067 1176 5126 constituantur,
1209 5066 1298 5132 qui
1338 5082 1443 5119 non
1474 5066 1730 5136 superbe,
1778 5065 1870 5118 sed
1913 5051 2008 5116 hu-

431 5161 647 5216 nuntur,
681 5155 888 5206 debitas
920 5153 1145 5207 Domino
1196 5155 1377 5209 laudes
1430 5155 1767 5222 persolvant,
1806 5163 1861 5207 et
1889 5169 2011 5208 sua-

435 5250 598 5299 \‘ilﬁte
650 5245 893 5297 lectionis
926 5258 988 5294 ae
1035 5243 1280 5297 melodize
1325 5245 1514 5298 doctos
1565 5244 1925 5308 demulceant,
1955 5252 2010 5299 et

430 5338 603 5389 minus
629 5335 810 5386 doctos
845 5332 1128 5397 erudiant;
1180 5335 1403 5403 plusque
1449 5337 1620 5389 velint
1667 5337 1721 5388 in
1777 5335 2008 5390 lectione

432 5429 514 5478 vel
544 5432 700 5476 cantu
734 5423 908 5489 populi
941 5423 1354 5478 aediﬁcationem
1379 5441 1535 5493 quam
1565 5422 1877 5494 popularem
1911 5441 2007 5479 va-

433 5515 702 5565 nissimam
736 5514 1108 5570 adulationem.
1142 5518 1244 5583 Qui
1276 5533 1404 5574 vero
1434 5519 1545 5572 hate
1572 5518 1729 5573 docte
1756 5533 2010 5589 peragere

437 5647 442 5651 '
504 5640 715 5711 acmic,
753 5643 992 5711 Aquing
1027 5662 1073 5697 (ἓ.
1114 5646 1227 5699 137.

503 5709 526 5742 δ
561 5710 710 5775 lbid.,
754 5709 945 5765 p.133:

2123 4513 2266 4566 tione
2301 4512 2638 4577 corripiatur.
2666 4509 2818 4575 Quod
2844 4519 2898 4563 et
2927 4509 2976 4563 si
3005 4507 3089 4562 bis
3119 4510 3330 4564 renisus
3383 4506 3572 4575 tueri”
3607 4524 3715 4566 ca-

2121 4603 2248 4656 teris
2279 4602 2378 4656 sibi
2401 4600 2667 4655 alimentis
2693 4597 3012 4665 interdictis,
3044 4614 3184 4670 pane
3212 4608 3420 4655 tantum
3448 4603 3715 4672 usquead

2110 4693 2330 4762 dignam
2361 4692 2785 4746 satisfactionem
2813 4701 2992 4745 utatur
3022 4700 3077 4745 et
3119 4705 3276 4760 aqua.
3323 4691 3382 4758 Si
3431 4706 3565 4747 vero
3613 4708 3715 4748 nec

2117 4784 2196 4838 sic
2218 4783 2532 4847 correxerit,
2563 4791 2845 4853 separetur
2872 4799 2902 4836 a
2931 4797 3136 4846 mensa,
3161 4792 3219 4837 et
3241 4798 3272 4838 a
3303 4783 3568 4839 societate
3599 4783 3712 4839 fra-

2117 4887 2277 4942 trum,
2303 4884 2355 4928 et
2385 4889 2415 4928 a
2439 4873 2607 4928 cboro
2637 4873 2975 4942 psallentium
3003 4880 3362 4938 removeatur,
3389 4879 3446 4927 et
3469 4875 3710 4928 secl-sin

2119 4968 2170 5020 in
2201 4968 2318 5020 loco
2343 4965 2712 5035 hujuscemodi
2742 4963 3137 5033 negligentibus
3160 4979 3188 5018 a
3218 4965 3457 5032 pralatis
3492 4965 3715 5020 consti—

2117 5068 2229 5112 tuto
2252 5067 2396 5112 stare
2424 5066 2662 5125 cogatur,
2717 5065 2774 5108 ut
2806 5055 2994 5108 saltem
3028 5055 3226 5108 rubore
3257 5054 3713 5122 sequestrationis
3747 5081 3752 5088 -

2116 5146 2445 5202 emendetur.

2190 5235 2388 5290 Deinde
2417 5237 2460 5288 si
2521 5234 2601 5288 his
2649 5233 2824 5287 modis
2877 5231 3256 5302 incorrigibilis
3307 5230 3608 5296 exstiterit,
3660 5248 3714 5289 et

2115 5341 2244 5382 :etas
2273 5326 2597 5401 permiserit,
2621 5334 2678 5380 ut
2703 5325 2780 5378 ait
2819 5324 3074 5379 Salomon
3110 5341 3125 5375 :
3158 5322 3362 5379 Stultus
3404 5325 3577 5378 verbis
3611 5342 3712 5380 non

2115 5419 2386 5486 corrigitur
2408 5417 2592 5485 (Prov.
2628 5431 2775 5483 svnt,
2799 5414 2881 5482 2),
2912 5429 3145 5483 congrua
3176 5414 3224 5468 ei
3251 5413 3539 5470 verberum
3560 5415 3716 5468 adhi-

2117 5510 2310 5563 beatur
2337 5509 2636 5576 castigatio,
2667 5505 2957 5561 setundum
3015 5505 3158 5560 beati
3189 5503 3436 5574 Gregorii
3490 5518 3718 5560 senten-

2191 5669 2209 5692 τ
2243 5657 2396 5720 lbid.,
2431 5673 2478 5711 c.
2513 5657 2633 5711 ιδι.
