3914 6236
199 325 324 382 1081

1396 322 1666 377 ιιεοειΑ
1708 301 2209 380 ciuumcunt'n.

3307 325 3440 380 ΙΟδῖ

199 446 320 497 tiam
353 459 363 492 :
404 460 421 491 ι
457 440 555 507 Qui
605 440 843 508 jubenlis
883 439 1041 492 verba
1091 451 1195 491 non
1228 437 1396 502 audii.
1448 436 1759 491 verberibus
1788 439 1841 495 Δ
1865 438 2285 492 ecclesiasticum
2312 439 2570 502 cucullas,
2618 437 2810 508 quibus
2835 437 2965 494 solis
2985 441 3257 493 monacIus
3283 451 3439 492 uten-

195 531 580 596 admooeatur;
631 540 686 583 ut
734 529 798 584 ad
845 532 980 582 bona
1012 529 1270 582 desideria
1313 543 1487 594 pinum
1523 527 1761 592 trahant,

193 637 352 694 quem
380 623 594 690 prmmia
627 637 731 674 non
760 622 1004 674 invitant.
1029 641 1045 670 ι
1071 621 1332 674 Caeterum
1360 623 1401 674 si
1435 621 1552 674 talis
1585 619 1761 682 fuerit,

193 727 351 780 quem
379 722 470 766 aut
497 721 650 774 atas,
678 721 768 763 aut
795 712 1019 779 qualitas
1050 726 1290 778 persome
1346 710 1616 764 verberari
1657 725 1761 763 non

191 806 398 867 siverit,
427 802 634 870 publica
663 803 1057 873 objurgatione,
1083 803 1475 873 etjejuniorum
1507 804 1762 858 continua

191 893 498 955 afﬂictione,
525 901 579 946 et
598 893 1041 963 sequestrationis
1071 896 1285 958 rubore,
1312 893 1616 961 hujusmodi
1645 907 1765 946 eor-

191 983 436 1052 ripiatur,
464 997 634 1049 usque
654 985 782 1036 dum
815 984 971 1050 digna
1027 985 1355 1051 pmnitentiaz
1397 983 1764 1038 satisfactione

188 1070 402 1152 veniam
421 1081 795 1138 consequatur.
830 1071 886 1125 Si
919 1085 1045 1124 vero
1071 1081 1314 1139 uterque,
1360 1081 1413 1125 et
1441 1069 1532 1137 qui
1582 1072 1775 1142 flagel-'

191 1159 346 1223 Iatur,
377 1170 431 1213 et
457 1176 614 1229 quem
656 1160 913 1229 flagellari
963 1171 1095 1216 aetas
1124 1172 1218 1215 aut
1258 1163 1488 1232 qualitas
1520 1175 1762 1230 personae

189 1251 459 1317 prohibet,
489 1253 664 1306 adhuc
697 1252 1088 1321 incorrigibiles
1118 1255 1444 1318 exstiterint,
1487 1255 1556 1309 sit
1611 1255 1760 1309 locus

188 1343 325 1396 intra
352 1342 584 1396 claustra
613 1342 1013 1407 canonicorum,
1045 1344 1184 1398 sicut
1211 1344 1391 1400 multis
1413 1347 1466 1400 in
1507 1345 1637 1400 locis
1666 1359 1762 1398 oo-

185 1431 352 1486 scitur
378 1446 518 1498 esse,
548 1447 653 1502 quo
704 1432 770 1486 ad
822 1442 1028 1502 tempus
1069 1433 1437 1498 retrudantur;
1468 1445 1524 1488 et
1567 1448 1761 1488 secun-

183 1522 307 1576 dum
338 1523 556 1577 modum
577 1523 747 1592 culpae
771 1525 1097 1594 castigentur
1117 1568 1132 1595 ,
1186 1526 1474 1582 secundum
1523 1524 1764 1592 Aposto-

185 1612 288 1666 Iutn
323 1631 336 1666 :
373 1613 578 1667 Traditi
608 1614 822 1670 Solane
846 1617 899 1669 in
927 1616 1185 1669 interitum
1227 1615 1421 1680 carnis,
1454 1625 1508 1668 ut
1550 1615 1759 1685 spiritus

183 1703 350 1756 salvus
395 1706 460 1757 sit
489 1705 543 1757 in
572 1705 654 1758 dio
698 1705 902 1759 Domini
943 1706 992 1774 (ι
1051 1705 1170 1760 Cor.
1213 1721 1266 1774 v,
1324 1707 1401 1776 5).
1436 1715 1462 1744 ι
1510 1706 1662 1774 Quod
1714 1707 1759 1761 si

1865 527 1993 580 dum
2013 535 2116 591 est,
2147 527 2384 590 induant,
2415 544 2534 581 cum
2561 527 2744 594 utique
2772 526 2983 580 illorum
3027 527 3264 581 habitum
3293 529 3435 595 peni-

1866 624 1949 670 tus
1974 631 2231 683 usurpare
2259 631 2362 669 non
2404 618 2620 682 debent,
2645 631 2675 670 a
2711 630 2942 684 quorum
2987 617 3262 682 preposito
3308 631 3440 684 quo-

1864 705 2152 760 dammodo
2171 706 2388 771 distant,
2420 709 2542 776 quia
2566 708 2705 761 sicut
2747 708 3002 762 indecens
3047 717 3128 761 est
3184 716 3241 759 ut
3292 723 3440 761 arma

1865 797 2116 850 militaria
2150 812 2296 850 more
2320 796 2570 850 laicorum
2600 807 2832 864 gestent,
2865 800 2931 850 ita
2972 796 3224 850 nimirum
3287 797 3443 853 inbo-

1865 895 2072 939 nestum
2101 895 2156 941 et
2178 871 2330 942 valde
2368 888 2736 942 indecorosum
2763 898 2844 942 est
2890 897 2949 941 ut
2973 888 3193 942 alterius
3244 903 3442 956 propu-

1864 978 1948 1030 siti
1983 978 2292 1033 indumenta
2320 980 2420 1032 sibi
2472 979 2767 1046 imponant.
2810 979 3031 1033 Habitus
3060 995 3292 1048 namque
3323 984 3439 1032 sin-

1864 1068 2105 1138 gulorunn
2159 1070 2403 1124 ordinum
2463 1070 2661 1124 idcirco
2715 1070 2766 1122 in
2809 1069 3046 1122 Ecclesia
3101 1071 3168 1123 ab
3201 1066 3429 1125 invicem

1863 1160 2079 1215 discreti
2109 1172 2252 1228 sunt,
2279 1171 2338 1215 ut
2363 1164 2444 1214 his
2472 1161 2603 1215 visis
2627 1159 2778 1228 cujus
2813 1161 3066 1227 propositi
3096 1161 3163 1214 sit
3189 1170 3425 1229 gestans,

1865 1251 1944 1304 vel
1969 1251 2021 1304 in
2052 1265 2151 1320 qua
2185 1251 2515 1320 professione
2541 1251 2764 1303 Domino
2785 1249 2994 1315 militet,
3018 1249 3215 1319 liquide
3236 1254 3458 1318 ωηο-⁸

1861 1348 2070 1403 scatur;
2105 1355 2224 1394 nam
2256 1349 2311 1393 et
2335 1340 2540 1393 Domini
2565 1339 2682 1406 lege
2702 1339 2785 1392 vir
2815 1338 3152 1404 muliebrem,
3205 1347 3258 1392 et
3307 1352 3431 1392 mu-

1862 1427 1960 1482 lier
1988 1428 2217 1493 virilem,
2249 1428 2563 1497 prohibetur
2592 1426 2815 1481 induere
2864 1436 3088 1490 vestem,
3141 1428 3344 1482 scilicet
3373 1435 3432 1480 ut

1859 1528 2084 1588 uterque
2112 1535 2272 1574 sexus
2299 1521 2404 1575 sibi
2433 1520 2786 1573 conveniente
2829 1527 2977 1573 veste
3027 1520 3241 1573 indutus
3284 1520 3430 1574 ince-

1859 1608 1978 1672 dat;
2005 1610 2140 1663 sicut
2166 1609 2309 1663 enim
2341 1621 2493 1678 turpe
2522 1621 2607 1665 est
2637 1614 2808 1665 virum
2861 1622 3060 1668 vestem
3091 1613 3425 1680 muliebrem,

1860 1705 1914 1752 et
1938 1699 2214 1754 mulierem
2268 1709 2468 1754 vestem
2499 1703 2706 1755 virilem
2757 1703 3000 1767 induere,
3054 1705 3122 1756 ita
3156 1703 3311 1758 valde
3351 1704 3434 1759 in-

184 1794 344 1846 etiam
396 1803 477 1848 tot
521 1793 888 1850 saluberrimis
927 1769 1379 1853 admonitionibus
1422 1808 1478 1854 et
1525 1769 1756 1867 castiga-
1791 1769 1838 1828 Β
1864 1786 2115 1842 decorum
2145 1795 2229 1842 εει
2248 1790 2562 1844 canonicum
2582 1798 2781 1846 νεεῑεῐη
2806 1794 3150 1847 monasticam
3176 1792 3398 1848 induere
3418 1834 3433 1860 ι

185 1882 420 1936 tionibus
469 1883 696 1938 necdum
750 1887 1046 1954 paruerint,
1083 1888 1174 1940 tiat
1226 1903 1326 1956 pro
1372 1888 1452 1944 eis
1501 1889 1569 1943 ab
1611 1890 1758 1944 omni

183 1975 591 2044 congregatione
616 1976 918 2031 communis
947 1979 1140 2044 oratio,
1173 1987 1229 2032 ut
1257 1987 1528 2048 postremo
1554 1995 1756 2035 sanen-

182 2074 313 2120 tura
341 2066 592 2121 Domino.
622 2066 676 2122 Si
711 2083 932 2135 prorsus
977 2069 1400 2125 inemendabiles
1428 2079 1484 2126 et
1530 2072 1755 2127 incorri-

179 2155 366 2225 gibiles
405 2160 773 2225 apparuerint,
833 2174 901 2214 ne
933 2174 1028 2227 per
1052 2160 1234 2228 plures
1260 2175 1447 2215 eorum
1493 2160 1608 2216 dira
1642 2177 1758 2218 ser-

180 2231 308 2314 pant
336 2234 604 2316 contagia,
627 2262 848 2304 necesse
868 2259 950 2304 est
990 2257 1049 2303 ut
1073 2264 1102 2304 a
1134 2260 1450 2306 caeterorum
1475 2252 1752 2315 societate.

182 2343 390 2404 utpote
413 2350 543 2389 oves
591 2338 870 2403 morbida,
930 2340 1182 2408 separati,
1240 2350 1365 2394 ante
1417 2341 1752 2408 praesentiam

181 2426 510 2480 deducantur
538 2411 795 2498 episcopi.
827 2426 886 2483 Si
911 2443 1043 2483 vero
1067 2431 1188 2498 quis
1213 2429 1266 2483 in
1288 2429 1511 2500 collegio
1537 2433 1754 2485 canoni-

181 2535 360 2575 eorum
391 2521 724 2577 criminalem
752 2521 961 2592 culpam
989 2523 1289 2588 admiserit,
1342 2524 1464 2578 huic
1495 2523 1643 2579 nulla
1673 2535 1756 2581 est

179 2607 350 2663 danda
376 2609 585 2676 dilatio,
614 2610 739 2679 quin
771 2619 868 2665 aut
913 2621 1104 2681 sponte
1134 2613 1502 2682 pmnitentiam
1535 2623 1631 2682 pro
1656 2613 1757 2668 ad-

182 2684 342 2754 misso
366 2701 591 2756 crimine
621 2709 792 2772 gerat,
825 2712 918 2756 aut
968 2704 1013 2756 si
1071 2705 1122 2756 id
1175 2718 1334 2773 agere
1386 2704 1752 2768 resultaverit.

181 2803 360 2845 coram
387 2792 642 2862 episcopo
662 2792 980 2860 deducatur,
1014 2803 1071 2848 ut
1123 2793 1190 2849 ab
1215 2810 1280 2850 eo
1310 2795 1522 2864 publica
1552 2797 1752 2850 multe-

183 2888 266 2936 tur
291 2866 642 2949 paenitentia.
703 2883 1008 2939 Meminisse
1055 2885 1198 2939 enim
1227 2892 1437 2953 oportet
1490 2893 1750 2950 rectores,

182 2973 318 3038 quod
347 2973 598 3027 columba
628 2976 681 3026 in
711 2972 904 3027 divinis
932 2974 1225 3044 Scripturis
1250 2974 1488 3031 Ecclesia
1517 2975 1752 3044 appella-

185 3071 236 3115 ta
263 3073 368 3131 est,
401 3080 523 3133 quae
555 3079 660 3119 non
695 3065 956 3134 unguibus
985 3066 1206 3130 lacerat,
1233 3067 1326 3122 sed
1376 3067 1476 3121 alis
1515 3067 1600 3136 pie
1630 3082 1754 3137 per-

182 3155 329 3210 sntit.
357 3155 511 3212 Unde
537 3157 699 3211 etiam
726 3157 832 3212 illis
860 3172 1199 3227 summopere
1222 3158 1617 3214 observandum
1648 3168 1753 3224 est,

186 3253 261 3309 ut,
291 3247 431 3300 sicut
456 3246 791 3314 praemissum
816 3256 916 3314 est,
946 3248 1095 3316 juxta
1127 3250 1342 3305 modum
1374 3250 1672 3318 culparum,
1704 3261 1758 3306 et

183 3349 550 3402 personarum,
582 3349 635 3392 et
665 3348 906 3403 aetatum,
941 3342 1165 3394 omnino
1217 3342 1332 3409 ipsa
1361 3333 1640 3411 correptio.
1684 3346 1758 3397 sit

183 3432 494 3492 temperata,
528 3435 584 3479 ut
613 3440 711 3479 nec
736 3424 919 3481 vitium
943 3427 1162 3482 desidia:
1194 3428 1473 3497 inolescat,
1507 3446 1608 3486 nec
1630 3445 1753 3485 cor-

183 3512 346 3578 reptio
393 3512 816 3568 mansuetudinis
869 3517 1086 3570 modum
1139 3518 1385 3586 excedat,
1432 3534 1508 3590 ne
1556 3520 1634 3589 (ut
1680 3521 1754 3574 ait

181 3599 361 3656 beatus
420 3602 711 3674 Maximus)
758 3613 850 3658 aut
895 3605 1122 3660 solutior
1177 3606 1368 3680 lenitas
1392 3610 1752 3672 cohibentiutn

181 3686 444 3745 licentiam
471 3692 704 3760 praebeat
729 3695 992 3762 peccanti,
1024 3705 1116 3749 aut
1157 3697 1510 3755 immoderata
1555 3702 1756 3758 severi-

182 3792 259 3838 tas
282 3798 310 3837 a
336 3784 497 3854 lapsis
527 3800 632 3840 non
663 3796 880 3860 revocet
905 3787 1326 3859 delinquentem.

246 3876 354 3932 Sed
379 3887 434 3931 et
460 3878 562 3932 hoc
591 3877 698 3932 illis
730 3866 1076 3934 nihilominus
1104 3881 1398 3937 cavendum
1430 3891 1534 3946 est,
1563 3898 1632 3938 ne
1670 3897 1759 3939 er-

180 3973 288 4019 rata
315 3965 743 4037 delinquentium
770 3970 996 4038 alicujus
1050 3971 1126 4026 rei
1180 3970 1349 4028 livore
1390 3971 1600 4039 feriant,
1657 3974 1754 4030 sed

183 4058 353 4135 potius
384 4058 464 4126 (ut
486 4060 560 4112 ait
586 4059 775 4114 beatus
806 4061 1156 4133 Augustinus)
1185 4062 1292 4116 sint
1318 4065 1601 4117 criminum
1635 4080 1755 4133 per-

180 4159 458 4205 secutores
485 4160 539 4205 et
567 4152 838 4206 hominum
874 4154 1210 4208 liberatores.
1239 4154 1461 4210 Oderint
1494 4156 1642 4223 vitia,
1670 4157 1752 4210 di-

183 4240 343 4313 ligant
374 4243 642 4298 bomiues.
679 4243 906 4299 Oderint
950 4245 1090 4313 quod
1139 4246 1396 4300 instinctu
1424 4246 1620 4301 diaboli
1649 4247 1751 4308 ,in-

181 4332 382 4404 gestum
406 4348 508 4403 est,
532 4336 758 4406 diligant
786 4337 927 4405 quod
961 4338 1052 4391 Dei
1083 4338 1321 4393 bonitate
1361 4347 1600 4393 creatum
1647 4348 1750 4395 est.

1859 1880 1964 1934 nisi
1997 1891 2171 1934 tamen
2190 1895 2309 1936 cum
2335 1889 2483 1938 veste
2513 1882 2671 1936 etiam
2701 1884 3028 1952 propositum
3084 1883 3314 1939 voluerit
3343 1899 3431 1939 as-

1858 1985 2095 2026 sumere.
2119 1970 2183 2026 Et
2209 1973 2329 2042 quia
2358 1973 2723 2041 hujuscemodi
2774 1989 2905 2029 usus
2951 1975 3094 2029 nulla
3148 1974 3431 2030 autoritato

1857 2060 2202 2134 approbatur,
2253 2064 2347 2118 sed
2401 2065 2575 2132 potius
2603 2066 2671 2121 ab
2711 2065 2792 2120 bis
2842 2065 2931 2134 qui
2983 2081 3169 2120 sanum
3217 2065 3434 2136 sapiunt

1857 2153 2052 2209 merito
2083 2155 2498 2225 reprehenditur
2540 2167 2594 2213 et
2642 2160 2978 2228 repudiatur,
3013 2168 3221 2230 oportet
3250 2170 3308 2216 ut
3357 2161 3430 2216 ab

1857 2242 2000 2307 hinc,
2033 2259 2100 2299 ne
2123 2243 2233 2311 fiat,
2261 2247 2471 2315 penitus
2510 2249 2792 2303 inhibitum
2824 2252 2911 2305 sit.

1925 2354 2106 2413 Carur
2134 2357 2267 2416 LIV.
2296 2391 2367 2404 —
2397 2363 2464 2418 Ut
2493 2364 2547 2418 in
2592 2366 2732 2418 cultu
2752 2367 2959 2419 vestium
2990 2367 3350 2422 discretionem
3400 2415 3409 2424 .

2289 2457 2296 2464 '
2537 2443 2758 2487 teneant.

1940 2523 1964 2554 ⁸
1995 2519 2250 2586 Quereris
2279 2522 2453 2590 potius
2485 2522 2650 2577 Deum
2681 2525 2827 2580 cultu
2855 2529 3057 2592 cordis,
3082 2544 3236 2596 quam
3254 2544 3439 2597 corpo-

1855 2613 1970 2680 ris,
2001 2611 2343 2668 evidentibus
2401 2611 2695 2685 Scriptum
2751 2625 2952 2672 sanctae
3003 2628 3149 2687 patet
3203 2619 3434 2674 indiciis.

1855 2702 2092 2760 Proinde
2116 2712 2340 2758 caveant
2365 2705 2636 2772 canonici,
2661 2721 2727 2760 ne
2758 2723 2852 2774 per
2895 2709 3304 2764 immoderatum
3329 2710 3437 2765 cul-

1857 2801 1968 2853 tum
1999 2792 2227 2846 vestium
2256 2792 2616 2848 dehonestent
2643 2795 2915 2863 religionis
2939 2798 3269 2867 dignitatem.
3307 2799 3432 2853 llie-

1853 2895 2109 2951 ronymus
2135 2880 2304 2934 dicit:
2340 2899 2358 2934 ι
2399 2881 2427 2918 ἀ
2461 2882 2591 2936 Sunt
2623 2884 2836 2953 quidam
2891 2887 3084 2954 quibus
3103 2888 3277 2942 omnis
3305 2901 3431 2942 cura

1852 2968 1920 3024 de
1940 2970 2180 3024 vestibus
2209 2979 2314 3035 est,
2346 2970 2392 3024 si
2427 2971 2562 3025 bene
2588 2973 2785 3036 oleant,
2817 2975 2862 3028 si
2889 2989 2980 3042 pes
3005 2975 3120 3029 laxa
3159 2976 3296 3045 pelle
3326 2990 3431 3030 non

1857 3059 2006 3114 fluat.
2035 3058 2222 3122 Crines
2251 3060 2544 3116 calamistri
2577 3063 2802 3134 vestigio
2851 3075 3129 3133 rotantur;
3177 3068 3327 3138 digiti
3365 3068 3436 3127 de

1860 3153 2072 3208 annulis
2095 3152 2336 3219 radiant;
2359 3163 2411 3208 et
2444 3169 2511 3210 ne
2541 3155 2749 3222 plantas
2775 3155 3046 3212 humidior
3069 3157 3152 3212 via
3192 3172 3431 3230 spargas,

1859 3243 1947 3297 vix
1973 3243 2284 3310 imprimunt
2331 3257 2535 3298 summa
2575 3246 2824 3310 vestigia.
2877 3247 3034 3303 Tales
3063 3263 3182 3302 cum
3217 3252 3436 3318 videris,

1857 3345 2086 3402 sponsos
2117 3335 2299 3403 magis
2315 3332 2591 3396 ,restimato
2619 3349 2779 3404 quam
2809 3337 3053 3393 clericos.
3095 3357 3113 3390 ι
3151 3339 3277 3410 lude
3305 3340 3439 3395 dicit

1857 3422 2146 3492 Grego_r’ms
2180 3441 2193 3476 :
2231 3441 2250 3474 ι
2285 3433 2308 3460 ο
2339 3425 2506 3479 Nemo
2535 3427 2765 3482 aestimet
2794 3428 2851 3480 in
2872 3428 3016 3483 ﬂuxu
3065 3437 3226 3499 atque
3256 3432 3432 3487 studio

1856 3514 2084 3568 vestium
2135 3523 2409 3582 peccatum
2462 3515 2677 3580 deesse,
2714 3518 2853 3598 'quia
2901 3520 2946 3573 si
2997 3521 3095 3574 hoc
3125 3521 3282 3590 culpa
3323 3538 3428 3577 non

1856 3610 2021 3670 esset,
2047 3601 2202 3682 nullo
2230 3600 2389 3656 modo
2429 3601 2690 3679 Joannem
2722 3604 2977 3660 Dominus
3005 3607 3087 3662 'de
3127 3610 3430 3667 vestimenti

1857 3692 1940 3747 sui
1963 3694 2251 3760 asperitate
2282 3691 2567 3746 laudasset.
2599 3693 2654 3748 Si
2686 3695 2865 3750 cultus
2889 3697 3118 3753 vestium
3140 3700 3296 3770 culpa
3326 3716 3430 3756 non

1859 3791 2022 3847 esset,
2059 3795 2387 3851 nequaquam
2433 3782 2627 3838 Paulus
2668 3786 2948 3852 apostolus
2993 3802 3087 3856 per
3136 3789 3433 3857 Epistulam

1860 3872 2132 3928 feminasa
2159 3873 2515 3938 pretiosarum
2541 3875 2768 3928 vestium
2794 3877 3027 3944 appetitu
3045 3890 3432 3948 compesceret,

1859 3963 2081 4018 dicens:
2120 3961 2244 4016 Non
2269 3963 2324 4018 in
2354 3973 2487 4016 veste
2533 3965 2754 4032 pretiosa
2789 3985 2808 4016 ι
2847 3964 2901 4036 (1
2932 3966 3064 4020 Tim.
3098 3983 3155 4030 ιι,
3178 3967 3255 4037 9).
3285 3967 3438 4025 Unde

1856 4060 2072 4119 Oportet
2092 4051 2374 4105 canonicos
2397 4062 2596 4104 sancite
2625 4054 2926 4108 auctoritati
2959 4069 3165 4121 parere,
3197 4066 3248 4111 et
3266 4057 3434 4112 humi-

1858 4139 2059 4192 litatem
2088 4137 2271 4203 corde,
2305 4147 2508 4203 mente,
2537 4146 2684 4204 actu,
2744 4141 2948 4205 habitu,
2998 4142 3231 4207 incessu,
3270 4145 3438 4214 aequi-

1859 4239 1966 4283 tate
1993 4229 2394 4297 religiosissime
2428 4230 2834 4297 demonstrare,
2862 4234 3084 4301 plusque
3116 4236 3284 4289 velint
3312 4251 3438 4292 san-

1857 4331 1942 4377 cta
1963 4322 2397 4390 conversatione,
2421 4321 2740 4392 eximiisque
2768 4324 3029 4388 moribus,
3055 4339 3213 4393 quam
3245 4336 3438 4383 ornatu

181 4422 416 4480 Teneant
444 4425 496 4479 in
527 4440 692 4479 manu
722 4426 993 4491 baculum,
1015 4438 1071 4482 et
1115 4429 1320 4498 virgam,
1352 4445 1365 4481 :
1398 4429 1643 4484 baculum
1673 4429 1748 4483 vi-
1782 4453 1838 4514 Ι)
1859 4417 2108 4481 “suum,
2142 4415 2360 4483 M8070-

183 4512 396 4580 delicet,
431 4531 536 4585 quo
560 4517 786 4570 aliorum
836 4517 1069 4571 virorum
1120 4517 1510 4574 imbecillitate's
1537 4517 1754 4587 spirita-

181 4603 296 4663 liter
323 4616 655 4673 susteutent;
713 4607 914 4677 virgam
959 4623 1104 4697 vero.
1113 4623 1217 4679 qua
1266 4609 1393 4663 vitia
1443 4610 1757 4680 delinquen-

184 4696 307 4751 tium
332 4698 450 4751 zelo
478 4697 812 4753 rectitudinis
842 4697 1058 4754 feriant.
1080 4696 1299 4755 interea
1324 4702 1755 4770 delinquentibus

182 4788 652 4845 excommunicatis
676 4787 947 4858 fratribus,
973 4803 1302 4857 nequaquam
1347 4791 1544 4846 debent
1573 4790 1756 4845 caeteri

183 4880 372 4949 fratres
394 4883 600 4946 favere,
629 4892 716 4936 aut
746 4897 840 4936 eos
888 4884 999 4937 suis
1049 4882 1441 4938 adulationibus
1485 4885 1756 4952 decipere,

183 4986 264 5030 aut
295 4991 481 5031 eorum
507 4985 686 5030 errata
711 4973 1024 5042 defendere,
1054 4976 1147 5030 sed
1178 4977 1351 5041 potius
1401 4991 1557 5044 opem
1592 4976 1754 5042 ferre,

185 5074 240 5118 ut
264 5065 531 5136 aquitatis
557 5078 780 5120 censura
807 5065 1049 5120 districte
1077 5068 1443 5133 corrigantur.

186 5152 356 5211 Carur
422 5154 548 5208 LIII.
594 5181 668 5193 —
717 5151 786 5207 Ut
830 5157 1061 5208 canonici
1105 5157 1333 5209 cucullos
1389 5156 1757 5210 monachorum

783 5261 882 5299 non
917 5247 1152 5301 induant.

254 5335 277 5373 δ
312 5333 803 5405 Reprehensibilem
835 5337 973 5403 apud
999 5338 1283 5407 plerosque
1313 5341 1602 5395 canonicos
1645 5341 1759 5394 ino-

189 5426 373 5484 levisse
401 5428 761 5499 comperimus
810 5444 984 5497 usum,
1036 5445 1100 5485 eo
1152 5432 1292 5500 quod
1333 5443 1517 5488 contra
1553 5447 1754 5488 morem

255 5578 479 5648 ἐξαπειί
511 5537 724 5632 Βιειιοά.¹
744 5581 899 5648 Reg.
934 5594 985 5632 e.
1008 5581 1103 5636 28,

246 5641 271 5681 ⁵
298 5647 740 5728 ξουρτ-Αφιίεε..
764 5641 850 5700 (μ’
867 5649 986 5702 ηδ.

256 5729 277 5755 ε
309 5715 517 5772 Concil.
550 5715 891 5786 Aquisgrao.,
917 5733 964 5771 c.
1000 5720 1116 5771 lii.

1933 4526 2095 4582 Decet
2123 4539 2284 4595 porro
2315 4532 2372 4578 ut
2394 4538 2578 4578 eorum
2607 4523 2728 4577 talis
2750 4524 2822 4578 sit
2869 4525 3093 4580 vestium
3125 4527 3303 4580 cultus
3344 4527 3438 4596 qui

1862 4619 2110 4675 vanitatis
2137 4615 2420 4672 occasione
2439 4622 2650 4679 careat;
2683 4629 2787 4668 non
2810 4616 2951 4669 enim
2980 4617 3283 4684 specialiter
3303 4632 3441 4688 prte-

1861 4713 1998 4766 sumi
2016 4709 2172 4765 debet
2188 4708 2257 4762 ab
2278 4707 2454 4775 aliquo
2469 4706 2610 4776 quod
2638 4720 2744 4760 non
2767 4707 3089 4776 generaliter
3106 4700 3352 4764 teneatur
3371 4709 3440 4768 ab

1862 4801 2134 4857 omnibus.
2169 4797 2358 4854 Vestes
2380 4796 2603 4870 enimet
2631 4797 3022 4863 calceamenta,
3055 4797 3141 4852 vel
3190 4799 3432 4854 lectualia

1862 4894 2205 4957 clericorum,
2244 4904 2311 4944 ex
2334 4886 2611 4944 moderato
2655 4897 2708 4940 et
2749 4885 2933 4940 habitu
2964 4890 3289 4956 competenti
3321 4890 3430 4943 sint

1865 5001 1963 5041 nec
1991 4983 2212 5038 nimium
2239 4980 2424 5043 nitida,
2456 4995 2553 5033 nec
2571 4978 2856 5048 plurimum
2882 4980 3118 5044 abjeCta;
3155 4995 3277 5040 nam
3299 4981 3440 5035 sicut

1865 5077 2458 5145 interignemetaquam
2491 5070 2716 5124 tenenda
2748 5079 2826 5121 est
2852 5071 2955 5130 via,
2976 5076 3032 5120 ut
3055 5083 3151 5124 nec
3183 5083 3438 5126 exuratur

1867 5170 2046 5230 homo,
2080 5179 2177 5219 nec
2196 5161 2672 5228 demergatur;sic
2712 5160 2850 5212 inter
2901 5159 3106 5227 apicem
3153 5162 3439 5230 superbit,

1863 5266 1917 5310 et
1935 5253 2241 5324 voraginem
2272 5251 2524 5313 desidias,
2562 5251 2661 5302 iter
2695 5259 2936 5303 nostrum
2995 5262 3297 5318 temperare
3346 5251 3443 5305 de-

1865 5351 2067 5402 bemus.

1936 5593 1957 5628 ⁶
1996 5591 2164 5659 Epist.
2199 5590 2262 5642 ad
2289 5589 2546 5643 Eustoch.

1940 5675 1960 5698 θ
1990 5661 2180 5716 liomil.
2217 5661 2250 5712 6
2279 5662 2328 5714 in
2367 5661 2567 5724 Evang.
2595 5665 2601 5670 '
