3914 6236
456 282 590 333 I085

1423 282 1477 335 s.
1518 269 2002 333 Ct-tttooscasct
2044 269 2377 332 mzrtzxsts
2421 273 2717 328 EPISCOI‘I

3542 278 3695 330 ιιιςι

448 397 627 449 (lavor
668 394 773 448 LV.
816 421 882 438 -ρ
917 394 1067 461 Quod
1122 409 1152 445 η
1208 394 1428 461 pustulis
1471 393 1673 463 gemina
1719 388 1884 455 postia
1949 380 2009 434 sit
2040 381 2086 435 Δ
2119 395 2447 449 noctiumque
2474 400 2659 450 genus.
2691 385 2852 438 Nemo
2876 388 3028 441 miles
3055 402 3175 443 cum
3212 403 3379 441 uxore
3408 390 3588 458 pergit
3619 389 3691 437 λιι

887 484 1135 537 “subditis
1172 481 1531 549 impendenda.

523 603 547 630 ι
579 594 815 647 Solerter
837 593 1068 662 praelatis
1095 590 1439 657 satagendnm
1480 595 1557 638 est
1598 594 1652 637 ιιι
1695 598 1790 637 eos
1817 582 2008 651 quibus

402 746 406 750 _
453 692 690 752 prtusunt
722 680 898 735 verbis
918 691 970 734 et
991 678 1246 744 exemplis
1278 675 1346 751 ad
1369 676 1506 729 bene
1535 674 1814 727 vivendum
1842 671 2027 725 ιιιΙόιι-Δ

456 780 630 836 ment;
660 772 865 839 lixoque
891 769 1051 834 corde
1078 765 1355 820 tenendum
1382 780 1449 818 ne
1466 778 1558 818 eos
1579 762 1726 832 quasi
1746 761 2010 830 proprios,

452 867 545 919 sed
602 874 658 917 ιιι
692 864 890 919 Domini
945 860 1021 912 sui
1054 874 1299 925 gregem,
1358 864 1590 909 tractare
1649 851 2009 917 meminerim,

447 952 592 1019 juxta
618 952 741 1006 illud
768 951 905 1018 quod
940 950 1095 1003 Petro
1140 948 1333 1001 dicitur
1366 964 1379 999 :
1432 947 1491 1001 Si
1528 946 1701 1014 diligis
1731 960 1829 1010 me,
1858 958 2010 1011 pasce

451 1048 562 1094 oves
585 1056 742 1103 meas,
769 1038 958 1106 inquit,
986 1053 1088 1090 non
1119 1048 1252 1089 tuas.
1280 1035 1344 1088 Et
1366 1036 1465 1089 hoc
1482 1034 1605 1088 ideo
1627 1022 2007 1102 dicimus,quia

450 1139 573 1184 sunt
601 1128 943 1196 nonnulliqni
970 1141 1096 1181 oves
1118 1125 1314 1181 Christi
1339 1140 1441 1177 non
1470 1138 1653 1177 amore
1676 1122 1891 1186 Christi,
1910 1122 2005 1176 sed

450 1233 561 1275 sum
586 1217 788 1288 glorite,
812 1219 895 1272 vel
936 1216 1332 1281 dominationis,
1382 1215 1463 1268 vel
1515 1222 1768 1282 quaestus,
1815 1213 2006 1282 gratia,

452 1298 694 1375 pascunt.
764 1306 972 1361 Etenim
1034 1313 1242 1359 terrena
1294 1304 1529 1356 subsidia
1574 1301 2009 1374 diligenter'illis

449 1406 715 1466 praebere,
744 1398 985 1466 exempla
1016 1396 1220 1451 virtutis
1247 1396 1406 1450 simul
1438 1396 1600 1451 verbo
1623 1396 2011 1465 praedicationis

448 1486 645 1541 debent
664 1486 891 1542 sollicite
911 1486 1238 1555 impendere.
1257 1485 1590 1553 QuaprOpter
1612 1485 1821 1540 studeat
1849 1476 2009 1539 unus-

450 1576 672 1645 qniSque
702 1576 946 1644 praelatus
968 1586 1025 1631 ut
1079 1576 1289 1631 familiae
1315 1576 1508 1631 Christi
1545 1590 1811 1630 annonam
1856 1575 2013 1643 spiri-

452 1665 611 1718 talem
634 1665 1006 1733 carnalemque
1033 1666 1421 1729 subministret,
1469 1676 1527 1718 ut
1570 1665 1708 1721 eflici
1742 1673 2011 1720 mereatur

424 1755 538 1808 ille
566 1756 904 1825 evangelicas
932 1770 1141 1821 servus,
1180 1755 1247 1809 de
1261 1770 1366 1825 quo
1389 1756 1583 1811 dicitur
1614 1773 1628 1810 :
1674 1754 1870 1811 Fidelis
1903 1772 2011 1810 ser-

450 1860 539 1898 uus
568 1852 614 1898 st
643 1845 888 1915 prudens,
914 1862 1059 1915 quem
1113 1847 1371 1900 constituit
1407 1847 1648 1901 Dominus
1674 1860 1825 1915 super
1864 1847 2013 1917 [omi-

451 1941 577 1993 liam
602 1957 765 2005 suam,
793 1949 849 1993 ut
877 1940 960 1993 det
982 1940 1088 1993 illis
1107 1940 1272 1993 cibum
1300 1940 1351 1991 in
1374 1950 1598 2007 tempore
1625 1938 1837 2009 (Matth.
1865 1955 2011 2004 xxtv,

450 2031 551 2095 45;
574 2031 699 2085 Luc.
726 2046 819 2096 xtl,
852 2031 965 2100 42).

526 2142 665 2208 Ergo
713 2142 847 2197 sicut
874 2140 1097 2194 subditis
1136 2140 1432 2202 necessaria
1475 2141 1714 2207 corporis
1745 2140 2007 2205 tribuunt,

450 2230 523 2285 Ita
555 2230 895 2285 nihilominus
940 2228 1161 2285 studere
1200 2230 1418 2297 debent,
1450 2240 1506 2286 nt
1535 2231 1695 2285 iidem
1725 2231 2014 2302 religiosis-

452 2322 591 2377 sime
618 2320 858 2375 ordinem
903 2330 1140 2384 servent,
1168 2328 1222 2373 et
1258 2321 1488 2387 prmlatis
1514 2322 1623 2375 suis
1652 2336 1713 2376 ac
1746 2322 2016 2384 magistris

450 2412 711 2466 honorem
766 2409 1000 2464 debitum
1064 2410 1308 2465 similiter
1378 2411 1707 2477 impendant.
1753 2410 1824 2467 Ut
1865 2411 2017 2465 horis

392 2534 397 2539 -
455 2498 726 2554 canonicis
751 2499 983 2554 divinum
1024 2496 1261 2554 officium
1304 2499 1590 2566 impleant;
1618 2513 1721 2553 non
1768 2498 1879 2553 dtio
1926 2515 2018 2553 va-

456 2597 601 2653 cent,
631 2603 733 2642 non
765 2588 1079 2658 vaniloquiis
1108 2590 1419 2658 inserviant,
1446 2606 1549 2646 non
1573 2590 2015 2657 detractionibus,

457 2688 511 2733 et
530 2680 737 2733 caeteris
761 2679 1005 2734 vitiorum
1034 2678 1319 2742 illecebris,
1349 2680 1688 2746 incumbant;
1719 2681 1811 2735 sed
1843 2681 2015 2747 potius

455 2776 547 2819 aut
575 2766 822 2830 orationi,
854 2777 944 2821 aut
984 2767 1219 2831 lectioni,
1248 2778 1338 2821 aut
1381 2768 1707 2835 quibuslibet
1737 2768 2010 2835 Ecclesiae,

457 2862 549 2907 aut
600 2865 745 2909 certe
797 2857 1022 2924 propriis
1071 2856 1386 2911 utilitatibus
1432 2867 1660 2922 vacent,
1710 2866 1800 2913 aut
1853 2858 2012 2913 etiam

453 2931 713 2999 doctrinis
769 2946 934 3000 sacris
980 2955 1034 3000 et
1083 2946 1418 3000 diversarum
1469 2948 1663 3000 artium
1707 2940 2015 3002 erudiantur

453 3034 753 3103 disciplinis
787 3053 799 3088 :
832 3037 903 3089 ita
936 3036 1200 3102 videlicet,
1233 3045 1288 3090 ut
1316 3037 1492 3091 nullus
1514 3030 1574 3091 in
1603 3020 2015 3106 congregatione
2042 3018 2089 3081 Ο

457 3126 658 3179 inutilis
705 3136 796 3180 aut
846 3126 1047 3182 otiosus
1090 3127 1353 3195 existens,
1421 3127 1683 3197 stipendia
1766 3127 2017 3182 Ecclesiae

461 3214 756 3270 inofficiose
782 3218 1021 3285 accipiat.
1108 3284 1111 3287 _
1554 3215 1560 3221 ’

536 3304 684 3358 lianc
708 3305 863 3372 igitur
891 3305 1153 3374 geminam
1186 3308 1475 3374 pastio’nem
1518 3304 1719 3375 praelati
1748 3304 1847 3359 sibi
1872 3318 2020 3362 com~

461 3393 641 3446 missis
688 3394 874 3447 ovibus
912 3394 1225 3463 impendere
1270 3394 1905 3463 instanter'procurent,
1963 3402 2018 3446 ut

456 3492 583 3549 pete
633 3471 1059 3549 pro'ganimabus
1108 3498 1293 3537 eorum
1333 3475 1555 3539 Domino
1599 3476 1857 3537 rationem
1897 3481 2017 3537 red—

431 3568 646 3624 'dituri.

1910 3638 1921 3657 ι

485 3678 662 3735 CAPUT
700 3680 829 3734 LVI.
856 3709 925 3722 -—
947 3682 1021 3735 De
1052 3681 1399 3749 familiaritate
1428 3698 1458 3733 α
1489 3681 1685 3734 clericis
1714 3679 1983 3732 mulierum

883 3762 1239 3803 extraneorum
1289 3750 1578 3803 devitanda.

552 3857 579 3895 δ
633 3858 808 3911 Prima
870 3860 1079 3927 quidem
1152 3868 1473 3914 tentamenta
1527 3867 1655 3913 sunt
1708 3860 2019 3914 feminarum

472 3946 774 4012 frequentes
822 3960 1107 4011 accessus,
1158 3957 1215 4009 et
1268 3947 1713 4014 reprehensibiles
1766 3948 2017 4000 exhibent

457 4033 703 4087 clericos.
745 4034 879 4100 Quid
916 4035 1006 4088 tibi
1038 4050 1224 4088 revera
1281 4051 1399 4089 cum
1432 4036 1676 4101 feminis,
1724 4036 1811 4104 qui
1839 4036 1902 4087 ad
1938 4035 2017 4088 al-

461 4132 573 4199 tare
602 4136 732 4199 cum,
756 4124 976 4176 Domino
1024 4122 1309 4177 fabularis?
1356 4123 1432 4177 'I‘e
1468 4124 1647 4178 cuncti
1698 4123 1750 4177 in
1783 4124 2016 4191 publico,

462 4197 595 4268 tein
642 4197 769 4281 agro
818 4215 1023 4279 rustici,
1056 4225 1315 4278 aratores,
1342 4228 1401 4267 ac
1446 4215 1697 4267 vinitores
1724 4252 1739 4276 ,
1788 4211 2024 4279 quotidie

2117 470 2330 522 bellum.

2184 560 2308 612 Inde
2361 561 2554 613 mando
2603 570 2759 629 atque
2813 564 3088 630 retnando,
3124 574 3179 617 ut
3223 565 3570 631 hospitiolum
3605 580 3691 617 ca-

2116 651 2424 703 nonicornm
2456 659 2545 703 aut
2580 666 2723 715 raro,
2753 664 2842 704 aut
2878 669 3144 721 nunquam
3195 654 3477 707 mulierum
3510 658 3687 722 perte:

2115 745 2303 790 terant.
2346 737 2432 789 Vir
2458 747 2632 790 autem
2680 739 2790 793 sive
2841 740 3048 807 mulier,
3106 757 3225 794 cum
3275 745 3340 795 ad
3386 732 3679 797 Dominum

2110 828 2350 882 conversi
2384 827 2597 894 fuerint,
2647 838 2765 898 post
2792 840 3066 899 peccatum
3097 846 3287 896 suum,
3319 834 3457 901 quod
3488 835 3554 886 ad
3584 833 3683 886 in.

2113 917 2285 971 vicem
2329 920 2729 980 cnmmiscrunt.
2768 932 2871 975 nec
2901 920 2953 973 in
2984 934 3088 975 una
3130 921 3250 975 villa
3301 936 3529 991 unquam
3561 938 3681 990 po».

2113 1006 2332 1071 niteant,
2360 1022 2456 1061 nec
2485 1008 2553 1061 sit
2583 1009 2719 1061 inter
2747 1023 2840 1061 eos
2868 1009 3137 1075 salutatio,
3178 1021 3269 1063 aut
3309 1009 3633 1067 beneficium
3662 1030 3676 1075 ;

2114 1108 2210 1147 nec
2238 1096 2401 1159 visus,
2434 1110 2530 1150 nec
2553 1097 2875 1165 colloquium
2925 1098 2992 1168 (si
3034 1113 3135 1152 non
3162 1114 3317 1156 casus
3365 1102 3679 1157 intervene-

2115 1184 2204 1251 rit)
2231 1198 2333 1237 ncc
2377 1186 2441 1238 de
2474 1201 2577 1237 uno
2609 1184 2752 1241 fonte
2779 1187 2874 1253 (ut
2914 1188 3071 1256 vulgo
3108 1188 3322 1258 dicitur)
3365 1198 3545 1257 potum
3602 1189 3685 1241 bi-

2115 1274 2271 1337 bant;
2302 1287 2399 1328 nec
2438 1275 2681 1330 alumnus
2712 1276 2850 1330 inter
2900 1277 3181 1347 utrumque
3206 1288 3518 1339 concurrat;
3578 1292 3682 1331 nec

2113 1368 2477 1421 munusculum
2509 1369 2742 1436 quidem,
2774 1385 2871 1424 nec
2909 1370 3230 1439 colloquium
3263 1372 3354 1441 (ut
3382 1370 3677 1435 diximus),

2115 1473 2212 1513 nec
2251 1460 2548 1514 recordatio
2595 1462 2810 1517 alterius
2858 1463 2910 1517 in
2950 1472 3129 1518 mente
3182 1477 3277 1518 sua
3338 1462 3678 1531 requiescat;

2112 1549 2206 1604 sed
2234 1564 2353 1605 cum
2394 1549 2621 1606 adiuerit
2645 1592 2661 1617 ,
2692 1551 2803 1606 cito
2827 1552 3033 1607 veniam
3063 1566 3090 1605 a
3122 1552 3232 1606 Deo
3280 1560 3442 1621 petat.
3492 1551 3682 1606 Memi-

2115 1653 2245 1693 nere
2274 1638 2470 1693 debent
2497 1640 2739 1695 canonici
2784 1641 2926 1711 quod
2972 1655 3071 1695 nec
3118 1641 3318 1695 Davide
3345 1640 3681 1703 sanctiores,

2038 1704 2088 1766 Β
2118 1742 2215 1781 nec
2237 1728 2523 1786 Salomone
2545 1724 2893 1797 sapientiores
2923 1740 3144 1797 possunt
3168 1739 3361 1785 esse.’°
3384 1731 3683 1784 Meminere

2113 1817 2311 1873 debent
2361 1818 2501 1884 quod
2552 1817 2779 1887 paradisi
2802 1822 3047 1871 colonum
3100 1819 3166 1872 de
3216 1819 3560 1887 possessione
3586 1832 3681 1870 sua

2114 1907 2306 1960 mulier
2332 1906 2511 1975 ejecit.

2149 1995 2330 2048 Cum
2364 1996 2509 2053 LVII.
2536 2024 2603 2035 —
2639 1995 2712 2049 De
2738 1997 3060 2076 clericisnon
3105 1976 3420 2050 manentibus
3466 1996 3519 2048 in
3546 2010 3647 2048 suo

2744 2075 3025 2135 proposito.

2185 2154 2283 2217 Qui
2325 2156 2489 2208 semel
2543 2154 2595 2208 in
2651 2149 2793 2213 clero
2836 2154 3073 2224 deputati
3119 2163 3283 2221 sunt,
3348 2160 3440 2208 aut
3490 2168 3681 2209 mona-

2113 2243 2335 2297 chorum
2385 2247 2545 2297 vitam
2598 2245 2948 2313 expetierunt,
3005 2244 3331 2311 statuimus,
3384 2258 3560 2312 neque
3614 2245 3682 2297 ad

2117 2335 2401 2399 militiam,
2462 2351 2633 2404 neque
2690 2336 2755 2389 ad
2815 2337 3128 2404 dignitatem
3198 2337 3427 2404 aliquam
3491 2336 3683 2389 venire

2117 2424 2468 2490 mundanam;
2492 2434 2548 2478 et
2578 2426 2678 2479 hoc
2708 2434 2990 2493 tentantes,
3022 2436 3077 2480 et
3107 2426 3211 2480 non
3251 2433 3472 2493 agentes
3496 2424 3678 2494 peni-

2119 2514 2373 2576 tentiam,
2430 2512 2710 2583 quominus
2764 2514 2983 2568 redeant
3026 2514 3091 2567 ad
3131 2516 3230 2568 hoc
3277 2504 3419 2583 quod
3461 2521 3683 2581 propter

2118 2599 2283 2652 Deum
2313 2600 2556 2678 primitus
2585 2602 2883 2669 inegerunt,
2906 2600 3363 2655 anatltematizari.

2117 2711 2293 2767 Cum?
2332 2713 2508 2767 LVIII.
2552 2743 2621 2751 ——
2661 2713 2735 2782 De
2791 2713 3140 2767 humiliation
3189 2712 3427 2782 facienda
3470 2722 3684 2782 propter

2707 2781 2871 2837 Deum
2911 2784 3073 2836 carni.

2190 2888 2214 2927 ἀ
2237 2889 2599 2946 Multitudines
2629 2892 2921 2955 hominum.
2951 2900 3006 2947 et
3031 2891 3207 2947 ofﬁcia
3230 2932 3247 2958 ,
3290 2901 3345 2947 et
3383 2891 3599 2961 placita,
3632 2901 3687 2946 et

2118 2982 2380 3047 convivia,
2411 2990 2466 3036 et
2506 2981 2853 3036 salutationes
2901 2980 3199 3046 hominum,
3236 2981 3390 3047 quasi
3434 2981 3683 3051 quaedam

2120 3078 2325 3124 catena
2346 3074 2677 3139 voluptatum
2700 3070 2961 3141 fugiendae
2979 3080 3123 3127 sunt.
3149 3072 3231 3127 Sit
3251 3072 3373 3126 vilis
3387 3082 3443 3127 et
3468 3086 3689 3141 vesper-

2124 3160 2260 3213 tinus
2280 3159 2451 3213 cibus.
2478 3158 2634 3212 Panis
2663 3172 2782 3213 cum
2828 3161 2975 3215 olere
2999 3171 3053 3215 et
3078 3162 3370 3228 legumine,
3410 3162 3681 3215 interdum

2124 3248 2407 3317 pisciculus
2465 3264 2561 3317 pro
2608 3252 2831 3305 summis
2875 3251 3097 3305 ducatur
3147 3252 3354 3305 deliciis
3394 3254 3530 3321 :qui
3558 3265 3685 3305 eum

2122 3339 2336 3395 Christo
2366 3340 2639 3394 desiderat
2668 3356 2913 3410 regnare,
2960 3356 3065 3394 non
3107 3349 3311 3410 quaeret
3356 3357 3685 3410 magnopere

2119 3444 2277 3499 quam
2328 3430 2395 3485 de
2444 3429 2694 3498 pretiosis
2722 3429 2853 3483 cibis
2878 3436 2933 3483 et
2964 3428 3175 3505 potibus
3199 3439 3407 3483 stercus
3430 3430 3687 3484 conﬁciat

2100 3518 2176 3574 ‘et
2203 3520 2435 3573 urinam.
2472 3518 2665 3572 Ventre
2695 3519 2859 3572 vacuo
2902 3518 3097 3585 saepius
3124 3518 3497 3572 dormiendum
3525 3536 3537 3570 :
3566 3532 3689 3573 crc-

2122 3609 2232 3662 brte
2249 3607 2439 3677 vigilite
2461 3621 2676 3660 carnem
2698 3615 2755 3660 et
2772 3620 2984 3659 sensum
3012 3606 3270 3674 afﬂigunt.
3288 3606 3452 3659 Flcxo
3463 3620 3692 3674 corpore

2124 3711 2277 3750 mens
2306 3696 2553 3763 erigenda
2582 3704 2669 3750 est
2696 3694 2761 3747 ad
2798 3694 2983 3748 Deum.
3008 3694 3234 3762 Semper
3264 3694 3315 3748 in
3352 3707 3510 3746 manu
3534 3708 3691 3748 sacra

2124 3784 2303 3849 lectio,
2336 3792 2390 3836 et
2446 3783 2495 3836 itt
2552 3797 2646 3837 ore
2684 3782 2987 3849 frequenter
3019 3783 3189 3835 oratio
3224 3782 3313 3835 sit.
3351 3782 3687 3849 Pauperibus

2126 3868 2429 3938 sumptuum
2447 3871 2722 3939 refrigeria
2744 3885 2896 3923 manu
2915 3873 3124 3939 prepria
3146 3878 3272 3923 sunt
3296 3870 3688 3925 distribuenda.

2122 3960 2401 4014 Humilitas
2446 3960 2675 4014 vestium
2724 3960 2952 4013 tumenti
2982 3959 3161 4011 animo
3208 3972 3311 4012 non
3362 3958 3691 4026 appetenda.

2122 4048 2489 4112 Smcularium,
2523 4048 2752 4102 maxime
2800 4049 3117 4117 potentium.
3168 4050 3497 4102 consortium
3532 4049 3687 4103 ἀεγί-

2122 4134 2359 4193 tandum.
3329 4128 3336 4140 ”

2196 4228 2407 4297 Aliquid
2448 4229 2625 4297 operis
2678 4243 2888 4299 semper
2936 4228 3234 4283 faciendum
3263 4272 3277 4294 ,
3331 4226 3385 4284 ut
3439 4228 3690 4283 diabolus

466 4305 702 4372 graviter
744 4303 1084 4367 lacerabunt,
1111 4304 1153 4355 si
1186 4313 1367 4356 contra
1396 4303 1698 4370 depositum
1728 4301 1847 4355 lldei
1898 4315 2021 4354 cum
2049 4341 2103 4401 Β
2127 4320 2357 4373 inveniat
2403 4319 2670 4374 hominem
2704 4321 2754 4374 in
2797 4336 2959 4388 opem
3006 4327 3343 4387 occupnlum.
3376 4319 3455 4373 Ab
3502 4319 3698 4374 οιξοεί,

484 4390 678 4444 etninis
710 4390 944 4457 habitare
975 4390 1271 4444 contendis.
1320 4391 1563 4459 Nunquid
1596 4394 1647 4443 in
1678 4390 1842 4443 choro
1897 4404 2022 4458 apo-

466 4484 725 4536 stolorum
761 4483 968 4536 femina:
992 4484 1309 4536 adfuerunt?
1340 4482 1567 4536 Prohibe
1596 4481 1825 4551 virgines
1879 4496 2026 4537 com-

471 4573 668 4625 mrrari
717 4582 908 4638 tecum,
940 4586 1058 4640 qua
1104 4573 1169 4625 de
1204 4586 1398 4641 genere
1428 4580 1516 4625 tuo
1550 4588 1652 4626 non
1681 4580 1827 4625 sunt.
1858 4571 2027 4627 Nemo

466 4662 606 4714 inter
656 4673 928 4729 serpentes
984 4671 1038 4715 ct
1090 4663 1396 4729 scorpiones
1442 4676 1663 4716 securus
1707 4662 2022 4731 ingreditur.

468 4749 581 4804 Non
615 4760 789 4818 potest
829 4767 948 4803 cum
1007 4749 1230 4802 Domino
1278 4757 1387 4804 toto
1436 4751 1595 4805 corde
1644 4751 1906 4815 habitare,
1938 4752 2026 4821 qui

470 4844 833 4912 trequentibus
867 4844 1181 4898 feminarum
1210 4846 1511 4899 accessibus
1556 4846 1860 4913 copulatur.
1894 4847 2023 4902 Cum

468 4937 805 5004 approximat
847 4936 1114 5004 stipulam,
1148 4936 1383 4991 incendit
1430 4938 1639 5006 ignem;
1688 4955 1808 4993 cum
1837 4953 2030 5007 appro-

472 5023 632 5076 ximat
688 5023 967 5087 feminam,
1015 5027 1304 5094 corrumpit
1353 5036 1607 5081 mentem.
1660 5028 1713 5083 Si
1747 5044 1866 5083 cum
1900 5030 2031 5085 viris

473 5112 683 5165 feminzn
718 5112 1091 5177 habitaverint,
1136 5118 1413 5172 viscarium
1459 5119 1655 5172 diaboli
1703 5133 1807 5172 non
1836 5120 2025 5175 deerit.

466 5199 635 5255 Janna
664 5198 881 5266 diaboli,
914 5202 991 5253 via
1042 5204 1328 5270 iniquitatis
1351 5251 1365 5274 ,
1416 5222 1700 5275 percussus
1734 5206 2032 5275 scorpionis

544 5392 566 5415 ’⁸
597 5381 798 5434 Concil.
835 5380 1169 5449 Aquisgran.,
1198 5395 1241 5433 c.
1284 5381 1403 5433 125.

539 5449 565 5485 δ
606 5451 805 5500 (ἷοιιείῐ.
844 5448 1182 5516 Aquisgran.,
1216 5465 1263 5501 c.
1297 5452 1388 5503 98.

543 5531 561 5553 τ
600 5518 671 5569 Ex
712 5519 925 5571 llieron.
960 5518 1120 5583 epist.
1151 5521 1213 5570 ad
1247 5519 1433 5585 Nepot.

542 5587 561 5619 ·¹
598 5587 668 5638 Εἰ
698 5589 848 5655 epist.
888 5587 1103 5639 Hleron.
1141 5588 1221 5654 l3,
1257 5588 1318 5639 ad
1354 5588 1559 5642 I'attlin.

2125 4409 2460 4462 sermonibus
2511 4410 2723 4462 auditus
2752 4417 2806 4462 et
2833 4408 3009 4477 lingua
3038 4418 3160 4463 sunt
3196 4408 3513 4479 castigandi.
3547 4416 3573 4443 ο
3628 4406 3701 4462 Et

2126 4498 2178 4552 in
2205 4497 2444 4552 Ecclesia
2471 4512 2592 4550 cum
2633 4497 2823 4552 timore
2863 4509 2915 4551 et
2944 4498 3287 4552 veneratione
3314 4501 3611 4563 sumtum;
3640 4508 3702 4555 et

2126 4602 2335 4652 semper
2379 4594 2469 4639 aut
2517 4585 2797 4651 orandum,
2836 4577 2927 4639 aut
2978 4585 3333 4649 cantandum;
3366 4596 3456 4639 aut
3508 4585 3702 4656 legen-

2127 4676 2274 4743 dum,
2305 4683 2394 4729 aut
2421 4674 2761 4729 audiendum.
2814 4672 2889 4728 De
2914 4673 3076 4745 iustis
3134 4674 3403 4728 laboribus
3454 4672 3701 4727 eleemo-

2111 4779 2259 4845 syna
2293 4764 2400 4820 Deo
2445 4764 2590 4834 justo
2621 4764 2881 4819 dandum.
2939 4765 3124 4820 Melius
3175 4754 3279 4818 utin
3314 4766 3517 4818 babae
3550 4766 3703 4832 quod

2131 4855 2414 4919 tribuatur,
2471 4868 2631 4923 quam
2684 4852 3024 4923 impudenter
3078 4862 3259 4920 petere
3305 4851 3447 4920 quod
3516 4850 3701 4906 detur.

2130 4943 2439 5016 Negotiator
2466 4944 2711 5005 clericus,
2735 4952 2790 4997 et
2820 4958 2883 4996 ex
2916 4945 3074 5011 inope
3102 4943 3272 5007 dives,
3302 4952 3353 4996 et
3376 4956 3442 4995 ex
3479 4942 3709 5010 ignobili

2129 5035 2418 5101 gloriosus,
2449 5035 2597 5099 quasi
2630 5032 2870 5099 quaedam
2903 5032 3070 5099 pestis
3109 5030 3408 5099 fugiendus.

2307 5124 2488 5176 Cum
2520 5120 2652 5175 th.
2686 5149 2753 5160 -
2786 5121 2862 5174 De
2907 5108 3163 5173 iracundis
3201 5120 3515 5174 doctoribus.

2211 5213 2228 5251 τ
2268 5212 2507 5267 Iracundi
2540 5212 2789 5265 doctores
2818 5225 2911 5279 per
2941 5209 3139 5264 rabiem
3166 5207 3360 5263 furoris
3401 5209 3709 5280 disciplin:

2202 5393 2227 5420 ο
2259 5383 2336 5435 Ex
2364 5382 2570 5449 epistol.
2595 5380 2809 5436 Hieron.
2841 5381 2904 5436 ad
2933 5378 3119 5449 Nepot.
3152 5380 3291 5434 med.

2206 5452 2471 5576 faésidor”
2501 5452 2649 5507 Sent.
2684 5451 2719 5504 1.
2755 5467 2832 5518 ιιι,
2882 5464 2931 5505 c.
2964 5448 3063 5515 40;
3093 5459 3145 5504 et
3192 5448 3389 5503 concil.
3445 5454 3701 5523 Aquisg.,

2130 5538 2179 5576 c.
2288 5558 2300 5573 .
