3914 6236
166 345 283 399 108⁸5
320 333 323 336 ’

1338 324 1609 377 ῐιΙ-ῖϐὶῖιΛ
1651 318 2072 373 lZA‘NUXIlLOIlU
2087 317 2145 366 \l.

3234 299 3368 356 I086

161 457 363 507 modum
418 451 482 500 all
542 446 921 499 immanitatem
954 437 1283 492 crudelitatis
1342 438 1653 484 convertunt
1682 444 1695 488 ;
1734 432 1773 486 Α
1810 427 1893 478 ubi
1920 434 2093 494 regnat
2117 423 2328 476 ebrietas
2359 419 2539 488 (Prov.
2569 437 2662 484 xx,
2692 420 2768 485 l).
2808 418 2944 472 Alibi
2968 416 3159 469 dicitur
3195 433 3205 466 :
3237 414 3371 481 Ope.

157 555 204 597 ct
246 542 379 595 unde
428 537 712 591 emendare
750 529 985 582 subditos
1038 535 1299 593 poterant,
1354 520 1475 572 inde
1529 519 1701 584 potius

157 636 447 685 vulnerant.
483 628 604 680 Ideo
658 628 771 674 sine
804 632 1047 670 mensura
1093 614 1367 665 ulciscitur
1395 607 1573 674 culpas
1602 604 1698 655 d0-

158 725 264 776 rtdr
304 721 608 774 iracundus,
637 713 756 779 quia
790 724 880 762 cor
910 700 1065 773 ejus,
1090 705 1391 769 dispersum
1425 700 1475 749 in
1531 709 1701 749 rerum

157 814 311 869 turis.
339 824 446 861 non
479 803 753 870 Colligitur
790 801 839 851 iu
871 812 1103 849 amorem
1136 792 1295 845 unius
1330 788 1560 841 deitatis.

220 903 393 955 Carm
440 896 550 951 LX.
580 923 642 933 -—
667 893 739 945 De
766 892 992 943 doctrina
1016 898 1062 939 et
1084 884 1325 952 exetnplis
1349 882 1631 933 doctorum.

223 990 399 1042 “,Tant
452 987 686 1038 doctrina
728 998 881 1048 quam
943 984 1043 1030 vita
1094 978 1294 1027 clarere
1325 974 1484 1026 debet
1534 972 1702 1023 eccle-

156 1081 391 1131 siasticus
421 1078 645 1137 doctor;
695 1091 813 1126 nam
840 1070 1074 1123 doctrina
1101 1068 1211 1117 sine
1236 1065 1335 1115 vita
1372 1071 1701 1129 arrogantem

158 1172 300 1233 lacit;
350 1171 452 1222 vita
486 1171 599 1219 sine
648 1164 887 1217 doctrina
943 1160 1178 1212 ittttlilttnt
1214 1156 1408 1208 reddit.
1460 1152 1704 1205 Doctoris

160 1258 455 1324 prn'dlcalin
485 1255 732 1321 operibus
788 1250 940 1301 bonis
984 1245 1341 1297 coulirmamta
1375 1250 1489 1305 est,
1528 1242 1595 1292 ita
1647 1249 1703 1290 ut

161 1347 293 1414 quml
346 1346 501 1398 docet
529 1345 714 1402 verbo,
749 1340 975 1391 instruat
1019 1334 1279 1397 exemplo.
1317 1334 1403 1383 Illa
1448 1339 1529 1381 est
1580 1342 1703 1380 vera

157 1428 411 1495 doctrina,
447 1443 600 1498 quam
636 1427 845 1481 vivendi
897 1426 1032 1477 bene
1082 1423 1321 1487 sequitur
1354 1418 1553 1478 forma;
1585 1430 1703 1467 nam

158 1525 277 1576 nihil
308 1522 515 1589 turpius
546 1525 629 1571 est
669 1533 819 1584 quam
850 1514 891 1566 si
922 1514 1115 1565 botutm
1146 1511 1284 1575 quod
1322 1508 1543 1573 quisque
1572 1519 1703 1571 pra).-

157 1614 310 1675 dieat,
348 1611 562 1675 exolere
584 1622 742 1674 opere
768 1604 1026 1671 negligat;
1074 1611 1195 1651 tunc
1221 1598 1362 1648 enim
1395 1590 1706 1661 pradicatio

165 1702 359 1753 utiliter
416 1699 696 1765 profertur,
753 1692 962 1758 quando
1013 1686 1355 1741 efficacitera
1413 1680 1709 1749 proferente

164 1747 496 1856 adimpletur.
546 1784 917 1849 Unusquisque
948 1781 1131 1830 doctor
1180 1784 1231 1827 et
1285 1775 1434 1827 bona:
1487 1768 1709 1822 actionis
1740 1747 1783 1804 Β

162 1889 210 1931 ιιι
241 1878 394 1929 bona:
444 1874 836 1944 prmdicatiouis
886 1870 1079 1920 habere
1108 1866 1262 1919 debet
1292 1864 1553 1923 studium;
1588 1875 1705 1913 nam

162 1982 256 2019 una
286 1968 402 2021 sine
432 1947 596 2018 altera
630 1956 730 2016 non
779 1961 902 2013 facit
946 1960 1267 2025 perfectum;
1314 1956 1404 2007 sed
1449 1953 1708 2021 prmcedat

164 2061 346 2110 doctor
376 2058 514 2108 bene
536 2067 712 2122 agere,
744 2059 799 2104 ut
828 2057 1110 2117 Sequenter
1140 2044 1311 2112 possit
1338 2042 1473 2095 bene
1496 2040 1705 2093 docere.

166 2146 225 2199 Et
251 2147 301 2199 in
329 2145 416 2198 illa
460 2143 698 2195 doctrina
745 2139 908 2200 clara,
941 2146 995 2193 et
1023 2133 1317 2190 similitudo
1370 2142 1609 2201 patrum,
1659 2139 1709 2182 et

162 2236 424 2290 humilitas
447 2244 664 2302 propter
692 2232 856 2285 Deum
890 2228 1146 2281 habenda:
1188 2234 1330 2279 sunt.

502 2326 680 2377 Carus
711 2322 844 2375 LXI.
880 2320 951 2371 De
998 2316 1358 2370 taciturnitate.

228 2417 384 2472 Omni
440 2425 675 2481 tempore
705 2413 756 2465 in
802 2411 1061 2469 ecclesia,
1105 2416 1211 2459 tam
1242 2419 1270 2455 a
1315 2403 1506 2471 popqu
1555 2414 1710 2468 quam

169 2524 192 2560 a
220 2509 385 2565 clero.
422 2518 685 2559 summum
717 2500 986 2554 silentium
1038 2496 1147 2559 ﬁat,
1178 2504 1399 2561 excepto
1452 2492 1551 2542 hoc
1575 2490 1711 2555 quod

166 2597 223 2648 ad
257 2594 441 2647 laudes
494 2592 585 2644 Dei
635 2589 916 2656 pertineat.
972 2584 1255 2637 Videamus
1299 2580 1436 2647 quod
1486 2577 1557 2629 ait
1588 2577 1716 2629 Pro-

170 2688 315 2751 pheta
348 2700 364 2736 :
402 2681 543 2744 Dixi,
573 2680 853 2732 custodiam
881 2676 985 2728 vias
1016 2690 1171 2730 meas.
1218 2681 1269 2723 ut
1294 2686 1392 2721 non
1424 2667 1715 2734 delinquant

163 2777 211 2825 in
241 2776 411 2844 lingua
440 2785 569 2822 mea.
604 2768 731 2821 Item
781 2783 794 2818 :
827 2764 986 2817 Ροεηὶ
1030 2763 1107 2813 ori
1136 2777 1242 2812 meo
1283 2758 1599 2818 custodiam;
1630 2756 1715 2806 ob-

165 2865 316 2915 mutui
368 2872 415 2913 et
470 2857 763 2911 humiliatus
816 2868 960 2918 sum;
1010 2861 1054 2903 et
1092 2852 1210 2903 silui
1257 2866 1287 2900 a
1336 2850 1475 2901 bonr's
1528 2845 1712 2916 (Paul.

164 2950 406 3019 xxxviii).
436 2949 462 2987 ιι
495 2948 587 3001 llic
615 2946 841 3000 ostendit
865 2943 1146 3009 PrOpbeta,
1173 2941 1215 2993 si
1244 2954 1273 2991 a
1298 2937 1455 2992 bonis
1494 2934 1716 3004 eloquiis

167 3053 376 3109 propter
394 3038 801 3091 taciturnitatem
825 3032 979 3086 debet
1006 3029 1269 3083 interdum
1302 3026 1496 3091 taceri,‘
1514 3032 1713 3093 quanto
1747 3061 1785 3109 1η

167 3132 323 3199 inagis
353 3146 383 3183 a
414 3129 563 3183 malis
593 3126 767 3180 verbis
811 3131 1023 3191 propter
1066 3134 1278 3188 pmnam
1327 3116 1528 3184 peccati
1559 3115 1714 3169 debet

168 3220 396 3275 cessari?
426 3219 550 3272 Inde
570 3224 746 3270 sancta
767 3214 1038 3282 Scriptura
1062 3211 1188 3263 dicit
1216 3227 1227 3261 :
1267 3227 1284 3259 ι
1328 3219 1349 3246 ο
1379 3206 1474 3273 Qui
1497 3205 1636 3259 enim
1660 3205 1712 3256 in

170 3311 399 3362 Ecclesia
430 3306 696 3361 verbosari
729 3303 940 3379 fecerit,
965 3310 1016 3353 et
1040 3314 1133 3366 pra
1161 3313 1219 3352 se
1248 3306 1299 3350 ct
1332 3311 1425 3364 pro
1448 3294 1565 3346 aliis
1602 3307 1716 3345 ma-

175 3398 271 3448 lam
303 3396 609 3447 redditurus
636 3400 716 3445 est
746 3393 1000 3443 ratiooem
1032 3390 1081 3439 in
1114 3387 1199 3439 die
1222 3384 1425 3453 judicii.
1475 3402 1492 3434 ι
1522 3382 1546 3417 ά
1578 3381 1714 3447 Ergo

172 3482 407 3551 quamvis
438 3482 503 3533 de
527 3480 675 3533 bonis
705 3487 754 3532 et
784 3477 980 3530 sanctis
1027 3476 1287 3528 duntaxat
1329 3469 1551 3537 eloquiis
1588 3482 1713 3536 pro-

170 3585 280 3639 pter
306 3571 719 3625 taciturnitatem
751 3583 866 3620 rara
898 3564 1139 3633 loquendi
1182 3565 1230 3615 in
1262 3562 1488 3615 ecclesia
1522 3571 1716 3612 conce-
1766 3588 1770 3593 -

173 3662 321 3714 datur
342 3659 575 3721 licentia,
606 3656 724 3722 quia
756 3657 1004 3724 Scriptum
1032 3662 1113 3706 est
1142 3669 1152 3703 :
1185 3650 1248 3703 In
1275 3648 1589 3717 mnttiloquio
1614 3663 1715 3699 non

171 3752 319 3805 deerit
374 3757 663 3817 peccatum;
694 3756 747 3801 et
775 3746 893 3798 alibi
924 3762 939 3797 ;
975 3742 1113 3795 Mors
1161 3752 1204 3794 et
1234 3742 1335 3792 vita
1386 3738 1438 3791 in
1488 3735 1718 3789 manibus

175 3842 354 3911 lingua:
387 3838 567 3907 (Prov.
592 3852 658 3901 x;
692 3838 822 3907 xw).
856 3833 985 3888 Nam
1014 3831 1155 3901 lmpii
1182 3841 1232 3885 et
1254 3831 1443 3883 docere
1470 3826 1720 3895 magistro

170 3931 443 3990 condecet,
476 3937 649 3980 tacere
680 3936 730 3979 ct
757 3924 939 3977 audire
971 3916 1229 3988 discipqu
1273 3917 1544 3971 convenit.

233 4019 331 4086 Qui
362 4019 497 4071 banc
548 4016 950 4070 taciturnitatem
1013 4014 1061 4065 in
1093 4012 1313 4077 ecclesia
1362 4011 1718 4062 minimecu-

174 4107 432 4175 stodiet‘jt.
475 4105 568 4159 sed
620 4104 870 4172 fregerit,
902 4104 973 4154 sit
1020 4104 1069 4151 in
1098 4101 1211 4165 ipso
1256 4099 1339 4150 die
1374 4096 1634 4160 paenitens
1668 4095 1717 4144 in

174 4211 301 4264 aqua
319 4204 375 4248 et
402 4207 557 4261 pane.
594 4192 657 4244 Et
674 4193 716 4243 si
749 4192 959 4250 iterum,
991 4187 1156 4240 tribus
1181 4185 1366 4238 diebus
1392 4183 1645 4251 poeniteat
1668 4182 1718 4231 itt

173 4301 304 4352 parte
330 4294 387 4338 et
415 4298 570 4351 aqua.
603 4282 669 4334 Et
706 4282 751 4334 si
795 4279 947 4334 tertia
996 4278 1110 4329 vice
1166 4276 1455 4335 iteraverit,
1512 4281 1718 4339 septem

1807 519 1968 568 rarius
1995 515 2216 566 ebriosus
2254 529 2351 563 non
2411 511 2816 577 locupletabitur.
2856 508 3040 565 Vinum
3092 516 3140 560 et
3186 504 3367 556 mulie-

1806 621 1882 656 res
1914 612 2203 670 apostatare
2230 602 2425 668 quidem
2457 602 2649 668 faciunt
2679 600 2929 665 sapientes
2972 594 3136 663 (Eccl.
3170 609 3282 658 xIx,
3315 584 3369 649 Ii.

1803 695 1885 762 2).
1914 695 1977 747 Et
2015 693 2135 745 alibi
2171 709 2182 743 :
2220 689 2494 760 Diligentes
2522 706 2715 757 semper
2743 704 2798 741 se
2825 687 3062 740 inebriari
3091 689 3225 748 vino,
3264 684 3370 737 noli

1804 798 2073 853 prouocare
2105 778 2156 833 in
2203 781 2637 850 congregationem
2684 790 2823 831 tuam
2855 778 3023 846 (Eccl.
3070 791 3212 840 aut,
3257 774 3373 841 '50).

1807 872 2117 925 Vinolentos
2160 871 2462 923 sacerdotes
2491 879 2543 922 et
2584 870 2868 935 Apostolus
2907 868 3144 933 damnat,
3196 875 3249 919 et
3286 880 3374 915 νεε-
3442 884 3451 889 ~

1808 972 1889 1016 tus
1918 964 2022 1016 Lex
2050 961 2291 1028 prohibet
2314 958 2497 1028 (Leuit.
2524 975 2575 1022 κ,
2601 958 2677 1025 9);
2703 958 2790 1023 qui
2826 958 2972 1011 altari
3005 957 3263 1020 serviunt,
3292 953 3373 1005 vi-

1806 1068 1929 1105 num
1959 1061 2011 1105 et
2040 1052 2261 1104 siceram
2312 1066 2415 1103 non
2466 1048 2665 1102 bibent.
2704 1053 2726 1080 °
2759 1047 2939 1101 Sicera
2991 1046 3211 1098 llebrmo
3263 1056 3373 1093 ser-

1807 1158 1965 1197 mone
2012 1144 2187 1195 omnis
2238 1141 2382 1208 potio
2430 1146 2787 1206 nuncupatur,
2817 1150 2938 1203 qua:
2973 1134 3237 1187 inebriare
3271 1144 3375 1197 po-

1810 1246 1952 1288 test:
1997 1232 2251 1301 quidquid
2298 1231 2559 1288 inebriat.
2612 1240 2663 1283 et
2716 1239 2908 1282 statum
2963 1224 3154 1279 mentis
3182 1230 3370 1286 mutat,

1807 1326 1926 1393 fuge
1946 1316 2193 1377 similiter
2223 1328 2277 1373 ut
2303 1322 2502 1373 vinum.

1902 1412 1991 1467 Qui
2016 1412 2152 1467 cupis
2176 1421 2285 1457 esse
2310 1410 2483 1467 bonus,
2512 1414 2564 1455 et
2587 1408 2663 1455 vis
2681 1406 2975 1467 dignoscere
2999 1416 3190 1463 verum,

1900 1472 1962 1519 Ut
1986 1466 2153 1518 mortis
2170 1472 2371 1523 socium,
2395 1466 2681 1516 sic'tnordax
2713 1466 2878 1524 elluge
2900 1467 3079 1511 vinum.

1901 1531 2040 1578 Nulla
2062 1529 2208 1577 febris
2233 1530 2476 1574 hominum
2497 1529 2664 1585 major,
2690 1540 2835 1583 quam
2855 1525 3047 1585 altreus
3065 1524 3236 1585 humor
3264 1534 3277 1569 :

1904 1592 1997 1637 Pro
2024 1602 2083 1635 eo
2106 1593 2389 1633 sordescunt
2419 1583 2580 1638 aures,
2608 1585 2814 1632 balbutit
2837 1584 3050 1642 denlque
3076 1583 3259 1639 lingua.

1904 1650 1987 1697 Die
2009 1651 2148 1706 mihi,
2172 1650 2272 1695 dici
2297 1649 2457 1705 ebrie,
2482 1648 2618 1705 vivis,
2643 1659 2700 1691 an
2723 1651 2878 1692 morte
2907 1644 3120 1706 gravaris
3138 1644 3160 1689 ?

1905 1708 2113 1757 Pallidus
2138 1704 2254 1756 ecce
2274 1707 2422 1763 iaces,
2451 1715 2501 1753 et
2521 1704 2629 1753 sine
2651 1712 2813 1752 mente
2836 1704 3081 1763 quiescis;

1906 1770 2010 1818 Non
2034 1770 2175 1828 bona,
2202 1762 2295 1816 non
2320 1762 2460 1823 mala,
2487 1779 2579 1813 non
2601 1768 2739 1824 dura,
2767 1762 2861 1812 non
2886 1762 3042 1811 mollia
3067 1762 3219 1811 sentis

1812 1852 2026 1913 Cavete,
2059 1850 2270 1915 fratres,
2297 1851 2346 1901 in
2371 1849 2615 1902 omnibus
2656 1846 2992 1909 ebrietatem,
3025 1846 3149 1913 quia
3182 1859 3366 1912 magna

1811 1940 1969 1991 animi
1999 1947 2083 1992 est
2112 1937 2417 2005 subversio.
2462 1936 2589 1988 Nam
2618 1936 2755 1989 sicut
2782 1935 2918 2004 ignis
2951 1932 3103 1987 facile
3132 1932 3368 2005 incendit

1811 2036 2100 2095 stupas,et
2146 2027 2379 2081 leviores
2431 2027 2634 2093 paleas,
2667 2027 2737 2077 ita
2797 2024 3024 2079 ebrietas
3080 2006 3380 2090 corrumpit

1814 2120 2065 2180 animam,
2098 2124 2151 2170 et
2180 2115 2367 2184 dejicit
2393 2130 2508 2169 eam
2538 2117 2589 2167 in
2624 2114 2827 2182 grande
2856 2119 3151 2180 peccatum.
3194 2109 3375 2163 Domi-

1814 2221 1912 2262 nus
1964 2221 2057 2275 per
2100 2208 2414 2274 prophetam
2462 2208 2536 2258 ait
2582 2222 2595 2257 ε
2638 2203 2729 2258 Va:
2777 2204 2880 2257 illis
2932 2203 3018 2273 qui
3074 2217 3220 2254 mane
3260 2217 3375 2255 sur-

1813 2306 1934 2367 gunt
1955 2296 2022 2349 ad
2049 2296 2336 2349 ebrietatem
2370 2296 2680 2358 sectandum,
2715 2302 2759 2347 et
2787 2292 2853 2344 ad
2894 2292 3171 2357 potandum
3207 2291 3378 2343 vinum

1816 2403 1971 2455 usque
2021 2388 2087 2438 ad
2116 2402 2369 2454 vesperam
2411 2385 2565 2455 (ικαὶ.
2594 2400 2646 2449 v,
2686 2382 2791 2453 ll).
2823 2382 2891 2436 Et
2919 2382 2972 2435 in
3002 2381 3107 2455 alio
3147 2380 3267 2434 loco
3294 2379 3378 2432 di-

1816 2476 1951 2547 citur
1977 2492 1988 2526 ε
2019 2473 2111 2529 Va:
2154 2476 2230 2529 his
2257 2476 2341 2538 qui
2372 2477 2595 2542 potentes
2636 2480 2750 2525 sunt
2777 2472 2846 2524 ad
2876 2470 3153 2523 bibendum
3178 2471 3380 2531 vinum,

1815 2572 1863 2616 et
1886 2564 1981 2617 uiri
2027 2566 2180 2635 fortes
2229 2567 2294 2615 ad
2342 2564 2649 2615 miscendam
2703 2554 2990 2616 ebrietatem
3046 2553 3377 2627 (Ibid.,‘22).

1821 2652 2043 2706 Basilius
2071 2652 2199 2706 dicit
2232 2669 2246 2705 :
2279 2652 2497 2705 Plurimi
2523 2664 2749 2717 namque
2777 2650 3018 2703 homines
3053 2662 3147 2716 per
3197 2646 3373 2700 vinum

1819 2744 2103 2797 maximam
2153 2744 2478 2796 debilitatem
2526 2742 2777 2809 corporis
2823 2748 3225 2801 centraxerunt,
3280 2752 3378 2790 nec

1821 2823 2103 2898 potuerunt
2130 2832 2381 2897 consequi
2413 2830 2687 2897 pristinam
2746 2829 3072 2882 firmitatem.
3120 2826 3378 2880 Ebriosus

1820 2929 2039 2987 putatse
2062 2920 2256 2989 aliquid
2280 2924 2535 2987 optimum
2560 2934 2734 2987 agere,
2754 2933 2873 2971 cum
2893 2918 3049 2971 fuerit
3076 2916 3372 2984 praecipitio

1820 3012 2117 3065 devolutus.
2161 3010 2373 3063 Fratres
2398 3009 2716 3069 charissimi,
2745 3008 2912 3061 nolite
2954 3021 3044 3060 vos
3085 3005 3373 3065 inebriare,

1822 3102 1991 3155 nolite
2028 3100 2255 3153 bibendo
2287 3100 2634 3152 immoderate
2672 3099 2885 3150 nomina
2910 3103 3085 3150 vestra
3129 3094 3196 3147 de
3237 3093 3377 3145 caelo

1819 3190 2018 3245 delere.
2049 3188 2183 3244 Sunt
2210 3189 2384 3250 multi,
2418 3189 2556 3254 quod
2590 3188 2741 3255 pejus
2782 3195 2883 3247 est,
2932 3184 3017 3251 qui
3056 3197 3160 3236 non
3204 3181 3374 3235 solum

1817 3296 1875 3335 se
1905 3281 2189 3344 inebriant,
2233 3280 2326 3335 sed
2382 3282 2540 3333 etiam
2592 3280 2724 3331 alios
2758 3278 3022 3347 adiurant,
3065 3282 3122 3326 ut
3152 3273 3377 3340 amplius

1817 3370 1955 3436 quod
1985 3371 2194 3436 expedit
2227 3369 2427 3421 bibant.
2453 3368 2497 3421 Ο
2546 3368 2724 3419 infelix
2782 3368 2869 3432 qui
2925 3366 3023 3416 hoc
3074 3363 3235 3425 facis,
3272 3375 3373 3412 non

1820 3459 1912 3509 tibi
1940 3459 2137 3511 sufﬁcit
2164 3457 2300 3524 quod
2336 3459 2449 3524 ipse
2473 3459 2638 3523 peris,
2673 3456 2771 3508 nisi
2804 3454 2975 3506 adhuc
3006 3454 3219 3516 insuper
3240 3450 3376 3502 alios

1818 3543 2047 3611 perdas;
2081 3560 2183 3597 non
2221 3545 2311 3622 tibi
2354 3544 2547 3597 sullicit
2578 3544 2715 3610 quod
2748 3544 2858 3609 ipse
2899 3542 2948 3593 in
2990 3541 3075 3592 illa
3119 3537 3377 3592 ebrietate

1819 3636 2067 3700 incurris,
2096 3636 2266 3688 adhuc
2309 3644 2361 3687 et
2391 3635 2522 3687 alios
2566 3643 2737 3687 tecum
2798 3631 2982 3685 trahis.
3040 3630 3150 3684 Non
3185 3628 3379 3683 sullieit

1820 3724 2012 3777 misero
2056 3723 2264 3776 ebrioso
2304 3724 2355 3775 in
2382 3723 2640 3777 ebrietate
2682 3725 2911 3789 seipsum
2958 3733 3236 3788 mergere,
3273 3718 3375 3770 nisi

1820 3822 1874 3865 et
1906 3812 2036 3864 alios
2082 3826 2259 3865 secum
2308 3821 2528 3865 conetur
2552 3812 2846 3866 involvere.
2896 3811 3068 3865 Nolite
3096 3848 3112 3874 ,
3162 3810 3397 3871 fratres.

1823 3900 1983 3953 nolite
2030 3901 2131 3954 hoc
2167 3901 2360 3955 malum
2390 3902 2593 3965 facere;
2626 3902 2802 3954 audite
2849 3902 3161 3966 Apostolum
3194 3900 3378 3952 dicen-

1824 4002 1925 4043 tem
1956 4010 1968 4043 :
1995 3988 2171 4056 Neque
2212 3991 2393 4044 ebriosi
2414 4007 2625 4058 regnum
2672 3992 2761 4042 Dei
2811 3991 3133 4058 possidebunt
3176 3988 3229 4056 (I
3255 3988 3378 4042 Cor.

1822 4079 2029 4146 v1.10).
2066 4080 2257 4131 Ebrius
2304 4079 2443 4131 enim
2480 4094 2576 4133 nec
2620 4090 2844 4147 patrem.
2880 4093 2975 4133 nec
3009 4068 3250 4140 matrem,
3282 4093 3381 4129 nec

1819 4169 2064 4233 amicum,
2097 4184 2191 4222 nec
2234 4168 2504 4222 inimicum
2556 4172 2830 4237 agnoscit;
2868 4185 3041 4237 neque
3071 4171 3209 4222 inter
3240 4168 3377 4221 bona

1821 4267 1874 4311 et
1902 4261 2035 4312 mala
2076 4260 2351 4322 discernit,
2404 4276 2500 4312 nec
2532 4262 2727 4327 ignem,
2774 4275 2870 4313 nec
2900 4260 3128 4329 gladium
3184 4260 3331 4311 timet
3363 4275 3378 4314 :

136 4378 140 4383 ⁴
176 4380 384 4454 diebus,
417 4387 475 4430 ut
499 4391 679 4445 supra,
706 4374 975 4443 poeniteat.
1010 4373 1132 4425 Etsi
1162 4372 1388 4437 amplius
1414 4370 1513 4425 hoc
1546 4368 1717 4421 facere
1748 4388 1797 4446 ι)
1927 4349 2042 4454 ξθιεῖ
2074 4348 2263 4402 Γ³’³ι¹ὀε
2312 4360 2366 4403 ει
2416 4358 2789 4417 Ρθτεεευιοτεδ
2828 4360 2949 4402 ευηῑ
2979 4351 3067 4417 lilli
3096 4352 3281 4402 ιυθυῐη
3333 4359 3386 4403 ει

175 4466 580 4536 praesumpserit,
622 4463 882 4535 corpo_rali
936 4460 1230 4530 disciplima
1277 4459 1605 4526 subjiciatur,
1659 4465 1718 4510 ut

172 4559 343 4612 caeteri
378 4558 613 4610 timeant.

172 4645 341 4700 CAPUT
376 4643 529 4698 LXII.
571 4672 639 4684 —-
667 4640 747 4695 De
773 4643 1005 4694 ebrietate
1029 4657 1058 4691 a
1084 4641 1216 4691 clero
1252 4637 1527 4689 devitanda
1568 4646 1719 4705 atque

783 4710 1090 4762 detestanda.

240 4800 491 4855 Dominus
521 4800 572 4852 in
619 4796 824 4865 Evang.
876 4796 1001 4849 dicit
1028 4813 1037 4845 :
1067 4794 1314 4845 Attendite
1361 4803 1527 4847 autem
1556 4794 1715 4859 vobis,

175 4908 232 4945 ne
253 4893 382 4960 forte
410 4898 676 4957 graventur
722 4887 876 4939 corda
916 4893 1081 4939 vestra
1102 4885 1154 4936 in
1190 4885 1400 4953 crapula
1421 4884 1574 4953 (Luc.
1604 4900 1714 4948 χχι,

175 4978 280 5046 εἰ).
312 4980 377 5041 Et
404 4976 684 5045 Apostolus
712 4975 834 5030 dicit
859 4993 871 5025 :
916 4973 1090 5027 Nolite
1118 4972 1359 5025 inebriari
1382 4974 1515 5037 vino,
1546 4975 1598 5025 in
1619 4989 1718 5039 quo

174 5044 472 5120 animus
504 5064 720 5136 (Ephes.
744 5080 798 5129 ν,
834 5065 939 5131 l8).
964 5063 1211 5116 Salomon
1242 5062 1367 5113 dicit
1394 5079 1405 5112 :
1433 5044 1719 5113 Luxuriosa

172 5172 245 5206 res
274 5165 344 5209 est
370 5156 558 5220 vinum,
588 5165 637 5208 et
686 5155 993 5207 tumultuosa
1043 5152 1290 5213 ebrietas;
1335 5150 1619 5220 quicunque
1666 5151 1718 5201 in

175 5246 245 5294 hts
269 5245 560 5311 delectatur,
588 5259 690 5296 non
717 5242 811 5295 erit
853 5240 1070 5306 sapiens.
1122 5236 1171 5291 Ν
1177 5238 1337 5289 ullum
1378 5247 1621 5290 secretum
1649 5247 1719 5287 est

240 5421 265 5450 ι
291 5414 496 5479 lsidor.,
518 5413 665 5475 ibid.,
694 5427 742 5466 c.
770 5411 869 5474 36;
900 5420 953 5463 et
979 5425 1153 5479 conm,
1197 5424 1243 5462 c.
1273 5409 1357 5461 ΞΟ.

240 5481 265 5516 ⁵
298 5484 367 5534 Iis
395 5478 558 5536 sancti
591 5479 857 5534 Benedicti
882 5482 1009 5547 Heg.
1040 5495 1088 5531 c.
1115 5478 1166 5530 ϐ.

242 5562 263 5617 ἰ
296 5550 766 5617 Sancti-Augustini
792 5565 952 5601 serui.
980 5550 1103 5608 ξω,
1136 5547 1201 5601 de
1230 5548 1414 5613 'l‘etup.

245 5614 266 5650 ⁸
296 5619 473 5669 Sancti
508 5614 793 5677 Benedicti,
829 5618 914 5667 ubi
952 5632 1125 5681 supra.

1828 4439 2114 4493 Ecclesiam
2156 4438 2369 4506 quidem
2398 4447 2766 4502 contemnunt,
2808 4454 2904 4493 nec
2936 4440 3069 4492 bona
3118 4452 3216 4492 nec
3247 4438 3380 4490 mala

1827 4530 2154 4589 discernunt,
2191 4542 2288 4582 nec
2320 4528 2553 4598 gladium
2586 4529 2862 4596 praesentis
2892 4527 3030 4591 vitai,
3080 4542 3179 4582 nec
3206 4528 3383 4595 ignem

1824 4621 2077 4688 gehennae
2130 4618 2340 4682 futurae,
2388 4629 2663 4676 metuunt.
2724 4618 2945 4683 Quando
2996 4618 3156 4673 homo
3203 4617 3385 4683 ebrius

1826 4709 2000 4772 fuorit,
2028 4725 2121 4762 cor
2145 4724 2297 4762 suum
2328 4718 2381 4763 et
2411 4711 2646 4763 membra
2676 4709 2903 4763 liberare
2928 4724 3030 4763 non
3063 4717 3255 4777 potest.

2169 4799 2348 4854 CAPUT
2392 4799 2569 4852 LXIII.
2600 4829 2671 4839 -—
2694 4799 2768 4851 De
2812 4798 3026 4851 clericis.
3284 4844 3294 4853 .

1902 4890 1918 4927 τ
1951 4890 2129 4958 Itaque
2156 4904 2342 4943 omnes
2368 4891 2456 4957 qui
2490 4890 2540 4941 in
2569 4888 2914 4943 ecclesiastici
2938 4888 3211 4940 ministerii
3261 4900 3382 4955 gra-
3453 4878 3456 4883 ’

1823 4982 1975 5035 dibus
1999 4981 2223 5034 Ordinati
2254 4992 2411 5044 sunt,
2446 4981 2621 5036 clerici
2657 4984 2979 5049 generaliter
3022 4980 3379 5033 nominantur.

1825 5071 2008 5124 Claros
2041 5078 2212 5123 autem
2248 5074 2327 5124 vel
2381 5071 2603 5124 clericos
2651 5073 2774 5124 hinc
2805 5072 3098 5137 appellatos
3138 5070 3381 5121 doctores

1832 5160 1997 5210 nostri
2024 5160 2222 5221 dicum,
2252 5158 2371 5226 quia
2407 5160 2627 5212 Mathias
2657 5171 2804 5213 sorte
2833 5161 3034 5211 electus
3085 5164 3193 5218 est,
3224 5170 3395 5222 quem

1824 5250 2049 5315 primum
2076 5264 2165 5312 t-er
2191 5249 2460 5314 apostolos
2493 5230 2713 5315 legimus
2741 5245 3189 5311 ordinatumMrt.
3213 5242 3383 5308 t,‘2ti).

1901 5432 1922 5457 ε
1960 5422 2120 5481 llier.,
2163 5421 2315 5483 epist.
2341 5419 2394 5469 ξ.
2426 5400 2434 5410 “

1904 5489 1919 5524 τ
1954 5490 2155 5601 ιδιώιιι,
2181 5489 2329 5539 ()fﬁc.
2358 5487 2446 5539 ιιι».
2478 5502 2511 5549 t,
2538 5504 2652 5554 cap.
2686 5486 2926 5539 l.llelcrt
2948 5486 3109 5539 Cone.
3136 5482 3378 5551 Aquis)“

1824 5579 1870 5609 ι’.
1900 5561 1945 5609 li?
1973 5601 1986 5609 .

1843 5579 1870 5611 '.
1901 5579 1986 5613 il".
