3914 6236
466 269 467 272 “
531 264 665 319 4037

1510 265 1570 322 3.
1608 265 2096 323 CIIBODEGANGI
2139 266 2476 323 HETENSIS
2516 266 2816 323 EPISCOPI

3639 280 3787 339 108-8

523 371 612 428 Sic
641 381 690 428 et
710 388 899 430 omnes
914 390 1050 446 quos
1083 375 1190 431 illis
1214 377 1542 442 temporibus
1568 377 1927 433 Ecclesiarttm
1956 376 2098 447 prlu-
2122 382 2169 437 Α
2199 392 2300 431 nec
2326 371 2593 443 homines,
2622 390 2644 417 ο
2678 381 2986 448 mistumque
3021 383 3103 454 (ut
3132 380 3205 437 ait
3227 385 3411 456 Poeta)
3439 405 3624 460 genus,
3652 410 3786 460 pve-

520 461 669 531 cipes
695 464 1016 520 ordinabant
1044 477 1188 527 sorte
1235 466 1518 535 eligebant.
1551 467 1736 521 Clerus
1763 476 1940 522 autem
1975 484 2092 522 sors

524 554 927 622 Interpretatur,
959 557 1097 610 unde
1125 566 1176 609 et
1228 556 1509 609 ltazreditas
1553 553 1738 610 Grzecc
1783 555 2094 611 cleranomt‘a

502 644 859 715 _appellatur,
915 655 969 698 et
1033 645 1203 698 heres
1257 645 1597 698 cleronontus.
1668 644 1900 700 Proinde
1960 661 2093 716 ergo

529 735 761 788 clericos
798 730 973 787 vocari
1023 736 1194 799 aiunt,
1224 751 1289 790 eo
1320 738 1461 806 quod
1512 738 1564 792 in
1609 749 1753 792 sorte
1806 737 2092 792 itm-reditas

528 824 732 874 Domini
763 825 975 888 dantur;
1004 824 1082 878 vel
1113 835 1208 892 pro
1233 840 1298 878 eo
1344 825 1482 893 quod
1532 825 1645 893 ipse
1691 827 1945 880 Dominus
1974 843 2092 883 sors

519 926 707 964 eorum
740 913 830 976 sit,
862 913 999 967 sicut
1032 915 1099 968 de
1125 919 1204 968 cis
1227 916 1480 982 scriptum
1505 925 1609 980 est,
1635 916 1885 985 loquente
1909 918 2087 972 Domi-

518 1013 587 1051 no
615 1015 630 1052 :
660 998 771 1072 Ego
787 1001 1058 1055 hereditas
1071 1019 1246 1056 eorum
1269 1001 1441 1071 (Deut.
1471 1019 1623 1067 svnt,
1653 1003 1732 1074 3).
1761 1004 1910 1059 Unde
1933 1020 2090 1075 opor-

515 1098 592 1150 tet
618 1101 671 1143 ut
698 1093 786 1159 qui
811 1092 977 1146 Deum
1009 1094 1320 1149 haereditate
1361 1095 1672 1163 possident,
1733 1096 1935 1164 absque
1977 1096 2085 1151 ullo

517 1176 900 1245 impedimento
929 1184 1108 1236 satculi
1144 1183 1253 1238 Deo
1301 1183 1501 1238 servire
1540 1187 1809 1262 studeant,
1846 1193 1902 1239 et
1953 1201 2083 1253 pau-

517 1281 676 1336 peres
702 1270 891 1334 spiritu
922 1285 1043 1327 esse
1069 1273 1412 1338 contendant,
1446 1282 1502 1327 ut
1521 1288 1757 1342 congrue
1785 1273 2083 1332 Psalmistte

518 1356 648 1411 illud
685 1357 865 1414 dicere
905 1360 1108 1430 possint
1140 1379 1154 1413 :
1191 1361 1438 1416 Dominus
1466 1379 1586 1432 pars
1614 1363 1931 1418 hereditatis
1960 1380 2085 1419 metu

514 1443 683 1517 (Psal.
709 1465 800 1516 xv,
830 1450 901 1520 5).

686 1541 869 1597 Cum
901 1541 1094 1602 LXIV.
1115 1574 1186 1589 --
1217 1543 1292 1600 De
1317 1547 1504 1618 regulis
1550 1547 1873 1604 clericorum.

592 1639 617 1668 ι
650 1631 741 1686 His
772 1632 932 1704 igitur
972 1635 1089 1706 lege
1135 1636 1359 1692 Patrum
1403 1648 1639 1705 cavetur,
1698 1649 1757 1694 ut
1799 1657 1827 1694 a
1876 1642 2078 1712 vulgari

514 1723 621 1776 vita
653 1725 866 1790 reclusi,
913 1728 1094 1782 mundi
1126 1729 1486 1796 voluptatibus
1515 1746 1575 1785 se
1617 1732 1938 1795 abstineant.
1972 1751 2078 1789 non
2117 1714 2159 1771 Β

477 1827 479 1830 ‘
510 1817 850 1881 spectaculis,
883 1833 987 1871 non
1023 1821 1230 1888 pompis
1256 1822 1502 1876 intersint
1537 1841 1548 1874 :
1583 1824 1829 1876 convivia
1872 1826 2081 1892 publica

509 1903 734 1974 fugiant,
767 1906 966 1973 privata
998 1923 1103 1962 non
1159 1915 1367 1963 tantum
1393 1901 1633 1978 pudica,
1680 1913 1773 1966 sed
1806 1922 1860 1967 et
1903 1913 2081 1968 sobria

521 1995 718 2049 colant.
769 1996 954 2052 Usuris
1000 2013 1333 2069 nequaquam
1381 2001 1711 2066 incumbant,
1767 2019 1938 2072 neque
1980 1997 2082 2060 tur-

515 2085 664 2155 pium
705 2073 1080 2156 occupationes
1124 2090 1419 2154 lucrorum,
1451 2107 1550 2146 nec
1579 2091 1779 2148 fraudis
1823 2096 2083 2164 cujusque

515 2175 749 2231 studium
793 2187 1066 2246 appetant.
1123 2179 1376 2235 Amorem
1424 2187 1688 2260 pecuniae,
1717 2183 1865 2252 quasi
1914 2194 2084 2239 mate-

511 2264 646 2319 riam
674 2278 987 2322 etmctorum
1033 2268 1312 2324 criminum
1343 2269 1568 2339 fugiant,
1600 2273 1876 2328 srecularia
1906 2273 2084 2330 ofﬁcia

511 2353 827 2426 uegotiaquc
887 2357 1160 2426 abjiciant.
1206 2360 1478 2414 Honorum
1528 2363 1722 2437 gradus
1768 2373 1879 2432 per’
1913 2366 2081 2420 ambi~

509 2447 683 2502 tiones
734 2462 839 2502 non
876 2449 1138 2514 'subeant.
1187 2448 1290 2504 Pro
1333 2451 1604 2505 beneﬁciis
1648 2453 1928 2507 med‘~.in:e
1979 2456 2072 2509 Dei

513 2549 732 2591 munera
781 2531 889 2592 non
932 2537 1217 2606 accipiant.
1278 2538 1438 2594 Dolos
1461 2547 1516 2593 et
1563 2540 1960 2608 conjurationes
2001 2557 2084 2597 ca-

447 2619 456 2637 ’
511 2637 705 2694 veant;
738 2628 919 2682 odium
948 2639 1002 2701 et
1037 2629 1453 2697 aemulationem,
1505 2641 1665 2701 atque
1693 2632 2076 2689 detractionem

512 2716 876 2789 invidiamque
913 2719 1154 2787 fugiant;
1196 2734 1301 2774 non
1326 2719 1473 2790 vagis
1502 2719 1691 2786 oculis,
1724 2736 1827 2777 non
1879 2722 2077 2778 infreni

512 2805 732 2876 lingua,
788 2817 880 2863 aut
929 2809 1186 2876 petulanti
1220 2810 1528 2878 tumidoque
1583 2821 1734 2889 gestu
1781 2811 2076 2880 incedant,

510 2898 604 2951 sed
634 2899 889 2966 pudorem
919 2914 981 2952 ac
1011 2900 1383 2955 verecundiam
1413 2901 1608 2956 mentis
1635 2902 1865 2969 simplici
1889 2904 2074 2960 habitu

509 2989 827 3059 incessuque
872 2989 1176 3048 oeteudant.
1228 2994 1624 3050 Obscenitatem
1679 2997 1838 3051 etiam
1885 2998 2078 3053 verbo.

510 3094 650 3144 rum,
671 3081 808 3136 sicut
847 3092 900 3135 et
921 3092 1162 3152 Operam,
1186 3085 1398 3152 penitus
1419 3096 1785 3141 exsecrentur.

581 3166 869 3224 Yiduarum
912 3185 976 3226 ac
1032 3173 1294 3241 virginum
1322 3173 1652 3232 visitatioues
1703 3176 2078 3244 frequentissi-

511 3272 627 3314 mas
659 3260 894 3330 fugiant;
944 3264 1707 3320 contubernia-cstranearum
1758 3264 2076 3320 feminarum

510 3351 814 3406 nullatenus
843 3363 1132 3422 appetant;
1184 3355 1556 3429 castimoniam
1587 3353 1797 3426 quoque
1837 3349 2076 3412 inviolati

506 3441 749 3510 corporis
797 3453 1056 3512 perpetuo
1097 3458 1418 3498 conservare
1465 3445 1734 3512 studeant,
1786 3455 1879 3500 aut
1930 3455 2077 3532 certe

508 3531 661 3584 unius
714 3534 1038 3588 matrimonii
1095 3534 1324 3591 vinculo.
1360 3534 1709 3590 laederentur.
1759 3531 2076 3592 Senioribus

504 3637 714 3692 quoque
741 3624 974 3679 debitam
1009 3626 1282 3698 praebeant
1331 3625 1715 3691 obedientiam,
1759 3642 1936 3696 neque
1962 3628 2074 3681 ullo

503 3714 769 3781 iactantia:
800 3716 976 3768 studio
1019 3717 1338 3786 semetipsos
1387 3717 1648 3769 attollant.
1705 3716 1988 3770 Postremo
2021 3716 2073 3769 in

505 3801 768 3869 doctrina,
815 3803 866 3857 in
898 3804 1238 3871 lectionibus,
1271 3807 1324 3858 in
1377 3804 1621 3871 psalmis,
1656 3805 1708 3858 in
1741 3804 1989 3875 hymnis,
2022 3805 2076 3858 in

511 3889 758 3957 canticis,
790 3892 1048 3946 exercitio
1069 3893 1178 3962 jugi
1227 3895 1568 3958 incumbant;
1615 3892 1749 3946 tales
1778 3893 1919 3948 enim
1951 3907 2076 3948 esse

508 3981 706 4036 debent
730 3983 818 4052 qui
847 3983 1042 4038 divinis
1089 3985 1319 4038 cultibus
1349 4000 1469 4040 sese
1518 3985 1898 4053 mancipandos
1927 3985 2078 4038 exhi-

507 4073 634 4128 bere
659 4074 896 4141 student,
924 4076 1129 4130 scilicet
1165 4084 1223 4128 ut
1248 4076 1376 4128 dum
1401 4076 1636 4130 scientia:
1661 4090 1876 4143 operam
1921 4075 2070 4144 dant,

510 4164 772 4221 doctrina:
800 4167 1022 4236 gratiam
1055 4167 1261 4235 p0pulis
1286 4166 1680 4222 administrent.

677 4258 857 4311 Carm
897 4257 1058 4311 LXV.
1081 4285 1151 4294 —
1180 4255 1252 4309 De
1282 4257 1544 4326 generibus
1590 4255 1912 4308 clericorum.

570 4343 598 4382 ι’
632 4345 747 4401 Duo
773 4358 894 4401 sunt
918 4363 1111 4416 genera
1143 4347 1483 4402 clericorum.
1537 4346 1709 4401 Unum
1741 4347 2071 4402 ecclesiasti-
2102 4376 2153 4436 Ι)

504 4451 692 4495 eorum
716 4439 816 4492 sub
845 4439 1098 4508 regimine
1126 4438 1413 4508 episcopali
1447 4438 1790 4506 degentium;
1843 4439 2072 4493 alterum

507 4529 920 4598 Acephalorum,
954 4530 1004 4582 id
1051 4540 1132 4584 est
1180 4529 1295 4582 sine
1342 4532 1536 4596 capite,
1577 4545 1736 4597 quem
1784 4539 2075 4598 sequantur

507 4620 886 4690 ignorantium.
943 4621 1051 4674 Hos
1093 4635 1262 4689 neque
1319 4621 1454 4674 inter
1500 4621 1663 4675 laicos
1733 4623 2070 4678 saecularium

505 4710 807 4766 ofﬁciorum
834 4712 1029 4775 studia,
1065 4726 1236 4778 neque
1264 4712 1401 4765 inter
1424 4714 1650 4768 clericos
1680 4713 1867 4782 religio
1901 4725 2076 4769 reten-

508 4811 584 4856 tat
613 4799 813 4867 dit-ina,
844 4803 936 4858 sed
968 4803 1173 4856 solutos
1202 4813 1360 4869 atque
1388 4805 1724 4869 aberrantes,
1755 4805 1869 4856 sola
1907 4807 2075 4874 turpis

502 4891 612 4946 vita
638 4901 696 4948 et
736 4906 868 4963 vaga
898 4893 1295 4959 complectitur.
1327 4895 1426 4958 Qui
1477 4894 1691 4962 quidem
1726 4893 1924 4947 nullum
1958 4911 2076 4951 me-

507 4990 761 5048 tuentes,
810 4985 1090 5054 explendae
1138 4986 1423 5040 voluntatis
1468 5001 1580 5042 sum
1628 4985 1901 5040 licentiam
1951 5001 2075 5043 con-

512 5081 810 5135 secuntur;
865 5073 1015 5142 quasi
1064 5075 1311 5130 animalia
1357 5077 1554 5142 bruta,
1612 5076 1864 5129 libertate
1917 5085 2075 5144 atque

508 5156 776 5212 desiderio
818 5172 918 5213 suo
950 5159 1211 5228 fruuntur,
1244 5163 1503 5219 habentes
1532 5165 1745 5232 signum
1779 5164 2073 5232 religionis,

512 5261 620 5302 non
651 5247 904 5330 ofﬁcium,
937 5246 1378 5317 Hippocentauris
1425 5254 1651 5316 similes,
1682 5253 1770 5321 qui
1805 5269 1902 5308 nec
1932 5257 2077 5333 equi,

581 5365 604 5429 τ
641 5353 856 5429 lsidor.._
881 5357 999 5429 loco
1037 5360 1221 5425 citato,
1250 5377 1300 5417 c.
1331 5365 1400 5429 2;
1445 5373 1497 5419 et
1544 5363 1765 5427 conci|.,
1794 5377 1846 5415 c.
1887 5359 2003 5417 100.

584 5425 608 5462 δ
629 5424 978 5497 -is_id.,ibid.,
1000 5443 1049 5482 c.
1079 5430 1143 5494 3;
1173 5439 1226 5486 et
1254 5424 1433 5497 conc},
1461 5431 1584 5488 IOI.
1752 5424 1761 5427 ’
2047 5452 2052 5456 ‘

591 5505 612 5533 ι
647 5492 875 5550 Ᾱζηιείό.
906 5511 979 5550 vt.

583 5565 607 5599 ιι
638 5565 837 5634 Qoncii.
871 5565 1191 5631 ﬂeuerat,
1216 5585 1264 5621 c.
1300 5573 1347 5624 i.
1376 5571 1598 5634 Nicen,
1632 5587 1676 5622 ρ.
1714 5572 1780 5623 78

591 5643 609 5667 '
638 5632 838 5691 Concil.
867 5635 1115 5702 Nannet.,
1145 5651 1192 5691 c.
1225 5639 1277 5693 8.

2197 470 2365 537 tesque
2395 468 2650 538 biformis.
2696 470 2932 535 Quorum
2979 474 3195 543 quidem
3242 477 3456 532 sordida
3501 490 3554 535 et
3584 482 3783 538 infami

2197 558 2579 612 numerositate
2629 561 2759 613 satis
2815 575 3082 632 superque
3133 575 3314 621 nostra
3367 583 3490 635 pars
3541 573 3780 629 occidua

2196 650 2478 719 polluitur.

2307 739 2486 794 Cum
2516 740 2711 815 LXVI,
2728 775 2798 785 ——
2827 743 3273 804 De'sncerdotibus
3295 756 3644 818 peccantibus.

2262 846 2289 887 ⁸
2316 850 2617 922 Presbyter,
2647 858 2739 909 aut
2765 856 3039 925 diaconus,
3071 862 3158 929 qui
3183 861 3235 916 in
3264 864 3638 932 fornicatione,
3666 846 3776 926 aut

2193 940 2449 1011 perjurio,
2473 955 2564 997 aut
2587 945 2728 999 furto
2747 989 2761 1012 ,
2800 957 2890 1001 aut
2915 949 3234 1018 homicidio,
3263 966 3450 1025 captus
3472 969 3574 1024 est,
3599 960 3774 1027 depoo

2191 1037 2363 1082 natur:
2390 1041 2698 1088 nontamen
2735 1040 3112 1095 communione
3136 1043 3406 1111 privetur;
3445 1047 3577 1102 dicit
3617 1051 3769 1106 enim

2189 1120 2459 1190 Scriptura
2484 1139 2500 1179 :
2536 1125 2653 1179 Non
2670 1128 2930 1198 judicabit
2959 1126 3208 1188 Dominus
3242 1136 3316 1190 bis
3341 1139 3394 1191 in
3419 1140 3672 1208 idipssstlt.

2189 1230 2365 1304 canar
2395 1233 2599 1290 LXVII.
2622 1237 2763 1296 r—Ut
2791 1240 3056 1311 presbyter
3084 1245 3261 1299 habeat
3290 1264 3444 1303 uitam
3471 1253 3766 1311 ecclesiam.

2259 1352 2284 1380 ο
2307 1344 2591 1416 Presbyter
2621 1363 2725 1402 non
2747 1351 2975 1420 amplius
2995 1369 3152 1423 quam
3181 1371 3338 1413 unam
3359 1359 3646 1418 ecclesiam
3669 1365 3770 1420 ha-

2185 1433 2326 1500 beat,
2361 1436 2502 1491 sicut
2528 1448 2582 1492 ct
2611 1440 2695 1493 vir
2725 1455 2880 1494 unam
2909 1459 3152 1500 uxorem.

2205 1543 2386 1602 Capn'r
2412 1546 2641 1604 LXVIII.
2654 1579 2723 1591 —
2741 1551 2810 1606 Ut
2830 1555 3003 1608 clsrici
3027 1558 3281 1627 nuptialia
3304 1561 3529 1616 convivia
3547 1565 3734 1620 sitast.

2263 1657 2283 1694 τ
2315 1657 2641 1728 Presbyteri,
2673 1661 2946 1730 diaeones,
2971 1667 3346 1736 subdiacones,
3375 1669 3456 1728 vel
3478 1674 3765 1747 deinceps.

2185 1747 2378 1817 quibus
2409 1751 2634 1806 ducendi
2675 1769 2868 1810 uxores
2909 1757 3122 1813 licentia
3165 1775 3273 1816 non
3312 1772 3416 1830 est,
3459 1766 3765 1822 alienarum

2184 1837 2483 1905 nuptiarum
2505 1841 2714 1896 evitent
2735 1845 2977 1899 convivia
3001 1862 3017 1911 ;
3041 1862 3211 1916 neque
3233 1850 3317 1905 his
3339 1854 3560 1910 coetibus
3579 1859 3766 1912 admi-

2181 1940 2454 1993 sceantur,
2495 1929 2583 1984 ubi
2615 1933 2873 1988 amatoria
2913 1943 2968 1990 et
2997 1938 3166 2005 turpia
3195 1940 3402 1995 cantica
3432 1952 3761 2013 canuntur;

2182 2025 2274 2071 aut
2302 2018 2390 2071 ubi
2420 2019 2635 2074 obsceni
2667 2031 2843 2077 motus
2865 2037 3150 2094 corporum
3188 2031 3399 2084 choreis
3430 2041 3484 2087 et
3504 2034 3764 2105 saltatio-

2183 2103 2339 2160 nibus
2367 2105 2692 2174 eﬂeruntur‘,
2723 2125 2791 2164 ne
2818 2113 3032 2168 auditus
3051 2125 3106 2170 et
3124 2117 3339 2175 obtutus
3360 2123 3528 2176 sacris
3548 2104 3762 2197 myste-

2182 2196 2275 2250 riis
2314 2197 2597 2265 deputatus
2643 2202 2874 2270 turpium
2918 2208 3341 2273 spectaculorum
3373 2219 3534 2282 atque
3557 2196 3764 2273 “arbo-

2183 2299 2302 2339 rum
2327 2287 2647 2358 contagione
2669 2290 2962 2357 polluatur.

2252 2376 2438 2432 Cum
2467 2377 2651 2433 LXIX.
2677 2408 2747 2420 -—-
2772 2381 2853 2455 ADe
2871 2398 2931 2436 eo
2956 2387 3094 2453 quod
3119 2403 3222 2440 non
3243 2405 3335 2455 per
3358 2389 3689 2448 ambitionem

2604 2451 2941 2504 sacerdotium
2968 2451 3328 2521 appetendum.

2253 2541 2279 2579 ι
2307 2533 2454 2588 Sicut
2486 2537 2576 2604 qui
2608 2537 2862 2619 invitatus
2891 2542 3110 2607 renuit,
3142 2555 3196 2598 et
3238 2548 3494 2613 qumilus
3521 2551 3718 2619 refugit
3743 2595 3759 2618 ,

2179 2625 2346 2678 sacris
2386 2634 2465 2679 est
2491 2612 2747 2681 altaribus
2789 2629 3127 2698 oli'erendus;
3173 2612 3364 2704 sicqui
3389 2644 3530 2693 ultro
3558 2612 3758 2706 amisit,

2181 2714 2261 2770 vel
2283 2717 2618 2784 importunus
2647 2733 2706 2774 se
2733 2721 2945 2791 ingerit,
2967 2733 3049 2777 est
3079 2727 3259 2792 procul
3289 2729 3450 2782 dubio
3482 2734 3762 2802 repellen-

2179 2804 2298 2859 dus.
2331 2796 2460 2861 Nam
2500 2809 2591 2878 qui
2633 2812 2819 2866 nititur
2845 2813 2912 2866 ad
2942 2814 3128 2869 altiora
3177 2796 3580 2886 conscendere,
3626 2827 3762 2893 quid

2180 2895 2288 2963 agit
2317 2896 2416 2950 nisi
2456 2900 2749 2955 crescendo
2797 2901 3114 2959 decrescat?
3159 2905 3268 2962 Cur
3320 2925 3424 2964 non
3474 2913 3764 2980 perpendit

2181 2985 2300 3054 quia
2329 2985 2625 3043 benedictio
2654 2990 2730 3044 illi
2760 2992 2809 3045 in
2840 2993 3174 3050 maledictum
3198 3003 3525 3054 convertitur
3549 3004 3571 3056 i

2236 3075 2415 3133 Caeur
2443 3079 2603 3134 LXX.
2636 3111 2705 3122 —
2734 3079 2892 3166 Doleo
2906 3088 3053 3166 quod
3076 3101 3393 3146 removentur
3415 3097 3703 3166 presbyteri

2770 3102 2811 3136 va
2835 3102 2892 3138 eo
2954 3102 3052 3139 una
3076 3105 3164 3140 ren

2770 3153 2832 3206 ab
2862 3102 3024 3224 oﬂzcio
3051 3174 3164 3210 suo.

2250 3236 2274 3272 δ
2310 3237 2371 3320 iii
2404 3240 2696 3308 presbyteri
2743 3244 2832 3310 qui
2884 3245 2935 3298 in
2967 3246 3302 3318 presbyterio
3346 3266 3445 3306 suo
3486 3253 3624 3308 ﬁlios
3667 3270 3765 3326 ge-

2178 3333 2404 3396 nuerint,
2435 3335 2695 3388 removeri
2723 3335 2790 3391 ab
2813 3336 2987 3393 olﬁcio
3017 3354 3118 3394 suo
3140 3341 3362 3398 debent.

2210 3419 2387 3475 Carus
2417 3421 2599 3476 LXXI.
2631 3452 2701 3463 —
2733 3422 2838 3478 Pro
2867 3425 3088 3509 inﬁt-ruis
3118 3446 3282 3496 orare,
3308 3442 3356 3485 et
3387 3450 3573 3505 ungere
3607 3451 3724 3503 eos,

2813 3508 3131 3565 prwctpttur.

2246 3578 2473 3635 Jacobus
2527 3583 2796 3650 apostolus
2843 3588 3060 3654 scripsit
3111 3605 3125 3642 :
3173 3587 3479 3658 Iri/irritatur
3531 3596 3661 3662 quis
3709 3598 3763 3650 in

2175 3669 2313 3723 vobis
2337 3710 2352 3735 ,
2379 3672 2585 3726 inducat
2615 3675 2927 3744 presbyteros
2955 3679 3008 3730 in
3039 3680 3249 3731 domum
3295 3697 3441 3734 suam
3461 3721 3478 3746 ,
3530 3692 3578 3736 et
3610 3695 3764 3740 orent

2178 3775 2328 3827 super
2356 3776 2492 3827 eum,
2525 3771 2767 3834 ungentes
2794 3781 2909 3819 eum
2936 3765 3071 3829 oleo,
3102 3769 3155 3821 in
3185 3771 3388 3824 nomine
3425 3768 3641 3826 Domini
3664 3797 3686 3839 ,-
3719 3790 3764 3830 et

2179 3851 2339 3902 oratio
2368 3851 2489 3919 ﬁdei
2531 3852 2743 3906 salvabit
2771 3855 3035 3929 infirmum
3062 3895 3078 3921 ,
3111 3870 3156 3911 et
3184 3859 3444 3912 suscitabit
3475 3859 3636 3916 illum
3659 3862 3768 3916 Do-

2180 3941 2364 3992 minus.
2394 3939 2462 3992 Et
2488 3944 2532 3995 si
2560 3944 2613 3995 in
2648 3945 2862 4012 peccatis
2885 3942 3081 4017 fuerit,
3109 3949 3429 4003 remittemur
3450 3953 3501 4004 ei
3531 3951 3674 4022 (Jac.
3705 3969 3760 4018 v,

2183 4028 2292 4098 H).
2332 4031 2344 4066 ί
2379 4031 2530 4096 Quod
2564 4049 2669 4087 non
2707 4044 2789 4089 est
2825 4037 3045 4092 dubium
3075 4039 3142 4094 de
3169 4040 3415 4096 ﬁdelibus
3439 4049 3766 4113 agrotanti-

2180 4119 2279 4173 bus
2306 4122 2506 4190 accipi,
2538 4124 2620 4178 vel
2653 4124 2872 4198 intelligi
2900 4126 3116 4193 debere,
3138 4131 3225 4196 qui
3261 4142 3448 4187 sancto
3481 4135 3606 4189 oleo
3636 4151 3763 4204 per-

2181 4211 2303 4279 ungi
2350 4222 2612 4281 possunt,
2635 4229 2743 4284 quo
2778 4216 2847 4271 ab
2867 4219 3121 4288 episcopo
3147 4221 3412 4287 confecto,
3444 4237 3556 4278 non
3583 4227 3764 4280 solum

2181 4304 2548 4360 sacerdotibus
2573 4347 2589 4372 ,
2630 4309 2725 4361 sed
2758 4312 3009 4366 omnibus
3041 4304 3115 4364 u'ti
3147 4312 3460 4367 Christianis
3503 4313 3634 4370 licet
3657 4356 3676 4383 ,
3713 4317 3763 4371 in

2179 4407 2270 4444 sua
2300 4434 2314 4456 ,
2370 4402 2461 4446 aut
2502 4395 2552 4447 in
2599 4409 2816 4449 suorum
2859 4400 3180 4453 necessitate
3206 4401 3482 4469 ungendis.
3514 4403 3655 4457 Nam
3685 4404 3766 4459 id-

2178 4483 2321 4537 circo
2353 4485 2675 4553 presbyteris
2706 4486 2909 4542 dictum
2953 4499 3066 4556 est,
3099 4492 3219 4560 quia
3243 4494 3501 4561 episcopi,
3532 4508 3767 4567 occupa-

2180 4574 2412 4627 tionibus
2443 4576 2558 4629 aliis
2589 4577 2869 4644 impediti,
2901 4579 2965 4632 ad
2996 4596 3188 4636 omnes
3229 4582 3510 4651 languidos
3544 4587 3630 4660 ipe
3658 4602 3764 4642 non

2180 4675 2423 4732 possunt.
2457 4667 2721 4720 Caeterum
2751 4671 2794 4722 si
2847 4670 3131 4740 episcopus
3163 4681 3337 4740 pote~t
3358 4715 3375 4738 ,
3419 4684 3514 4728 aut
3543 4675 3763 4746 dignun

2177 4755 2322 4810 ducit
2374 4771 2402 4810 a
2454 4772 2512 4811 se
2561 4760 2902 4827 visi‘tandum,
2954 4775 3006 4816 et
3053 4764 3394 4829 benedicere,
3439 4776 3497 4820 et
3548 4776 3766 4838 tangese

2179 4847 2465 4901 chrismate
2492 4888 2506 4911 ,
2547 4850 2664 4903 sine
2695 4853 3032 4905 cunctatione
3080 4861 3294 4920 potest,
3325 4852 3479 4920 cujus
3508 4866 3597 4909 est
3625 4857 3767 4912 chri-

2178 4953 2292 4990 sma
2323 4939 2620 5005 conficere;
2669 4955 2789 4993 nam
2835 4940 3218 5007 pmnitentibus
3268 4925 3411 5016 istud
3455 4941 3616 5000 fundi
3663 4960 3764 5000 non

2179 5039 2373 5097 potest,
2406 5032 2527 5099 quia
2562 5045 2729 5100 genus
2760 5042 2840 5085 est
2873 5035 3192 5087 sacramenti
3221 5049 3235 5100 ;
3267 5035 3462 5101 quibus
3491 5039 3646 5094 enim
3675 5054 3766 5094 re-

2179 5121 2319 5190 liqua
2366 5131 2696 5174 sacramenta
2741 5130 3036 5190 negantur,
3077 5125 3345 5192 quomodo
3390 5141 3561 5182 unum
3601 5144 3767 5202 genus

2183 5225 2340 5279 posse
2369 5217 2580 5277 putatur
2610 5211 2828 5264 concedi
2854 5211 2875 5264 ἲ

2261 5339 2277 5378 ΐ
2309 5339 2512 5414 Qoncil.
2532 5340 2757 5414 ‘Veuet.,
2782 5357 2835 5414 7c.
2872 5343 2955 5407 ii,
2985 5352 3037 5398 et
3064 5344 3242 5414 Agat_..
3276 5359 3324 5400 c.
3351 5347 3447 5399 59.

2258 5423 2279 5481 tt
2314 5411 2496 5477 Grcg.,
2532 5411 2570 5463 l.
2603 5426 2678 5474 vt,
2711 5413 2866 5481 epist.
2903 5414 3024 5477 169.
3055 5411 3169 5469 iuit.

2259 5480 2284 5517 ί*
2310 5481 2517 5533 Concil.
2552 5480 2875 5547 Momsen,
2906 5498 2957 5538 c.
2987 5487 3038 5537 1.

2264 5552 2274 5585 ί
2317 5551 2495 5624 inuoc.
2531 5549 2546 5601 i
2578 5591 2590 5614 ,
2639 5551 2794 5618 t‘pISI.
2840 5555 2889 5607 i.
2943 5555 3074 5608 Beda
3101 5596 3114 5618 ,
3161 5556 3209 5608 in
3244 5556 3410 5624 Epist.
3460 5555 3584 5612 Jac.
3628 5572 3679 5612 ε.
3709 5554 3766 5616 5,

2185 5631 2302 5689 post
2327 5621 2466 5673 meti.
