3914 6236
179 290 294 344 l089

248 407 414 458 (CAPUT
447 403 647 456 LXXII.
680 433 743 441 —
776 402 1067 456 Oblntiones
1099 402 1149 454 in
1187 402 1416 454 domibus
1447 400 1620 466 o/Ierrt'

745 489 845 525 non
875 483 1124 541 oportere.

234 571 254 598 ⁸
286 563 392 617 Non
423 573 635 631 npnrtet
674 565 725 615 in
757 563 1000 614 domibus
1023 563 1324 615 oblationes
1353 560 1618 613 celebrari
1653 560 1717 612 ab

167 656 434 723 episcopis.
469 657 603 708 vela
634 654 974 722 pre~byteris.

166 747 328 800 (Est-ur
355 745 582 798 LXXIII.
624 772 694 784 —-
725 743 989 808 Quomodo
1015 743 1338 796 benedicendi
1363 753 1478 795 sunt
1505 755 1716 810 sponsus

785 845 836 889 et
863 851 1064 903 sponsa.

233 929 256 966 δ
287 928 521 996 Sponsus
552 937 604 982 et
628 941 823 995 sponsa
849 943 968 984 cum
1009 927 1253 995 precibus
1282 936 1335 980 et
1361 924 1716 980 oblationibus

172 1035 195 1069 a
223 1019 492 1073 sacerdote
514 1021 915 1085 benedicentur;
939 1028 994 1074 et
1023 1019 1229 1087 legibus
1259 1031 1450 1084 sponsa
1478 1018 1713 1081 dotetur,

165 1119 212 1162 et
233 1124 260 1160 a
285 1110 657 1180 paranymphis
687 1111 1038 1174 custodiatur;
1069 1120 1122 1162 et
1145 1109 1352 1175 publice
1374 1108 1714 1162 solemniter-

159 1216 251 1270 que
276 1202 582 1267 accipiatur.
627 1201 792 1254 Biduo
830 1202 989 1255 etiam
1027 1215 1090 1252 ac
1126 1199 1299 1253 triduo
1341 1199 1668 1252 abstineatur
1701 1214 1715 1262 ;

163 1302 208 1342 et
231 1293 481 1346 doceatur
503 1293 582 1346 eis
606 1302 661 1346 ut
685 1293 981 1346 castitatem
1014 1293 1150 1346 inter
1171 1306 1228 1347 se
1253 1292 1572 1355 custodiant,
1597 1308 1718 1346 cer-

164 1383 320 1450 iisque
348 1384 674 1452 temporibus
703 1384 925 1448 nubant,
957 1394 1011 1438 ut
1040 1385 1179 1438 lilios
1209 1401 1312 1436 non
1356 1386 1588 1453 spurius,
1622 1384 1715 1436 sed

163 1474 514 1530 ha'reditarios
539 1475 647 1529 Deo
676 1486 728 1529 et
757 1475 953 1530 srrculo
975 1487 1254 1544 generem.

251 1562 439 1620 Carus.
457 1565 689 1619 LXXIV.
712 1595 781 1606 —
813 1566 892 1686 Del
911 1567 1308 1686 so‘ltemnitatibus
1338 1565 1613 1634 praecipuis

813 1650 871 1686 co
895 1651 953 1686 en
997 1653 1056 1686 is.

813 1650 1056 1689 catenata.

1358 282 1630 338 llEGL'LA
1673 281 2172 338 l‘..-\NUNlCOllUlI.

3245 289 3381 344 1090

1749 405 1790 460 Α
1819 398 1970 450 detur
2002 415 2012 449 :
2051 396 2114 449 Et
2141 413 2254 450 cum
2282 399 2465 464 spiritu
2496 408 2616 464 tuo,
2655 401 2734 452 vel
2773 413 2868 466 pro
2898 401 3087 468 quibus
3118 404 3384 471 supplicat

1821 487 2002 550 Deum,
2038 491 2160 540 dum
2190 489 2315 540 dicit
2347 506 2358 539 :
2395 489 2667 554 Memento,
2705 488 2935 554 Domine,
2968 489 3279 557 {apicularum
3306 498 3388 562 fa:-

1817 582 2166 642 mularutnque
2198 589 2420 641 tuarum,
2453 590 2498 632 et
2529 582 2752 632 omnium
2779 582 3235 646 circumstantium,
3266 598 3387 637 cum

1817 671 1995 724 nullus
2043 668 2389 721 circumstet?
2430 669 2556 732 Qum
2606 671 2934 724 consuetudo
2980 672 3287 738 apostolicae
3331 683 3388 728 et

1817 764 2196 819 ecclesiasticae
2245 762 2544 814 auctoritati
2596 764 2858 816 contraria
2917 765 3275 828 eradicanda,
3331 776 3387 820 et

1821 854 2064 908 funditus
2090 851 2430 919 exstirpanda
2455 860 2538 905 est
2562 865 2592 902 a
2616 849 2820 905 Domini
2851 855 3229 908 sacerdotibus.
3257 854 3316 907 Et
3341 857 3387 909 si

1819 948 1936 1015 quis
1981 946 2081 998 hoc
2109 944 2358 1011 deinceps
2393 945 2568 996 facere
2598 945 2995 1012 priesumpserit
3023 986 3037 1010 ,
3073 948 3266 1014 gradus
3305 950 3386 1001 sui

1821 1036 2058 1104 periculo
2087 1031 2397 1101 subiacebit.

1819 1127 2000 1181 CAPUT
2033 1123 2312 1179 LXXVIII.
2338 1153 2409 1164 —
2438 1123 2505 1178 Ut
2537 1124 2812 1192 presbyteri
2843 1124 3130 1175 inconsulto
3156 1126 3391 1191 episcopo

1892 1214 1991 1248 non
2022 1196 2387 1246 constituantur
2418 1196 2466 1246 in
2497 1194 2720 1246 ecclesiis
2745 1234 2759 1256 ,
2791 1195 2866 1245 vel
2889 1195 2951 1246 de
2973 1195 3188 1246 ecclesiis
3215 1196 3389 1262 expel-

1891 1269 2060 1318 lantnr
2089 1265 2149 1316 ab
2179 1265 2371 1332 aliqua.
2819 1273 2822 1276 ’

1898 1357 1916 1396 ί
1958 1360 2222 1414 Statutum
2270 1366 2351 1411 est
2401 1367 2456 1409 ut
2484 1357 2598 1410 sine
2642 1356 2955 1412 auctoritate
2995 1358 3072 1410 vel
3120 1371 3385 1414 consensu

1827 1449 2198 1516 episcoporum
2232 1445 2522 1516 presbyteri
2553 1447 2601 1499 in
2633 1448 2955 1514 quibuslibet
2987 1448 3234 1502 Ecclesiis
3265 1463 3374 1504 non

1822 1540 2233 1602 constituantur,
2263 1551 2358 1590 nec
2388 1535 2509 1589 inde
2539 1537 2890 1603 expellantur.
2911 1535 2988 1608 .Et
3013 1537 3057 1589 si
3083 1539 3197 1606 quis
3225 1538 3380 1591 dein-

1824 1642 1948 1696 ceps
1981 1627 2082 1681 hoc
2109 1627 2284 1682 facere
2311 1625 2612 1692 tentaverit,
2646 1625 2886 1696 synodali
2915 1628 3176 1679 sententia
3204 1626 3387 1681 distrlo

223 1726 274 1780 In
299 1719 729 1780 solemnitatibus
756 1727 1058 1794 prrecipuis,
1091 1727 1141 1780 id
1175 1735 1258 1781 est
1282 1727 1338 1780 in
1364 1725 1554 1790 Natali,
1587 1733 1640 1778 et
1663 1726 1714 1778 in
1753 1743 1798 1802 Β
1823 1727 1908 1770 cle
1935 1717 2170 1771 feriatur.

159 1811 380 1880 Octava,
408 1822 463 1869 et
492 1815 544 1867 in
573 1812 863 1882 Epiphania
895 1814 1127 1880 Domini,
1156 1824 1210 1870 et
1242 1816 1294 1868 in
1326 1815 1547 1882 Pascha,
1581 1825 1635 1869 et
1666 1815 1716 1868 in

160 1901 476 1980 Ascensiope
500 1907 739 1971 Domini,
771 1914 824 1960 et
865 1906 916 1959 in
950 1906 1262 1962 Pentecoste
1288 1951 1303 1976 ,
1336 1918 1390 1962 et
1419 1909 1720 1963 in'sancto-

157 2011 264 2054 rem
291 1987 688 2066 festivitatibus,
727 1999 778 2054 id
809 2008 911 2065 est,
944 2000 1109 2054 sancti
1139 1999 1392 2069 Stephani
1417 2044 1433 2068 ,
1466 2012 1520 2056 et
1549 2004 1715 2060 sancti

163 2093 374 2148 Joannis
400 2094 757 2164 Evangelistte
782 2135 795 2159 ,
827 2102 884 2149 et
913 2095 965 2147 in
996 2094 1282 2148 festivitate
1309 2094 1590 2149 lnlantiutn
1618 2138 1632 2161 ,
1666 2106 1720 2151 et

162 2186 209 2238 in
236 2183 613 2239 Purilicatione
635 2225 652 2250 ,
683 2193 737 2239 et
766 2185 817 2238 in
847 2183 1224 2250 Assumptione
1269 2194 1468 2238 sancta:
1508 2185 1716 2251 Maria;

155 2274 390 2330 similiter
417 2275 470 2328 in
520 2275 796 2330 beatorum
843 2274 1206 2343 apostolorum
1241 2273 1423 2338 festis,
1469 2283 1523 2328 et
1551 2277 1720 2328 sancti

155 2364 360 2421 Joannis
396 2365 668 2434 Baptistae,
700 2373 754 2420 et
783 2365 950 2418 sancti
979 2363 1282 2428 Laurentii,
1317 2372 1372 2417 et
1395 2366 1562 2418 sancti
1587 2364 1723 2418 Mar-

157 2456 243 2514 tini
268 2495 285 2523 ,
313 2457 430 2512 sive
455 2465 508 2512 et
533 2458 588 2510 in
618 2456 782 2510 natali
815 2456 1098 2524 cujuslibet
1127 2457 1294 2509 sancti
1320 2496 1334 2519 ,
1367 2456 1516 2523 cujus
1551 2455 1722 2510 honor

158 2546 207 2601 ln
224 2547 584 2617 qualicunque
615 2545 870 2600 Parochia
900 2545 1203 2614 specialiter
1232 2546 1538 2600 celebratur
1563 2587 1578 2612 ,
1612 2548 1723 2615 ple-

155 2635 354 2692 narium
376 2635 616 2691 ollicium
649 2635 972 2698 celebretur,
1002 2643 1057 2689 et
1081 2635 1162 2689 bis
1190 2636 1482 2690 reﬁcietur.

356 2731 538 2788 Carus
571 2728 937 2784 LXXV.——De
956 2729 1164 2784 decimis
1191 2731 1499 2784 dividendis.

139 2897 142 2900 ι
223 2832 246 2861 ι
269 2820 594 2878 Sacerdotes
625 2822 804 2892 populi
825 2823 1119 2888 suscipient
1146 2821 1404 2900 decimas.
1430 2831 1484 2876 et
1509 2824 1722 2876 nomina

157 2926 335 2971 eorum
365 2916 668 2986 quicunque
690 2914 933 2969 dederint
971 2898 1166 2981 scripta
1199 2915 1426 2969 habeant
1453 2930 1614 2984 super
1642 2915 1722 2968 al-

156 3014 298 3075 tare;
325 3019 383 3064 et
411 3007 554 3078 ipsas
580 3008 817 3062 decimas
844 3007 1135 3061 secundum
1166 3008 1534 3061 auctoritatem
1563 3021 1723 3060 cano-

155 3092 320 3152 picam
348 3111 532 3152 coram
561 3096 787 3151 testibus
825 3094 1095 3160 divident;
1147 3107 1200 3150 et
1240 3096 1305 3150 ad
1350 3106 1722 3149 ornamentum
1750 3081 1793 3141 C

156 3191 395 3246 ecclesia:
426 3191 653 3260 primam
698 3190 892 3258 eligent
924 3201 1142 3258 partem
1172 3205 1185 3254 ;
1237 3189 1524 3244 secundam
1551 3200 1728 3244 autem

162 3289 249 3346 per
275 3294 468 3333 manus
498 3279 734 3331 ﬁdelium
774 3279 839 3331 ad
879 3293 1033 3332 usum
1077 3293 1368 3344 pauperum
1401 3289 1453 3334 et
1489 3281 1726 3350 peregri.

159 3381 340 3422 norum
386 3367 807 3437 misericorditer
832 3368 963 3438 ﬁcum
993 3371 1138 3422 omni
1183 3359 1482 3444 humilitate
1514 3372 1728 3438 dispen-

157 3472 306 3528 sant;
338 3463 550 3516 tertiam
582 3475 711 3533 vero
734 3468 939 3529 partem
968 3460 1315 3529 sibimetipsis
1347 3462 1447 3514 soli
1477 3461 1726 3515 sacerdo-

158 3557 233 3604 188
254 3558 548 3605 τεεθτνεῃι.

154 3639 324 3699 Caro?
351 3641 494 3696 LXX
507 3640 735 3695 VI.—Ut
760 3642 1032 3710 presbyteri
1050 3657 1137 3706 per
1155 3641 1350 3693 diversa
1372 3639 1432 3691 ab
1453 3640 1721 3706 episcopis,

434 3721 522 3764 aut
551 3713 712 3777 laicis,
741 3713 1006 3766 indiscrete
1025 3728 1124 3764 non
1149 3712 1435 3762 mittantur.

220 3801 484 3858 Statutum
513 3814 596 3857 est
622 3815 678 3858 ut
708 3806 1003 3876 presbyteri
1033 3847 1046 3869 ,
1082 3807 1220 3860 sicut
1249 3805 1502 3857 hactenus
1531 3805 1723 3856 iactum

155 3901 255 3956 est,
298 3894 590 3948 indiscrete
632 3910 727 3963 per
771 3896 979 3950 diversa
1023 3911 1127 3948 non
1176 3899 1451 3947 mittantur
1477 3931 1491 3955 ,
1537 3909 1632 3946 nec
1662 3893 1727 3946 ab

157 3983 414 4052 episcopis
443 4027 458 4050 ,
492 4000 592 4038 nec
621 3989 687 4038 ab
727 3986 845 4040 aliis
872 3987 1102 4054 praelatis
1130 4027 1142 4048 ,
1177 4001 1274 4040 nec
1301 3988 1456 4040 etiam
1493 4001 1519 4038 a
1555 3987 1724 4049 laicis,

154 4085 219 4128 ne
249 4073 385 4126 forte
413 4084 627 4140 propter
644 4090 838 4144 eorum
867 4076 1184 4139 absentiam,
1218 4083 1274 4130 et
1298 4079 1596 4127 animarum
1636 4091 1724 4141 pe-

158 4163 320 4216 ricula
348 4207 364 4229 ,
411 4164 765 4217 Ecrlesiarunt
810 4167 860 4218 in
892 4166 1084 4232 quibus
1105 4165 1379 4218 constituti
1404 4175 1525 4216 sunt
1553 4163 1723 4232 negli-

155 4265 340 4321 gantur
370 4255 567 4308 ollicia.

156 4349 325 4400 CAPUT
385 4345 643 4427 LXXVII.
673 4345 856 4427 —AD.eA
902 4347 1005 4427 illis
1057 4348 1146 4415 qui
1188 4348 1282 4400 soli
1332 4347 1508 4401 missas
1549 4357 1724 4399 contra

313 4425 610 4470 canonicam
639 4425 992 4468 auctoritatem
1020 4433 1198 4470 canere
1221 4427 1554 4483 prtesttmunt.

223 4506 249 4540 ‘
282 4503 550 4559 Statutum
577 4514 660 4557 est
679 4513 738 4556 ut
766 4504 940 4557 nullus
970 4505 1398 4573 presbyterorum
1424 4507 1568 4558 solus
1600 4505 1726 4558 niis-

159 4609 266 4650 sam
318 4598 592 4649 celebrare
638 4606 950 4664 prznsumat,
1002 4597 1122 4663 quia
1169 4610 1271 4649 nec
1319 4596 1478 4649 verba
1519 4594 1725 4648 Domini

158 4685 474 4750 Salvatoris,
498 4685 692 4752 quibus
717 4687 972 4754 mysteria
998 4686 1240 4753 corporis
1269 4694 1322 4738 et
1352 4685 1622 4752 sanguinis
1647 4684 1731 4737 sui

158 4776 433 4845 discipulis
459 4776 780 4830 celebranda
813 4775 1050 4838 tradidit,
1083 4791 1179 4829 nec
1201 4776 1425 4842 apostoli
1459 4775 1605 4828 Pauli
1637 4776 1731 4828 do-

157 4881 399 4925 cumenta
423 4869 719 4934 declarant,
748 4880 844 4920 nec
867 4865 920 4919 in
944 4866 1074 4932 ipsis
1097 4865 1318 4918 Actibus
1341 4866 1727 4933 apostolorum,

160 4958 203 5014 si
228 4960 550 5014 enucleatim
576 4961 834 5026 legantur,
869 4958 938 5010 ita
967 4956 1078 5010 lieri
1104 4957 1300 5012 debere
1331 4958 1436 5009 ullo
1463 4958 1623 5010 modo
1653 4960 1734 5009 in-

163 5055 390 5104 venitur.
442 5059 465 5087 °
506 5050 633 5104 Nam
665 5051 764 5103 etsi
811 5049 1183 5117 interrogatus,
1235 5059 1325 5101 aut
1375 5059 1729 5116 contemptus,

161 5140 463 5211 huiusmodi
504 5142 743 5208 corporis
782 5150 833 5192 et
875 5140 1146 5208 sanguinis
1203 5139 1408 5193 Domini
1457 5142 1732 5193 solitarius

160 5243 500 5288 consecratur
528 5231 686 5286 l‘nerit
712 5273 727 5296 ,
757 5230 884 5300 quid
908 5232 1236 5298 respondere
1261 5233 1456 5298 poterit
1479 5231 1500 5282 ?
1529 5231 1733 5296 Quibus

163 5325 299 5378 enim
323 5324 451 5377 dicit
485 5343 496 5376 :
530 5323 782 5376 Dominus
807 5323 1088 5386 vobiscum,
1118 5333 1206 5375 aut
1237 5338 1264 5374 a
1291 5337 1396 5388 quo
1422 5322 1492 5374 illi
1522 5335 1734 5390 respon-

234 5482 256 5508 °
281 5467 483 5528 Concil.
515 5475 751 5538 Laodic.,
779 5491 827 5528 c.
856 5475 941 5529 58.

236 5543 262 5580 δ
287 5547 534 5613 Carthag.
564 5561 636 5606 Iv,
664 5561 712 5598 c.
738 5544 824 5599 13.

237 5615 527 5684 c'l-Jcbert.,
555 5615 778 5667 Eburac.
811 5615 1066 5684 arcltiep.,
1099 5631 1313 5684 cscerp.
1338 5618 1389 5675 li.

235 5684 261 5719 ⁸
290 5682 363 5738 De
391 5683 579 5748 Cons.,
613 5685 737 5739 dist.
772 5687 820 5738 l.

1859 1809 2040 1863 Cum
2070 1807 2305 1864 LXXIX.
2328 1838 2399 1848 —
2424 1808 2494 1880 De
2510 1808 2651 1880 libris
2667 1824 2795 1877 quos
2821 1811 3161 1880 unusquisque
3189 1825 3357 1866 secum

2260 1883 2312 1932 in
2340 1879 2547 1934 ecclesia
2575 1879 2757 1933 habere
2779 1880 2944 1933 debet.

1894 1966 1955 2021 Hi
1986 1977 2110 2021 sunt
2144 1967 2265 2022 libri
2287 2010 2300 2030 ,
2347 1982 2478 2036 quos
2507 1968 2705 2021 habere
2731 1968 2890 2022 debet
2919 1969 3279 2037 unusquisque
3304 1982 3392 2022 sa-

1821 2058 2011 2112 cerdos
2033 2058 2085 2118 in
2114 2073 2208 2112 sua
2239 2057 2482 2125 ecclesia,
2518 2073 2610 2125 per
2631 2072 2764 2126 quos
2787 2057 3087 2121 missas,-et
3113 2058 3388 2124 epistolas,

1821 2160 1913 2200 seu
1940 2147 2306 2215 Evangeliuin,
2339 2149 2418 2201 vel
2453 2148 2840 2216 baptisteritnn,
2870 2161 2964 2200 seu
2996 2149 3386 2215 paenitentiam,

1824 2243 1916 2287 aut
1940 2236 2167 2289 circulos
2189 2250 2473 2299 annorum,
2503 2238 2615 2289 sive
2640 2235 2896 2289 lectiones
2923 2239 3277 2301 nocturnal-s,
3311 2239 3392 2291 in-

1826 2324 1991 2392 telligi
2025 2335 2220 2394 potest.
2250 2325 2305 2378 Si
2334 2326 2452 2393 quis
2477 2327 2604 2378 tales
2636 2342 2739 2378 non
2771 2326 3028 2392 habuerit,
3061 2329 3126 2380 ab
3157 2327 3393 2395 Ecclesia

1824 2413 2166 2489 degradetur,
2203 2417 2326 2485 quia
2369 2415 2419 2468 in
2451 2415 2540 2469 illo
2568 2416 2862 2484 completur
2883 2418 3022 2486 quod
3052 2419 3102 2470 in
3135 2419 3289 2472 libris
3320 2420 3396 2472 le-

1824 2505 1965 2574 gitur
1998 2524 2010 2558 :
2039 2505 2200 2560 Canes
2230 2507 2358 2559 muti
2393 2523 2491 2560 non
2521 2516 2728 2576 possunt
2769 2509 2956 2562 latrare
2983 2510 3114 2578 (lsai
3143 2526 3256 2572 1.ιί,
3288 2510 3397 2581 l0).

1827 2595 1888 2650 lli
1937 2606 2061 2650 sunt
2099 2597 2219 2650 mali
2265 2598 2557 2667 presbyteri
2603 2598 2690 2666 qui
2735 2601 3114 2667 Concupiscunt
3151 2604 3395 2668 accipere

1827 2685 2092 2752 pastorale
2121 2686 2474 2740 ministerium
2507 2689 2762 2742 Ecclesiae
2783 2731 2798 2752 ,
2841 2705 2938 2744 nec
2970 2702 3144 2744 tamen
3178 2702 3398 2760 possent

1824 2774 1888 2826 ad
1920 2776 2168 2843 populum
2198 2777 2506 2843 praedicare.

1823 2889 2000 2943 CAPUT
2034 2875 2396 2960 LXXX.-¥De
2427 2908 2525 2944 non
2559 2894 2891 2960 suscipiendis
2915 2895 3119 2948 alterius
3151 2893 3396 2950 Ecclesiae

1895 2960 2112 3023 clericis,
2159 2970 2202 3013 ct
2253 2959 2316 3032 de
2353 2959 2726 3030 susceptoribus
2771 2980 2946 3015 eorum
2985 2968 3176 3032 absque
3215 2968 3400 3019 litteris

1897 3031 2312 3084 commendatitiis
2339 3071 2353 3088 .
2387 3034 2461 3083 vel
2489 3035 2697 3086 testibus
2728 3048 2759 3083 α
2788 3033 2986 3087 clericis
3015 3036 3065 3086 in
3090 3031 3264 3088 eadem
3290 3034 3395 3088 Ec-

1897 3099 2050 3152 clesia
2076 3100 2424 3152 militantibus.
3390 3129 3394 3133 ·

1901 3219 1926 3257 8
1951 3210 2069 3265 Jam
2095 3212 2440 3265 constitutum
2463 3221 2544 3266 est
2571 3205 2675 3266 non
2697 3212 2856 3268 licere
2879 3213 2929 3268 in
2959 3213 3179 3269 alterius
3208 3217 3398 3286 civita-

1831 3302 1897 3356 tis
1927 3301 2186 3362 Ecclesia.
2221 3303 2301 3357 vel
2337 3302 2388 3356 in
2418 3311 2681 3372 potestate
2710 3305 2960 3360 laicorum
2993 3306 3217 3360 clericos
3255 3309 3399 3362 mili-

1830 3405 1976 3460 tare;
2024 3396 2118 3450 sed
2152 3395 2345 3448 ibidem
2384 3408 2697 3461 permanere
2731 3396 2782 3448 in
2812 3410 2912 3463 qua
2935 3410 2965 3448 a
2995 3395 3254 3465 principio
3280 3415 3399 3454 me-

1827 3495 2046 3538 ruerunt
2069 3485 2397 3548 ministrare;
2425 3492 2706 3538 extraneos
2730 3484 2837 3550 qui,
2873 3487 3020 3539 mussi
3047 3501 3077 3537 a
3111 3490 3299 3554 patria,
3328 3490 3396 3543 ad

1827 3574 2054 3642 aliquam
2096 3575 2385 3627 Ecclesiatn
2430 3588 2524 3641 pro
2554 3576 2874 3627 necessitate
2899 3577 3142 3628 venerint
3174 3576 3397 3647 [absque

1828 3663 2048 3732 signatis
2077 3665 2315 3731 apicibus
2358 3680 2463 3718 non
2497 3662 2780 3733 recipere].
2817 3665 2916 3730 Qui
2961 3681 3087 3719 vero
3119 3671 3397 3736 episcopo-

1829 3771 1971 3819 rum,
2004 3765 2091 3807 aut
2120 3755 2393 3819 laicorum,
2422 3764 2541 3823 post
2567 3757 2668 3807 hoc
2689 3756 3033 3808 constitutum
3060 3757 3277 3810 alterius
3306 3759 3403 3812 Ec-

1831 3847 2010 3900 clesiae
2041 3848 2293 3901 clericum
2329 3847 2662 3914 susceperit,
2695 3847 2794 3901 nisi
2824 3845 2887 3898 ad
2911 3849 3269 3902 excusandum
3313 3866 3404 3905 ra-
3434 3845 3446 3852 ’

1835 3939 2159 3993 tionabiliter
2185 3981 2196 4002 ,
2231 3938 2426 4002 placuit
2452 3951 2480 3988 a
2505 3939 2880 3990 communione
2902 3941 3176 4007 suspendi,
3203 3950 3256 3994 et
3276 3957 3400 3996 eum

1830 4030 1917 4095 qui
1946 4027 2184 4095 suscipit,
2209 4033 2403 4082 etcum
2433 4026 2520 4093 qui
2553 4037 2827 4093 susceptus
2855 4037 2958 4092 est,
2985 4042 3262 4097 quousilue
3291 4033 3404 4085 cle-

1830 4119 1994 4169 ricum
2025 4108 2089 4168 ad
2120 4129 2268 4168 suam
2293 4115 2474 4168 fecerit
2496 4115 2686 4167 reverti
2722 4114 3032 4169 Ecclesiam.

1828 4207 2007 4260 CAPUT
2054 4204 2288 4258 LXXXI.
2333 4232 2403 4244 —
2449 4202 2681 4272 Epistula
2723 4207 2990 4274 cujusdam
3037 4205 3298 4270 Deicoltc,
3349 4210 3401 4262 in

1900 4276 2087 4327 Christi
2121 4275 2499 4329 nominemissa
2525 4276 2590 4326 ad
2617 4280 2901 4329 sacerdotes
2929 4286 2973 4328 et
3001 4278 3230 4340 clericos,
3265 4293 3401 4342 prte-

1901 4345 2168 4397 dicationis
2197 4351 2346 4412 atque
2371 4344 2722 4396 instructionis
2748 4359 2904 4396 causa
2930 4345 3054 4411 ipsis
3081 4348 3292 4400 directa.

1759 4421 1806 4479 ί)
1911 4434 2273 4487 Dilectissimis
2341 4435 2707 4487 sacerdotibus
2775 4434 3136 4489 Ecclesiarum
3203 4439 3412 4494 Christi-

1836 4526 2169 4596 praesulibus,
2203 4533 2258 4578 et
2285 4525 2490 4578 cunctis
2519 4525 2677 4579 cleris
2705 4524 2756 4576 in
2783 4526 2987 4580 eisdem
3017 4526 3213 4596 ubique
3242 4542 3295 4583 et
3327 4530 3406 4583 fa-

1836 4617 2177 4681 tnnlantibus,
2219 4625 2272 4668 et
2307 4615 2533 4669 Deicolis
2562 4616 2809 4668 omnibus
2855 4618 2905 4670 in
2951 4627 3114 4671 totum
3146 4622 3402 4676 mundutn

1834 4709 2171 4776 degentibus,
2202 4716 2453 4760 aeternam
2482 4707 2533 4760 in
2560 4706 2777 4760 Domino
2803 4707 3080 4763 Salvatore
3110 4721 3291 4764 nostro
3320 4727 3404 4766 sa-

1834 4798 2018 4850 lutem.
2072 4796 2285 4850 Noverit
2331 4795 2490 4864 igitur
2533 4797 2749 4850 dilectio
2781 4810 2955 4850 vestra
3004 4801 3144 4867 quod
3192 4817 3408 4870 semper

1834 4890 2093 4944 sollicitus
2123 4904 2264 4953 sum,
2297 4897 2350 4942 et
2382 4889 2532 4942 valde
2563 4904 2718 4943 nosse
2747 4889 2992 4944 de~idcro
3019 4892 3084 4943 de
3110 4893 3308 4957 salute,
3351 4904 3406 4948 et

1834 4985 2078 5043 sanitate,
2103 4989 2155 5034 et
2174 4980 2279 5033 vita
2308 4991 2501 5035 vestra.
2529 4981 2666 5034 Deus
2697 4991 2874 5050 autem
2898 4983 3134 5044 omnium
3166 4995 3402 5038 nostrum

1834 5085 2178 5140 vestrumque
2210 5072 2351 5140 pium
2384 5072 2679 5144 adimpleat
2698 5071 3026 5126 desiderium
3057 5075 3110 5126 in
3135 5076 3358 5144 gloriam
3386 5117 3402 5141 ,

1841 5174 1894 5218 et
1924 5167 2047 5217 vita:
2084 5173 2282 5216 sancta.-
2307 5142 2681 5229 disciplinam:
2716 5161 2861 5231 Ergo
2885 5179 3003 5217 cum
3043 5142 3211 5216 simus
3239 5167 3410 5218 domi-

1836 5259 1972 5308 nica:
2005 5254 2177 5321 plebis
2206 5267 2431 5318 superna
2463 5253 2807 5308 miseratione
2836 5265 3086 5317 rectores,
3121 5255 3410 5315 studiosius

1836 5363 1931 5400 nos
1975 5348 2223 5400 convenit
2264 5345 2356 5399 Dei
2399 5346 2705 5414 prmsidium
2755 5362 2850 5416 pro
2880 5362 3063 5402 eorum
3092 5362 3234 5417 saepe
3263 5348 3408 5414 cogi-

1908 5485 1928 5546 ἐ
1963 5481 2188 5546 Capitol.
2214 5479 2500 5542 Thcodul.,
2532 5495 2580 5532 c.
2613 5481 2664 5531 7.

1910 5545 1926 5582 ¹
1958 5545 2156 5603 Concil.
2188 5550 2447 5602 Cabillon.
2478 5564 2534 5610 It,
2566 5566 2615 5603 c.
2649 5548 2735 5600 42.

1907 5621 2159 5742 illorLcil.
2197 5619 2441 5673 Antioch.
2470 5635 2518 5672 c.
2550 5621 2601 5671 3.
2634 5619 2834 5672 Arelat.
2866 5619 2900 5669 Ξ
2922 5658 2938 5684 ,
2967 5631 3016 5674 c.
3044 5617 3130 5671 15.
3170 5618 3407 5687 Epaon.,

1833 5702 1882 5742 c.
1917 5708 1949 5741 ο
1979 5699 2029 5742 ei
2094 5727 2116 5742 .
