3914 6236
530 347 657 398 40‘)!

1479 348 1534 399 s.
1577 332 2439 400 Cttltt)t)Et.‘A.\'Gltltl’l‘ENSlS
2482 346 2781 401 EPISCOPI

3638 342 3757 396 {01:3

529 475 640 515 ture
669 462 836 516 salute
865 463 951 533 qui
982 463 1133 516 nobis
1170 462 1437 515 commissi
1465 476 1583 513 esse
1609 460 1858 512 videnlur
1885 501 1897 522 ,
1932 474 1997 511 ne
2025 458 2091 511 de
2122 458 2166 514 Α
2200 455 2270 507 ibi
2302 456 2438 507 Deus
2461 456 2717 507 mediator
2743 454 3128 535 inhabitat,qui
3152 456 3313 508 dixit:
3340 454 3403 507 In
3430 454 3731 522 haec-agno:

527 552 766 618 creditis,
792 564 945 621 atque
970 551 1254 614 lruSIratis,
1285 549 1611 616 quod’absit,
1633 548 1929 608 animabus.
1965 549 2091 601 insi-

470 650 473 655 '
534 644 628 695 iliis
659 644 855 707 antiqui
887 644 1068 703 hostis,
1091 650 1211 692 ante
1240 640 1473 691 ninnium
1506 646 1769 706 pastorem
1799 680 1811 702 ,
1848 637 1948 689 nisi
1977 652 2097 691 suc-

533 735 683 790 cedat
710 731 1077 800 prwveniendo
1106 732 1173 784 de
1200 730 1417 783 oli'ensis
1464 730 1726 783 correctio
1751 770 1765 789 .
1796 729 2096 782 districtam

532 837 782 889 cogamur
822 824 1034 874 solvere
1078 821 1358 875 rationem.
1396 818 1550 873 Unde
1591 834 1833 887 rogamus
1864 833 1993 881 vos,
2044 824 2099 870 ut

528 912 668 977 jnste
709 920 761 962 et
787 910 871 977 pie
910 920 1200 978 sancteque
1225 911 1461 962 viventes
1489 948 1503 972 ,
1531 909 1741 963 caeteris
1773 908 2016 961 lidelibus
2044 908 2097 961 in

532 999 834 1065 exemplum
864 998 1004 1064 sitis,
1035 1007 1087 1052 et
1106 1007 1256 1051 casto
1282 997 1442 1067 corde
1471 1007 1524 1051 et
1549 1012 1773 1065 corpore
1793 997 1893 1051 sub
1919 996 2099 1066 regula

533 1086 784 1140 canonica
810 1086 1014 1155 vivatis.
1490 1144 1491 1147 η
1749 1088 1758 1093 ’

606 1176 671 1228 Ει
694 1187 947 1244 praeterea
981 1186 1099 1243 peto
1131 1183 1187 1229 ut
1210 1175 1560 1230 consideretis
1600 1186 1650 1235 et
1682 1186 1803 1230 ante
1828 1170 2019 1230 mentis
2047 1185 2101 1230 et

536 1268 774 1332 corporis
801 1266 982 1318 oculos
1013 1281 1224 1334 semper
1267 1268 1505 1320 habeatis
1544 1262 1668 1335 quid
1715 1253 1898 1321 sumus
1927 1283 2021 1321 nos
2051 1277 2103 1323 et

538 1370 629 1405 vos
655 1372 669 1417 ;
706 1368 878 1423 nonne
906 1355 1144 1408 homines
1172 1370 1385 1420 sumus;
1434 1367 1488 1410 et
1515 1358 1653 1409 unde
1681 1357 1923 1410 homines
1952 1400 1967 1424 ,
2000 1356 2099 1411 nisi

535 1444 603 1496 de
632 1443 830 1497 humo?
860 1446 924 1497 Et
947 1446 1071 1512 quid
1100 1454 1179 1499 est
1202 1446 1413 1511 humus,
1445 1447 1541 1500 nisi
1573 1447 1743 1514 pulvis
1766 1458 1815 1501 et
1837 1448 2008 1502 cinis?
2040 1448 2103 1503 Et

535 1533 660 1601 quid
687 1534 905 1600 erimus,
932 1534 1030 1587 nisi
1059 1534 1197 1604 quod
1230 1535 1428 1589 dictum
1453 1546 1533 1590 est
1565 1554 1579 1590 :
1610 1537 1838 1591 Christus
1860 1555 1976 1591 cum
2005 1555 2103 1615 ape

536 1623 781 1690 paruerit,
821 1624 864 1676 si
896 1623 1030 1678 bene
1056 1624 1320 1695 egerimus
1340 1664 1356 1690 ,
1384 1628 1429 1679 ei
1454 1627 1643 1680 similes
1666 1629 1849 1681 erimus
1878 1628 2102 1696 (Coloss.

539 1724 615 1775 Ill,
640 1711 694 1780 ξ)
720 1749 733 1773 ,
770 1712 866 1765 hoc
890 1720 966 1765 est
992 1713 1383 1768 immortalitate
1407 1722 1459 1767 et
1496 1717 1830 1770 aeternitate?
1858 1717 2105 1787 Abnege'

2203 556 2313 596 cent
2341 560 2510 596 omnes
2535 546 2653 611 quia
2694 547 2789 596 mei
2818 547 2934 597 estis
2967 546 3229 613 discipuli,
3259 546 3305 597 si
3336 544 3660 596 dilectionem
3681 544 3755 593 ha~

2201 632 2403 683 bueritis
2432 633 2498 683 ad
2524 632 2735 693 invicem
2769 631 2944 702 (Joan.
2978 648 3096 697 xui,
3129 631 3243 701 55).
3279 632 3637 698 VeStratnque
3663 631 3755 687 ira-

2198 722 2459 787 gilitatem
2486 720 2759 774 humiliter
2782 722 3138 788 considerate,
3162 732 3215 777 et
3237 724 3563 775 inﬁrmorum
3588 737 3755 775 curam

2203 810 2461 874 patienter
2490 818 2721 877 portate.
2752 818 2777 846 α
2807 810 2863 863 in
2895 812 3119 879 imperio
3146 820 3323 865 vestro
3345 810 3609 864 moderati
3635 810 3752 872 sitis,

2138 903 2145 906 '
2203 910 2259 951 ut
2283 899 2460 967 regula
2484 899 2692 954 edocet.
2744 900 3003 957 Similiter
3041 917 3232 956 moneo
3260 911 3318 955 ut
3348 916 3508 970 opera
3531 916 3650 970 qua:
3676 902 3755 956 in-

2197 988 2419 1055 jungitis
2451 988 2768 1042 discernatis
2794 999 2846 1042 et
2877 991 3207 1059 temperetis.
3256 991 3642 1045 Discrctionem
3671 1006 3749 1046 re-

2202 1084 2367 1127 stram
2413 1090 2627 1143 semper
2675 1078 2923 1146 cogitate,
2972 1089 3030 1131 ιιι
3071 1080 3215 1149 quod
3269 1079 3495 1134 iecerint
3547 1081 3751 1149 subjecti

2203 1162 2384 1227 vestri,
2428 1164 2627 1232 absque
2652 1181 2923 1220 murmure
2945 1166 3160 1235 faciant,
3186 1177 3245 1221 ut
3264 1177 3317 1222 et
3349 1168 3544 1221 animae
3564 1169 3753 1222 salven-

2204 1265 2307 1316 tur,
2339 1265 2391 1310 et
2419 1269 2641 1322 corpora
2672 1271 2829 1325 supra
2853 1257 3065 1311 modum
3092 1273 3194 1311 non
3218 1266 3526 1326 graventur.
3556 1258 3749 1327 Moneo

2206 1353 2262 1397 et
2290 1359 2475 1399 omnes
2499 1346 2726 1400 clericos
2756 1347 2907 1401 vobis
2927 1348 3218 1415 subjectos,
3251 1355 3306 1401 ut
3329 1348 3477 1402 vobis
3500 1348 3753 1402 humiliter

2203 1434 2477 1502 obediant,
2506 1447 2559 1491 et
2586 1438 2821 1506 regulam
2873 1439 3182 1494 canonicam
3207 1454 3301 1507 pro
3345 1440 3549 1493 viribus
3600 1439 3767 1493 adiat-7

2207 1530 2351 1597 plere
2405 1541 2680 1598 satagant,
2732 1540 2785 1586 et
2832 1529 3032 1600 absque
3082 1531 3501 1607 murmuratione
3552 1528 3753 1599 imperio

2208 1631 2387 1672 vestro
2438 1619 2768 1688 subiaceant,
2822 1620 3153 1689 Dominoque
3206 1620 3434 1674 dulciter
3488 1620 3751 1695 serviant;

2208 1706 2458 1775 quoniam
2509 1709 2682 1761 omnis
2730 1708 2889 1762 homo
2940 1708 3286 1776 poteStatibus
3337 1707 3751 1769 sublimioribus.

540 1814 658 1852 mus
682 1801 821 1865 quod
854 1816 1039 1854 sumus
1064 1840 1080 1867 ,
1126 1813 1180 1855 ut
1208 1802 1517 1870 incipiamus
1550 1819 1670 1859 esse
1702 1805 1840 1873 quod
1877 1821 1979 1859 non
2011 1822 2100 1860 su-

2207 1798 2427 1862 suisque
2456 1797 2752 1864 praepositis
2781 1797 3023 1852 subditus
3046 1814 3165 1853 esse
3185 1798 3343 1852 debet
3369 1798 3550 1870 (Rom.
3576 1814 3683 1867 xui,
3707 1800 3751 1864 l;

537 1902 675 1940 inus.
722 1890 860 1955 Ergo
890 1906 1047 1943 omne
1086 1892 1280 1944 bonum
1326 1908 1354 1944 a
1398 1908 1605 1946 summo
1642 1894 1749 1947 Deo
1780 1895 2099 1962 sperandum

534 1988 632 2039 εει,
664 1978 787 2044 quia
817 1980 916 2030 nisi
950 1980 1197 2033 Domle
1229 1982 1799 2048 (ediﬁcaveritdomum,
1834 1986 1884 2036 in
1914 2001 2099 2037 vanum

535 2065 765 2118 laborant
786 2067 869 2134 qui
896 2067 1153 2134 mitiﬁcant
1175 2085 1287 2121 eam
1311 2069 1480 2139 (Psat.
1505 2073 1707 2139 cvm).
1730 2073 1813 2135 Et,
1842 2071 1959 2126 Nisi
1993 2072 2102 2126 Do-

537 2158 706 2209 minus
734 2157 1025 2210 custodierit
1056 2160 1335 2223 civitatem,
1369 2163 1558 2230 [rustra
1579 2164 1791 2231 vigilant
1814 2164 1899 2231 qui
1910 2158 2100 2218 ἐμειο-

537 2249 684 2299 diunt
735 2263 844 2299 eam
883 2248 1095 2316 (lbid.).
1155 2249 1258 2304 Nos
1300 2266 1427 2321 ergo
1478 2264 1737 2319 petamus,
1781 2270 2100 2323 qutcramus,

539 2339 803 2404 pulsetnus
826 2379 841 2403 ,
878 2340 975 2405 Qui
1003 2341 1123 2405 petit
1155 2343 1379 2411 accipit,
1414 2352 1457 2395 et
1478 2345 1563 2411 qui
1598 2346 1776 2413 quierit
1800 2348 1982 2399 invenit
2010 2387 2024 2411 ,
2056 2357 2103 2400 et

537 2430 761 2497 pulsanti
801 2431 1051 2497 aperietur
1083 2429 1230 2499 (Luc.
1267 2447 1341 2494 tu,
1395 2432 1499 2500 l0).
1548 2433 1847 2501 Cogitemus
1893 2450 2105 2503 semper

539 2518 778 2571 uftiittunt
831 2521 997 2573 nostri
1045 2522 1217 2574 exitus
1261 2522 1400 2575 diem
1456 2540 1467 2576 :
1522 2538 1770 2578 ornetnus
1816 2526 1973 2580 linem
2008 2544 2103 2581 no-

536 2619 735 2672 strum,
777 2621 827 2663 et
852 2597 1236 2676 componamus
1260 2614 1540 2683 diligenter
1570 2618 1728 2669 vitam
1762 2630 2015 2683 nostram,
2052 2630 2106 2674 et

535 2708 791 2767 quantum
826 2701 1010 2753 incerti
1040 2718 1223 2755 sumus
1254 2705 1318 2754 de
1342 2704 1516 2757 obitus
1557 2705 1723 2758 nostri
1756 2706 1863 2771 die,
1900 2716 2102 2762 tantum

536 2787 707 2852 parati
737 2789 901 2842 simus
928 2789 978 2840 in
1006 2790 1216 2842 aetione
1249 2800 1428 2844 nostra
1459 2793 1590 2843 bona
1615 2835 1632 2860 ,
1663 2806 1717 2848 ut
1749 2798 2099 2862 quandocun-

538 2893 642 2944 que
670 2880 909 2942 venerit,
947 2897 1041 2934 nus
1068 2897 1277 2949 semper
1309 2893 1516 2950 paratos
1557 2884 1808 2940 inveniat.
1842 2887 2102 2941 Conside-

533 2982 712 3020 remus
752 2977 804 3022 et
836 2984 1112 3037 pensemus
1142 2974 1259 3041 quia
1298 2973 1567 3035 districtus
1607 2987 1861 3031 venturus
1894 2988 1976 3032 est
2005 2978 2098 3031 Ju-

536 3055 636 3110 dcx
663 3098 677 3121 ,
707 3058 794 3124 qui
828 3074 928 3111 non
960 3061 1133 3114 solum
1162 3077 1402 3129 operum,
1433 3065 1524 3118 sed
1555 3066 1932 3134 cogitationum
1964 3083 2095 3123 exa-

2208 1881 2309 1934 Tit.
2345 1898 2425 1945 nt,
2463 1884 2535 1951 l),
2564 1895 2761 1950 quanto
2793 1887 2959 1954 magis
2984 1888 3126 1941 servi
3150 1888 3242 1940 Dei
3266 1888 3751 1943 obeditehumiliter

2205 1970 2499 2034 praepositis
2526 1970 2637 2022 suis
2667 1971 2860 2024 debent
2882 1972 2903 2023 2
3252 1987 3266 2000 ’
3512 1962 3515 1963 ν

2275 2055 2459 2112 Moneo
2507 2058 2675 2112 etiam
2697 2068 2753 2113 ut
2780 2059 2976 2130 regula:
3021 2062 3290 2118 canonica:
3340 2080 3606 2120 memores
3634 2065 3748 2128 sint,

2204 2145 2425 2221 ejusque
2461 2158 2721 2219 praecepta
2745 2164 2869 2206 ante
2894 2152 3077 2207 oculos
3107 2166 3321 2221 semper
3353 2154 3607 2211 habeant.
3635 2153 3749 2208 Nam

2205 2238 2323 2305 quis
2376 2219 2475 2291 scit
2521 2240 2651 2306 quid
2700 2240 2799 2293 sibi
2841 2240 3134 2310 contingat,
3168 2219 3246 2296 vel
3278 2244 3367 2297 alii
3396 2246 3447 2296 in
3474 2244 3577 2297 hac
3622 2242 3749 2297 vita?

2217 2334 2308 2375 aut
2331 2326 2448 2391 quis
2480 2340 2713 2394 unquam
2742 2328 3057 2382 iuobediens
3083 2330 3147 2382 ad
3170 2330 3367 2384 bonum
3400 2330 3559 2386 ﬁnem
3586 2347 3749 2399 perve-

2210 2414 2392 2466 nerit?
2448 2415 2610 2469 Nobis
2654 2432 2781 2471 vero
2825 2432 2992 2486 pavor
3037 2418 3293 2474 incutitur
3349 2437 3456 2476 non
3508 2422 3746 2485 modicus,

2211 2504 2333 2555 dum
2367 2505 2591 2573 legimus
2642 2506 2928 2559 multorum
2958 2518 3263 2563 sanctorum
3296 2510 3455 2564 linem
3490 2511 3649 2566 fuisse
3674 2526 3750 2581 pe-

2208 2597 2457 2661 riculum,
2491 2609 2544 2651 et
2575 2607 2694 2668 post
2728 2609 2903 2652 tantos
2951 2599 3161 2655 labores
3209 2605 3563 2671 conquisitos,
3613 2608 3749 2658 etiam

2212 2687 2277 2739 de
2302 2688 2523 2742 summis
2546 2690 2609 2742 ad
2635 2690 2740 2742 ima
2781 2703 2901 2743 esse
2930 2691 3310 2760 prtecipitatos,
3346 2710 3573 2761 quorum
3614 2708 3750 2747 casus

2208 2786 2386 2829 noster
2430 2776 2589 2830 debet
2630 2792 2748 2831 esse
2810 2780 3099 2846 proiectus,
3147 2783 3411 2851 siquidem
3441 2793 3495 2836 et
3546 2786 3750 2850 primum

2208 2866 2473 2918 hominem
2546 2882 2641 2933 per
2714 2869 3131 2922 inobedientiam
3201 2873 3459 2925 cecidisse
3528 2873 3747 2941 legimus.

2160 2960 2163 2961 ⁷
2205 2951 2366 3007 Multa
2421 2956 2685 3023 siquidem
2736 2967 2894 3023 atque
2939 2960 3341 3013 innumerabilia
3372 2961 3437 3014 de
3466 2963 3549 3014 bis
3597 2962 3747 3031 colligi

2207 3056 2444 3113 possunt,
2489 3048 2579 3101 sed
2639 3030 2793 3101 nobis
2827 3051 2927 3102 ista
2987 3050 3147 3103 modo
3202 3050 3501 3113 suiliciunt,
3532 3055 3655 3107 utin
3683 3054 3750 3107 his

533 3117 983 3213 ctor'apparebit.
1035 3117 1358 3204 Laboremus
1507 3117 1670 3220 opere
2126 3117 2171 3179 Ο
2205 3138 2454 3200 caveatis,
2491 3153 2557 3190 ne
2607 3138 3025 3191 inobedientiam
3057 3138 3336 3209 in’aliquo
3380 3142 3599 3197 Christo
3636 3156 3752 3197 cos-

534 3247 849 3301 possumus,
881 3237 923 3289 si
960 3253 1063 3300 non
1096 3247 1348 3307 quantum
1380 3240 1635 3295 debemus
1669 3260 1679 3294 :
1717 3244 1970 3309 Quoniam
1998 3258 2103 3311 ,,ut

532 3322 611 3375 ait
637 3324 944 3391 Apostolus,
971 3342 1071 3379 non
1094 3338 1209 3380 sunt
1232 3328 1493 3397 condigna:
1515 3332 1774 3397 passiones
1798 3334 1951 3404 hujus
1975 3346 2101 3391 tem-

533 3415 671 3481 poris
708 3417 778 3466 ad
820 3420 1045 3484 futuram
1068 3420 1336 3495 gloriam,
1380 3436 1493 3487 qua:
1520 3422 1819 3476 revelabitur
1857 3427 1905 3477 in
1939 3428 2097 3483 nobis.

533 3505 646 3572 Qua
674 3505 740 3559 de
771 3522 827 3560 re
857 3511 1201 3577 satagendum
1233 3522 1314 3564 est
1357 3514 1507 3568 nobis
1531 3553 1547 3582 ,
1579 3527 1627 3568 et
1660 3517 1904 3571 omnibus
1931 3519 2101 3575 ﬁdeli-

533 3594 654 3661 bus,
685 3604 743 3648 ut
766 3597 831 3649 ad
865 3597 1029 3665 ipsam
1062 3599 1281 3667 gloriam
1314 3600 1541 3656 ﬁdeliter
1565 3618 1859 3659 curramus.

607 3686 851 3742 Vestri-m
881 3704 1107 3757 quoque,
1135 3707 1167 3745 ο
1195 3694 1522 3760 sacerdotes,
1559 3693 1861 3764 fratresque
1891 3699 2099 3753 dulcis-

536 3776 679 3843 simi,
710 3793 902 3834 moneo
936 3781 1204 3834 solertiam
1233 3824 1246 3843 ,
1282 3794 1338 3836 ut
1369 3785 1780 3840 reminiscamini
1807 3804 1960 3856 quam
1994 3808 2102 3843 nia-

535 3881 640 3935 gna
671 3879 917 3935 suscepta
943 3869 1146 3923 habetis
1182 3887 1340 3925 onera
1372 3875 1701 3939 animarum;
1733 3893 1850 3929 nam
1895 3881 1980 3946 qui
2014 3897 2105 3934 cu-

536 3972 648 4011 ram
700 3960 1052 4028 suscepistis,
1104 3963 1220 4016 ideo
1268 3966 1566 4019 securitatis
1612 3968 1773 4021 vitam
1830 3970 2099 4037 deponite,

534 4061 654 4115 quae
684 4047 886 4106 inutilis
916 4058 995 4101 est
1018 4050 1207 4102 animae
1236 4061 1289 4104 et
1314 4054 1524 4121 corpori
1552 4094 1565 4117 ,
1598 4056 1843 4122 quoniam
1872 4060 1958 4123 qui
1990 4060 2103 4111 ani-

536 4150 651 4188 mas
684 4146 1029 4203 susceperunt
1057 4139 1121 4192 ad
1148 4141 1433 4207 regendum
1460 4181 1475 4207 ,
1511 4159 1694 4211 parare
1724 4162 1781 4200 se
1811 4148 2003 4200 debent
2034 4150 2100 4203 ad

538 4227 799 4280 rationem
850 4230 1171 4286 reddendam
1217 4234 1269 4286 in
1317 4246 1603 4303 conspectu
1652 4238 1768 4293 Dei.
1822 4240 2020 4296 idcirco
2050 4243 2099 4297 iu

538 4327 790 4383 quantum
837 4321 1131 4386 pnevaletis
1158 4362 1171 4387 ,
1218 4334 1325 4376 tam
1353 4327 1514 4379 verbo
1544 4326 1700 4395 quam
1733 4334 1975 4398 exemplo
2000 4373 2014 4396 ,
2050 4343 2103 4387 ut

542 4406 906 4473 praediximus,
934 4408 1218 4464 admonere
1243 4430 1345 4465 non
1372 4419 1593 4469 cessetis
1617 4420 1765 4471 vobis
1793 4425 2100 4476 commissas

530 4515 596 4551 nv
612 4513 671 4553 es
700 4537 715 4561 ,
769 4510 821 4549 ιιι
870 4500 917 4551 in
947 4500 1143 4567 judicio
1174 4517 1290 4555 cum
1328 4504 1591 4572 Propheta
1623 4511 1849 4563 absoluti
1878 4555 1890 4577 ,
1925 4514 2102 4571 dicere

532 4604 595 4655 ρο
612 4589 783 4641 ssitis:
808 4580 1045 4654 Dantitte,
1064 4594 1314 4658 justitiam
1340 4604 1477 4647 tuam
1499 4613 1600 4650 non
1614 4601 1854 4654 abscondi
1878 4605 1926 4655 in
1955 4610 2105 4661 corde

530 4693 669 4731 ineo.
701 4679 766 4731 Et
796 4698 805 4729 :
836 4676 1109 4732 Veritatem
1139 4693 1275 4733 tuam
1304 4695 1349 4735 et
1379 4688 1600 4741 salutare
1628 4700 1768 4743 tuum
1800 4695 1905 4745 dixi
1936 4696 2099 4763 (Psal.

532 4781 697 4820 xxxix
724 4807 740 4832 ,
778 4769 887 4835 ll).
920 4769 1064 4822 Diem
1106 4773 1342 4825 ultimum
1372 4776 1597 4844 cogitate
1624 4822 1637 4845 ,
1672 4790 1725 4832 et
1754 4786 1985 4850 regulam
2016 4801 2106 4840 ve-

537 4870 701 4912 stram
731 4873 1061 4926 c0nservate,
1096 4864 1465 4919 villicationem
1491 4883 1720 4924 vestram
1745 4886 2103 4943 compensate,

539 4950 659 5015 quia
692 4950 759 5003 de
788 4953 1033 5005 omnibus
1060 4954 1146 5021 qui
1178 4958 1496 5023 negligentia
1526 4972 1705 5014 vestra
1744 4966 1991 5029 perierint
2022 4983 2103 5020 ra~

545 5044 742 5093 tionem
777 5045 926 5095 eritis
957 5046 1207 5100 reddituri
1241 5050 1290 5102 in
1325 5052 1407 5104 die
1432 5051 1641 5120 judicii.
1676 5056 1739 5107 Et
1767 5067 1817 5108 ut
1848 5058 1911 5111 de
1945 5075 2100 5125 nego-

544 5132 617 5183 tio
650 5134 851 5184 lucrum
885 5140 1165 5201 reportetis
1188 5150 1243 5193 et
1282 5146 1552 5210 prazmium
1581 5184 1595 5210 ,
1638 5158 1845 5215 Oportet
1876 5165 1968 5202 vos
2001 5168 2109 5204 ma-

542 5222 620 5286 gis
654 5222 907 5287 prodesse
930 5240 1085 5292 quam
1118 5244 1370 5309 prmesse.

615 5312 658 5361 Ο
687 5312 951 5378 spiritales
977 5321 1297 5384 sarcrdotes,
1323 5324 1521 5391 diligite
1553 5328 1750 5380 clerum
1777 5344 1824 5381 et
1856 5332 2105 5399 pOpulum

542 5412 898 5465 vestrum,el
951 5408 1122 5460 nullos
1183 5414 1326 5465 vobis
1384 5420 1651 5472 mstinictis
1712 5424 2109 5489 propinquiores

544 5505 662 5543 esse
694 5506 942 5557 parentes
992 5512 1144 5562 quam
1175 5504 1258 5565 qui
1300 5506 1569 5558 vobiscum
1606 5509 1654 5560 in
1689 5512 1844 5563 domo
1868 5523 1915 5565 et
1948 5528 2106 5581 opere

546 5579 635 5631 ltci
671 5596 962 5651 morantur,
982 5589 1103 5655 quia
1131 5590 1213 5640 ubi
1240 5606 1387 5643 amor
1412 5603 1463 5645 et
1492 5596 1702 5649 dilectio
1725 5611 1799 5651 est
1835 5579 2107 5670 spirit—alis,

616 5698 637 5721 ει
681 5692 853 5750 Sancti
887 5699 1156 5752 “Cllt'tltt'll
1210 5717 1255 5753 c.
1286 5703 1371 5765 Gl,
1403 5704 1491 5769 48,
1528 5720 1571 5759 et
1606 5708 1753 5761 alibi.

2207 3226 2407 3282 feratis.

2278 3320 2396 3372 Non
2460 3322 2611 3373 vobis
2656 3312 2986 3378 delectentur
3041 3324 3246 3381 deliciae
3300 3328 3617 3395 superﬂuat,
3666 3326 3753 3382 nisi

2206 3422 2463 3476 quantum
2508 3424 2702 3479 corpus
2747 3426 3045 3469 sustentare
3091 3402 3359 3483 videntur,
3391 3428 3446 3471 et
3474 3433 3751 3488 nonquaa-

2208 3507 2314 3550 tum
2338 3501 2583 3555 Voluntas
2613 3502 2843 3558 humana
2877 3514 3131 3575 appetere
3164 3517 3420 3563 tentatur.
3446 3510 3621 3566 Nolite
3648 3524 3752 3565 esse

2130 3642 2131 3645 η
2207 3591 2363 3644 cultis
2396 3595 2636 3648 vestibus
2679 3596 2944 3664 adornati,
2978 3599 3072 3653 sed
3095 3601 3328 3667 simplici
3359 3604 3518 3655 modo
3544 3604 3751 3656 necessi-

2208 3683 2406 3737 tatibus
2439 3686 2680 3753 corporis
2710 3688 2991 3747 contenti.
3040 3688 3129 3743 Sic
3152 3689 3393 3744 habeatis
3420 3692 3754 3756 disciplinam,

2212 3783 2265 3825 ut
2290 3788 2392 3826 non
2413 3777 2665 3828 amittatis
2696 3779 2948 3831 animam.
2974 3777 3148 3832 Nolite
3171 3794 3288 3834 esse
3311 3781 3570 3835 oblivioni
3591 3781 3751 3843 dediti,

2210 3878 2307 3916 nec
2333 3866 2437 3917 ulla
2468 3866 2753 3923 securitate
2796 3868 3037 3937 adhibiti,
3067 3871 3167 3925 sed
3198 3882 3302 3925 tam
3332 3875 3573 3939 corporis
3616 3886 3753 3942 quam

2208 3954 2402 4007 anima)
2450 3955 2705 4011 alimenta
2753 3970 3048 4026 praeparate
3091 3962 3241 4014 vobis
3265 3959 3362 4031 [et]
3393 3963 3605 4018 clericis
3644 3962 3754 4018 sub-

2204 4044 2364 4111 jectis
2394 4048 2609 4113 vestris,
2638 4056 2693 4101 ut
2718 4048 2824 4101 laeti
2856 4064 3068 4118 semper
3095 4051 3363 4104 vobiscum
3406 4068 3529 4106 cum
3568 4051 3755 4107 Christo

2208 4136 2443 4188 serviant
2472 4140 2569 4192 sub
2599 4138 2749 4206 cujus
2776 4141 2994 4194 servitio
3031 4156 3090 4194 se
3113 4126 3445 4197 tradiderunt
3475 4162 3488 4209 ;
3525 4156 3581 4199 ut
3616 4148 3664 4199 in
3694 4148 3757 4198 tu-

2212 4231 2330 4276 turo
2361 4226 2669 4280 mercedem
2696 4230 2981 4294 recipiatis,
3003 4241 3057 4284 et
3086 4246 3264 4284 vocent
3292 4233 3501 4287 Domini
3534 4234 3754 4295 audiatis,

2211 4313 2295 4365 tibi
2328 4313 2554 4367 dicitur:
2611 4317 2743 4379 Quia
2785 4334 2938 4386 super
2988 4336 3153 4388 pauca
3197 4322 3364 4387 fidelis
3414 4325 3581 4392 fuisti,
3621 4339 3756 4391 supra

2212 4406 2370 4459 multa
2411 4418 2456 4459 te
2502 4411 2825 4473 constituam,
2879 4412 3015 4462 intra
3052 4412 3105 4463 in
3151 4414 3402 4481 gaudium
3454 4414 3656 4467 Domini
3690 4416 3749 4465 tui

2217 4498 2429 4565 (.llattlt.
2465 4514 2586 4563 xxv,
2613 4497 2724 4566 21).
2759 4501 2836 4552 Ad
2866 4502 3006 4568 quod
3033 4502 3280 4569 gaudium
3302 4520 3387 4558 me
3415 4517 3747 4573 peccatores).

2209 4598 2263 4642 et
2291 4604 2381 4641 vos
2426 4602 2633 4651 omnes,
2664 4605 2762 4641 una
2805 4605 2925 4645 cum
2958 4591 3203 4646 omnibus
3253 4579 3403 4664 nobis
3452 4596 3751 4657 commissis,

2214 4678 2463 4731 Dominus
2486 4688 2537 4731 et
2568 4679 2813 4734 Salvator
2844 4682 3045 4747 uester,
3078 4683 3333 4750 precibus
3388 4688 3628 4741 omnium
3649 4700 3753 4739 sati-

2214 4779 2421 4822 ctorum
2450 4784 2693 4837 suorum,
2722 4768 3012 4838 perducere
3036 4774 3229 4827 illmsos
3254 4777 3304 4825 in
3335 4775 3497 4827 vitam
3526 4785 3749 4828 inteream

2209 4859 2487 4928 dignetur,
2514 4861 2602 4929 qui
2653 4861 2854 4915 vivitet
2886 4872 3072 4930 regnat
3097 4863 3149 4915 in
3194 4864 3388 4915 saecula
3437 4864 3749 4919 mulorum.

2209 4952 2398 5006 Amen.

2318 5046 2494 5097 Cum
2522 5043 2991 5097 LXXXll.—Atia
3014 5046 3227 5111 epistola
3250 5048 3317 5097 ad
3346 5047 3654 5116 episcopum.

2288 5134 2606 5186 Dulcissimo
2630 5132 2846 5184 domino
2866 5148 2985 5187 meo
3002 5135 3252 5204 episcopo
3275 5135 3323 5188 in
3346 5136 3550 5190 Christi
3572 5133 3755 5191 noutino

2215 5224 2436 5275 salutem
2496 5233 2822 5290 perpetuam.
2864 5224 3019 5279 Pater
3047 5226 3377 5295 dulcissime,
3430 5226 3573 5282 bene
3600 5225 3748 5281 valeas

2213 5315 2262 5366 in
2294 5314 2528 5378 Christo,
2554 5323 2607 5367 et
2641 5315 2712 5366 illi
2744 5330 2954 5383 semper
2997 5318 3233 5386 placeas.
3279 5319 3473 5373 Saluto
3499 5328 3573 5386 te,
3598 5326 3649 5374 et
3676 5330 3750 5383 por

2214 5413 2263 5457 te
2292 5418 2477 5456 omnes
2508 5405 2732 5457 clericos
2785 5418 2932 5460 tuos:
2982 5409 3278 5473 consolare,
3311 5420 3363 5462 et
3386 5412 3631 5465 conforta
3655 5420 3747 5465 om.

2214 5494 2263 5545 in
2295 5494 2511 5545 servitio
2568 5493 2773 5546 Domini
2821 5498 2984 5550 nostri
3038 5497 3163 5551 Jesu
3190 5488 3396 5552 Christi
3431 5500 3751 5571 in‘quantum

2216 5586 2486 5653 praevales.
2517 5585 2543 5623 ιι
2594 5588 2778 5640 Moneo
2824 5590 3157 5656 prudentiam
3205 5600 3345 5645 tuam
3391 5603 3452 5645 ut
3503 5598 3755 5663 peccantes

2291 5728 2310 5752 υ
2354 5720 2529 5773 Sancti
2565 5721 2831 5775 Benedicti
2863 5740 2907 5775 c.
2943 5724 2974 5772 2
3000 5764 3011 5792 ,
3040 5725 3125 5776 70.
