3926 6376
278 335 415 386 tim

1497 337 1657 389 urcei
1689 332 1770 384 LA
1811 330 1847 382 c
1873 330 2319 387 musmonem,

3361 340 3489 396 ιυοι

268 466 466 517 arguas
492 465 663 502 coram
691 451 953 512 omnibus,
986 461 1043 502 ut
1076 452 1315 503 timorem
1340 451 1517 503 cmteri
1555 450 1816 505 habeant;
1852 444 1897 498 Α
1930 443 2053 494 Εειο
2106 446 2319 498 miseris
2352 454 2608 512 ut‘pater;
2636 457 2686 501 ει
2714 462 2925 502 εόηεαηι
2952 450 3014 503 ad
3049 458 3101 507 ιϐ
3140 455 3486 511 Clamanlium

271 543 366 605 qui
397 541 533 593 enim
569 541 931 607 proximorum
961 543 1097 594 mala
1132 543 1369 609 respicit,
1395 550 1449 594 et
1472 551 1644 594 tamen
1669 540 1831 641 sil’e'no

270 632 353 682 tio
384 632 610 698 linguam
660 632 874 697 premit,
902 646 963 685 eo
993 632 1177 683 mortis
1224 640 1406 685 auctor
1437 633 1513 693 fit,
1548 645 1649 699 quo
1693 632 1832 683 viros

271 719 458 791 {quos}
491 728 731 783 potuerat
760 735 948 773 curare
981 723 1224 775 noluerit.
1256 724 1362 775 an
1393 739 1520 793 ergo
1546 724 1630 789 qui
1659 724 1707 774 in
1741 738 1827 789 pe-

216 868 221 873 ,
282 815 516 864 riculeso
560 811 744 865 ordine
796 812 1063 866 constituti
1131 830 1334 877 sumus,
1383 800 1732 875 attendamus,
1764 826 1831 866 ne

272 900 443 953 simus
479 900 687 954 inutiles
721 903 881 953 servi.
940 901 1083 954 Illius
1113 917 1322 969 semper
1373 916 1634 955 memores
1667 903 1831 954 simus

273 991 534 1053 mandati,
569 991 653 1058 qui
687 990 849 1044 dixit:
889 990 999 1044 Hoc
1024 1002 1096 1043 est
1128 1003 1420 1059 praeceptum
1448 1007 1611 1043 meum
1639 1002 1690 1043 ut
1711 991 1832 1043 dili-

270 1082 403 1146 gatis
434 1081 643 1133 invicem
670 1079 859 1150 (Joan.
886 1099 968 1146 xv,
1010 1081 1115 1151 l2).
1171 1083 1223 1135 In
1256 1087 1353 1135 hoc
1394 1084 1531 1135 enim
1583 1083 1831 1135 mandato

280 1170 525 1221 utttllium
554 1170 695 1223 salus
725 1172 995 1225 consistit:
1026 1172 1121 1223 hoc
1144 1172 1345 1225 Cunctis
1378 1164 1830 1238 pernecessarium

275 1276 396 1311 t‘Sxe
454 1271 680 1326 constat,
709 1272 757 1314 et
810 1263 1035 1315 maxime
1066 1262 1145 1313 his
1184 1262 1269 1329 qui
1300 1276 1511 1329 gregem
1542 1259 1733 1314 Christi
1765 1261 1830 1312 ad

278 1353 567 1417 regendum
598 1353 881 1422 accipiunt.

348 1443 695 1509 Quaprnpter,
725 1456 899 1510 pastor
941 1442 1270 1505 charissima,
1304 1458 1512 1511 gregem
1545 1457 1697 1511 quem
1744 1456 1831 1496 ac-

280 1533 466 1598 cepisti
494 1532 559 1584 ad
594 1533 875 1599 regendum
930 1534 1208 1601 diligenter
1257 1533 1468 1604 erudire
1515 1532 1833 1597 studeto,et

280 1621 479 1672 sanctis
529 1620 973 1672 admonitionibus
1003 1636 1120 1671 eum
1153 1635 1245 1688 per
1274 1635 1463 1686 pascua
1500 1622 1619 1671 vitae
1665 1619 1833 1673 dedu-

276 1722 399 1760 cere
449 1718 651 1776 satage.
706 1707 877 1760 llabes
905 1707 956 1760 in
988 1709 1128 1761 omni
1172 1723 1335 1775 opere
1389 1711 1526 1762 bono
1565 1709 1827 1763 Christum

273 1798 599 1863 adjutorem,
653 1809 889 1853 sanctum
920 1815 1131 1868 quoque
1162 1800 1246 1852 cui
1275 1798 1469 1865 militas
1499 1801 1831 1868 intercesso-

275 1903 385 1940 rem
425 1908 436 1939 ;
484 1874 639 1942 -sicut
692 1890 1124 1957 gubernationem
1172 1900 1225 1943 et
1271 1886 1717 1958 dispensationem
1778 1893 1829 1946 in

198 1964 203 1969 ’
271 1977 432 2033 domo
463 1978 670 2031 Domini
716 1980 911 2034 habere
944 1978 1061 2032 vide
1077 1981 1169 2044 ris,
1203 1982 1271 2033 ita
1303 1980 1394 2035 tibi
1440 1981 1711 2049 subjectos
1736 1982 1829 2035 bo-

283 2070 365 2121 nis
394 2070 629 2121 moribus
660 2069 835 2121 ornari
869 2069 1150 2135 contende,
1184 2080 1237 2122 et
1266 2084 1357 2123 eos
1387 2070 1437 2123 in
1467 2071 1640 2125 divina
1672 2071 1829 2128 laude

278 2156 621 2212 devotissime
652 2158 733 2211 fac
763 2158 1054 2212 consistere
1082 2176 1094 2221 ;
1126 2168 1179 2212 et
1206 2160 1345 2226 quod
1390 2161 1575 2228 Angeli
1599 2175 1829 2232 semper

274 2255 432 2311 agunt
464 2247 515 2298 in
548 2247 716 2308 caelis,
751 2246 849 2299 hoc
881 2247 954 2299 tui
980 2247 1155 2299 clerici
1186 2246 1378 2315 iugiter
1412 2247 1605 2301 faciant
1634 2248 1683 2301 in
1731 2251 1830 2304 Ec-

266 2334 466 2389 clesiis.
502 2337 671 2391 Tuum
702 2348 783 2392 est
815 2339 1134 2407 praecipere,
1167 2340 1373 2394 illorum
1398 2330 1827 2413 obediregtuum

270 2426 455 2489 praiire
478 2469 493 2492 ,
532 2427 738 2482 illorum
770 2428 1039 2497 subsequi.
1090 2430 1338 2484 Omnium
1370 2432 1547 2497 itaque
1577 2433 1628 2486 in
1653 2435 1825 2489 servi-

268 2517 340 2567 tin
388 2515 479 2569 Dei
512 2533 611 2569 una
643 2517 799 2571 debet
826 2533 944 2574 esse
964 2520 1226 2587 voluntas,
1255 2530 1430 2575 tit-una
1462 2523 1554 2576 fiat
1583 2524 1631 2577 in
1660 2541 1824 2592 regno

272 2603 359 2657 Dei
392 2606 768 2659 remuneratio.

336 2692 524 2747 Nullus
575 2695 718 2748 horis
765 2697 1031 2752 canonicis
1059 2712 1118 2755 se
1142 2698 1337 2754 divinis
1391 2701 1668 2756 subtrahat
1708 2704 1823 2758 lau-

261 2781 434 2848 dihus,
488 2798 555 2838 ne
604 2795 818 2854 propter
861 2788 1097 2856 aliquam
1142 2790 1525 2860 indiligentiam
1571 2792 1818 2863 alicujus,

263 2874 410 2928 locus
442 2875 493 2929 in
528 2888 818 2946 conspectu
864 2879 953 2934 Dei
986 2896 1184 2937 vacuus
1233 2885 1549 2952 inveniatur,
1581 2897 1631 2941 et
1663 2892 1821 2945 verba

272 2962 361 3016 Dei
388 2964 441 3015 in
472 2965 717 3019 ecclesiis
752 2968 937 3022 intimo
964 2972 1140 3024 cordis
1170 2972 1355 3028 all'ecm
1385 2975 1740 3043 proferantur,
1768 2990 1821 3034 et

268 3067 386 3106 cum
419 3068 604 3123 magna
648 3059 945 3114 reverentia
999 3060 1483 3131 Dciomnipntentis
1529 3054 1819 3131 officia‘ce-

261 3140 557 3196 lebrenlur.
594 3147 763 3200 (lmne
792 3162 917 3201 vero
948 3149 1299 3204 ministerium
1327 3152 1517 3206 Christi
1546 3154 1815 3211 humiliter

255 3239 313 3284 et
338 3230 528 3286 devote
558 3234 853 3301 impleatur.
889 3235 1072 3291 Omnis
1105 3239 1279 3307 itaque
1302 3241 1599 3295 obedientia
1636 3244 1685 3297 iu
1716 3259 1817 3298 sa:-

254 3323 359 3376 culi
381 3325 785 3379 necessitatibus
810 3327 1033 3385 fideliter
1058 3341 1110 3382 et
1136 3341 1347 3385 strenue
1372 3343 1669 3403 peragatur.
1701 3336 1817 3390 Fiat

254 3411 499 3479 equidem
548 3411 686 3467 inter
739 3428 927 3468 omnes
978 3418 1394 3474 concordissima
1429 3436 1555 3489 pax,
1587 3433 1636 3477 et
1693 3438 1815 3477 san-

257 3498 495 3550 ctissima
541 3500 789 3565 Charitas,
819 3512 871 3556 et
900 3503 1114 3559 devotio
1159 3508 1276 3561 vitie
1308 3510 1595 3578 regularis.
1627 3512 1816 3566 Senio-

254 3602 343 3641 res
385 3589 535 3643 bonis
566 3593 827 3658 exemplis
853 3604 905 3646 et
933 3596 1113 3648 sedula
1165 3598 1521 3654 admonitione
1571 3588 1844 3657 erudiant-

246 3678 513 3747 juniores,
566 3681 1046 3755 illosquevdiligant
1072 3698 1125 3741 ut
1153 3690 1295 3743 ﬁlios
1314 3734 1327 3758 ,
1358 3693 1514 3758 etilli
1543 3696 1696 3763 quasi
1724 3710 1815 3762 pa-

252 3779 359 3822 tres
397 3784 490 3823 eos
534 3770 921 3839 honorificeut,
981 3778 1297 3849 illorumque
1343 3784 1485 3835 omni
1542 3786 1815 3841 alacritate

248 3857 503 3911 obediant
533 3854 847 3929 prmceptisa

318 3945 434 3997 Tua
465 3962 611 4011 vero,
663 3932 962 4003 venerande
995 3961 1193 4018 pastor,
1243 3958 1581 4009 conversatio
1636 3963 1810 4014 omni-

248 4032 348 4086 bus
376 4037 443 4086 sit
493 4036 795 4109 exemplum
854 4041 1057 4092 salutis.
1111 4040 1250 4095 Cave
1280 4058 1345 4096 ne
1396 4046 1549 4098 nimis
1603 4049 1722 4114 quis
1755 4050 1805 4103 in

249 4133 337 4176 tua
374 4124 764 4181 scandatizetur
794 4130 929 4195 vita;
960 4131 1049 4183 sed
1092 4131 1403 4199 aedificetur,
1435 4143 1487 4187 et
1525 4136 1808 4195 roboretur

248 4215 301 4267 in
332 4219 414 4267 via
448 4217 705 4280 veritatis,
733 4222 851 4288 quia
902 4222 993 4274 tibi
1016 4237 1077 4275 ex
1118 4224 1329 4277 illorum
1378 4224 1548 4279 salute
1602 4219 1806 4281 merces

240 4303 516 4372 judicatur
543 4318 739 4363 acterna
765 4325 781 4363 :
816 4314 928 4363 cani
958 4314 1128 4380 capilli
1160 4324 1452 4368 extremum
1483 4316 1804 4384 denuntiant

1931 535 2215 602 diligenter
2255 537 2482 601 discute,
2528 548 2577 591 et
2624 532 2780 606 parce
2822 541 2873 595 in
2919 546 2969 597 te
3017 545 3381 612 peccantibus,
3429 557 3485 602 ut

1931 623 2071 676 Deus
2106 624 2210 676 tuis
2242 634 2424 691 parcat
2453 630 2702 693 peccatis.
2743 630 2868 684 [isto
2897 631 3070 698 justus
3093 635 3143 685 in
3169 634 3398 703 judiciis,
3436 648 3489 693 et

1932 714 2236 765 misericors
2270 713 2319 766 in
2353 715 2581 768 debitis:
2636 719 2882 786 magister
2932 720 3200 787 virtutum,
3254 727 3488 781 moribus

1934 801 2206 881 Ιιοιιιξειιιςρ
2240 804 2415 856 verbis
2452 802 2740 872 jncundus,
2776 809 2878 862 vita
2925 812 3222 877 laudabilis,
3260 814 3309 868 in
3342 817 3487 869 omni

1932 905 2093 959 opere
2118 891 2210 944 Dei
2239 891 2485 945 devotus.

2004 982 2241 1035 Clericos
2282 996 2490 1050 quoque
2520 980 2818 1048 cohortare,
2853 993 2907 1038 tit
2937 998 3143 1042 sanctas
3186 989 3488 1059 Scripturas

1930 1069 2330 1136 diligentissime
2374 1071 2588 1137 legant;
2639 1086 2741 1123 non
2771 1073 3039 1127 confidant
3072 1076 3130 1128 itr
3155 1076 3345 1146 linguae
3394 1094 3487 1133 uo-

1933 1158 2064 1224 titia,
2096 1167 2150 1211 ut
2196 1162 2406 1226 possint
2449 1159 2929 1216 contradicentibus
2968 1163 3173 1217 veritati
3205 1168 3487 1222 resistere:

1937 1259 2061 1301 sunt
2087 1248 2226 1301 enim
2262 1262 2493 1316 tempora
2528 1250 2840 1318 periculosa,
2878 1263 2934 1306 ut
2980 1258 3267 1323 Apostolus
3296 1260 3486 1326 pracdi—

1934 1340 2030 1406 xit,
2055 1343 2172 1409 quia
2205 1342 2354 1395 multi
2381 1341 2851 1409 pseudo-doctores
2879 1343 3116 1412 surgent,
3148 1342 3486 1403 introducen-

1933 1438 2010 1483 tes
2058 1439 2251 1493 sectas,
2280 1431 2368 1496 qui
2398 1429 2674 1485 catholica:
2722 1430 2840 1486 tich
2889 1433 3063 1501 impiis
3103 1438 3482 1491 assertionibus

1932 1518 2196 1573 maculare
2249 1520 2516 1583 nitentur;
2552 1519 2668 1575 ideo
2716 1534 2933 1575 necesse
2960 1526 3127 1577 estad
3182 1525 3475 1582 Eeclesiam

1934 1608 2046 1674 plus
2074 1611 2267 1663 habere
2314 1610 2641 1673 defensores,
2672 1612 2763 1679 qui
2795 1626 2899 1665 non
2928 1616 3098 1668 solum
3127 1618 3248 1669 vita:
3280 1620 3477 1673 sancti-

1934 1707 2056 1763 tate,
2088 1700 2178 1751 sed
2212 1698 2367 1753 etiam
2392 1699 2631 1754 doctrina
2664 1703 2897 1757 veritatis
2925 1714 3095 1758 castra
3126 1706 3215 1760 Dei
3248 1708 3474 1764 viriliter

1860 1766 1907 1826 Β
1936 1788 2217 1843 defendere
2265 1789 2488 1843 valeant.

2004 1878 2107 1933 llas
2136 1892 2259 1932 vero
2292 1879 2390 1947 pia:
2432 1880 2806 1935 admonitionis
2858 1883 3140 1949 lltterulas,
3173 1900 3279 1941 non
3334 1892 3484 1957 quasi

1938 1967 2192 2021 nescienti
2246 1967 2436 2034 direxi,
2465 1970 2557 2023 sed
2588 1978 2645 2022 ut
2674 1985 2809 2025 vera:
2863 1973 3136 2029 charitatis
3185 1975 3375 2048 [quat]
3403 1989 3485 2033 est

1939 2060 1989 2110 in
2008 2073 2123 2112 meo
2153 2069 2386 2127 pectore,
2409 2060 2565 2114 fidem
2590 2061 2946 2117 ostenderem.
2970 2062 3319 2135 Omnipotens
3343 2068 3482 2123 Deus

1933 2160 2001 2211 te,
2037 2159 2256 2217 tuosque
2283 2151 2625 2204 charissimos
2655 2153 2904 2217 clericos,
2935 2152 2987 2209 in
3017 2156 3162 2211 omni
3197 2158 3334 2213 bono
3358 2175 3479 2228 pro-

1932 2238 2089 2292 ficere
2113 2236 2290 2303 faciat,
2316 2249 2370 2292 et
2399 2240 2463 2291 ad
2492 2239 2865 2295 beatitudinem
2906 2252 3120 2299 reternce
3148 2245 3328 2313 gloriae
3356 2262 3473 2315 per-

1932 2328 2110 2380 venire
2163 2326 2437 2393 concedat,
2468 2328 2553 2397 qui
2604 2336 2785 2397 regnat
2814 2328 2865 2383 in
2890 2333 3081 2386 saecula
3138 2334 3477 2391 saeculorum.

1929 2418 2117 2472 Amen.
2570 2427 2579 2431 ’
2656 2422 2665 2431 ’
2771 2425 2775 2428 ’

2064 2506 2241 2560 CAPUT
2269 2505 2547 2560 LXXXIII.
2568 2537 2634 2547 —-
2657 2507 2730 2561 De
2758 2507 2996 2563 άοτιι-ἱηω
3015 2512 3337 2571 discretione.

2000 2606 2020 2631 ἰ
2061 2594 2174 2648 Non
2205 2594 2451 2648 omnibus
2498 2611 2597 2648 una
2630 2600 2922 2667 eademque
2947 2599 3183 2655 doctrina
3217 2612 3303 2655 est
3333 2603 3482 2656 adhi—

1927 2689 2124 2753 benda,
2156 2689 2247 2743 sed
2283 2704 2375 2758 pro
2403 2691 2653 2758 qualitate
2695 2706 2900 2748 morum
2950 2694 3151 2749 diversa
3177 2694 3477 2775 exhortatio

1923 2780 2025 2832 erit
2089 2779 2385 2833 doctorum.
2453 2779 2581 2834 Nam
2640 2783 2895 2850 quosdam
2950 2784 3240 2854 increpatio
3297 2788 3468 2853 dura,

1924 2868 2175 2937 quosdam
2204 2883 2330 2927 vero
2369 2868 2669 2924 exhortatio
2698 2873 2911 2941 corrigit
2940 2873 3150 2928 blanda.
3200 2874 3345 2929 Sicut
3375 2890 3461 2943 pe.

1924 2958 2006 3013 riti
2035 2960 2222 3014 medici
2255 2959 2318 3013 ad
2352 2960 2531 3013 varios
2573 2964 2809 3028 corporis
2836 2964 3049 3016 morbos
3069 2963 3280 3018 diverso
3311 2968 3475 3029 medie

1903 3047 2125 3129 .cam‘ine
2175 3048 2430 3114 serviunt,
2467 3050 2535 3104 ita
2577 3058 2634 3103 ut
2656 3050 2817 3119 jnxta‘
2858 3051 3135 3108 vulnerum
3193 3057 3474 3109 varietates

1871 3133 1891 3159 ⁴
1923 3138 2181 3192 medicina
2216 3139 2419 3192 diversa
2446 3138 2549 3203 sit;
2580 3139 2657 3192 sic
2685 3146 2735 3192 et
2757 3138 2944 3196 doctor
2968 3140 3219 3196 Ecclesiae
3255 3144 3474 3213 singulis

1922 3229 2222 3296 quibusque
2248 3241 2537 3295 congruum
2562 3228 2817 3282 doctrinte
2847 3228 3135 3283 remedium
3166 3230 3472 3297 adhibebit;

1923 3316 2128 3385 etquid
2188 3316 2381 3382 cuique
2420 3325 2681 3384 cpnrteat,
2731 3330 2826 3387 pro
2878 3326 3050 3381 etate,
3102 3334 3197 3387 pro
3245 3334 3371 3374 sexu
3411 3335 3476 3373 nc

1921 3408 2265 3476 professione,
2302 3407 2652 3462 aununtiabit.
2702 3406 2815 3461 Non
2844 3410 3175 3464 omnibusea
3200 3424 3317 3477 quae
3344 3419 3472 3465 sunt

1917 3502 2111 3552 clausa
2146 3498 2425 3567 aperienda
2447 3505 2590 3554 sunt.
2648 3498 2797 3552 Multi
2840 3506 2961 3555 sunt
2982 3501 3122 3555 enim
3154 3500 3239 3568 qui
3270 3514 3461 3567 capere

1917 3609 2019 3646 non
2077 3600 2318 3661 possunt,
2380 3591 2569 3658 quibus
2611 3591 2655 3644 si
2711 3591 2992 3646 indiscrete
3044 3592 3470 3657 manifestentur,

1917 3687 2094 3740 statim
2124 3693 2212 3738 aut
2252 3683 2558 3751 detrahunt,
2618 3690 2706 3735 aut
2752 3681 3040 3753 negligant.
3090 3682 3471 3751 Rndibus.po-

1921 3778 2053 3846 pulis
2083 3792 2175 3830 seu
2232 3776 2539 3829 carnalibus
2585 3778 2734 3841 plana
2777 3783 2937 3842 atque
2985 3777 3308 3838 communia,
3364 3790 3468 3829 non

1915 3882 2117 3921 suu‘ima
2149 3876 2305 3935 atque
2354 3865 2514 3920 ardua
2542 3874 2668 3919 sunt
2717 3865 3071 3929 przediCanda,
3102 3881 3165 3919 ne
3194 3866 3472 3919 immensi-

1914 3969 2021 4013 tate
2050 3961 2308 4014 doctrinm
2360 3958 2727 4025 opprimantur
2754 3956 2927 4025 potius
2953 3972 3109 4023 quam
3140 3957 3469 4011 erudiuntur.

1916 4048 2060 4102 Unde
2087 4058 2137 4101 et
2168 4047 2359 4099 Paulus
2389 4044 2658 4111 apostolus
2685 4044 2757 4097 ait
2782 4062 2793 4094 :
2849 4041 2967 4097 Non
2994 4047 3134 4112 potui
3165 4045 3297 4096 vobis
3319 4045 3467 4112 loqui

1908 4141 2050 4211 quasi
2078 4136 2519 4209 spiritalibus,'sed
2540 4134 2687 4203 quasi
2712 4132 3028 4195 carnalibus;
3077 4143 3317 4202 tanquam
3346 4151 3467 4203 pur-

1909 4230 2037 4283 vulis
2074 4229 2125 4281 in
2162 4226 2384 4287 Christo,
2432 4225 2510 4277 lac
2559 4224 2694 4276 vobis
2735 4234 2916 4291 patum
2952 4224 3094 4286 dedi,
3148 4241 3248 4277 non
3298 4240 3464 4278 escam

1910 4319 1960 4389 (Ι
1994 4319 2108 4372 Cor.
2143 4332 2222 4382 ut,
2249 4315 2327 4383 Ξ).
2358 4313 2666 4368 Carnalibus
2687 4312 2880 4393 quippe
2909 4310 3099 4368 animis
3138 4327 3235 4367 nec
3260 4315 3363 4367 alta
3387 4316 3468 4367 ni-

248 4409 539 4460 properare
561 4397 723 4463 diem,
754 4412 1079 4468 quapropter
1108 4413 1320 4470 paratus
1350 4414 1463 4457 esto
1492 4408 1635 4459 omni
1671 4407 1797 4461 hora

1927 4416 2013 4467 nis
2036 4414 2107 4466 de
2137 4408 2464 4476 caelestibus,
2494 4420 2591 4459 nec
2618 4414 2828 4459 terrena
2871 4404 3115 4459 convenit
3158 4406 3466 4474 praedicare,

246 4486 297 4537 in
321 4500 599 4541 oceursnm
653 4490 857 4543 Domini
911 4492 1001 4545 Dei
1041 4493 1134 4545 tui.
1184 4490 1405 4547 Dilectio
1451 4495 1707 4566 fraterna,
1743 4510 1798 4552 et

242 4578 595 4648 eleemusynte
624 4584 955 4646 miserorum,
990 4597 1042 4638 et
1075 4588 1191 4640 vita:
1220 4591 1456 4651 eastitas,
1492 4602 1795 4658 pteepareut

244 4670 337 4722 tibi
366 4672 582 4739 gradum
613 4676 661 4725 in
693 4676 847 4728 caelo.

315 4759 542 4813 Festivis
568 4763 751 4817 diebus
781 4767 1023 4819 veniente
1053 4768 1115 4818 ad
1141 4766 1417 4821 ecclesiam
1478 4771 1695 4833 ponttlo,
1724 4771 1805 4824 fac

242 4848 324 4902 eis
357 4851 642 4915 praedicare
691 4852 855 4906 verba
909 4855 1018 4918 Dei,
1046 4865 1099 4908 et
1121 4872 1437 4923 quocunque
1486 4859 1652 4925 vadis,
1698 4860 1804 4913 cle-

244 4941 361 5004 rici,
410 4941 496 5008 qui
552 4943 823 4995 servitium
873 4943 965 4997 Dei
1014 4944 1233 5010 pleniter
1285 4960 1560 5015 peragant,
1622 4958 1795 5002 tecum

242 5040 389 5090 eant,
424 5032 711 5085 sobrietate
752 5035 947 5097 ornati,
980 5051 1082 5086 non
1108 5038 1345 5089 ebrietati
1386 5037 1606 5101 assueti,
1668 5053 1801 5105 quo-

245 5137 362 5173 rum
397 5122 642 5175 honestas
669 5125 786 5177 vitae
811 5125 927 5177 aliis
956 5130 1023 5178 sit
1052 5126 1289 5180 doctrina
1322 5130 1533 5181 salutis.
1578 5130 1801 5182 Curant-

239 5226 343 5277 que
368 5211 559 5277 ubique
585 5213 801 5280 habeas,
828 5223 879 5268 et
897 5218 1451 5284 maximepauperum,
1488 5219 1797 5282 viduarum,

239 5308 291 5353 et
321 5298 699 5367 orphauurum,
735 5313 789 5355 ut
816 5305 1001 5359 audias
1030 5308 1077 5357 in
1103 5308 1185 5359 die
1208 5309 1478 5360 tremendo
1502 5324 1529 5358 a
1561 5309 1789 5363 Domino

239 5407 360 5444 cum
390 5394 504 5443 aliis
530 5394 919 5464 eleemosyttam
952 5398 1290 5451 facientibus:
1343 5400 1577 5463 Quandiu
1601 5403 1789 5465 fecistis

240 5482 328 5535 uni
362 5497 427 5534 et:
461 5484 536 5533 Iris
579 5487 818 5552 minimis,
871 5488 993 5539 mihi
1029 5491 1215 5555 fecistis
1246 5488 1456 5555 (Matth.
1506 5507 1623 5551 xxv,
1674 5493 1789 5559 40).

318 5604 344 5668 ξ’
381 5600 590 5663 Milon,
626 5601 661 5651 I.
690 5615 741 5652 Itt
772 5601 941 5660 St'lil.,
972 5615 1017 5651 (ξ.
1051 5601 1146 5663 43;
1181 5618 1328 5653 cottt‘.
1366 5603 1670 5668 At'tttisg.,c.
1700 5605 1789 5659 9.3.
1860 5600 1863 5601 7

1912 4503 2003 4558 sed
2022 4500 2375 4559 mediocriter,
2394 4506 2447 4549 ut
2466 4495 2613 4549 initia
2635 4509 2817 4550 eorum
2840 4507 3118 4563 moresque
3140 4494 3468 4558 desiderant,

1911 4590 2142 4646 edoceri.
2176 4586 2376 4641 Corvus
2402 4582 2719 4655 dum'pullos
2748 4596 2872 4636 suos
2898 4583 3088 4635 viderit
3115 4582 3216 4636 albi
3247 4584 3466 4647 cotoris,

1914 4680 2072 4732 nullis
2103 4692 2193 4732 eos
2221 4676 2353 4728 cibis
2382 4673 2493 4737 alit,
2527 4673 2619 4729 Sed
2648 4670 2971 4725 tantumdem
3017 4670 3262 4734 attendit,
3295 4673 3468 4724 donec

1913 4782 2132 4838 paterno
2182 4768 2359 4821 colore
2416 4765 2751 4832 nigrescant,
2809 4771 2862 4815 et
2906 4762 2982 4816 sic
3034 4760 3151 4814 illos
3198 4761 3467 4827 frequenti

1911 4862 2030 4913 cibo
2050 4858 2237 4912 reficit.
2266 4855 2336 4907 Ita
2360 4862 2413 4908 et
2441 4851 2696 4908 Ecclesiae
2723 4851 2909 4906 doctor
2935 4859 3209 4911 strenuus,
3240 4850 3341 4903 nisi
3374 4865 3468 4903 eos

1912 4965 2044 5019 quos
2070 4952 2223 5002 docet
2271 4944 2463 4999 viderit
2490 4943 2555 4996 ad
2576 4956 2727 4996 suam
2756 4939 3158 4996 similitudinem
3198 4942 3465 5008 pmniten—

1911 5046 1998 5097 tiae
2027 5038 2363 5094 confessione
2383 5035 2706 5106 nigrescere,
2730 5043 2803 5097 et,
2834 5031 3006 5086 nitore
3027 5046 3128 5085 sine
3140 5032 3267 5084 ulari
3300 5031 3466 5098 depo-

1922 5134 2047 5196 sito,
2084 5126 2476 5182 lamentationis
2502 5124 2737 5178 habitum
2767 5124 2834 5175 de
2857 5122 3054 5191 peccati
3104 5122 3471 5175 recordatione

1913 5223 2149 5283 induere,
2180 5234 2283 5271 non
2335 5217 2506 5285 aperit
2551 5211 2911 5283 intelligentia
2944 5208 3195 5279 spiritalis
3255 5210 3468 5277 profun-

1906 5313 2053 5364 diora
2079 5310 2348 5379 mysteria.
3474 5388 3481 5395 '

1980 5403 2003 5439 ιι
2030 5404 2178 5457 Prius
2227 5398 2450 5454 docendi
2488 5409 2607 5451 sunt
2649 5395 2886 5452 seniores
2941 5392 3129 5463 plebis,
3164 5400 3217 5445 ut
3249 5404 3343 5460 per
3372 5405 3465 5442 eos

1908 5494 2037 5546 infra
2070 5490 2222 5561 positi
2255 5487 2461 5543 facilius
2486 5488 2802 5543 doceantur.

319 5665 345 5707 ι’
374 5669 549 5721 Isidor
579 5688 592 5732 ;
627 5682 676 5722 et
706 5670 915 5733 Ct)tlt‘li.,
963 5672 1107 5731 ihid.,
1144 5683 1257 5738 pust
1305 5665 1483 5738 pauca.
1542 5673 1784 5740 Cregnr.’
1827 5676 1877 5730 in
1912 5673 2110 5742 prolog.
2139 5673 2171 5724 Ι.
2213 5684 2269 5721 ιιι
2301 5667 2501 5721 Pastor.
