  <div class='ocr_page' id='page_1' title='image "/cluster/home/n/w/nwhite01/storage/ocr_20150623/89/uva.x000827074/553.png"; bbox 0 0 3914 6236; ppageno 0'>
   <div class='ocr_carea' id='block_1_1' title="bbox 463 256 601 313">
    <p class='ocr_par' dir='ltr' id='par_1_1' title="bbox 463 256 601 313">
     <span class='ocr_line' id='line_1_1' title="bbox 463 256 601 313; baseline -0.007 -2"><span class='ocrx_word' id='word_1_1' title='bbox 463 256 601 313; x_wconf 68' lang='lat' dir='ltr'><strong>M95</strong></span> 
     </span>
    </p>
   </div>
   <div class='ocr_carea' id='block_1_2' title="bbox 1412 245 2720 311">
    <p class='ocr_par' dir='ltr' id='par_1_2' title="bbox 1412 245 2720 311">
     <span class='ocr_line' id='line_1_2' title="bbox 1412 245 2720 311; baseline -0.005 -3"><span class='ocrx_word' id='word_1_2' title='bbox 1412 256 1468 308; x_wconf 85' lang='lat' dir='ltr'><strong>S.</strong></span> <span class='ocrx_word' id='word_1_3' title='bbox 1510 253 1994 311; x_wconf 61' lang='lat' dir='ltr'><strong>CIIRODEGANGI</strong></span> <span class='ocrx_word' id='word_1_4' title='bbox 2041 250 2374 306; x_wconf 59' lang='lat' dir='ltr'><strong>METcNSlS</strong></span> <span class='ocrx_word' id='word_1_5' title='bbox 2415 245 2720 302; x_wconf 63' lang='grc' dir='ltr'><strong>Ειιιείλορι</strong></span> 
     </span>
    </p>
   </div>
   <div class='ocr_carea' id='block_1_3' title="bbox 3577 250 3733 305">
    <p class='ocr_par' dir='ltr' id='par_1_3' title="bbox 3577 250 3733 305">
     <span class='ocr_line' id='line_1_3' title="bbox 3577 250 3733 305; baseline 0 -1"><span class='ocrx_word' id='word_1_6' title='bbox 3577 250 3733 305; x_wconf 72' lang='grc'><strong>1096</strong></span> 
     </span>
    </p>
   </div>
   <div class='ocr_carea' id='block_1_4' title="bbox 531 357 3726 434">
    <p class='ocr_par' dir='ltr' id='par_1_4' title="bbox 531 357 3726 434">
     <span class='ocr_line' id='line_1_4' title="bbox 531 357 3726 434; baseline -0.003 -15"><span class='ocrx_word' id='word_1_7' title='bbox 531 368 667 431; x_wconf 81' lang='lat' dir='ltr'><strong>Non,</strong></span> <span class='ocrx_word' id='word_1_8' title='bbox 702 381 800 419; x_wconf 87' lang='lat' dir='ltr'><strong>una</strong></span> <span class='ocrx_word' id='word_1_9' title='bbox 848 365 1139 434; x_wconf 78' lang='lat' dir='ltr'><strong>eademque</strong></span> <span class='ocrx_word' id='word_1_10' title='bbox 1179 367 1388 421; x_wconf 88' lang='lat' dir='ltr'><strong>cunctis</strong></span> <span class='ocrx_word' id='word_1_11' title='bbox 1435 366 1736 420; x_wconf 82' lang='lat' dir='ltr'><strong>exhortatio</strong></span> <span class='ocrx_word' id='word_1_12' title='bbox 1789 360 2032 428; x_wconf 89' lang='lat' dir='ltr'><strong>congruit</strong></span> <span class='ocrx_word' id='word_1_13' title='bbox 2065 363 2111 418; x_wconf 81' lang='grc' dir='ltr'><strong>Α</strong></span> <span class='ocrx_word' id='word_1_14' title='bbox 2142 375 2206 411; x_wconf 90' lang='lat' dir='ltr'><strong>nc</strong></span> <span class='ocrx_word' id='word_1_15' title='bbox 2234 373 2261 409; x_wconf 87' lang='lat' dir='ltr'><strong>a</strong></span> <span class='ocrx_word' id='word_1_16' title='bbox 2309 358 2638 412; x_wconf 70' lang='lat' dir='ltr'><strong>daemonibus</strong></span> <span class='ocrx_word' id='word_1_17' title='bbox 2667 359 2720 410; x_wconf 89' lang='lat' dir='ltr'><strong>in</strong></span> <span class='ocrx_word' id='word_1_18' title='bbox 2761 358 3140 424; x_wconf 67' lang='lat' dir='ltr'><strong>cogitationum</strong></span> <span class='ocrx_word' id='word_1_19' title='bbox 3193 357 3483 413; x_wconf 81' lang='lat' dir='ltr'><strong>subtilitate</strong></span> <span class='ocrx_word' id='word_1_20' title='bbox 3533 359 3726 413; x_wconf 77' lang='lat' dir='ltr'><strong>sedu-</strong></span> 
     </span>
    </p>
   </div>
   <div class='ocr_carea' id='block_1_5' title="bbox 459 451 2032 524">
    <p class='ocr_par' dir='ltr' id='par_1_5' title="bbox 459 451 2032 524">
     <span class='ocr_line' id='line_1_5' title="bbox 459 451 2032 524; baseline -0.004 -14"><span class='ocrx_word' id='word_1_21' title='bbox 459 458 584 524; x_wconf 87' lang='lat' dir='ltr'><strong>qttia</strong></span> <span class='ocrx_word' id='word_1_22' title='bbox 630 471 729 510; x_wconf 84' lang='lat' dir='ltr'><strong>nec</strong></span> <span class='ocrx_word' id='word_1_23' title='bbox 783 467 1006 511; x_wconf 89' lang='lat' dir='ltr'><strong>cunctos</strong></span> <span class='ocrx_word' id='word_1_24' title='bbox 1056 472 1148 524; x_wconf 85' lang='lat' dir='ltr'><strong>par</strong></span> <span class='ocrx_word' id='word_1_25' title='bbox 1201 471 1414 510; x_wconf 88' lang='lat' dir='ltr'><strong>ntorum</strong></span> <span class='ocrx_word' id='word_1_26' title='bbox 1467 456 1693 523; x_wconf 82' lang='lat' dir='ltr'><strong>qualitas</strong></span> <span class='ocrx_word' id='word_1_27' title='bbox 1742 451 2032 518; x_wconf 85' lang='lat' dir='ltr'><strong>astringit;</strong></span> 
     </span>
    </p>
   </div>
   <div class='ocr_carea' id='block_1_6' title="bbox 461 544 2028 618">
    <p class='ocr_par' dir='ltr' id='par_1_6' title="bbox 461 544 2028 618">
     <span class='ocr_line' id='line_1_6' title="bbox 461 544 2028 618; baseline -0.004 -17"><span class='ocrx_word' id='word_1_28' title='bbox 461 563 604 616; x_wconf 72' lang='lat' dir='ltr'><strong>stupe</strong></span> <span class='ocrx_word' id='word_1_29' title='bbox 659 565 891 618; x_wconf 80' lang='lat' dir='ltr'><strong>namque</strong></span> <span class='ocrx_word' id='word_1_30' title='bbox 945 565 1006 605; x_wconf 86' lang='lat' dir='ltr'><strong>ea</strong></span> <span class='ocrx_word' id='word_1_31' title='bbox 1048 566 1163 616; x_wconf 68' lang='lat' dir='ltr'><strong>qua:</strong></span> <span class='ocrx_word' id='word_1_32' title='bbox 1212 549 1325 601; x_wconf 81' lang='lat' dir='ltr'><strong>aliis</strong></span> <span class='ocrx_word' id='word_1_33' title='bbox 1384 553 1576 600; x_wconf 91' lang='lat' dir='ltr'><strong>nocent</strong></span> <span class='ocrx_word' id='word_1_34' title='bbox 1624 544 1739 597; x_wconf 85' lang='lat' dir='ltr'><strong>aliis</strong></span> <span class='ocrx_word' id='word_1_35' title='bbox 1785 552 2028 612; x_wconf 89' lang='lat' dir='ltr'><strong>prosunt,</strong></span> 
     </span>
    </p>
   </div>
   <div class='ocr_carea' id='block_1_7' title="bbox 462 632 2034 709">
    <p class='ocr_par' dir='ltr' id='par_1_7' title="bbox 462 632 2034 709">
     <span class='ocr_line' id='line_1_7' title="bbox 462 632 2034 709; baseline -0.006 -16"><span class='ocrx_word' id='word_1_36' title='bbox 462 641 586 707; x_wconf 88' lang='lat' dir='ltr'><strong>quia</strong></span> <span class='ocrx_word' id='word_1_37' title='bbox 635 650 692 695; x_wconf 88' lang='lat' dir='ltr'><strong>et</strong></span> <span class='ocrx_word' id='word_1_38' title='bbox 722 643 1031 709; x_wconf 80' lang='lat' dir='ltr'><strong>plerumque</strong></span> <span class='ocrx_word' id='word_1_39' title='bbox 1084 640 1257 692; x_wconf 76' lang='lat' dir='ltr'><strong>herba:</strong></span> <span class='ocrx_word' id='word_1_40' title='bbox 1312 651 1428 703; x_wconf 78' lang='lat' dir='ltr'><strong>qua:</strong></span> <span class='ocrx_word' id='word_1_41' title='bbox 1474 635 1588 687; x_wconf 77' lang='lat' dir='ltr'><strong>hzec</strong></span> <span class='ocrx_word' id='word_1_42' title='bbox 1643 632 1892 686; x_wconf 83' lang='lat' dir='ltr'><strong>animalia</strong></span> <span class='ocrx_word' id='word_1_43' title='bbox 1936 648 2034 684; x_wconf 89' lang='lat' dir='ltr'><strong>nu-</strong></span> 
     </span>
    </p>
   </div>
   <div class='ocr_carea' id='block_1_8' title="bbox 464 717 2027 794">
    <p class='ocr_par' dir='ltr' id='par_1_8' title="bbox 464 717 2027 794">
     <span class='ocr_line' id='line_1_8' title="bbox 464 717 2027 794; baseline -0.01 -9"><span class='ocrx_word' id='word_1_44' title='bbox 464 717 649 794; x_wconf 66' lang='lat' dir='ltr'><strong>triunt,</strong></span> <span class='ocrx_word' id='word_1_45' title='bbox 680 733 783 784; x_wconf 83' lang='lat' dir='ltr'><strong>alia</strong></span> <span class='ocrx_word' id='word_1_46' title='bbox 809 729 1086 791; x_wconf 87' lang='lat' dir='ltr'><strong>occidunt;</strong></span> <span class='ocrx_word' id='word_1_47' title='bbox 1119 735 1173 778; x_wconf 93' lang='lat' dir='ltr'><strong>et</strong></span> <span class='ocrx_word' id='word_1_48' title='bbox 1205 725 1337 778; x_wconf 90' lang='lat' dir='ltr'><strong>lenis</strong></span> <span class='ocrx_word' id='word_1_49' title='bbox 1365 723 1550 777; x_wconf 85' lang='lat' dir='ltr'><strong>sibilus</strong></span> <span class='ocrx_word' id='word_1_50' title='bbox 1595 736 1761 788; x_wconf 92' lang='lat' dir='ltr'><strong>equos</strong></span> <span class='ocrx_word' id='word_1_51' title='bbox 1799 719 2027 788; x_wconf 87' lang='lat' dir='ltr'><strong>mitigat,</strong></span> 
     </span>
    </p>
   </div>
   <div class='ocr_carea' id='block_1_9' title="bbox 467 810 2029 885">
    <p class='ocr_par' dir='ltr' id='par_1_9' title="bbox 467 810 2029 885">
     <span class='ocr_line' id='line_1_9' title="bbox 467 810 2029 885; baseline -0.008 -11"><span class='ocrx_word' id='word_1_52' title='bbox 467 821 675 876; x_wconf 83' lang='lat' dir='ltr'><strong>catulos</strong></span> <span class='ocrx_word' id='word_1_53' title='bbox 720 820 966 885; x_wconf 79' lang='lat' dir='ltr'><strong>instigat;</strong></span> <span class='ocrx_word' id='word_1_54' title='bbox 999 824 1053 869; x_wconf 91' lang='lat' dir='ltr'><strong>et</strong></span> <span class='ocrx_word' id='word_1_55' title='bbox 1073 814 1514 869; x_wconf 85' lang='lat' dir='ltr'><strong>medicamentum</strong></span> <span class='ocrx_word' id='word_1_56' title='bbox 1543 812 1682 880; x_wconf 89' lang='lat' dir='ltr'><strong>quod</strong></span> <span class='ocrx_word' id='word_1_57' title='bbox 1714 810 1856 864; x_wconf 88' lang='lat' dir='ltr'><strong>hunc</strong></span> <span class='ocrx_word' id='word_1_58' title='bbox 1887 823 2029 862; x_wconf 87' lang='lat' dir='ltr'><strong>mor-</strong></span> 
     </span>
    </p>
   </div>
   <div class='ocr_carea' id='block_1_10' title="bbox 465 896 2027 972">
    <p class='ocr_par' dir='ltr' id='par_1_10' title="bbox 465 896 2027 972">
     <span class='ocr_line' id='line_1_10' title="bbox 465 896 2027 972; baseline -0.01 -7"><span class='ocrx_word' id='word_1_59' title='bbox 465 913 589 965; x_wconf 88' lang='lat' dir='ltr'><strong>bum</strong></span> <span class='ocrx_word' id='word_1_60' title='bbox 618 906 902 969; x_wconf 85' lang='lat' dir='ltr'><strong>imminuit,</strong></span> <span class='ocrx_word' id='word_1_61' title='bbox 931 905 1084 959; x_wconf 80' lang='lat' dir='ltr'><strong>alteri</strong></span> <span class='ocrx_word' id='word_1_62' title='bbox 1117 905 1254 957; x_wconf 89' lang='lat' dir='ltr'><strong>vires</strong></span> <span class='ocrx_word' id='word_1_63' title='bbox 1279 901 1481 972; x_wconf 82' lang='lat' dir='ltr'><strong>jungit;</strong></span> <span class='ocrx_word' id='word_1_64' title='bbox 1505 910 1557 955; x_wconf 91' lang='lat' dir='ltr'><strong>et</strong></span> <span class='ocrx_word' id='word_1_65' title='bbox 1585 900 1735 966; x_wconf 89' lang='lat' dir='ltr'><strong>panis</strong></span> <span class='ocrx_word' id='word_1_66' title='bbox 1759 898 1847 966; x_wconf 92' lang='lat' dir='ltr'><strong>qui</strong></span> <span class='ocrx_word' id='word_1_67' title='bbox 1867 896 2027 950; x_wconf 89' lang='lat' dir='ltr'><strong>vitam</strong></span> 
     </span>
    </p>
   </div>
   <div class='ocr_carea' id='block_1_11' title="bbox 463 984 2029 1060">
    <p class='ocr_par' dir='ltr' id='par_1_11' title="bbox 463 984 2029 1060">
     <span class='ocr_line' id='line_1_11' title="bbox 463 984 2029 1060; baseline -0.01 -9"><span class='ocrx_word' id='word_1_68' title='bbox 463 998 680 1052; x_wconf 83' lang='lat' dir='ltr'><strong>lortium</strong></span> <span class='ocrx_word' id='word_1_69' title='bbox 737 995 971 1057; x_wconf 79' lang='lat' dir='ltr'><strong>roborat,</strong></span> <span class='ocrx_word' id='word_1_70' title='bbox 1030 992 1581 1060; x_wconf 66' lang='lat' dir='ltr'><strong>parvulorunrnecat.</strong></span> <span class='ocrx_word' id='word_1_71' title='bbox 1635 987 1741 1039; x_wconf 79' lang='lat' dir='ltr'><strong>Pro</strong></span> <span class='ocrx_word' id='word_1_72' title='bbox 1773 984 2029 1052; x_wconf 89' lang='lat' dir='ltr'><strong>qualitate</strong></span> 
     </span>
    </p>
   </div>
   <div class='ocr_carea' id='block_1_12' title="bbox 461 1069 2024 1160">
    <p class='ocr_par' dir='ltr' id='par_1_12' title="bbox 461 1069 2024 1160">
     <span class='ocr_line' id='line_1_12' title="bbox 461 1069 2024 1160; baseline -0.007 -21"><span class='ocrx_word' id='word_1_73' title='bbox 461 1090 621 1160; x_wconf 75' lang='lat' dir='ltr'><strong>igitur</strong></span> <span class='ocrx_word' id='word_1_74' title='bbox 669 1069 1019 1147; x_wconf 85' lang='lat' dir='ltr'><strong>audientium,</strong></span> <span class='ocrx_word' id='word_1_75' title='bbox 1062 1083 1274 1145; x_wconf 75' lang='lat' dir='ltr'><strong>formari</strong></span> <span class='ocrx_word' id='word_1_76' title='bbox 1306 1083 1465 1136; x_wconf 86' lang='lat' dir='ltr'><strong>debet</strong></span> <span class='ocrx_word' id='word_1_77' title='bbox 1494 1093 1673 1134; x_wconf 82' lang='lat' dir='ltr'><strong>sermo</strong></span> <span class='ocrx_word' id='word_1_78' title='bbox 1720 1078 2024 1132; x_wconf 87' lang='lat' dir='ltr'><strong>doctorum.</strong></span> 
     </span>
    </p>
   </div>
   <div class='ocr_carea' id='block_1_13' title="bbox 467 1169 2028 1243">
    <p class='ocr_par' dir='ltr' id='par_1_13' title="bbox 467 1169 2028 1243">
     <span class='ocr_line' id='line_1_13' title="bbox 467 1169 2028 1243; baseline -0.008 -12"><span class='ocrx_word' id='word_1_79' title='bbox 467 1187 525 1230; x_wconf 75' lang='grc' dir='ltr'><strong>ι·</strong></span> <span class='ocrx_word' id='word_1_80' title='bbox 558 1179 750 1231; x_wconf 84' lang='lat' dir='ltr'><strong>Doctor</strong></span> <span class='ocrx_word' id='word_1_81' title='bbox 775 1191 986 1243; x_wconf 86' lang='lat' dir='ltr'><strong>semper</strong></span> <span class='ocrx_word' id='word_1_82' title='bbox 1026 1189 1214 1229; x_wconf 89' lang='lat' dir='ltr'><strong>vocem</strong></span> <span class='ocrx_word' id='word_1_83' title='bbox 1247 1170 1635 1239; x_wconf 70' lang='lat' dir='ltr'><strong>prmilicatinnis</strong></span> <span class='ocrx_word' id='word_1_84' title='bbox 1686 1169 1910 1230; x_wconf 88' lang='lat' dir='ltr'><strong>habeat,</strong></span> <span class='ocrx_word' id='word_1_85' title='bbox 1962 1181 2028 1219; x_wconf 91' lang='lat' dir='ltr'><strong>ne</strong></span> 
     </span>
    </p>
   </div>
   <div class='ocr_carea' id='block_1_14' title="bbox 466 1255 2022 1334">
    <p class='ocr_par' dir='ltr' id='par_1_14' title="bbox 466 1255 2022 1334">
     <span class='ocr_line' id='line_1_14' title="bbox 466 1255 2022 1334; baseline -0.007 -16"><span class='ocrx_word' id='word_1_86' title='bbox 466 1267 681 1334; x_wconf 85' lang='lat' dir='ltr'><strong>superni</strong></span> <span class='ocrx_word' id='word_1_87' title='bbox 730 1265 1045 1334; x_wconf 82' lang='lat' dir='ltr'><strong>spectatoris</strong></span> <span class='ocrx_word' id='word_1_88' title='bbox 1091 1263 1346 1331; x_wconf 87' lang='lat' dir='ltr'><strong>judicium</strong></span> <span class='ocrx_word' id='word_1_89' title='bbox 1397 1277 1459 1314; x_wconf 88' lang='lat' dir='ltr'><strong>ex</strong></span> <span class='ocrx_word' id='word_1_90' title='bbox 1509 1259 1720 1313; x_wconf 90' lang='lat' dir='ltr'><strong>silentio</strong></span> <span class='ocrx_word' id='word_1_91' title='bbox 1769 1255 2022 1310; x_wconf 77' lang='lat' dir='ltr'><strong>oll‘endat.</strong></span> 
     </span>
    </p>
   </div>
   <div class='ocr_carea' id='block_1_15' title="bbox 468 1347 2028 1420">
    <p class='ocr_par' dir='ltr' id='par_1_15' title="bbox 468 1347 2028 1420">
     <span class='ocr_line' id='line_1_15' title="bbox 468 1347 2028 1420; baseline -0.009 -9"><span class='ocrx_word' id='word_1_92' title='bbox 468 1352 738 1412; x_wconf 75' lang='lat' dir='ltr'><strong>Doctorin</strong></span> <span class='ocrx_word' id='word_1_93' title='bbox 787 1354 1188 1408; x_wconf 84' lang='lat' dir='ltr'><strong>tabernaculum</strong></span> <span class='ocrx_word' id='word_1_94' title='bbox 1237 1349 1561 1420; x_wconf 78' lang='lat' dir='ltr'><strong>ingrediens.</strong></span> <span class='ocrx_word' id='word_1_95' title='bbox 1591 1349 1675 1402; x_wconf 90' lang='lat' dir='ltr'><strong>vel</strong></span> <span class='ocrx_word' id='word_1_96' title='bbox 1707 1347 1829 1400; x_wconf 89' lang='lat' dir='ltr'><strong>inde</strong></span> <span class='ocrx_word' id='word_1_97' title='bbox 1875 1360 2028 1413; x_wconf 80' lang='lat' dir='ltr'><strong>egre-</strong></span> 
     </span>
    </p>
   </div>
   <div class='ocr_carea' id='block_1_16' title="bbox 462 1435 2027 1514">
    <p class='ocr_par' dir='ltr' id='par_1_16' title="bbox 462 1435 2027 1514">
     <span class='ocr_line' id='line_1_16' title="bbox 462 1435 2027 1514; baseline -0.01 -11"><span class='ocrx_word' id='word_1_98' title='bbox 462 1444 638 1514; x_wconf 75' lang='lat' dir='ltr'><strong>dictis,</strong></span> <span class='ocrx_word' id='word_1_99' title='bbox 687 1445 931 1510; x_wconf 89' lang='lat' dir='ltr'><strong>moritur,</strong></span> <span class='ocrx_word' id='word_1_100' title='bbox 963 1445 1006 1497; x_wconf 95' lang='lat' dir='ltr'><strong>si</strong></span> <span class='ocrx_word' id='word_1_101' title='bbox 1034 1445 1099 1496; x_wconf 89' lang='lat' dir='ltr'><strong>de</strong></span> <span class='ocrx_word' id='word_1_102' title='bbox 1143 1458 1208 1496; x_wconf 93' lang='lat' dir='ltr'><strong>eo</strong></span> <span class='ocrx_word' id='word_1_103' title='bbox 1235 1445 1440 1497; x_wconf 89' lang='lat' dir='ltr'><strong>sonitus</strong></span> <span class='ocrx_word' id='word_1_104' title='bbox 1484 1455 1586 1493; x_wconf 92' lang='lat' dir='ltr'><strong>non</strong></span> <span class='ocrx_word' id='word_1_105' title='bbox 1613 1439 1848 1501; x_wconf 86' lang='lat' dir='ltr'><strong>auditur,</strong></span> <span class='ocrx_word' id='word_1_106' title='bbox 1898 1435 2027 1514; x_wconf 86' lang='lat' dir='ltr'><strong>quia</strong></span> 
     </span>
    </p>
   </div>
   <div class='ocr_carea' id='block_1_17' title="bbox 461 1512 2030 1601">
    <p class='ocr_par' dir='ltr' id='par_1_17' title="bbox 461 1512 2030 1601">
     <span class='ocr_line' id='line_1_17' title="bbox 461 1512 2030 1601; baseline -0.008 -11"><span class='ocrx_word' id='word_1_107' title='bbox 461 1536 595 1592; x_wconf 74' lang='lat' dir='ltr'><strong>iram</strong></span> <span class='ocrx_word' id='word_1_108' title='bbox 632 1536 726 1589; x_wconf 81' lang='lat' dir='ltr'><strong>Dei</strong></span> <span class='ocrx_word' id='word_1_109' title='bbox 772 1545 954 1589; x_wconf 88' lang='lat' dir='ltr'><strong>contra</strong></span> <span class='ocrx_word' id='word_1_110' title='bbox 983 1548 1041 1587; x_wconf 82' lang='lat' dir='ltr'><strong>se</strong></span> <span class='ocrx_word' id='word_1_111' title='bbox 1071 1532 1251 1601; x_wconf 88' lang='lat' dir='ltr'><strong>exigit.</strong></span> <span class='ocrx_word' id='word_1_112' title='bbox 1285 1534 1328 1585; x_wconf 89' lang='lat' dir='ltr'><strong>si</strong></span> <span class='ocrx_word' id='word_1_113' title='bbox 1357 1532 1474 1584; x_wconf 90' lang='lat' dir='ltr'><strong>sine</strong></span> <span class='ocrx_word' id='word_1_114' title='bbox 1504 1512 1902 1599; x_wconf 61' lang='lat' dir='ltr'><strong>prmdicationis</strong></span> <span class='ocrx_word' id='word_1_115' title='bbox 1941 1540 2030 1578; x_wconf 54' lang='lat' dir='ltr'><strong>son</strong></span> 
     </span>
    </p>
   </div>
   <div class='ocr_carea' id='block_1_18' title="bbox 464 1616 2022 1692">
    <p class='ocr_par' dir='ltr' id='par_1_18' title="bbox 464 1616 2022 1692">
     <span class='ocr_line' id='line_1_18' title="bbox 464 1616 2022 1692; baseline -0.01 -10"><span class='ocrx_word' id='word_1_116' title='bbox 464 1627 574 1682; x_wconf 80' lang='lat' dir='ltr'><strong>nitu</strong></span> <span class='ocrx_word' id='word_1_117' title='bbox 599 1625 816 1680; x_wconf 88' lang='lat' dir='ltr'><strong>incedit.</strong></span> <span class='ocrx_word' id='word_1_118' title='bbox 845 1643 864 1676; x_wconf 71' lang='grc' dir='ltr'><strong><em>ι</em></strong></span> <span class='ocrx_word' id='word_1_119' title='bbox 892 1623 1057 1678; x_wconf 65' lang='lat' dir='ltr'><strong>[tante</strong></span> <span class='ocrx_word' id='word_1_120' title='bbox 1086 1623 1138 1676; x_wconf 93' lang='lat' dir='ltr'><strong>in</strong></span> <span class='ocrx_word' id='word_1_121' title='bbox 1167 1637 1301 1692; x_wconf 90' lang='lat' dir='ltr'><strong>aqua</strong></span> <span class='ocrx_word' id='word_1_122' title='bbox 1323 1623 1438 1676; x_wconf 86' lang='lat' dir='ltr'><strong>sine</strong></span> <span class='ocrx_word' id='word_1_123' title='bbox 1459 1635 1594 1688; x_wconf 90' lang='lat' dir='ltr'><strong>aqua</strong></span> <span class='ocrx_word' id='word_1_124' title='bbox 1618 1631 1734 1672; x_wconf 89' lang='lat' dir='ltr'><strong>esse</strong></span> <span class='ocrx_word' id='word_1_125' title='bbox 1761 1616 2022 1682; x_wconf 89' lang='lat' dir='ltr'><strong>videntur,</strong></span> 
     </span>
    </p>
   </div>
   <div class='ocr_carea' id='block_1_19' title="bbox 2140 444 3727 512">
    <p class='ocr_par' dir='ltr' id='par_1_19' title="bbox 2140 444 3727 512">
     <span class='ocr_line' id='line_1_19' title="bbox 2140 444 3727 512; baseline 0.001 -10"><span class='ocrx_word' id='word_1_126' title='bbox 2140 456 2348 502; x_wconf 88' lang='lat' dir='ltr'><strong>cantur.</strong></span> <span class='ocrx_word' id='word_1_127' title='bbox 2412 444 2698 512; x_wconf 80' lang='lat' dir='ltr'><strong>Propterea</strong></span> <span class='ocrx_word' id='word_1_128' title='bbox 2729 457 2784 500; x_wconf 90' lang='lat' dir='ltr'><strong>et</strong></span> <span class='ocrx_word' id='word_1_129' title='bbox 2831 448 2994 501; x_wconf 82' lang='lat' dir='ltr'><strong>forma</strong></span> <span class='ocrx_word' id='word_1_130' title='bbox 3043 447 3236 502; x_wconf 84' lang='lat' dir='ltr'><strong>diaboli</strong></span> <span class='ocrx_word' id='word_1_131' title='bbox 3291 449 3428 502; x_wconf 81' lang='lat' dir='ltr'><strong>inter</strong></span> <span class='ocrx_word' id='word_1_132' title='bbox 3479 448 3727 504; x_wconf 77' lang='lat' dir='ltr'><strong>clericos</strong></span> 
     </span>
    </p>
   </div>
   <div class='ocr_carea' id='block_1_20' title="bbox 2137 537 3711 604">
    <p class='ocr_par' dir='ltr' id='par_1_20' title="bbox 2137 537 3711 604">
     <span class='ocr_line' id='line_1_20' title="bbox 2137 537 3711 604; baseline 0.001 -14"><span class='ocrx_word' id='word_1_133' title='bbox 2137 538 2464 599; x_wconf 62' lang='lat' dir='ltr'><strong>observetur,</strong></span> <span class='ocrx_word' id='word_1_134' title='bbox 2497 543 2553 586; x_wconf 90' lang='lat' dir='ltr'><strong>ut</strong></span> <span class='ocrx_word' id='word_1_135' title='bbox 2580 537 2622 586; x_wconf 89' lang='lat' dir='ltr'><strong>si</strong></span> <span class='ocrx_word' id='word_1_136' title='bbox 2655 538 2773 602; x_wconf 85' lang='lat' dir='ltr'><strong>quis</strong></span> <span class='ocrx_word' id='word_1_137' title='bbox 2801 537 2866 588; x_wconf 88' lang='lat' dir='ltr'><strong>ad</strong></span> <span class='ocrx_word' id='word_1_138' title='bbox 2897 551 2993 590; x_wconf 85' lang='lat' dir='ltr'><strong>eos</strong></span> <span class='ocrx_word' id='word_1_139' title='bbox 3024 542 3220 600; x_wconf 69' lang='lat' dir='ltr'><strong>veniat,</strong></span> <span class='ocrx_word' id='word_1_140' title='bbox 3280 540 3398 591; x_wconf 85' lang='lat' dir='ltr'><strong>sive</strong></span> <span class='ocrx_word' id='word_1_141' title='bbox 3444 539 3547 604; x_wconf 80' lang='lat' dir='ltr'><strong>vir,</strong></span> <span class='ocrx_word' id='word_1_142' title='bbox 3583 540 3711 592; x_wconf 76' lang='lat' dir='ltr'><strong>sive</strong></span> 
     </span>
    </p>
   </div>
   <div class='ocr_carea' id='block_1_21' title="bbox 2136 625 3712 694">
    <p class='ocr_par' dir='ltr' id='par_1_21' title="bbox 2136 625 3712 694">
     <span class='ocr_line' id='line_1_21' title="bbox 2136 625 3712 694; baseline 0.002 -16"><span class='ocrx_word' id='word_1_143' title='bbox 2136 627 2322 679; x_wconf 90' lang='lat' dir='ltr'><strong>mulier</strong></span> <span class='ocrx_word' id='word_1_144' title='bbox 2351 625 2441 688; x_wconf 88' lang='lat' dir='ltr'><strong>sit,</strong></span> <span class='ocrx_word' id='word_1_145' title='bbox 2475 625 2591 679; x_wconf 82' lang='lat' dir='ltr'><strong>sive</strong></span> <span class='ocrx_word' id='word_1_146' title='bbox 2624 640 2811 691; x_wconf 81' lang='lat' dir='ltr'><strong>senex,</strong></span> <span class='ocrx_word' id='word_1_147' title='bbox 2841 626 2952 680; x_wconf 84' lang='lat' dir='ltr'><strong>sive</strong></span> <span class='ocrx_word' id='word_1_148' title='bbox 2995 628 3230 694; x_wconf 86' lang='lat' dir='ltr'><strong>juvenis,</strong></span> <span class='ocrx_word' id='word_1_149' title='bbox 3255 629 3464 682; x_wconf 89' lang='lat' dir='ltr'><strong>etiamsi</strong></span> <span class='ocrx_word' id='word_1_150' title='bbox 3522 637 3712 692; x_wconf 82' lang='lat' dir='ltr'><strong>notus,</strong></span> 
     </span>
    </p>
   </div>
   <div class='ocr_carea' id='block_1_22' title="bbox 2133 714 3717 782">
    <p class='ocr_par' dir='ltr' id='par_1_22' title="bbox 2133 714 3717 782">
     <span class='ocr_line' id='line_1_22' title="bbox 2133 714 3717 782; baseline 0.002 -15"><span class='ocrx_word' id='word_1_151' title='bbox 2133 715 2248 769; x_wconf 88' lang='lat' dir='ltr'><strong>sive</strong></span> <span class='ocrx_word' id='word_1_152' title='bbox 2293 714 2505 782; x_wconf 88' lang='lat' dir='ltr'><strong>ignotus</strong></span> <span class='ocrx_word' id='word_1_153' title='bbox 2532 716 2620 776; x_wconf 86' lang='lat' dir='ltr'><strong>sit,</strong></span> <span class='ocrx_word' id='word_1_154' title='bbox 2666 726 2790 767; x_wconf 83' lang='lat' dir='ltr'><strong>ante</strong></span> <span class='ocrx_word' id='word_1_155' title='bbox 2845 716 3022 769; x_wconf 88' lang='lat' dir='ltr'><strong>omnia</strong></span> <span class='ocrx_word' id='word_1_156' title='bbox 3071 717 3242 770; x_wconf 84' lang='lat' dir='ltr'><strong>oratio</strong></span> <span class='ocrx_word' id='word_1_157' title='bbox 3275 717 3384 782; x_wconf 88' lang='lat' dir='ltr'><strong>liat,</strong></span> <span class='ocrx_word' id='word_1_158' title='bbox 3416 727 3474 770; x_wconf 92' lang='lat' dir='ltr'><strong>ut</strong></span> <span class='ocrx_word' id='word_1_159' title='bbox 3504 732 3717 771; x_wconf 81' lang='lat' dir='ltr'><strong>nomen</strong></span> 
     </span>
    </p>
   </div>
   <div class='ocr_carea' id='block_1_23' title="bbox 2135 803 3717 876">
    <p class='ocr_par' dir='ltr' id='par_1_23' title="bbox 2135 803 3717 876">
     <span class='ocr_line' id='line_1_23' title="bbox 2135 803 3717 876; baseline 0.004 -21"><span class='ocrx_word' id='word_1_160' title='bbox 2135 803 2340 855; x_wconf 88' lang='lat' dir='ltr'><strong>Domini</strong></span> <span class='ocrx_word' id='word_1_161' title='bbox 2367 804 2597 870; x_wconf 87' lang='lat' dir='ltr'><strong>primum</strong></span> <span class='ocrx_word' id='word_1_162' title='bbox 2615 803 2905 867; x_wconf 89' lang='lat' dir='ltr'><strong>invocetur,</strong></span> <span class='ocrx_word' id='word_1_163' title='bbox 2929 805 3048 870; x_wconf 90' lang='lat' dir='ltr'><strong>quia</strong></span> <span class='ocrx_word' id='word_1_164' title='bbox 3069 806 3113 859; x_wconf 91' lang='lat' dir='ltr'><strong>si</strong></span> <span class='ocrx_word' id='word_1_165' title='bbox 3143 805 3301 859; x_wconf 81' lang='lat' dir='ltr'><strong>fuerit</strong></span> <span class='ocrx_word' id='word_1_166' title='bbox 3325 807 3502 876; x_wconf 85' lang='lat' dir='ltr'><strong>aliqua</strong></span> <span class='ocrx_word' id='word_1_167' title='bbox 3523 816 3717 861; x_wconf 86' lang='lat' dir='ltr'><strong>trans-</strong></span> 
     </span>
    </p>
   </div>
   <div class='ocr_carea' id='block_1_24' title="bbox 2131 890 3716 966">
    <p class='ocr_par' dir='ltr' id='par_1_24' title="bbox 2131 890 3716 966">
     <span class='ocr_line' id='line_1_24' title="bbox 2131 890 3716 966; baseline 0.004 -22"><span class='ocrx_word' id='word_1_168' title='bbox 2131 890 2384 946; x_wconf 80' lang='lat' dir='ltr'><strong>formatio</strong></span> <span class='ocrx_word' id='word_1_169' title='bbox 2413 893 2689 958; x_wconf 67' lang='lat' dir='ltr'><strong>daemonis,</strong></span> <span class='ocrx_word' id='word_1_170' title='bbox 2741 894 2994 948; x_wconf 90' lang='lat' dir='ltr'><strong>continuo</strong></span> <span class='ocrx_word' id='word_1_171' title='bbox 3016 897 3259 950; x_wconf 88' lang='lat' dir='ltr'><strong>oratione</strong></span> <span class='ocrx_word' id='word_1_172' title='bbox 3281 896 3415 950; x_wconf 80' lang='lat' dir='ltr'><strong>facta</strong></span> <span class='ocrx_word' id='word_1_173' title='bbox 3441 899 3716 966; x_wconf 79' lang='lat' dir='ltr'><strong>defugiet.</strong></span> 
     </span>
    </p>
   </div>
   <div class='ocr_carea' id='block_1_25' title="bbox 2130 977 3717 1049">
    <p class='ocr_par' dir='ltr' id='par_1_25' title="bbox 2130 977 3717 1049">
     <span class='ocr_line' id='line_1_25' title="bbox 2130 977 3717 1049; baseline 0.007 -17"><span class='ocrx_word' id='word_1_174' title='bbox 2130 979 2194 1032; x_wconf 85' lang='lat' dir='ltr'><strong>Et</strong></span> <span class='ocrx_word' id='word_1_175' title='bbox 2224 979 2270 1033; x_wconf 89' lang='lat' dir='ltr'><strong>si</strong></span> <span class='ocrx_word' id='word_1_176' title='bbox 2299 995 2424 1033; x_wconf 88' lang='lat' dir='ltr'><strong>vero</strong></span> <span class='ocrx_word' id='word_1_177' title='bbox 2449 982 2500 1034; x_wconf 89' lang='lat' dir='ltr'><strong>in</strong></span> <span class='ocrx_word' id='word_1_178' title='bbox 2521 977 2838 1049; x_wconf 84' lang='lat' dir='ltr'><strong>cogitatione</strong></span> <span class='ocrx_word' id='word_1_179' title='bbox 2867 997 3051 1037; x_wconf 89' lang='lat' dir='ltr'><strong>eorum</strong></span> <span class='ocrx_word' id='word_1_180' title='bbox 3107 989 3446 1041; x_wconf 77' lang='lat' dir='ltr'><strong>surrexerint</strong></span> <span class='ocrx_word' id='word_1_181' title='bbox 3492 989 3717 1043; x_wconf 82' lang='lat' dir='ltr'><strong>daemo—</strong></span> 
     </span>
    </p>
   </div>
   <div class='ocr_carea' id='block_1_26' title="bbox 2130 1071 3811 1142">
    <p class='ocr_par' dir='ltr' id='par_1_26' title="bbox 2130 1071 3811 1142">
     <span class='ocr_line' id='line_1_26' title="bbox 2130 1071 3811 1142; baseline 0.008 -20"><span class='ocrx_word' id='word_1_182' title='bbox 2130 1084 2245 1136; x_wconf 85' lang='lat' dir='ltr'><strong>nes,</strong></span> <span class='ocrx_word' id='word_1_183' title='bbox 2268 1071 2462 1140; x_wconf 86' lang='lat' dir='ltr'><strong>aliquid</strong></span> <span class='ocrx_word' id='word_1_184' title='bbox 2489 1073 2628 1124; x_wconf 91' lang='lat' dir='ltr'><strong>unde</strong></span> <span class='ocrx_word' id='word_1_185' title='bbox 2658 1073 2967 1138; x_wconf 87' lang='lat' dir='ltr'><strong>laudariaut</strong></span> <span class='ocrx_word' id='word_1_186' title='bbox 2989 1076 3166 1129; x_wconf 81' lang='lat' dir='ltr'><strong>extolli</strong></span> <span class='ocrx_word' id='word_1_187' title='bbox 3197 1078 3442 1142; x_wconf 89' lang='lat' dir='ltr'><strong>debeant,</strong></span> <span class='ocrx_word' id='word_1_188' title='bbox 3472 1094 3580 1132; x_wconf 87' lang='lat' dir='ltr'><strong>non</strong></span> <span class='ocrx_word' id='word_1_189' title='bbox 3610 1095 3717 1134; x_wconf 83' lang='lat' dir='ltr'><strong>ac-</strong></span> <span class='ocrx_word' id='word_1_190' title='bbox 3804 1091 3811 1094; x_wconf 84' lang='lat'>&#39;</span> 
     </span>
    </p>
   </div>
   <div class='ocr_carea' id='block_1_27' title="bbox 2126 1159 3716 1234">
    <p class='ocr_par' dir='ltr' id='par_1_27' title="bbox 2126 1159 3716 1234">
     <span class='ocr_line' id='line_1_27' title="bbox 2126 1159 3716 1234; baseline 0.008 -23"><span class='ocrx_word' id='word_1_191' title='bbox 2126 1159 2515 1228; x_wconf 86' lang='lat' dir='ltr'><strong>quiescauteis,</strong></span> <span class='ocrx_word' id='word_1_192' title='bbox 2545 1161 2636 1214; x_wconf 87' lang='lat' dir='ltr'><strong>sed</strong></span> <span class='ocrx_word' id='word_1_193' title='bbox 2668 1171 2790 1217; x_wconf 88' lang='lat' dir='ltr'><strong>tunc</strong></span> <span class='ocrx_word' id='word_1_194' title='bbox 2812 1167 2976 1232; x_wconf 89' lang='lat' dir='ltr'><strong>magis</strong></span> <span class='ocrx_word' id='word_1_195' title='bbox 3001 1170 3314 1234; x_wconf 87' lang='lat' dir='ltr'><strong>semetipsos</strong></span> <span class='ocrx_word' id='word_1_196' title='bbox 3344 1168 3628 1224; x_wconf 89' lang='lat' dir='ltr'><strong>humilient</strong></span> <span class='ocrx_word' id='word_1_197' title='bbox 3653 1171 3716 1224; x_wconf 85' lang='lat' dir='ltr'><strong>in</strong></span> 
     </span>
    </p>
   </div>
   <div class='ocr_carea' id='block_1_28' title="bbox 2127 1249 3706 1327">
    <p class='ocr_par' dir='ltr' id='par_1_28' title="bbox 2127 1249 3706 1327">
     <span class='ocr_line' id='line_1_28' title="bbox 2127 1249 3706 1327; baseline 0.007 -26"><span class='ocrx_word' id='word_1_198' title='bbox 2127 1260 2410 1316; x_wconf 84' lang='lat' dir='ltr'><strong>conspectu</strong></span> <span class='ocrx_word' id='word_1_199' title='bbox 2434 1249 2548 1316; x_wconf 90' lang='lat' dir='ltr'><strong>Dei,</strong></span> <span class='ocrx_word' id='word_1_200' title='bbox 2578 1261 2636 1305; x_wconf 88' lang='lat' dir='ltr'><strong>et</strong></span> <span class='ocrx_word' id='word_1_201' title='bbox 2663 1266 2759 1320; x_wconf 89' lang='lat' dir='ltr'><strong>pro</strong></span> <span class='ocrx_word' id='word_1_202' title='bbox 2788 1251 2952 1306; x_wconf 87' lang='lat' dir='ltr'><strong>nihilo</strong></span> <span class='ocrx_word' id='word_1_203' title='bbox 2977 1253 3192 1322; x_wconf 88' lang='lat' dir='ltr'><strong>ducant,</strong></span> <span class='ocrx_word' id='word_1_204' title='bbox 3217 1269 3338 1308; x_wconf 87' lang='lat' dir='ltr'><strong>cum</strong></span> <span class='ocrx_word' id='word_1_205' title='bbox 3364 1257 3462 1310; x_wconf 85' lang='lat' dir='ltr'><strong>sibi</strong></span> <span class='ocrx_word' id='word_1_206' title='bbox 3492 1258 3706 1327; x_wconf 82' lang='lat' dir='ltr'><strong>aliquid</strong></span> 
     </span>
    </p>
   </div>
   <div class='ocr_carea' id='block_1_29' title="bbox 2126 1338 2779 1410">
    <p class='ocr_par' dir='ltr' id='par_1_29' title="bbox 2126 1338 2779 1410">
     <span class='ocr_line' id='line_1_29' title="bbox 2126 1338 2779 1410; baseline 0.008 -18"><span class='ocrx_word' id='word_1_207' title='bbox 2126 1338 2370 1393; x_wconf 86' lang='lat' dir='ltr'><strong>illicitum</strong></span> <span class='ocrx_word' id='word_1_208' title='bbox 2391 1344 2779 1410; x_wconf 79' lang='lat' dir='ltr'><strong>suggesserim.</strong></span> 
     </span>
    </p>
   </div>
   <div class='ocr_carea' id='block_1_30' title="bbox 2202 1429 3712 1503">
    <p class='ocr_par' dir='ltr' id='par_1_30' title="bbox 2202 1429 3712 1503">
     <span class='ocr_line' id='line_1_30' title="bbox 2202 1429 3712 1503; baseline 0.008 -20"><span class='ocrx_word' id='word_1_209' title='bbox 2202 1429 2474 1485; x_wconf 85' lang='lat' dir='ltr'><strong>Venerunt</strong></span> <span class='ocrx_word' id='word_1_210' title='bbox 2523 1432 2792 1488; x_wconf 73' lang='lat' dir='ltr'><strong>dremones</strong></span> <span class='ocrx_word' id='word_1_211' title='bbox 2815 1433 2882 1488; x_wconf 88' lang='lat' dir='ltr'><strong>ad</strong></span> <span class='ocrx_word' id='word_1_212' title='bbox 2912 1434 3194 1503; x_wconf 87' lang='lat' dir='ltr'><strong>quemdam</strong></span> <span class='ocrx_word' id='word_1_213' title='bbox 3245 1437 3566 1493; x_wconf 88' lang='lat' dir='ltr'><strong>monachum</strong></span> <span class='ocrx_word' id='word_1_214' title='bbox 3603 1455 3712 1495; x_wconf 84' lang='lat' dir='ltr'><strong>no-</strong></span> 
     </span>
    </p>
   </div>
   <div class='ocr_carea' id='block_1_31' title="bbox 2127 1520 3713 1601">
    <p class='ocr_par' dir='ltr' id='par_1_31' title="bbox 2127 1520 3713 1601">
     <span class='ocr_line' id='line_1_31' title="bbox 2127 1520 3713 1601; baseline 0.006 -27"><span class='ocrx_word' id='word_1_215' title='bbox 2127 1521 2273 1576; x_wconf 87' lang='lat' dir='ltr'><strong>mine</strong></span> <span class='ocrx_word' id='word_1_216' title='bbox 2301 1520 2373 1576; x_wconf 92' lang='lat' dir='ltr'><strong>Or</strong></span> <span class='ocrx_word' id='word_1_217' title='bbox 2403 1521 2454 1576; x_wconf 92' lang='lat' dir='ltr'><strong>in</strong></span> <span class='ocrx_word' id='word_1_218' title='bbox 2485 1523 2661 1590; x_wconf 81' lang='lat' dir='ltr'><strong>specie</strong></span> <span class='ocrx_word' id='word_1_219' title='bbox 2708 1524 2948 1579; x_wconf 62' lang='lat' dir='ltr'><strong>caelestis</strong></span> <span class='ocrx_word' id='word_1_220' title='bbox 2996 1526 3218 1591; x_wconf 67' lang='lat' dir='ltr'><strong>militiai,</strong></span> <span class='ocrx_word' id='word_1_221' title='bbox 3245 1537 3300 1582; x_wconf 91' lang='lat' dir='ltr'><strong>et</strong></span> <span class='ocrx_word' id='word_1_222' title='bbox 3328 1529 3507 1582; x_wconf 85' lang='lat' dir='ltr'><strong>habitu</strong></span> <span class='ocrx_word' id='word_1_223' title='bbox 3529 1545 3713 1601; x_wconf 88' lang='lat' dir='ltr'><strong>ange-</strong></span> 
     </span>
    </p>
   </div>
   <div class='ocr_carea' id='block_1_32' title="bbox 2133 1610 3715 1687">
    <p class='ocr_par' dir='ltr' id='par_1_32' title="bbox 2133 1610 3715 1687">
     <span class='ocr_line' id='line_1_32' title="bbox 2133 1610 3715 1687; baseline 0.007 -23"><span class='ocrx_word' id='word_1_224' title='bbox 2133 1610 2331 1679; x_wconf 87' lang='lat' dir='ltr'><strong>lorum,</strong></span> <span class='ocrx_word' id='word_1_225' title='bbox 2383 1627 2570 1666; x_wconf 89' lang='lat' dir='ltr'><strong>currus</strong></span> <span class='ocrx_word' id='word_1_226' title='bbox 2612 1614 2796 1682; x_wconf 81' lang='lat' dir='ltr'><strong>igneos</strong></span> <span class='ocrx_word' id='word_1_227' title='bbox 2845 1626 3080 1684; x_wconf 84' lang='lat' dir='ltr'><strong>agentes,</strong></span> <span class='ocrx_word' id='word_1_228' title='bbox 3129 1618 3353 1685; x_wconf 89' lang='lat' dir='ltr'><strong>plurimo</strong></span> <span class='ocrx_word' id='word_1_229' title='bbox 3399 1633 3656 1687; x_wconf 79' lang='lat' dir='ltr'><strong>apparatu</strong></span> <span class='ocrx_word' id='word_1_230' title='bbox 3692 1659 3715 1686; x_wconf 83' lang='lat'><strong><em>.</em></strong></span> 
     </span>
    </p>
   </div>
   <div class='ocr_carea' id='block_1_33' title="bbox 459 1689 3716 1781">
    <p class='ocr_par' dir='ltr' id='par_1_33' title="bbox 459 1689 3716 1781">
     <span class='ocr_line' id='line_1_33' title="bbox 459 1689 3716 1781; baseline -0.003 -9"><span class='ocrx_word' id='word_1_231' title='bbox 459 1727 517 1772; x_wconf 82' lang='lat' dir='ltr'><strong>et</strong></span> <span class='ocrx_word' id='word_1_232' title='bbox 545 1727 723 1769; x_wconf 86' lang='lat' dir='ltr'><strong>tamen</strong></span> <span class='ocrx_word' id='word_1_233' title='bbox 753 1715 806 1768; x_wconf 94' lang='lat' dir='ltr'><strong>in</strong></span> <span class='ocrx_word' id='word_1_234' title='bbox 839 1713 1121 1780; x_wconf 87' lang='lat' dir='ltr'><strong>putredine</strong></span> <span class='ocrx_word' id='word_1_235' title='bbox 1153 1689 1358 1781; x_wconf 82' lang='lat' dir='ltr'><strong>paludis</strong></span> <span class='ocrx_word' id='word_1_236' title='bbox 1384 1717 1801 1768; x_wconf 83' lang='lat' dir='ltr'><strong>commorantur,</strong></span> <span class='ocrx_word' id='word_1_237' title='bbox 1826 1713 1881 1759; x_wconf 90' lang='lat' dir='ltr'><strong>et</strong></span> <span class='ocrx_word' id='word_1_238' title='bbox 1907 1718 2030 1773; x_wconf 85' lang='lat' dir='ltr'><strong>pro-</strong></span> <span class='ocrx_word' id='word_1_239' title='bbox 2064 1689 2111 1749; x_wconf 85' lang='grc' dir='ltr'><strong>Β</strong></span> <span class='ocrx_word' id='word_1_240' title='bbox 2143 1708 2394 1769; x_wconf 84' lang='lat' dir='ltr'><strong>tauquam</strong></span> <span class='ocrx_word' id='word_1_241' title='bbox 2429 1705 2941 1773; x_wconf 87' lang='lat' dir='ltr'><strong>magnumaliqnem</strong></span> <span class='ocrx_word' id='word_1_242' title='bbox 2965 1720 3144 1775; x_wconf 88' lang='lat' dir='ltr'><strong>regem</strong></span> <span class='ocrx_word' id='word_1_243' title='bbox 3173 1707 3515 1776; x_wconf 84' lang='lat' dir='ltr'><strong>deducentes,</strong></span> <span class='ocrx_word' id='word_1_244' title='bbox 3547 1710 3716 1776; x_wconf 74' lang='lat' dir='ltr'><strong>isque</strong></span> 
     </span>
    </p>
   </div>
   <div class='ocr_carea' id='block_1_34' title="bbox 461 1798 2025 1869">
    <p class='ocr_par' dir='ltr' id='par_1_34' title="bbox 461 1798 2025 1869">
     <span class='ocr_line' id='line_1_34' title="bbox 461 1798 2025 1869; baseline -0.01 -7"><span class='ocrx_word' id='word_1_245' title='bbox 461 1820 615 1862; x_wconf 83' lang='lat' dir='ltr'><strong>caces</strong></span> <span class='ocrx_word' id='word_1_246' title='bbox 642 1806 869 1860; x_wconf 89' lang='lat' dir='ltr'><strong>ell&#39;erunt</strong></span> <span class='ocrx_word' id='word_1_247' title='bbox 899 1818 1077 1867; x_wconf 89' lang='lat' dir='ltr'><strong>voces,</strong></span> <span class='ocrx_word' id='word_1_248' title='bbox 1109 1814 1163 1856; x_wconf 91' lang='lat' dir='ltr'><strong>et</strong></span> <span class='ocrx_word' id='word_1_249' title='bbox 1193 1802 1550 1869; x_wconf 84' lang='lat' dir='ltr'><strong>impatientes.</strong></span> <span class='ocrx_word' id='word_1_250' title='bbox 1582 1806 1637 1852; x_wconf 91' lang='lat' dir='ltr'><strong>et</strong></span> <span class='ocrx_word' id='word_1_251' title='bbox 1669 1798 1985 1862; x_wconf 81' lang='lat' dir='ltr'><strong>importunae</strong></span> <span class='ocrx_word' id='word_1_252' title='bbox 2010 1809 2025 1857; x_wconf 83' lang='lat'><strong>;</strong></span> 
     </span>
    </p>
   </div>
   <div class='ocr_carea' id='block_1_35' title="bbox 464 1885 2029 1965">
    <p class='ocr_par' dir='ltr' id='par_1_35' title="bbox 464 1885 2029 1965">
     <span class='ocr_line' id='line_1_35' title="bbox 464 1885 2029 1965; baseline -0.01 -14"><span class='ocrx_word' id='word_1_253' title='bbox 464 1898 544 1951; x_wconf 78' lang='lat' dir='ltr'><strong>sic</strong></span> <span class='ocrx_word' id='word_1_254' title='bbox 568 1895 857 1965; x_wconf 74' lang='lat' dir='ltr'><strong>hypocrita:</strong></span> <span class='ocrx_word' id='word_1_255' title='bbox 889 1893 1151 1945; x_wconf 85' lang='lat' dir='ltr'><strong>.doctores</strong></span> <span class='ocrx_word' id='word_1_256' title='bbox 1183 1893 1331 1958; x_wconf 90' lang='lat' dir='ltr'><strong>quasi</strong></span> <span class='ocrx_word' id='word_1_257' title='bbox 1372 1891 1421 1941; x_wconf 93' lang='lat' dir='ltr'><strong>in</strong></span> <span class='ocrx_word' id='word_1_258' title='bbox 1450 1901 1580 1953; x_wconf 89' lang='lat' dir='ltr'><strong>aqua</strong></span> <span class='ocrx_word' id='word_1_259' title='bbox 1605 1885 1878 1952; x_wconf 68' lang='lat' dir='ltr'><strong>sapientiai</strong></span> <span class='ocrx_word' id='word_1_260' title='bbox 1909 1889 2029 1936; x_wconf 86' lang='lat' dir='ltr'><strong>esse</strong></span> 
     </span>
    </p>
   </div>
   <div class='ocr_carea' id='block_1_36' title="bbox 467 1980 2027 2049">
    <p class='ocr_par' dir='ltr' id='par_1_36' title="bbox 467 1980 2027 2049">
     <span class='ocr_line' id='line_1_36' title="bbox 467 1980 2027 2049; baseline -0.008 -11"><span class='ocrx_word' id='word_1_261' title='bbox 467 1987 736 2049; x_wconf 86' lang='lat' dir='ltr'><strong>videntur,</strong></span> <span class='ocrx_word' id='word_1_262' title='bbox 763 1992 818 2037; x_wconf 86' lang='lat' dir='ltr'><strong>et</strong></span> <span class='ocrx_word' id='word_1_263' title='bbox 845 1984 900 2038; x_wconf 91' lang='lat' dir='ltr'><strong>in</strong></span> <span class='ocrx_word' id='word_1_264' title='bbox 933 1982 1044 2034; x_wconf 88' lang='lat' dir='ltr'><strong>luto</strong></span> <span class='ocrx_word' id='word_1_265' title='bbox 1069 1980 1290 2032; x_wconf 85' lang='lat' dir='ltr'><strong>haeresis</strong></span> <span class='ocrx_word' id='word_1_266' title='bbox 1316 1989 1488 2032; x_wconf 88' lang='lat' dir='ltr'><strong>tamen</strong></span> <span class='ocrx_word' id='word_1_267' title='bbox 1514 1985 1793 2030; x_wconf 90' lang='lat' dir='ltr'><strong>versantur</strong></span> <span class='ocrx_word' id='word_1_268' title='bbox 1821 1983 1875 2028; x_wconf 92' lang='lat' dir='ltr'><strong>et</strong></span> <span class='ocrx_word' id='word_1_269' title='bbox 1903 1986 2027 2027; x_wconf 82' lang='lat' dir='ltr'><strong>con-</strong></span> 
     </span>
    </p>
   </div>
   <div class='ocr_carea' id='block_1_37' title="bbox 467 2065 2030 2135">
    <p class='ocr_par' dir='ltr' id='par_1_37' title="bbox 467 2065 2030 2135">
     <span class='ocr_line' id='line_1_37' title="bbox 467 2065 2030 2135; baseline -0.01 -3"><span class='ocrx_word' id='word_1_270' title='bbox 467 2078 657 2132; x_wconf 82' lang='lat' dir='ltr'><strong>trarias</strong></span> <span class='ocrx_word' id='word_1_271' title='bbox 685 2088 845 2130; x_wconf 86' lang='lat' dir='ltr'><strong>voces</strong></span> <span class='ocrx_word' id='word_1_272' title='bbox 871 2070 1081 2126; x_wconf 83' lang='lat' dir='ltr'><strong>veritati</strong></span> <span class='ocrx_word' id='word_1_273' title='bbox 1124 2071 1394 2135; x_wconf 88' lang='lat' dir='ltr'><strong>emittunt,</strong></span> <span class='ocrx_word' id='word_1_274' title='bbox 1419 2076 1472 2123; x_wconf 89' lang='lat' dir='ltr'><strong>et</strong></span> <span class='ocrx_word' id='word_1_275' title='bbox 1496 2068 1850 2135; x_wconf 80' lang='lat' dir='ltr'><strong>inopportuno</strong></span> <span class='ocrx_word' id='word_1_276' title='bbox 1877 2065 2030 2118; x_wconf 90' lang='lat' dir='ltr'><strong>bonis</strong></span> 
     </span>
    </p>
   </div>
   <div class='ocr_carea' id='block_1_38' title="bbox 469 2148 2029 2235">
    <p class='ocr_par' dir='ltr' id='par_1_38' title="bbox 469 2148 2029 2235">
     <span class='ocr_line' id='line_1_38' title="bbox 469 2148 2029 2235; baseline -0.01 -12"><span class='ocrx_word' id='word_1_277' title='bbox 469 2177 683 2231; x_wconf 87' lang='lat' dir='ltr'><strong>nocent,</strong></span> <span class='ocrx_word' id='word_1_278' title='bbox 715 2148 905 2235; x_wconf 83' lang='lat' dir='ltr'><strong>spiritu</strong></span> <span class='ocrx_word' id='word_1_279' title='bbox 935 2163 1195 2218; x_wconf 69' lang='lat' dir='ltr'><strong>daenmnis</strong></span> <span class='ocrx_word' id='word_1_280' title='bbox 1216 2161 1428 2231; x_wconf 89' lang='lat' dir='ltr'><strong>agitati:</strong></span> <span class='ocrx_word' id='word_1_281' title='bbox 1462 2160 1753 2229; x_wconf 90' lang='lat' dir='ltr'><strong>procedunt</strong></span> <span class='ocrx_word' id='word_1_282' title='bbox 1780 2158 1845 2210; x_wconf 89' lang='lat' dir='ltr'><strong>ad</strong></span> <span class='ocrx_word' id='word_1_283' title='bbox 1875 2159 2029 2224; x_wconf 79' lang='lat' dir='ltr'><strong>reges</strong></span> 
     </span>
    </p>
   </div>
   <div class='ocr_carea' id='block_1_39' title="bbox 474 2246 2032 2327">
    <p class='ocr_par' dir='ltr' id='par_1_39' title="bbox 474 2246 2032 2327">
     <span class='ocr_line' id='line_1_39' title="bbox 474 2246 2032 2327; baseline -0.012 -10"><span class='ocrx_word' id='word_1_284' title='bbox 474 2274 631 2317; x_wconf 64' lang='lat' dir='ltr'><strong>terra:</strong></span> <span class='ocrx_word' id='word_1_285' title='bbox 686 2272 1007 2327; x_wconf 80' lang='lat' dir='ltr'><strong>congregare</strong></span> <span class='ocrx_word' id='word_1_286' title='bbox 1053 2256 1190 2317; x_wconf 82' lang='lat' dir='ltr'><strong>illus,</strong></span> <span class='ocrx_word' id='word_1_287' title='bbox 1216 2253 1270 2307; x_wconf 89' lang='lat' dir='ltr'><strong>id</strong></span> <span class='ocrx_word' id='word_1_288' title='bbox 1298 2263 1403 2318; x_wconf 89' lang='lat' dir='ltr'><strong>est,</strong></span> <span class='ocrx_word' id='word_1_289' title='bbox 1436 2251 1647 2320; x_wconf 88' lang='lat' dir='ltr'><strong>impios;</strong></span> <span class='ocrx_word' id='word_1_290' title='bbox 1681 2248 1943 2324; x_wconf 79' lang='lat' dir='ltr'><strong>inspirant</strong></span> <span class='ocrx_word' id='word_1_291' title='bbox 1967 2246 2032 2299; x_wconf 89' lang='lat' dir='ltr'><strong>atl</strong></span> 
     </span>
    </p>
   </div>
   <div class='ocr_carea' id='block_1_40' title="bbox 473 2338 2034 2422">
    <p class='ocr_par' dir='ltr' id='par_1_40' title="bbox 473 2338 2034 2422">
     <span class='ocr_line' id='line_1_40' title="bbox 473 2338 2034 2422; baseline -0.01 -18"><span class='ocrx_word' id='word_1_292' title='bbox 473 2366 700 2422; x_wconf 81' lang='lat' dir='ltr'><strong>pugnam</strong></span> <span class='ocrx_word' id='word_1_293' title='bbox 723 2358 905 2403; x_wconf 90' lang='lat' dir='ltr'><strong>contra</strong></span> <span class='ocrx_word' id='word_1_294' title='bbox 930 2357 1163 2409; x_wconf 89' lang='lat' dir='ltr'><strong>sanctos,</strong></span> <span class='ocrx_word' id='word_1_295' title='bbox 1195 2345 1280 2414; x_wconf 89' lang='lat' dir='ltr'><strong>qui</strong></span> <span class='ocrx_word' id='word_1_296' title='bbox 1304 2352 1425 2396; x_wconf 89' lang='lat' dir='ltr'><strong>sunt</strong></span> <span class='ocrx_word' id='word_1_297' title='bbox 1453 2356 1605 2410; x_wconf 87' lang='lat' dir='ltr'><strong>reges</strong></span> <span class='ocrx_word' id='word_1_298' title='bbox 1629 2339 1882 2409; x_wconf 70' lang='lat' dir='ltr'><strong>justitiaz;</strong></span> <span class='ocrx_word' id='word_1_299' title='bbox 1906 2338 2034 2406; x_wconf 83' lang='lat' dir='ltr'><strong>licet</strong></span> 
     </span>
    </p>
   </div>
   <div class='ocr_carea' id='block_1_41' title="bbox 473 2426 2030 2497">
    <p class='ocr_par' dir='ltr' id='par_1_41' title="bbox 473 2426 2030 2497">
     <span class='ocr_line' id='line_1_41' title="bbox 473 2426 2030 2497; baseline -0.013 0"><span class='ocrx_word' id='word_1_300' title='bbox 473 2443 614 2497; x_wconf 87' lang='lat' dir='ltr'><strong>enim</strong></span> <span class='ocrx_word' id='word_1_301' title='bbox 638 2438 814 2493; x_wconf 89' lang='lat' dir='ltr'><strong>omnis</strong></span> <span class='ocrx_word' id='word_1_302' title='bbox 836 2436 1036 2488; x_wconf 80' lang='lat' dir='ltr'><strong>falsitas</strong></span> <span class='ocrx_word' id='word_1_303' title='bbox 1079 2431 1483 2488; x_wconf 84' lang='lat' dir='ltr'><strong>similitudinem</strong></span> <span class='ocrx_word' id='word_1_304' title='bbox 1526 2426 1764 2482; x_wconf 83' lang='lat' dir='ltr'><strong>veritatis</strong></span> <span class='ocrx_word' id='word_1_305' title='bbox 1793 2432 2030 2493; x_wconf 87' lang='lat' dir='ltr'><strong>usurpet,</strong></span> 
     </span>
    </p>
   </div>
   <div class='ocr_carea' id='block_1_42' title="bbox 473 2516 2037 2597">
    <p class='ocr_par' dir='ltr' id='par_1_42' title="bbox 473 2516 2037 2597">
     <span class='ocr_line' id='line_1_42' title="bbox 473 2516 2037 2597; baseline -0.012 -10"><span class='ocrx_word' id='word_1_306' title='bbox 473 2532 652 2587; x_wconf 84' lang='lat' dir='ltr'><strong>dilTert</strong></span> <span class='ocrx_word' id='word_1_307' title='bbox 675 2541 849 2584; x_wconf 88' lang='lat' dir='ltr'><strong>tamen</strong></span> <span class='ocrx_word' id='word_1_308' title='bbox 878 2526 1108 2597; x_wconf 88' lang='lat' dir='ltr'><strong>dignitas</strong></span> <span class='ocrx_word' id='word_1_309' title='bbox 1153 2538 1294 2580; x_wconf 74' lang='lat' dir='ltr'><strong>vera:</strong></span> <span class='ocrx_word' id='word_1_310' title='bbox 1336 2520 1610 2591; x_wconf 66' lang='lat' dir='ltr'><strong>sapientiae</strong></span> <span class='ocrx_word' id='word_1_311' title='bbox 1637 2534 1665 2574; x_wconf 93' lang='lat' dir='ltr'><strong>a</strong></span> <span class='ocrx_word' id='word_1_312' title='bbox 1690 2516 2037 2572; x_wconf 87' lang='lat' dir='ltr'><strong>similitudine</strong></span> 
     </span>
    </p>
   </div>
   <div class='ocr_carea' id='block_1_43' title="bbox 461 2624 748 2686">
    <p class='ocr_par' dir='ltr' id='par_1_43' title="bbox 461 2624 748 2686">
     <span class='ocr_line' id='line_1_43' title="bbox 461 2624 748 2686; baseline -0.01 -9"><span class='ocrx_word' id='word_1_313' title='bbox 461 2624 748 2686; x_wconf 70' lang='lat' dir='ltr'><strong>doctrinm.</strong></span> 
     </span>
    </p>
   </div>
   <div class='ocr_carea' id='block_1_44' title="bbox 467 2718 2037 2792">
    <p class='ocr_par' dir='ltr' id='par_1_44' title="bbox 467 2718 2037 2792">
     <span class='ocr_line' id='line_1_44' title="bbox 467 2718 2037 2792; baseline -0.011 -5"><span class='ocrx_word' id='word_1_314' title='bbox 467 2733 644 2787; x_wconf 74' lang='lat' dir='ltr'><strong>CAPUT</strong></span> <span class='ocrx_word' id='word_1_315' title='bbox 676 2726 1125 2785; x_wconf 52' lang='lat' dir='ltr'><strong>LXXXIV—De</strong></span> <span class='ocrx_word' id='word_1_316' title='bbox 1150 2725 1334 2778; x_wconf 84' lang='lat' dir='ltr'><strong>clerico</strong></span> <span class='ocrx_word' id='word_1_317' title='bbox 1356 2723 1731 2792; x_wconf 72' lang='lat' dir='ltr'><strong>derelinquam</strong></span> <span class='ocrx_word' id='word_1_318' title='bbox 1745 2718 2037 2772; x_wconf 82' lang='lat' dir='ltr'><strong>clericatum</strong></span> 
     </span>
    </p>
   </div>
   <div class='ocr_carea' id='block_1_45' title="bbox 1167 2809 1334 2846">
    <p class='ocr_par' dir='ltr' id='par_1_45' title="bbox 1167 2809 1334 2846">
     <span class='ocr_line' id='line_1_45' title="bbox 1167 2809 1334 2846; baseline -0.006 0"><span class='ocrx_word' id='word_1_319' title='bbox 1167 2809 1334 2846; x_wconf 73' lang='lat' dir='ltr'><strong>suum.</strong></span> 
     </span>
    </p>
   </div>
   <div class='ocr_carea' id='block_1_46' title="bbox 538 2875 2034 2960">
    <p class='ocr_par' dir='ltr' id='par_1_46' title="bbox 538 2875 2034 2960">
     <span class='ocr_line' id='line_1_46' title="bbox 538 2875 2034 2960; baseline -0.013 -13"><span class='ocrx_word' id='word_1_320' title='bbox 538 2893 563 2928; x_wconf 68' lang='grc' dir='ltr'>δ</span> <span class='ocrx_word' id='word_1_321' title='bbox 603 2891 661 2946; x_wconf 91' lang='lat' dir='ltr'><strong>Si</strong></span> <span class='ocrx_word' id='word_1_322' title='bbox 689 2891 804 2960; x_wconf 89' lang='lat' dir='ltr'><strong>quis</strong></span> <span class='ocrx_word' id='word_1_323' title='bbox 831 2887 1076 2954; x_wconf 88' lang='lat' dir='ltr'><strong>clericus,</strong></span> <span class='ocrx_word' id='word_1_324' title='bbox 1103 2883 1289 2939; x_wconf 91' lang='lat' dir='ltr'><strong>relicto</strong></span> <span class='ocrx_word' id='word_1_325' title='bbox 1316 2881 1477 2937; x_wconf 84' lang='lat' dir='ltr'><strong>olllcii</strong></span> <span class='ocrx_word' id='word_1_326' title='bbox 1509 2878 1587 2934; x_wconf 90' lang='lat' dir='ltr'><strong>sui</strong></span> <span class='ocrx_word' id='word_1_327' title='bbox 1610 2877 1820 2946; x_wconf 90' lang='lat' dir='ltr'><strong>ordine,</strong></span> <span class='ocrx_word' id='word_1_328' title='bbox 1846 2875 2034 2931; x_wconf 89' lang='lat' dir='ltr'><strong>laicam</strong></span> 
     </span>
    </p>
   </div>
   <div class='ocr_carea' id='block_1_47' title="bbox 467 2965 2030 3048">
    <p class='ocr_par' dir='ltr' id='par_1_47' title="bbox 467 2965 2030 3048">
     <span class='ocr_line' id='line_1_47' title="bbox 467 2965 2030 3048; baseline -0.011 -12"><span class='ocrx_word' id='word_1_329' title='bbox 467 2983 691 3036; x_wconf 82' lang='lat' dir='ltr'><strong>voluerit</strong></span> <span class='ocrx_word' id='word_1_330' title='bbox 739 2994 895 3048; x_wconf 88' lang='lat' dir='ltr'><strong>agere</strong></span> <span class='ocrx_word' id='word_1_331' title='bbox 943 2976 1130 3040; x_wconf 85' lang='lat' dir='ltr'><strong>vitam,</strong></span> <span class='ocrx_word' id='word_1_332' title='bbox 1159 2971 1556 3028; x_wconf 27' lang='lat' dir='ltr'><strong>velsse&#39;mililite</strong></span> <span class='ocrx_word' id='word_1_333' title='bbox 1585 2967 1830 3023; x_wconf 65' lang='lat' dir='ltr'><strong>saeculari</strong></span> <span class='ocrx_word' id='word_1_334' title='bbox 1868 2965 2030 3021; x_wconf 84' lang='lat' dir='ltr'><strong>tradi-</strong></span> 
     </span>
    </p>
   </div>
   <div class='ocr_carea' id='block_1_48' title="bbox 476 3060 1676 3138">
    <p class='ocr_par' dir='ltr' id='par_1_48' title="bbox 476 3060 1676 3138">
     <span class='ocr_line' id='line_1_48' title="bbox 476 3060 1676 3138; baseline -0.011 -14"><span class='ocrx_word' id='word_1_335' title='bbox 476 3071 635 3138; x_wconf 82' lang='lat' dir='ltr'><strong>derit,</strong></span> <span class='ocrx_word' id='word_1_336' title='bbox 668 3065 1233 3124; x_wconf 85' lang='lat' dir='ltr'><strong>excommunicationis</strong></span> <span class='ocrx_word' id='word_1_337' title='bbox 1259 3076 1414 3132; x_wconf 62' lang='lat' dir='ltr'><strong>paena</strong></span> <span class='ocrx_word' id='word_1_338' title='bbox 1441 3060 1676 3116; x_wconf 76' lang='lat' dir='ltr'><strong>feriatur.</strong></span> 
     </span>
    </p>
   </div>
   <div class='ocr_carea' id='block_1_49' title="bbox 472 3171 2040 3246">
    <p class='ocr_par' dir='ltr' id='par_1_49' title="bbox 472 3171 2040 3246">
     <span class='ocr_line' id='line_1_49' title="bbox 472 3171 2040 3246; baseline -0.009 -9"><span class='ocrx_word' id='word_1_339' title='bbox 472 3182 614 3237; x_wconf 76' lang='lat' dir='ltr'><strong>Cum</strong></span> <span class='ocrx_word' id='word_1_340' title='bbox 628 3197 661 3236; x_wconf 82' lang='grc' dir='ltr'><strong>ἰ·</strong></span> <span class='ocrx_word' id='word_1_341' title='bbox 693 3178 952 3236; x_wconf 72' lang='lat' dir='ltr'><strong>LXXXV.</strong></span> <span class='ocrx_word' id='word_1_342' title='bbox 970 3206 1040 3219; x_wconf 91' lang='lat'><strong>—-</strong></span> <span class='ocrx_word' id='word_1_343' title='bbox 1059 3176 1134 3229; x_wconf 84' lang='lat' dir='ltr'><strong>De</strong></span> <span class='ocrx_word' id='word_1_344' title='bbox 1150 3193 1207 3230; x_wconf 83' lang='lat' dir='ltr'><strong>eo</strong></span> <span class='ocrx_word' id='word_1_345' title='bbox 1227 3177 1359 3246; x_wconf 82' lang='lat' dir='ltr'><strong>quod</strong></span> <span class='ocrx_word' id='word_1_346' title='bbox 1381 3190 1479 3228; x_wconf 86' lang='lat' dir='ltr'><strong>non</strong></span> <span class='ocrx_word' id='word_1_347' title='bbox 1503 3174 1654 3242; x_wconf 74' lang='lat' dir='ltr'><strong>facile</strong></span> <span class='ocrx_word' id='word_1_348' title='bbox 1673 3171 1888 3227; x_wconf 73' lang='lat' dir='ltr'><strong>uincitur</strong></span> <span class='ocrx_word' id='word_1_349' title='bbox 1909 3184 2040 3224; x_wconf 73' lang='lat' dir='ltr'><strong>unus</strong></span> 
     </span>
    </p>
   </div>
   <div class='ocr_carea' id='block_1_50' title="bbox 973 3246 1546 3301">
    <p class='ocr_par' dir='ltr' id='par_1_50' title="bbox 973 3246 1546 3301">
     <span class='ocr_line' id='line_1_50' title="bbox 973 3246 1546 3301; baseline -0.009 0"><span class='ocrx_word' id='word_1_350' title='bbox 973 3249 1033 3301; x_wconf 85' lang='lat' dir='ltr'><strong>de</strong></span> <span class='ocrx_word' id='word_1_351' title='bbox 1059 3247 1238 3300; x_wconf 82' lang='lat' dir='ltr'><strong>ordine</strong></span> <span class='ocrx_word' id='word_1_352' title='bbox 1264 3246 1448 3299; x_wconf 85' lang='lat' dir='ltr'><strong>canoni</strong></span> <span class='ocrx_word' id='word_1_353' title='bbox 1467 3260 1546 3296; x_wconf 91' lang='lat' dir='ltr'><strong>co.</strong></span> 
     </span>
    </p>
   </div>
   <div class='ocr_carea' id='block_1_51' title="bbox 541 3331 2041 3405">
    <p class='ocr_par' dir='ltr' id='par_1_51' title="bbox 541 3331 2041 3405">
     <span class='ocr_line' id='line_1_51' title="bbox 541 3331 2041 3405; baseline -0.009 -7"><span class='ocrx_word' id='word_1_354' title='bbox 541 3353 564 3382; x_wconf 75' lang='grc' dir='ltr'><strong>ο</strong></span> <span class='ocrx_word' id='word_1_355' title='bbox 605 3340 859 3405; x_wconf 84' lang='lat' dir='ltr'><strong>Silvester</strong></span> <span class='ocrx_word' id='word_1_356' title='bbox 881 3341 1012 3394; x_wconf 89' lang='lat' dir='ltr'><strong>dicit</strong></span> <span class='ocrx_word' id='word_1_357' title='bbox 1045 3357 1057 3391; x_wconf 90' lang='lat'>:</span> <span class='ocrx_word' id='word_1_358' title='bbox 1089 3338 1206 3392; x_wconf 83' lang='lat' dir='ltr'><strong>Non</strong></span> <span class='ocrx_word' id='word_1_359' title='bbox 1246 3337 1523 3405; x_wconf 84' lang='lat' dir='ltr'><strong>acolythus</strong></span> <span class='ocrx_word' id='word_1_360' title='bbox 1551 3333 1805 3389; x_wconf 71' lang='lat' dir='ltr'><strong>adveisus</strong></span> <span class='ocrx_word' id='word_1_361' title='bbox 1832 3331 2041 3388; x_wconf 85' lang='lat' dir='ltr'><strong>subdia-</strong></span> 
     </span>
    </p>
   </div>
   <div class='ocr_carea' id='block_1_52' title="bbox 470 3424 2042 3496">
    <p class='ocr_par' dir='ltr' id='par_1_52' title="bbox 470 3424 2042 3496">
     <span class='ocr_line' id='line_1_52' title="bbox 470 3424 2042 3496; baseline -0.006 -10"><span class='ocrx_word' id='word_1_362' title='bbox 470 3447 665 3486; x_wconf 87' lang='lat' dir='ltr'><strong>conum</strong></span> <span class='ocrx_word' id='word_1_363' title='bbox 695 3471 712 3496; x_wconf 89' lang='lat'><strong>,</strong></span> <span class='ocrx_word' id='word_1_364' title='bbox 758 3447 862 3485; x_wconf 92' lang='lat' dir='ltr'><strong>non</strong></span> <span class='ocrx_word' id='word_1_365' title='bbox 913 3431 1175 3484; x_wconf 89' lang='lat' dir='ltr'><strong>exorcista</strong></span> <span class='ocrx_word' id='word_1_366' title='bbox 1244 3427 1499 3481; x_wconf 88' lang='lat' dir='ltr'><strong>adversus</strong></span> <span class='ocrx_word' id='word_1_367' title='bbox 1547 3424 1876 3495; x_wconf 80' lang='lat' dir='ltr'><strong>acolythum,</strong></span> <span class='ocrx_word' id='word_1_368' title='bbox 1939 3438 2042 3476; x_wconf 90' lang='lat' dir='ltr'><strong>non</strong></span> 
     </span>
    </p>
   </div>
   <div class='ocr_carea' id='block_1_53' title="bbox 474 3513 2076 3592">
    <p class='ocr_par' dir='ltr' id='par_1_53' title="bbox 474 3513 2076 3592">
     <span class='ocr_line' id='line_1_53' title="bbox 474 3513 2076 3592; baseline -0.007 -16"><span class='ocrx_word' id='word_1_369' title='bbox 474 3524 642 3576; x_wconf 89' lang='lat' dir='ltr'><strong>lector</strong></span> <span class='ocrx_word' id='word_1_370' title='bbox 682 3521 935 3575; x_wconf 88' lang='lat' dir='ltr'><strong>adversus</strong></span> <span class='ocrx_word' id='word_1_371' title='bbox 983 3519 1325 3592; x_wconf 62' lang='lat' dir='ltr'><strong>exet-cistam,</strong></span> <span class='ocrx_word' id='word_1_372' title='bbox 1360 3532 1464 3571; x_wconf 93' lang='lat' dir='ltr'><strong>non</strong></span> <span class='ocrx_word' id='word_1_373' title='bbox 1494 3516 1744 3570; x_wconf 83' lang='lat' dir='ltr'><strong>ostiarius</strong></span> <span class='ocrx_word' id='word_1_374' title='bbox 1791 3513 2076 3567; x_wconf 71' lang='lat' dir='ltr'><strong>adversus</strong></span> 
     </span>
    </p>
   </div>
   <div class='ocr_carea' id='block_1_54' title="bbox 472 3606 2046 3678">
    <p class='ocr_par' dir='ltr' id='par_1_54' title="bbox 472 3606 2046 3678">
     <span class='ocr_line' id='line_1_54' title="bbox 472 3606 2046 3678; baseline -0.008 -10"><span class='ocrx_word' id='word_1_375' title='bbox 472 3616 724 3672; x_wconf 87' lang='lat' dir='ltr'><strong>lectorem</strong></span> <span class='ocrx_word' id='word_1_376' title='bbox 769 3614 858 3667; x_wconf 90' lang='lat' dir='ltr'><strong>det</strong></span> <span class='ocrx_word' id='word_1_377' title='bbox 887 3611 1280 3666; x_wconf 87' lang='lat' dir='ltr'><strong>accusationem</strong></span> <span class='ocrx_word' id='word_1_378' title='bbox 1334 3609 1588 3678; x_wconf 88' lang='lat' dir='ltr'><strong>aliquam.</strong></span> <span class='ocrx_word' id='word_1_379' title='bbox 1635 3607 1704 3661; x_wconf 86' lang='lat' dir='ltr'><strong>Et</strong></span> <span class='ocrx_word' id='word_1_380' title='bbox 1731 3621 1835 3659; x_wconf 89' lang='lat' dir='ltr'><strong>non</strong></span> <span class='ocrx_word' id='word_1_381' title='bbox 1885 3606 2046 3658; x_wconf 89' lang='lat' dir='ltr'><strong>dam-</strong></span> 
     </span>
    </p>
   </div>
   <div class='ocr_carea' id='block_1_55' title="bbox 471 3698 2040 3765">
    <p class='ocr_par' dir='ltr' id='par_1_55' title="bbox 471 3698 2040 3765">
     <span class='ocr_line' id='line_1_55' title="bbox 471 3698 2040 3765; baseline -0.006 -7"><span class='ocrx_word' id='word_1_382' title='bbox 471 3706 679 3758; x_wconf 90' lang='lat' dir='ltr'><strong>nabitur</strong></span> <span class='ocrx_word' id='word_1_383' title='bbox 730 3703 1120 3765; x_wconf 88' lang='lat' dir='ltr'><strong>subdiaconus,</strong></span> <span class='ocrx_word' id='word_1_384' title='bbox 1158 3701 1454 3765; x_wconf 87' lang='lat' dir='ltr'><strong>exorcista,</strong></span> <span class='ocrx_word' id='word_1_385' title='bbox 1511 3698 1790 3765; x_wconf 87' lang='lat' dir='ltr'><strong>ostiarius,</strong></span> <span class='ocrx_word' id='word_1_386' title='bbox 1844 3698 2040 3764; x_wconf 90' lang='lat' dir='ltr'><strong>lector,</strong></span> 
     </span>
    </p>
   </div>
   <div class='ocr_carea' id='block_1_56' title="bbox 472 3787 2042 3864">
    <p class='ocr_par' dir='ltr' id='par_1_56' title="bbox 472 3787 2042 3864">
     <span class='ocr_line' id='line_1_56' title="bbox 472 3787 2042 3864; baseline -0.007 -15"><span class='ocrx_word' id='word_1_387' title='bbox 472 3794 788 3864; x_wconf 83' lang='lat' dir='ltr'><strong>acolythus,</strong></span> <span class='ocrx_word' id='word_1_388' title='bbox 842 3791 976 3846; x_wconf 79' lang='lat' dir='ltr'><strong>filios</strong></span> <span class='ocrx_word' id='word_1_389' title='bbox 1021 3790 1275 3844; x_wconf 87' lang='lat' dir='ltr'><strong>habentes</strong></span> <span class='ocrx_word' id='word_1_390' title='bbox 1322 3797 1375 3844; x_wconf 90' lang='lat' dir='ltr'><strong>et</strong></span> <span class='ocrx_word' id='word_1_391' title='bbox 1420 3802 1660 3850; x_wconf 87' lang='lat' dir='ltr'><strong>uxorem,</strong></span> <span class='ocrx_word' id='word_1_392' title='bbox 1716 3796 1770 3840; x_wconf 92' lang='lat' dir='ltr'><strong>et</strong></span> <span class='ocrx_word' id='word_1_393' title='bbox 1822 3787 2042 3839; x_wconf 89' lang='lat' dir='ltr'><strong>omnino</strong></span> 
     </span>
    </p>
   </div>
   <div class='ocr_carea' id='block_1_57' title="bbox 470 3877 2065 3954">
    <p class='ocr_par' dir='ltr' id='par_1_57' title="bbox 470 3877 2065 3954">
     <span class='ocr_line' id='line_1_57' title="bbox 470 3877 2065 3954; baseline -0.011 -13"><span class='ocrx_word' id='word_1_394' title='bbox 470 3888 742 3943; x_wconf 86' lang='lat' dir='ltr'><strong>Christum</strong></span> <span class='ocrx_word' id='word_1_395' title='bbox 795 3885 1190 3954; x_wconf 72' lang='lat' dir='ltr'><strong>praedicantes;</strong></span> <span class='ocrx_word' id='word_1_396' title='bbox 1223 3883 1299 3936; x_wconf 87' lang='lat' dir='ltr'><strong>sic</strong></span> <span class='ocrx_word' id='word_1_397' title='bbox 1344 3881 1498 3935; x_wconf 85' lang='lat' dir='ltr'><strong>datur</strong></span> <span class='ocrx_word' id='word_1_398' title='bbox 1547 3877 1773 3948; x_wconf 84' lang='lat' dir='ltr'><strong>mystica</strong></span> <span class='ocrx_word' id='word_1_399' title='bbox 1821 3879 2065 3940; x_wconf 89' lang='lat' dir='ltr'><strong>veritas,.</strong></span> 
     </span>
    </p>
   </div>
   <div class='ocr_carea' id='block_1_58' title="bbox 480 3968 2044 4043">
    <p class='ocr_par' dir='ltr' id='par_1_58' title="bbox 480 3968 2044 4043">
     <span class='ocr_line' id='line_1_58' title="bbox 480 3968 2044 4043; baseline -0.008 -12"><span class='ocrx_word' id='word_1_400' title='bbox 480 3977 580 4031; x_wconf 89' lang='lat' dir='ltr'><strong>nisi</strong></span> <span class='ocrx_word' id='word_1_401' title='bbox 607 3977 659 4030; x_wconf 91' lang='lat' dir='ltr'><strong>in</strong></span> <span class='ocrx_word' id='word_1_402' title='bbox 687 3984 897 4043; x_wconf 88' lang='lat' dir='ltr'><strong>septem</strong></span> <span class='ocrx_word' id='word_1_403' title='bbox 927 3973 1246 4029; x_wconf 88' lang='lat' dir='ltr'><strong>testimoniis</strong></span> <span class='ocrx_word' id='word_1_404' title='bbox 1273 3989 1287 4039; x_wconf 90' lang='lat'>;</span> <span class='ocrx_word' id='word_1_405' title='bbox 1318 3981 1371 4026; x_wconf 89' lang='lat' dir='ltr'><strong>et</strong></span> <span class='ocrx_word' id='word_1_406' title='bbox 1400 3985 1502 4024; x_wconf 92' lang='lat' dir='ltr'><strong>non</strong></span> <span class='ocrx_word' id='word_1_407' title='bbox 1545 3969 1884 4024; x_wconf 91' lang='lat' dir='ltr'><strong>damnabitur</strong></span> <span class='ocrx_word' id='word_1_408' title='bbox 1931 3968 2044 4020; x_wconf 88' lang='lat' dir='ltr'><strong>dia-</strong></span> 
     </span>
    </p>
   </div>
   <div class='ocr_carea' id='block_1_59' title="bbox 479 4059 2043 4132">
    <p class='ocr_par' dir='ltr' id='par_1_59' title="bbox 479 4059 2043 4132">
     <span class='ocr_line' id='line_1_59' title="bbox 479 4059 2043 4132; baseline -0.006 -12"><span class='ocrx_word' id='word_1_409' title='bbox 479 4080 668 4131; x_wconf 83' lang='lat' dir='ltr'><strong>conus,</strong></span> <span class='ocrx_word' id='word_1_410' title='bbox 695 4065 797 4120; x_wconf 86' lang='lat' dir='ltr'><strong>nisi</strong></span> <span class='ocrx_word' id='word_1_411' title='bbox 827 4065 880 4118; x_wconf 92' lang='lat' dir='ltr'><strong>in</strong></span> <span class='ocrx_word' id='word_1_412' title='bbox 914 4063 1122 4132; x_wconf 87' lang='lat' dir='ltr'><strong>triginta</strong></span> <span class='ocrx_word' id='word_1_413' title='bbox 1153 4076 1269 4128; x_wconf 90' lang='lat' dir='ltr'><strong>sex,</strong></span> <span class='ocrx_word' id='word_1_414' title='bbox 1299 4067 1353 4115; x_wconf 88' lang='lat' dir='ltr'><strong>et</strong></span> <span class='ocrx_word' id='word_1_415' title='bbox 1380 4075 1485 4113; x_wconf 90' lang='lat' dir='ltr'><strong>non</strong></span> <span class='ocrx_word' id='word_1_416' title='bbox 1522 4059 1857 4114; x_wconf 88' lang='lat' dir='ltr'><strong>damnabitur</strong></span> <span class='ocrx_word' id='word_1_417' title='bbox 1896 4071 2043 4125; x_wconf 89' lang='lat' dir='ltr'><strong>pres-</strong></span> 
     </span>
    </p>
   </div>
   <div class='ocr_carea' id='block_1_60' title="bbox 475 4153 1573 4227">
    <p class='ocr_par' dir='ltr' id='par_1_60' title="bbox 475 4153 1573 4227">
     <span class='ocr_line' id='line_1_60' title="bbox 475 4153 1573 4227; baseline -0.006 -17"><span class='ocrx_word' id='word_1_418' title='bbox 475 4153 650 4227; x_wconf 71' lang='lat' dir='ltr'><strong>byter,</strong></span> <span class='ocrx_word' id='word_1_419' title='bbox 705 4155 804 4210; x_wconf 80' lang='lat' dir='ltr'><strong>nisi</strong></span> <span class='ocrx_word' id='word_1_420' title='bbox 860 4157 909 4210; x_wconf 92' lang='lat' dir='ltr'><strong>in</strong></span> <span class='ocrx_word' id='word_1_421' title='bbox 935 4153 1286 4224; x_wconf 86' lang='lat' dir='ltr'><strong>quadraginta</strong></span> <span class='ocrx_word' id='word_1_422' title='bbox 1328 4161 1573 4219; x_wconf 90' lang='lat' dir='ltr'><strong>quatuor.</strong></span> 
     </span>
    </p>
   </div>
   <div class='ocr_carea' id='block_1_61' title="bbox 473 4240 2043 4310">
    <p class='ocr_par' dir='ltr' id='par_1_61' title="bbox 473 4240 2043 4310">
     <span class='ocr_line' id='line_1_61' title="bbox 473 4240 2043 4310; baseline -0.005 -11"><span class='ocrx_word' id='word_1_423' title='bbox 473 4247 653 4300; x_wconf 67' lang='lat' dir='ltr'><strong>Cum</strong></span> <span class='ocrx_word' id='word_1_424' title='bbox 707 4242 1164 4299; x_wconf 72' lang='lat' dir='ltr'><strong>LXXXVl.-—De</strong></span> <span class='ocrx_word' id='word_1_425' title='bbox 1208 4257 1267 4295; x_wconf 87' lang='lat' dir='ltr'><strong>eo</strong></span> <span class='ocrx_word' id='word_1_426' title='bbox 1311 4241 1444 4310; x_wconf 86' lang='lat' dir='ltr'><strong>quod</strong></span> <span class='ocrx_word' id='word_1_427' title='bbox 1499 4240 1681 4294; x_wconf 82' lang='lat' dir='ltr'><strong>debent</strong></span> <span class='ocrx_word' id='word_1_428' title='bbox 1718 4240 1948 4292; x_wconf 83' lang='lat' dir='ltr'><strong>canonici</strong></span> <span class='ocrx_word' id='word_1_429' title='bbox 1992 4255 2043 4291; x_wconf 80' lang='lat' dir='ltr'><strong>se</strong></span> 
     </span>
    </p>
   </div>
   <div class='ocr_carea' id='block_1_62' title="bbox 615 4333 1894 4403">
    <p class='ocr_par' dir='ltr' id='par_1_62' title="bbox 615 4333 1894 4403">
     <span class='ocr_line' id='line_1_62' title="bbox 615 4333 1894 4403; baseline -0.007 -12"><span class='ocrx_word' id='word_1_430' title='bbox 615 4353 890 4403; x_wconf 74' lang='lat' dir='ltr'><strong>prtecavcre</strong></span> <span class='ocrx_word' id='word_1_431' title='bbox 918 4343 1036 4388; x_wconf 82' lang='lat' dir='ltr'><strong>ante</strong></span> <span class='ocrx_word' id='word_1_432' title='bbox 1079 4333 1557 4398; x_wconf 73' lang='lat' dir='ltr'><strong>transformationcs</strong></span> <span class='ocrx_word' id='word_1_433' title='bbox 1587 4333 1894 4384; x_wconf 68' lang='lat' dir='ltr'><strong>daemonum.</strong></span> 
     </span>
    </p>
   </div>
   <div class='ocr_carea' id='block_1_63' title="bbox 547 4420 2043 4490">
    <p class='ocr_par' dir='ltr' id='par_1_63' title="bbox 547 4420 2043 4490">
     <span class='ocr_line' id='line_1_63' title="bbox 547 4420 2043 4490; baseline -0.007 -8"><span class='ocrx_word' id='word_1_434' title='bbox 547 4427 878 4482; x_wconf 77' lang='lat' dir='ltr'><strong>Admonendi</strong></span> <span class='ocrx_word' id='word_1_435' title='bbox 921 4433 1043 4478; x_wconf 91' lang='lat' dir='ltr'><strong>sunt</strong></span> <span class='ocrx_word' id='word_1_436' title='bbox 1088 4424 1266 4477; x_wconf 86' lang='lat' dir='ltr'><strong>clerici</strong></span> <span class='ocrx_word' id='word_1_437' title='bbox 1316 4421 1581 4484; x_wconf 85' lang='lat' dir='ltr'><strong>canonici,</strong></span> <span class='ocrx_word' id='word_1_438' title='bbox 1634 4429 1690 4474; x_wconf 92' lang='lat' dir='ltr'><strong>ut</strong></span> <span class='ocrx_word' id='word_1_439' title='bbox 1741 4420 2043 4490; x_wconf 79' lang='lat' dir='ltr'><strong>sintcauti,</strong></span> 
     </span>
    </p>
   </div>
   <div class='ocr_carea' id='block_1_64' title="bbox 547 4513 1552 4586">
    <p class='ocr_par' dir='ltr' id='par_1_64' title="bbox 547 4513 1552 4586">
     <span class='ocr_line' id='line_1_64' title="bbox 547 4513 1552 4586; baseline -0.006 -13"><span class='ocrx_word' id='word_1_440' title='bbox 547 4531 570 4554; x_wconf 76' lang='grc'><strong><em>⁸·</em></strong></span> <span class='ocrx_word' id='word_1_441' title='bbox 614 4520 686 4573; x_wconf 88' lang='lat' dir='ltr'><strong>Ex</strong></span> <span class='ocrx_word' id='word_1_442' title='bbox 719 4521 897 4586; x_wconf 82' lang='lat' dir='ltr'><strong>Grcg.,</strong></span> <span class='ocrx_word' id='word_1_443' title='bbox 931 4518 966 4570; x_wconf 94' lang='lat' dir='ltr'><strong>l.</strong></span> <span class='ocrx_word' id='word_1_444' title='bbox 995 4531 1030 4569; x_wconf 91' lang='lat' dir='ltr'><strong>ll</strong></span> <span class='ocrx_word' id='word_1_445' title='bbox 1055 4517 1218 4579; x_wconf 87' lang='lat' dir='ltr'><strong>Pasl.,</strong></span> <span class='ocrx_word' id='word_1_446' title='bbox 1245 4529 1294 4569; x_wconf 90' lang='lat' dir='ltr'><strong>c.</strong></span> <span class='ocrx_word' id='word_1_447' title='bbox 1320 4513 1375 4577; x_wconf 72' lang='lat'><strong>4,</strong></span> <span class='ocrx_word' id='word_1_448' title='bbox 1410 4514 1552 4567; x_wconf 91' lang='lat' dir='ltr'><strong>med.</strong></span> 
     </span>
    </p>
   </div>
   <div class='ocr_carea' id='block_1_65' title="bbox 546 4586 1258 4656">
    <p class='ocr_par' dir='ltr' id='par_1_65' title="bbox 546 4586 1258 4656">
     <span class='ocr_line' id='line_1_65' title="bbox 546 4586 1258 4656; baseline -0.01 -13"><span class='ocrx_word' id='word_1_449' title='bbox 546 4589 569 4626; x_wconf 67' lang='grc'><strong>³⁵</strong></span> <span class='ocrx_word' id='word_1_450' title='bbox 610 4590 812 4643; x_wconf 88' lang='lat' dir='ltr'><strong>Concil.</strong></span> <span class='ocrx_word' id='word_1_451' title='bbox 849 4590 992 4656; x_wconf 84' lang='lat' dir='ltr'><strong>llisp.</strong></span> <span class='ocrx_word' id='word_1_452' title='bbox 1030 4602 1089 4652; x_wconf 87' lang='lat' dir='ltr'><strong>tt,</strong></span> <span class='ocrx_word' id='word_1_453' title='bbox 1123 4601 1172 4639; x_wconf 87' lang='lat' dir='ltr'><strong>c.</strong></span> <span class='ocrx_word' id='word_1_454' title='bbox 1203 4586 1258 4638; x_wconf 79' lang='lat'><strong>5.</strong></span> 
     </span>
    </p>
   </div>
   <div class='ocr_carea' id='block_1_66' title="bbox 2130 1795 3714 1859">
    <p class='ocr_par' dir='ltr' id='par_1_66' title="bbox 2130 1795 3714 1859">
     <span class='ocr_line' id='line_1_66' title="bbox 2130 1795 3714 1859; baseline 0.007 -16"><span class='ocrx_word' id='word_1_455' title='bbox 2130 1795 2217 1859; x_wconf 84' lang='lat' dir='ltr'><strong>qui</strong></span> <span class='ocrx_word' id='word_1_456' title='bbox 2266 1807 2295 1844; x_wconf 91' lang='lat' dir='ltr'><strong>a</strong></span> <span class='ocrx_word' id='word_1_457' title='bbox 2348 1796 2560 1847; x_wconf 63' lang='lat' dir='ltr'><strong>caeteris</strong></span> <span class='ocrx_word' id='word_1_458' title='bbox 2584 1803 2640 1846; x_wconf 93' lang='lat' dir='ltr'><strong>ut</strong></span> <span class='ocrx_word' id='word_1_459' title='bbox 2683 1811 2778 1849; x_wconf 87' lang='lat' dir='ltr'><strong>rex</strong></span> <span class='ocrx_word' id='word_1_460' title='bbox 2822 1797 3002 1850; x_wconf 89' lang='lat' dir='ltr'><strong>haberi</strong></span> <span class='ocrx_word' id='word_1_461' title='bbox 3068 1798 3341 1853; x_wconf 84' lang='lat' dir='ltr'><strong>videbatur</strong></span> <span class='ocrx_word' id='word_1_462' title='bbox 3385 1803 3598 1856; x_wconf 83' lang='lat' dir='ltr'><strong>dicebat</strong></span> <span class='ocrx_word' id='word_1_463' title='bbox 3633 1803 3714 1855; x_wconf 90' lang='lat' dir='ltr'><strong>ad</strong></span> 
     </span>
    </p>
   </div>
   <div class='ocr_carea' id='block_1_67' title="bbox 2130 1880 3706 1953">
    <p class='ocr_par' dir='ltr' id='par_1_67' title="bbox 2130 1880 3706 1953">
     <span class='ocr_line' id='line_1_67' title="bbox 2130 1880 3706 1953; baseline 0.005 -21"><span class='ocrx_word' id='word_1_464' title='bbox 2130 1894 2280 1932; x_wconf 89' lang='lat' dir='ltr'><strong>eum:</strong></span> <span class='ocrx_word' id='word_1_465' title='bbox 2308 1880 2537 1948; x_wconf 86' lang='lat' dir='ltr'><strong>Implesti</strong></span> <span class='ocrx_word' id='word_1_466' title='bbox 2567 1883 2766 1946; x_wconf 88' lang='lat' dir='ltr'><strong>omnia,</strong></span> <span class='ocrx_word' id='word_1_467' title='bbox 2796 1897 2828 1935; x_wconf 88' lang='grc' dir='ltr'>ο</span> <span class='ocrx_word' id='word_1_468' title='bbox 2861 1882 3022 1936; x_wconf 92' lang='lat' dir='ltr'><strong>homo</strong></span> <span class='ocrx_word' id='word_1_469' title='bbox 3041 1924 3056 1949; x_wconf 96' lang='lat'><strong>,</strong></span> <span class='ocrx_word' id='word_1_470' title='bbox 3089 1892 3289 1937; x_wconf 86' lang='lat' dir='ltr'><strong>tantum</strong></span> <span class='ocrx_word' id='word_1_471' title='bbox 3317 1897 3568 1953; x_wconf 85' lang='lat' dir='ltr'><strong>superest</strong></span> <span class='ocrx_word' id='word_1_472' title='bbox 3600 1887 3706 1941; x_wconf 79' lang='lat' dir='ltr'><strong>tibi</strong></span> 
     </span>
    </p>
   </div>
   <div class='ocr_carea' id='block_1_68' title="bbox 2130 1969 3716 2038">
    <p class='ocr_par' dir='ltr' id='par_1_68' title="bbox 2130 1969 3716 2038">
     <span class='ocr_line' id='line_1_68' title="bbox 2130 1969 3716 2038; baseline 0.005 -14"><span class='ocrx_word' id='word_1_473' title='bbox 2130 1969 2204 2024; x_wconf 88' lang='lat' dir='ltr'><strong>uti</strong></span> <span class='ocrx_word' id='word_1_474' title='bbox 2247 1970 2448 2025; x_wconf 86' lang='lat' dir='ltr'><strong>adores</strong></span> <span class='ocrx_word' id='word_1_475' title='bbox 2475 1985 2592 2036; x_wconf 89' lang='lat' dir='ltr'><strong>me;</strong></span> <span class='ocrx_word' id='word_1_476' title='bbox 2625 1972 2718 2026; x_wconf 88' lang='lat' dir='ltr'><strong>sed</strong></span> <span class='ocrx_word' id='word_1_477' title='bbox 2747 1972 2793 2025; x_wconf 87' lang='lat' dir='ltr'><strong>si</strong></span> <span class='ocrx_word' id='word_1_478' title='bbox 2822 1973 3130 2027; x_wconf 84' lang='lat' dir='ltr'><strong>adoraveris</strong></span> <span class='ocrx_word' id='word_1_479' title='bbox 3154 1989 3254 2038; x_wconf 89' lang='lat' dir='ltr'><strong>me,</strong></span> <span class='ocrx_word' id='word_1_480' title='bbox 3311 1978 3623 2030; x_wconf 79' lang='lat' dir='ltr'><strong>transferam</strong></span> <span class='ocrx_word' id='word_1_481' title='bbox 3651 1984 3716 2032; x_wconf 75' lang='lat' dir='ltr'><strong>te</strong></span> 
     </span>
    </p>
   </div>
   <div class='ocr_carea' id='block_1_69' title="bbox 2133 2059 3712 2121">
    <p class='ocr_par' dir='ltr' id='par_1_69' title="bbox 2133 2059 3712 2121">
     <span class='ocr_line' id='line_1_69' title="bbox 2133 2059 3712 2121; baseline 0.003 -8"><span class='ocrx_word' id='word_1_482' title='bbox 2133 2059 2272 2113; x_wconf 88' lang='lat' dir='ltr'><strong>sicut</strong></span> <span class='ocrx_word' id='word_1_483' title='bbox 2325 2060 2516 2116; x_wconf 82' lang='lat' dir='ltr'><strong>Ellam.</strong></span> <span class='ocrx_word' id='word_1_484' title='bbox 2570 2061 2643 2116; x_wconf 62' lang='lat' dir='ltr'><strong>Et</strong></span> <span class='ocrx_word' id='word_1_485' title='bbox 2659 2061 2950 2116; x_wconf 89' lang='lat' dir='ltr'><strong>monachus</strong></span> <span class='ocrx_word' id='word_1_486' title='bbox 2995 2065 3066 2116; x_wconf 87' lang='lat' dir='ltr'><strong>0r</strong></span> <span class='ocrx_word' id='word_1_487' title='bbox 3097 2064 3209 2117; x_wconf 64' lang='lat' dir='ltr'><strong>hac</strong></span> <span class='ocrx_word' id='word_1_488' title='bbox 3233 2064 3450 2119; x_wconf 80' lang='lat' dir='ltr'><strong>audiens</strong></span> <span class='ocrx_word' id='word_1_489' title='bbox 3479 2066 3712 2121; x_wconf 80' lang='lat' dir='ltr'><strong>dicebat.</strong></span> 
     </span>
    </p>
   </div>
   <div class='ocr_carea' id='block_1_70' title="bbox 2132 2147 3703 2221">
    <p class='ocr_par' dir='ltr' id='par_1_70' title="bbox 2132 2147 3703 2221">
     <span class='ocr_line' id='line_1_70' title="bbox 2132 2147 3703 2221; baseline 0.005 -21"><span class='ocrx_word' id='word_1_490' title='bbox 2132 2147 2182 2201; x_wconf 92' lang='lat' dir='ltr'><strong>in</strong></span> <span class='ocrx_word' id='word_1_491' title='bbox 2205 2149 2365 2202; x_wconf 90' lang='lat' dir='ltr'><strong>corde</strong></span> <span class='ocrx_word' id='word_1_492' title='bbox 2394 2163 2494 2202; x_wconf 88' lang='lat' dir='ltr'><strong>suo</strong></span> <span class='ocrx_word' id='word_1_493' title='bbox 2521 2167 2532 2202; x_wconf 92' lang='lat'><strong>:</strong></span> <span class='ocrx_word' id='word_1_494' title='bbox 2586 2150 2723 2215; x_wconf 85' lang='lat' dir='ltr'><strong>Quid</strong></span> <span class='ocrx_word' id='word_1_495' title='bbox 2750 2160 2832 2205; x_wconf 92' lang='lat' dir='ltr'><strong>est</strong></span> <span class='ocrx_word' id='word_1_496' title='bbox 2859 2153 3001 2206; x_wconf 88' lang='lat' dir='ltr'><strong>hoc?</strong></span> <span class='ocrx_word' id='word_1_497' title='bbox 3047 2154 3294 2219; x_wconf 84' lang='lat' dir='ltr'><strong>Quotidie</strong></span> <span class='ocrx_word' id='word_1_498' title='bbox 3322 2170 3420 2221; x_wconf 83' lang='lat' dir='ltr'><strong>ego</strong></span> <span class='ocrx_word' id='word_1_499' title='bbox 3451 2155 3703 2211; x_wconf 81' lang='lat' dir='ltr'><strong>Salvato-</strong></span> 
     </span>
    </p>
   </div>
   <div class='ocr_carea' id='block_1_71' title="bbox 2135 2241 3713 2309">
    <p class='ocr_par' dir='ltr' id='par_1_71' title="bbox 2135 2241 3713 2309">
     <span class='ocr_line' id='line_1_71' title="bbox 2135 2241 3713 2309; baseline 0.007 -19"><span class='ocrx_word' id='word_1_500' title='bbox 2135 2252 2246 2290; x_wconf 90' lang='lat' dir='ltr'><strong>rcm</strong></span> <span class='ocrx_word' id='word_1_501' title='bbox 2277 2252 2471 2306; x_wconf 89' lang='lat' dir='ltr'><strong>meum,</strong></span> <span class='ocrx_word' id='word_1_502' title='bbox 2503 2241 2589 2308; x_wconf 89' lang='lat' dir='ltr'><strong>qui</strong></span> <span class='ocrx_word' id='word_1_503' title='bbox 2617 2251 2700 2294; x_wconf 89' lang='lat' dir='ltr'><strong>est</strong></span> <span class='ocrx_word' id='word_1_504' title='bbox 2730 2256 2820 2294; x_wconf 87' lang='lat' dir='ltr'><strong>rex</strong></span> <span class='ocrx_word' id='word_1_505' title='bbox 2848 2255 3018 2308; x_wconf 89' lang='lat' dir='ltr'><strong>meus,</strong></span> <span class='ocrx_word' id='word_1_506' title='bbox 3048 2245 3230 2309; x_wconf 89' lang='lat' dir='ltr'><strong>adoro,</strong></span> <span class='ocrx_word' id='word_1_507' title='bbox 3262 2244 3346 2297; x_wconf 91' lang='lat' dir='ltr'><strong>hic</strong></span> <span class='ocrx_word' id='word_1_508' title='bbox 3366 2244 3412 2298; x_wconf 91' lang='lat' dir='ltr'><strong>si</strong></span> <span class='ocrx_word' id='word_1_509' title='bbox 3437 2252 3586 2300; x_wconf 79' lang='lat' dir='ltr'><strong>esset</strong></span> <span class='ocrx_word' id='word_1_510' title='bbox 3608 2244 3713 2301; x_wconf 77' lang='lat' dir='ltr'><strong>illo</strong></span> 
     </span>
    </p>
   </div>
   <div class='ocr_carea' id='block_1_72' title="bbox 2135 2327 3704 2404">
    <p class='ocr_par' dir='ltr' id='par_1_72' title="bbox 2135 2327 3704 2404">
     <span class='ocr_line' id='line_1_72' title="bbox 2135 2327 3704 2404; baseline 0.006 -26"><span class='ocrx_word' id='word_1_511' title='bbox 2135 2342 2290 2394; x_wconf 89' lang='lat' dir='ltr'><strong>quem</strong></span> <span class='ocrx_word' id='word_1_512' title='bbox 2338 2327 2523 2394; x_wconf 90' lang='lat' dir='ltr'><strong>adoro,</strong></span> <span class='ocrx_word' id='word_1_513' title='bbox 2569 2336 2831 2397; x_wconf 88' lang='lat' dir='ltr'><strong>quomodo</strong></span> <span class='ocrx_word' id='word_1_514' title='bbox 2860 2332 2960 2386; x_wconf 88' lang='lat' dir='ltr'><strong>hoc</strong></span> <span class='ocrx_word' id='word_1_515' title='bbox 2997 2347 3027 2386; x_wconf 86' lang='lat' dir='ltr'><strong>a</strong></span> <span class='ocrx_word' id='word_1_516' title='bbox 3058 2349 3143 2388; x_wconf 90' lang='lat' dir='ltr'><strong>me</strong></span> <span class='ocrx_word' id='word_1_517' title='bbox 3178 2334 3511 2402; x_wconf 87' lang='lat' dir='ltr'><strong>deposceret,</strong></span> <span class='ocrx_word' id='word_1_518' title='bbox 3551 2337 3704 2404; x_wconf 86' lang='lat' dir='ltr'><strong>quod</strong></span> 
     </span>
    </p>
   </div>
   <div class='ocr_carea' id='block_1_73' title="bbox 2150 2415 3704 2491">
    <p class='ocr_par' dir='ltr' id='par_1_73' title="bbox 2150 2415 3704 2491">
     <span class='ocr_line' id='line_1_73' title="bbox 2150 2415 3704 2491; baseline 0.005 -23"><span class='ocrx_word' id='word_1_519' title='bbox 2150 2415 2511 2471; x_wconf 84' lang='lat' dir='ltr'><strong>indesinenter</strong></span> <span class='ocrx_word' id='word_1_520' title='bbox 2544 2431 2629 2470; x_wconf 89' lang='lat' dir='ltr'><strong>me</strong></span> <span class='ocrx_word' id='word_1_521' title='bbox 2655 2415 2833 2473; x_wconf 79' lang='lat' dir='ltr'><strong>facere</strong></span> <span class='ocrx_word' id='word_1_522' title='bbox 2863 2418 3066 2474; x_wconf 83' lang='lat' dir='ltr'><strong>sciret?</strong></span> <span class='ocrx_word' id='word_1_523' title='bbox 3121 2421 3248 2475; x_wconf 87' lang='lat' dir='ltr'><strong>Post</strong></span> <span class='ocrx_word' id='word_1_524' title='bbox 3278 2424 3390 2476; x_wconf 69' lang='lat' dir='ltr'><strong>haec</strong></span> <span class='ocrx_word' id='word_1_525' title='bbox 3419 2424 3704 2491; x_wconf 71' lang='lat' dir='ltr'><strong>respondit</strong></span> 
     </span>
    </p>
   </div>
   <div class='ocr_carea' id='block_1_74' title="bbox 2151 2499 3708 2579">
    <p class='ocr_par' dir='ltr' id='par_1_74' title="bbox 2151 2499 3708 2579">
     <span class='ocr_line' id='line_1_74' title="bbox 2151 2499 3708 2579; baseline 0.006 -23"><span class='ocrx_word' id='word_1_526' title='bbox 2151 2505 2214 2556; x_wconf 89' lang='lat' dir='ltr'><strong>ad</strong></span> <span class='ocrx_word' id='word_1_527' title='bbox 2248 2504 2416 2573; x_wconf 90' lang='lat' dir='ltr'><strong>ipsum</strong></span> <span class='ocrx_word' id='word_1_528' title='bbox 2445 2522 2457 2558; x_wconf 94' lang='lat'>:</span> <span class='ocrx_word' id='word_1_529' title='bbox 2488 2499 2794 2574; x_wconf 59' lang='lat' dir='ltr'><strong>Ego&#39;habeo</strong></span> <span class='ocrx_word' id='word_1_530' title='bbox 2822 2521 2996 2562; x_wconf 88' lang='lat' dir='ltr'><strong>meum</strong></span> <span class='ocrx_word' id='word_1_531' title='bbox 3028 2508 3252 2577; x_wconf 48' lang='lat' dir='ltr'><strong>Regi-tn,</strong></span> <span class='ocrx_word' id='word_1_532' title='bbox 3282 2523 3435 2578; x_wconf 87' lang='lat' dir='ltr'><strong>quem</strong></span> <span class='ocrx_word' id='word_1_533' title='bbox 3458 2512 3708 2579; x_wconf 76' lang='lat' dir='ltr'><strong>quotidie</strong></span> 
     </span>
    </p>
   </div>
   <div class='ocr_carea' id='block_1_75' title="bbox 2149 2593 3704 2664">
    <p class='ocr_par' dir='ltr' id='par_1_75' title="bbox 2149 2593 3704 2664">
     <span class='ocr_line' id='line_1_75' title="bbox 2149 2593 3704 2664; baseline 0.003 -18"><span class='ocrx_word' id='word_1_534' title='bbox 2149 2593 2264 2647; x_wconf 89' lang='lat' dir='ltr'><strong>sine</strong></span> <span class='ocrx_word' id='word_1_535' title='bbox 2291 2593 2680 2648; x_wconf 84' lang='lat' dir='ltr'><strong>intermissione</strong></span> <span class='ocrx_word' id='word_1_536' title='bbox 2705 2596 2888 2659; x_wconf 90' lang='lat' dir='ltr'><strong>adoro,</strong></span> <span class='ocrx_word' id='word_1_537' title='bbox 2916 2606 2968 2648; x_wconf 89' lang='lat' dir='ltr'><strong>tu</strong></span> <span class='ocrx_word' id='word_1_538' title='bbox 2989 2605 3165 2650; x_wconf 87' lang='lat' dir='ltr'><strong>autem</strong></span> <span class='ocrx_word' id='word_1_539' title='bbox 3187 2613 3288 2651; x_wconf 92' lang='lat' dir='ltr'><strong>non</strong></span> <span class='ocrx_word' id='word_1_540' title='bbox 3312 2613 3369 2651; x_wconf 86' lang='lat' dir='ltr'><strong>es</strong></span> <span class='ocrx_word' id='word_1_541' title='bbox 3391 2612 3480 2652; x_wconf 87' lang='lat' dir='ltr'><strong>rex</strong></span> <span class='ocrx_word' id='word_1_542' title='bbox 3505 2614 3654 2652; x_wconf 87' lang='lat' dir='ltr'><strong>meus</strong></span> <span class='ocrx_word' id='word_1_543' title='bbox 3681 2617 3704 2664; x_wconf 88' lang='lat'><strong>;</strong></span> 
     </span>
    </p>
   </div>
   <div class='ocr_carea' id='block_1_76' title="bbox 2135 2685 3712 2757">
    <p class='ocr_par' dir='ltr' id='par_1_76' title="bbox 2135 2685 3712 2757">
     <span class='ocr_line' id='line_1_76' title="bbox 2135 2685 3712 2757; baseline 0.003 -19"><span class='ocrx_word' id='word_1_544' title='bbox 2135 2694 2190 2738; x_wconf 90' lang='lat' dir='ltr'><strong>et</strong></span> <span class='ocrx_word' id='word_1_545' title='bbox 2217 2687 2467 2739; x_wconf 91' lang='lat' dir='ltr'><strong>continuo</strong></span> <span class='ocrx_word' id='word_1_546' title='bbox 2512 2685 2602 2741; x_wconf 90' lang='lat' dir='ltr'><strong>ille</strong></span> <span class='ocrx_word' id='word_1_547' title='bbox 2657 2686 2900 2740; x_wconf 88' lang='lat' dir='ltr'><strong>inimicus</strong></span> <span class='ocrx_word' id='word_1_548' title='bbox 2947 2687 3012 2740; x_wconf 90' lang='lat' dir='ltr'><strong>ad</strong></span> <span class='ocrx_word' id='word_1_549' title='bbox 3062 2687 3178 2740; x_wconf 76' lang='lat' dir='ltr'><strong>ha-c</strong></span> <span class='ocrx_word' id='word_1_550' title='bbox 3233 2689 3390 2742; x_wconf 88' lang='lat' dir='ltr'><strong>verba</strong></span> <span class='ocrx_word' id='word_1_551' title='bbox 3443 2703 3712 2757; x_wconf 86' lang='lat' dir='ltr'><strong>nusquam</strong></span> 
     </span>
    </p>
   </div>
   <div class='ocr_carea' id='block_1_77' title="bbox 2139 2777 2454 2843">
    <p class='ocr_par' dir='ltr' id='par_1_77' title="bbox 2139 2777 2454 2843">
     <span class='ocr_line' id='line_1_77' title="bbox 2139 2777 2454 2843; baseline 0.003 -15"><span class='ocrx_word' id='word_1_552' title='bbox 2139 2777 2454 2843; x_wconf 85' lang='lat' dir='ltr'><strong>comparuit.</strong></span> 
     </span>
    </p>
   </div>
   <div class='ocr_carea' id='block_1_78' title="bbox 2208 2865 3714 2937">
    <p class='ocr_par' dir='ltr' id='par_1_78' title="bbox 2208 2865 3714 2937">
     <span class='ocr_line' id='line_1_78' title="bbox 2208 2865 3714 2937; baseline 0.002 -19"><span class='ocrx_word' id='word_1_553' title='bbox 2208 2865 2337 2919; x_wconf 88' lang='lat' dir='ltr'><strong>Item</strong></span> <span class='ocrx_word' id='word_1_554' title='bbox 2399 2866 2721 2920; x_wconf 81' lang='lat' dir='ltr'><strong>Fortunatus</strong></span> <span class='ocrx_word' id='word_1_555' title='bbox 2774 2867 3053 2936; x_wconf 88' lang='lat' dir='ltr'><strong>episcopus</strong></span> <span class='ocrx_word' id='word_1_556' title='bbox 3084 2883 3147 2922; x_wconf 89' lang='lat' dir='ltr'><strong>ex</strong></span> <span class='ocrx_word' id='word_1_557' title='bbox 3199 2869 3428 2937; x_wconf 80' lang='lat' dir='ltr'><strong>quodam</strong></span> <span class='ocrx_word' id='word_1_558' title='bbox 3487 2867 3714 2921; x_wconf 85' lang='lat' dir='ltr'><strong>homine</strong></span> 
     </span>
    </p>
   </div>
   <div class='ocr_carea' id='block_1_79' title="bbox 2137 2953 3704 3026">
    <p class='ocr_par' dir='ltr' id='par_1_79' title="bbox 2137 2953 3704 3026">
     <span class='ocr_line' id='line_1_79' title="bbox 2137 2953 3704 3026; baseline 0.003 -21"><span class='ocrx_word' id='word_1_559' title='bbox 2137 2953 2382 3019; x_wconf 89' lang='lat' dir='ltr'><strong>spiritum</strong></span> <span class='ocrx_word' id='word_1_560' title='bbox 2415 2954 2746 3008; x_wconf 88' lang='lat' dir='ltr'><strong>immundum</strong></span> <span class='ocrx_word' id='word_1_561' title='bbox 2775 2959 3036 3011; x_wconf 84' lang='lat' dir='ltr'><strong>excussit:</strong></span> <span class='ocrx_word' id='word_1_562' title='bbox 3069 2958 3157 3025; x_wconf 93' lang='lat' dir='ltr'><strong>qui</strong></span> <span class='ocrx_word' id='word_1_563' title='bbox 3193 2959 3454 3026; x_wconf 87' lang='lat' dir='ltr'><strong>malignus</strong></span> <span class='ocrx_word' id='word_1_564' title='bbox 3475 2957 3704 3023; x_wconf 84' lang='lat' dir='ltr'><strong>spiritus</strong></span> 
     </span>
    </p>
   </div>
   <div class='ocr_carea' id='block_1_80' title="bbox 2059 3012 3712 3112">
    <p class='ocr_par' dir='ltr' id='par_1_80' title="bbox 2059 3012 3712 3112">
     <span class='ocr_line' id='line_1_80' title="bbox 2059 3012 3712 3112; baseline 0.003 -17"><span class='ocrx_word' id='word_1_565' title='bbox 2059 3012 2106 3074; x_wconf 69' lang='grc' dir='ltr'>ο</span> <span class='ocrx_word' id='word_1_566' title='bbox 2140 3053 2265 3095; x_wconf 89' lang='lat' dir='ltr'><strong>cum</strong></span> <span class='ocrx_word' id='word_1_567' title='bbox 2316 3054 2722 3110; x_wconf 87' lang='lat' dir='ltr'><strong>vesperascente</strong></span> <span class='ocrx_word' id='word_1_568' title='bbox 2743 3045 2854 3112; x_wconf 86' lang='lat' dir='ltr'><strong>jam</strong></span> <span class='ocrx_word' id='word_1_569' title='bbox 2897 3046 2982 3100; x_wconf 89' lang='lat' dir='ltr'><strong>die</strong></span> <span class='ocrx_word' id='word_1_570' title='bbox 3012 3057 3274 3100; x_wconf 87' lang='lat' dir='ltr'><strong>secretam</strong></span> <span class='ocrx_word' id='word_1_571' title='bbox 3302 3012 3369 3100; x_wconf 50' lang='lat' dir='ltr'><strong>avb</strong></span> <span class='ocrx_word' id='word_1_572' title='bbox 3401 3012 3712 3100; x_wconf 76' lang='lat' dir='ltr'><strong>hominian</strong></span> 
     </span>
    </p>
   </div>
   <div class='ocr_carea' id='block_1_81' title="bbox 2142 3135 3710 3203">
    <p class='ocr_par' dir='ltr' id='par_1_81' title="bbox 2142 3135 3710 3203">
     <span class='ocr_line' id='line_1_81' title="bbox 2142 3135 3710 3203; baseline 0.001 -17"><span class='ocrx_word' id='word_1_573' title='bbox 2142 3135 2328 3187; x_wconf 92' lang='lat' dir='ltr'><strong>horam</strong></span> <span class='ocrx_word' id='word_1_574' title='bbox 2375 3143 2641 3198; x_wconf 84' lang='lat' dir='ltr'><strong>cerneret,</strong></span> <span class='ocrx_word' id='word_1_575' title='bbox 2674 3136 3012 3203; x_wconf 79' lang='lat' dir='ltr'><strong>peregrinum</strong></span> <span class='ocrx_word' id='word_1_576' title='bbox 3057 3138 3353 3203; x_wconf 89' lang='lat' dir='ltr'><strong>quempiam</strong></span> <span class='ocrx_word' id='word_1_577' title='bbox 3384 3150 3503 3190; x_wconf 83' lang='lat' dir='ltr'><strong>esse</strong></span> <span class='ocrx_word' id='word_1_578' title='bbox 3531 3150 3592 3189; x_wconf 88' lang='lat' dir='ltr'><strong>se</strong></span> <span class='ocrx_word' id='word_1_579' title='bbox 3617 3136 3710 3188; x_wconf 86' lang='lat' dir='ltr'><strong>si-</strong></span> 
     </span>
    </p>
   </div>
   <div class='ocr_carea' id='block_1_82' title="bbox 2143 3221 3711 3293">
    <p class='ocr_par' dir='ltr' id='par_1_82' title="bbox 2143 3221 3711 3293">
     <span class='ocr_line' id='line_1_82' title="bbox 2143 3221 3711 3293; baseline 0.001 -15"><span class='ocrx_word' id='word_1_580' title='bbox 2143 3225 2368 3290; x_wconf 88' lang='lat' dir='ltr'><strong>mulans,</strong></span> <span class='ocrx_word' id='word_1_581' title='bbox 2399 3222 2629 3280; x_wconf 79' lang='lat' dir='ltr'><strong>circuire</strong></span> <span class='ocrx_word' id='word_1_582' title='bbox 2662 3221 2822 3292; x_wconf 86' lang='lat' dir='ltr'><strong>coepit</strong></span> <span class='ocrx_word' id='word_1_583' title='bbox 2845 3222 3074 3278; x_wconf 85' lang='lat' dir='ltr'><strong>civitatis</strong></span> <span class='ocrx_word' id='word_1_584' title='bbox 3102 3225 3328 3293; x_wconf 84' lang='lat' dir='ltr'><strong>plateas,</strong></span> <span class='ocrx_word' id='word_1_585' title='bbox 3362 3236 3412 3280; x_wconf 89' lang='lat' dir='ltr'><strong>et</strong></span> <span class='ocrx_word' id='word_1_586' title='bbox 3442 3228 3711 3279; x_wconf 84' lang='lat' dir='ltr'><strong>clamare:</strong></span> 
     </span>
    </p>
   </div>
   <div class='ocr_carea' id='block_1_83' title="bbox 2147 3309 3717 3384">
    <p class='ocr_par' dir='ltr' id='par_1_83' title="bbox 2147 3309 3717 3384">
     <span class='ocr_line' id='line_1_83' title="bbox 2147 3309 3717 3384; baseline -0.001 -15"><span class='ocrx_word' id='word_1_587' title='bbox 2147 3315 2192 3369; x_wconf 86' lang='grc'>0</span> <span class='ocrx_word' id='word_1_588' title='bbox 2218 3317 2387 3368; x_wconf 87' lang='lat' dir='ltr'><strong>virum</strong></span> <span class='ocrx_word' id='word_1_589' title='bbox 2416 3325 2655 3368; x_wconf 87' lang='lat' dir='ltr'><strong>sanctum</strong></span> <span class='ocrx_word' id='word_1_590' title='bbox 2683 3314 3030 3369; x_wconf 83' lang='lat' dir='ltr'><strong>Fortunatum</strong></span> <span class='ocrx_word' id='word_1_591' title='bbox 3056 3309 3362 3384; x_wconf 76' lang='lat' dir='ltr'><strong>episcopum</strong></span> <span class='ocrx_word' id='word_1_592' title='bbox 3391 3317 3402 3364; x_wconf 89' lang='lat'>!</span> <span class='ocrx_word' id='word_1_593' title='bbox 3427 3327 3552 3368; x_wconf 91' lang='lat' dir='ltr'><strong>ecce</strong></span> <span class='ocrx_word' id='word_1_594' title='bbox 3582 3313 3717 3380; x_wconf 82' lang='lat' dir='ltr'><strong>quid</strong></span> 
     </span>
    </p>
   </div>
   <div class='ocr_carea' id='block_1_84' title="bbox 2151 3405 3713 3474">
    <p class='ocr_par' dir='ltr' id='par_1_84' title="bbox 2151 3405 3713 3474">
     <span class='ocr_line' id='line_1_84' title="bbox 2151 3405 3713 3474; baseline -0.001 -16"><span class='ocrx_word' id='word_1_595' title='bbox 2151 3405 2321 3470; x_wconf 79' lang='lat' dir='ltr'><strong>fecit,</strong></span> <span class='ocrx_word' id='word_1_596' title='bbox 2374 3406 2710 3474; x_wconf 85' lang='lat' dir='ltr'><strong>peregrinum</strong></span> <span class='ocrx_word' id='word_1_597' title='bbox 2760 3407 3030 3458; x_wconf 89' lang='lat' dir='ltr'><strong>hominem</strong></span> <span class='ocrx_word' id='word_1_598' title='bbox 3068 3405 3136 3460; x_wconf 86' lang='lat' dir='ltr'><strong>de</strong></span> <span class='ocrx_word' id='word_1_599' title='bbox 3194 3405 3424 3472; x_wconf 90' lang='lat' dir='ltr'><strong>hospitio</strong></span> <span class='ocrx_word' id='word_1_600' title='bbox 3475 3408 3713 3471; x_wconf 89' lang='lat' dir='ltr'><strong>expulit;</strong></span> 
     </span>
    </p>
   </div>
   <div class='ocr_carea' id='block_1_85' title="bbox 2145 3493 3719 3564">
    <p class='ocr_par' dir='ltr' id='par_1_85' title="bbox 2145 3493 3719 3564">
     <span class='ocr_line' id='line_1_85' title="bbox 2145 3493 3719 3564; baseline -0.002 -16"><span class='ocrx_word' id='word_1_601' title='bbox 2145 3509 2326 3564; x_wconf 77' lang='lat' dir='ltr'><strong>quzcro</strong></span> <span class='ocrx_word' id='word_1_602' title='bbox 2355 3494 2441 3547; x_wconf 87' lang='lat' dir='ltr'><strong>ubi</strong></span> <span class='ocrx_word' id='word_1_603' title='bbox 2491 3496 2825 3562; x_wconf 88' lang='lat' dir='ltr'><strong>requiescere</strong></span> <span class='ocrx_word' id='word_1_604' title='bbox 2876 3495 3124 3558; x_wconf 86' lang='lat' dir='ltr'><strong>debeam,</strong></span> <span class='ocrx_word' id='word_1_605' title='bbox 3153 3503 3206 3547; x_wconf 91' lang='lat' dir='ltr'><strong>et</strong></span> <span class='ocrx_word' id='word_1_606' title='bbox 3236 3494 3288 3547; x_wconf 92' lang='lat' dir='ltr'><strong>in</strong></span> <span class='ocrx_word' id='word_1_607' title='bbox 3327 3494 3542 3546; x_wconf 82' lang='lat' dir='ltr'><strong>civitate</strong></span> <span class='ocrx_word' id='word_1_608' title='bbox 3596 3493 3719 3561; x_wconf 85' lang='lat' dir='ltr'><strong>ejus</strong></span> 
     </span>
    </p>
   </div>
   <div class='ocr_carea' id='block_1_86' title="bbox 2149 3582 3714 3651">
    <p class='ocr_par' dir='ltr' id='par_1_86' title="bbox 2149 3582 3714 3651">
     <span class='ocr_line' id='line_1_86' title="bbox 2149 3582 3714 3651; baseline -0.002 -15"><span class='ocrx_word' id='word_1_609' title='bbox 2149 3597 2254 3636; x_wconf 91' lang='lat' dir='ltr'><strong>non</strong></span> <span class='ocrx_word' id='word_1_610' title='bbox 2304 3584 2532 3637; x_wconf 89' lang='lat' dir='ltr'><strong>invenio.</strong></span> <span class='ocrx_word' id='word_1_611' title='bbox 2585 3583 2733 3636; x_wconf 89' lang='lat' dir='ltr'><strong>Tunc</strong></span> <span class='ocrx_word' id='word_1_612' title='bbox 2783 3583 2994 3651; x_wconf 89' lang='lat' dir='ltr'><strong>quidam</strong></span> <span class='ocrx_word' id='word_1_613' title='bbox 3024 3583 3076 3636; x_wconf 93' lang='lat' dir='ltr'><strong>in</strong></span> <span class='ocrx_word' id='word_1_614' title='bbox 3103 3582 3329 3651; x_wconf 76' lang='lat' dir='ltr'><strong>hospitio</strong></span> <span class='ocrx_word' id='word_1_615' title='bbox 3375 3597 3496 3635; x_wconf 90' lang='lat' dir='ltr'><strong>cum</strong></span> <span class='ocrx_word' id='word_1_616' title='bbox 3541 3596 3714 3634; x_wconf 80' lang='lat' dir='ltr'><strong>uxore</strong></span> 
     </span>
    </p>
   </div>
   <div class='ocr_carea' id='block_1_87' title="bbox 2145 3673 3719 3744">
    <p class='ocr_par' dir='ltr' id='par_1_87' title="bbox 2145 3673 3719 3744">
     <span class='ocr_line' id='line_1_87' title="bbox 2145 3673 3719 3744; baseline -0.003 -16"><span class='ocrx_word' id='word_1_617' title='bbox 2145 3689 2265 3740; x_wconf 89' lang='lat' dir='ltr'><strong>sua,</strong></span> <span class='ocrx_word' id='word_1_618' title='bbox 2296 3683 2351 3728; x_wconf 90' lang='lat' dir='ltr'><strong>et</strong></span> <span class='ocrx_word' id='word_1_619' title='bbox 2379 3676 2593 3743; x_wconf 89' lang='lat' dir='ltr'><strong>parvulo</strong></span> <span class='ocrx_word' id='word_1_620' title='bbox 2638 3674 2772 3739; x_wconf 85' lang='lat' dir='ltr'><strong>lilio,</strong></span> <span class='ocrx_word' id='word_1_621' title='bbox 2803 3675 2867 3728; x_wconf 83' lang='lat' dir='ltr'><strong>ad</strong></span> <span class='ocrx_word' id='word_1_622' title='bbox 2900 3688 3100 3744; x_wconf 83' lang='lat' dir='ltr'><strong>prunas</strong></span> <span class='ocrx_word' id='word_1_623' title='bbox 3141 3673 3380 3737; x_wconf 86' lang='lat' dir='ltr'><strong>sedebat,</strong></span> <span class='ocrx_word' id='word_1_624' title='bbox 3410 3673 3500 3741; x_wconf 91' lang='lat' dir='ltr'><strong>qui</strong></span> <span class='ocrx_word' id='word_1_625' title='bbox 3529 3686 3719 3726; x_wconf 85' lang='lat' dir='ltr'><strong>vocem</strong></span> 
     </span>
    </p>
   </div>
   <div class='ocr_carea' id='block_1_88' title="bbox 2146 3764 3714 3835">
    <p class='ocr_par' dir='ltr' id='par_1_88' title="bbox 2146 3764 3714 3835">
     <span class='ocr_line' id='line_1_88' title="bbox 2146 3764 3714 3835; baseline 0.001 -16"><span class='ocrx_word' id='word_1_626' title='bbox 2146 3767 2385 3834; x_wconf 87' lang='lat' dir='ltr'><strong>audiens,</strong></span> <span class='ocrx_word' id='word_1_627' title='bbox 2412 3777 2465 3820; x_wconf 90' lang='lat' dir='ltr'><strong>et</strong></span> <span class='ocrx_word' id='word_1_628' title='bbox 2495 3767 2619 3835; x_wconf 91' lang='lat' dir='ltr'><strong>quid</strong></span> <span class='ocrx_word' id='word_1_629' title='bbox 2643 3769 2690 3821; x_wconf 87' lang='lat' dir='ltr'><strong>ei</strong></span> <span class='ocrx_word' id='word_1_630' title='bbox 2723 3768 3006 3834; x_wconf 82' lang='lat' dir='ltr'><strong>episcopus</strong></span> <span class='ocrx_word' id='word_1_631' title='bbox 3032 3765 3531 3834; x_wconf 78' lang='lat' dir='ltr'><strong>leceritrequirens,</strong></span> <span class='ocrx_word' id='word_1_632' title='bbox 3565 3764 3714 3820; x_wconf 85' lang='lat' dir='ltr'><strong>hunc</strong></span> 
     </span>
    </p>
   </div>
   <div class='ocr_carea' id='block_1_89' title="bbox 2146 3857 3718 3925">
    <p class='ocr_par' dir='ltr' id='par_1_89' title="bbox 2146 3857 3718 3925">
     <span class='ocr_line' id='line_1_89' title="bbox 2146 3857 3718 3925; baseline -0.003 -12"><span class='ocrx_word' id='word_1_633' title='bbox 2146 3859 2384 3913; x_wconf 80' lang='lat' dir='ltr'><strong>invitavit</strong></span> <span class='ocrx_word' id='word_1_634' title='bbox 2406 3858 2657 3925; x_wconf 89' lang='lat' dir='ltr'><strong>hospitio,</strong></span> <span class='ocrx_word' id='word_1_635' title='bbox 2681 3868 2735 3913; x_wconf 91' lang='lat' dir='ltr'><strong>et</strong></span> <span class='ocrx_word' id='word_1_636' title='bbox 2763 3860 2948 3912; x_wconf 86' lang='lat' dir='ltr'><strong>sedere</strong></span> <span class='ocrx_word' id='word_1_637' title='bbox 2971 3871 3096 3913; x_wconf 84' lang='lat' dir='ltr'><strong>eum</strong></span> <span class='ocrx_word' id='word_1_638' title='bbox 3114 3870 3298 3912; x_wconf 86' lang='lat' dir='ltr'><strong>secum</strong></span> <span class='ocrx_word' id='word_1_639' title='bbox 3333 3857 3480 3924; x_wconf 87' lang='lat' dir='ltr'><strong>juxta</strong></span> <span class='ocrx_word' id='word_1_640' title='bbox 3515 3871 3718 3924; x_wconf 80' lang='lat' dir='ltr'><strong>prunas</strong></span> 
     </span>
    </p>
   </div>
   <div class='ocr_carea' id='block_1_90' title="bbox 2152 3947 3721 4018">
    <p class='ocr_par' dir='ltr' id='par_1_90' title="bbox 2152 3947 3721 4018">
     <span class='ocr_line' id='line_1_90' title="bbox 2152 3947 3721 4018; baseline -0.002 -16"><span class='ocrx_word' id='word_1_641' title='bbox 2152 3949 2304 4004; x_wconf 74' lang='lat' dir='ltr'><strong>feeit.</strong></span> <span class='ocrx_word' id='word_1_642' title='bbox 2325 3949 2562 4018; x_wconf 81' lang='lat' dir='ltr'><strong>Cumque</strong></span> <span class='ocrx_word' id='word_1_643' title='bbox 2579 3950 2812 4003; x_wconf 86' lang='lat' dir='ltr'><strong>vicissim</strong></span> <span class='ocrx_word' id='word_1_644' title='bbox 2834 3950 3003 4018; x_wconf 87' lang='lat' dir='ltr'><strong>aliqua</strong></span> <span class='ocrx_word' id='word_1_645' title='bbox 3025 3948 3519 4010; x_wconf 79' lang='lat' dir='ltr'><strong>conl’abularentur,</strong></span> <span class='ocrx_word' id='word_1_646' title='bbox 3546 3947 3721 4000; x_wconf 83' lang='lat' dir='ltr'><strong>isdem</strong></span> 
     </span>
    </p>
   </div>
   <div class='ocr_carea' id='block_1_91' title="bbox 2151 4037 3717 4113">
    <p class='ocr_par' dir='ltr' id='par_1_91' title="bbox 2151 4037 3717 4113">
     <span class='ocr_line' id='line_1_91' title="bbox 2151 4037 3717 4113; baseline -0.002 -18"><span class='ocrx_word' id='word_1_647' title='bbox 2151 4042 2410 4113; x_wconf 86' lang='lat' dir='ltr'><strong>malignus</strong></span> <span class='ocrx_word' id='word_1_648' title='bbox 2432 4043 2648 4112; x_wconf 88' lang='lat' dir='ltr'><strong>spiritus</strong></span> <span class='ocrx_word' id='word_1_649' title='bbox 2672 4041 2946 4110; x_wconf 88' lang='lat' dir='ltr'><strong>parvulum</strong></span> <span class='ocrx_word' id='word_1_650' title='bbox 2968 4039 3083 4110; x_wconf 88' lang='lat' dir='ltr'><strong>ejus</strong></span> <span class='ocrx_word' id='word_1_651' title='bbox 3107 4040 3271 4094; x_wconf 88' lang='lat' dir='ltr'><strong>lilium</strong></span> <span class='ocrx_word' id='word_1_652' title='bbox 3297 4037 3514 4103; x_wconf 78' lang='lat' dir='ltr'><strong>invasit,</strong></span> <span class='ocrx_word' id='word_1_653' title='bbox 3549 4049 3717 4107; x_wconf 85' lang='lat' dir='ltr'><strong>atque</strong></span> 
     </span>
    </p>
   </div>
   <div class='ocr_carea' id='block_1_92' title="bbox 2145 4128 3728 4209">
    <p class='ocr_par' dir='ltr' id='par_1_92' title="bbox 2145 4128 3728 4209">
     <span class='ocr_line' id='line_1_92' title="bbox 2145 4128 3728 4209; baseline -0.004 -22"><span class='ocrx_word' id='word_1_654' title='bbox 2145 4134 2196 4187; x_wconf 90' lang='lat' dir='ltr'><strong>in</strong></span> <span class='ocrx_word' id='word_1_655' title='bbox 2219 4135 2429 4187; x_wconf 84' lang='lat' dir='ltr'><strong>easdem</strong></span> <span class='ocrx_word' id='word_1_656' title='bbox 2453 4148 2646 4201; x_wconf 90' lang='lat' dir='ltr'><strong>prunas</strong></span> <span class='ocrx_word' id='word_1_657' title='bbox 2677 4133 2897 4205; x_wconf 78' lang='lat' dir='ltr'><strong>projecit</strong></span> <span class='ocrx_word' id='word_1_658' title='bbox 2923 4149 2938 4197; x_wconf 88' lang='lat'><strong>;</strong></span> <span class='ocrx_word' id='word_1_659' title='bbox 2980 4131 3158 4209; x_wconf 68' lang='lat' dir='ltr'><strong>ibique</strong></span> <span class='ocrx_word' id='word_1_660' title='bbox 3186 4145 3308 4182; x_wconf 88' lang='lat' dir='ltr'><strong>mox</strong></span> <span class='ocrx_word' id='word_1_661' title='bbox 3337 4143 3454 4196; x_wconf 78' lang='lat' dir='ltr'><strong>ejus</strong></span> <span class='ocrx_word' id='word_1_662' title='bbox 3486 4128 3634 4181; x_wconf 83' lang='lat' dir='ltr'><strong>anim</strong></span> <span class='ocrx_word' id='word_1_663' title='bbox 3653 4144 3728 4180; x_wconf 77' lang='grc' dir='ltr'>ιω</span> 
     </span>
    </p>
   </div>
   <div class='ocr_carea' id='block_1_93' title="bbox 2147 4219 3734 4289">
    <p class='ocr_par' dir='ltr' id='par_1_93' title="bbox 2147 4219 3734 4289">
     <span class='ocr_line' id='line_1_93' title="bbox 2147 4219 3734 4289; baseline -0.004 -10"><span class='ocrx_word' id='word_1_664' title='bbox 2147 4226 2401 4279; x_wconf 81' lang='lat' dir='ltr'><strong>excussit.</strong></span> <span class='ocrx_word' id='word_1_665' title='bbox 2461 4225 2558 4289; x_wconf 85' lang='lat' dir='ltr'><strong>Qui</strong></span> <span class='ocrx_word' id='word_1_666' title='bbox 2589 4226 2808 4278; x_wconf 90' lang='lat' dir='ltr'><strong>orbatus</strong></span> <span class='ocrx_word' id='word_1_667' title='bbox 2863 4223 3048 4286; x_wconf 89' lang='lat' dir='ltr'><strong>miser,</strong></span> <span class='ocrx_word' id='word_1_668' title='bbox 3079 4220 3164 4274; x_wconf 88' lang='lat' dir='ltr'><strong>vel</strong></span> <span class='ocrx_word' id='word_1_669' title='bbox 3195 4234 3349 4288; x_wconf 91' lang='lat' dir='ltr'><strong>quem</strong></span> <span class='ocrx_word' id='word_1_670' title='bbox 3386 4219 3500 4285; x_wconf 87' lang='lat' dir='ltr'><strong>ipse</strong></span> <span class='ocrx_word' id='word_1_671' title='bbox 3543 4231 3734 4272; x_wconf 72' lang='lat' dir='ltr'><strong>sus-:0-</strong></span> 
     </span>
    </p>
   </div>
   <div class='ocr_carea' id='block_1_94' title="bbox 2065 4304 3523 4406">
    <p class='ocr_par' dir='ltr' id='par_1_94' title="bbox 2065 4304 3523 4406">
     <span class='ocr_line' id='line_1_94' title="bbox 2065 4304 3523 4406; baseline -0.007 -35"><span class='ocrx_word' id='word_1_672' title='bbox 2065 4304 2117 4406; x_wconf 60' lang='grc' dir='ltr'>υ</span> <span class='ocrx_word' id='word_1_673' title='bbox 2153 4316 2305 4386; x_wconf 89' lang='lat' dir='ltr'><strong>perit,</strong></span> <span class='ocrx_word' id='word_1_674' title='bbox 2335 4317 2594 4384; x_wconf 85' lang='lat' dir='ltr'><strong>velquem</strong></span> <span class='ocrx_word' id='word_1_675' title='bbox 2625 4315 2905 4383; x_wconf 86' lang='lat' dir='ltr'><strong>episcopus</strong></span> <span class='ocrx_word' id='word_1_676' title='bbox 2933 4311 3254 4381; x_wconf 87' lang='lat' dir='ltr'><strong>expulisset,</strong></span> <span class='ocrx_word' id='word_1_677' title='bbox 3288 4312 3523 4378; x_wconf 84' lang='lat' dir='ltr'><strong>agnovit.</strong></span> 
     </span>
    </p>
   </div>
   <div class='ocr_carea' id='block_1_95' title="bbox 2234 4507 2933 4572">
    <p class='ocr_par' dir='ltr' id='par_1_95' title="bbox 2234 4507 2933 4572">
     <span class='ocr_line' id='line_1_95' title="bbox 2234 4507 2933 4572; baseline -0.013 -4"><span class='ocrx_word' id='word_1_678' title='bbox 2234 4525 2255 4551; x_wconf 80' lang='grc'><strong><em>⁸</em></strong></span> <span class='ocrx_word' id='word_1_679' title='bbox 2297 4512 2500 4568; x_wconf 86' lang='lat' dir='ltr'><strong>Concil.</strong></span> <span class='ocrx_word' id='word_1_680' title='bbox 2530 4512 2682 4565; x_wconf 79' lang='lat' dir='ltr'><strong>Rom.</strong></span> <span class='ocrx_word' id='word_1_681' title='bbox 2713 4525 2768 4572; x_wconf 86' lang='lat' dir='ltr'><strong>tt,</strong></span> <span class='ocrx_word' id='word_1_682' title='bbox 2799 4525 2847 4564; x_wconf 73' lang='grc' dir='ltr'><strong>ε.</strong></span> <span class='ocrx_word' id='word_1_683' title='bbox 2881 4507 2933 4560; x_wconf 80' lang='grc'><strong>5.</strong></span> 
     </span>
    </p>
   </div>
   <div class='ocr_carea' id='block_1_96' title="bbox 478 4713 3314 4752">
    <p class='ocr_par' dir='ltr' id='par_1_96' title="bbox 478 4713 3314 4752">
     <span class='ocr_line' id='line_1_96' title="bbox 478 4713 3314 4752; baseline -0.006 -13"><span class='ocrx_word' id='word_1_684' title='bbox 478 4713 3314 4752; x_wconf 75' lang='lat'><strong>_________________________________.____________.</strong></span> 
     </span>
    </p>
   </div>
   <div class='ocr_carea' id='block_1_97' title="bbox 1342 4820 2866 4908">
    <p class='ocr_par' dir='ltr' id='par_1_97' title="bbox 1342 4820 2866 4908">
     <span class='ocr_line' id='line_1_97' title="bbox 1342 4820 2866 4908; baseline -0.01 -2"><span class='ocrx_word' id='word_1_685' title='bbox 1342 4831 1803 4908; x_wconf 79' lang='lat' dir='ltr'><strong>PHILIPPI</strong></span> <span class='ocrx_word' id='word_1_686' title='bbox 1867 4828 2182 4905; x_wconf 78' lang='lat' dir='ltr'><strong>LABBE</strong></span> <span class='ocrx_word' id='word_1_687' title='bbox 2238 4820 2866 4900; x_wconf 78' lang='lat' dir='ltr'><strong>OBSERVATIO</strong></span> 
     </span>
    </p>
   </div>
   <div class='ocr_carea' id='block_1_98' title="bbox 1063 4965 3164 5040">
    <p class='ocr_par' dir='ltr' id='par_1_98' title="bbox 1063 4965 3164 5040">
     <span class='ocr_line' id='line_1_98' title="bbox 1063 4965 3164 5040; baseline -0.01 -6"><span class='ocrx_word' id='word_1_688' title='bbox 1063 4985 1124 5034; x_wconf 82' lang='lat' dir='ltr'><strong>IN</strong></span> <span class='ocrx_word' id='word_1_689' title='bbox 1163 4986 1333 5034; x_wconf 77' lang='lat' dir='ltr'><strong>SUAM</strong></span> <span class='ocrx_word' id='word_1_690' title='bbox 1379 4980 1878 5040; x_wconf 75' lang='lat' dir='ltr'><strong>SUBSEQUENTEM</strong></span> <span class='ocrx_word' id='word_1_691' title='bbox 1921 4979 2269 5030; x_wconf 73' lang='lat' dir='ltr'><strong>EDITIONEM</strong></span> <span class='ocrx_word' id='word_1_692' title='bbox 2310 4973 2576 5024; x_wconf 70' lang='lat' dir='ltr'><strong>REGULE</strong></span> <span class='ocrx_word' id='word_1_693' title='bbox 2616 4972 2668 5019; x_wconf 85' lang='lat' dir='ltr'><strong>S.</strong></span> <span class='ocrx_word' id='word_1_694' title='bbox 2703 4965 3164 5019; x_wconf 75' lang='lat' dir='ltr'><strong>CHRODEGANGL</strong></span> 
     </span>
    </p>
   </div>
   <div class='ocr_carea' id='block_1_99' title="bbox 1958 5104 2230 5116">
    <p class='ocr_par' dir='ltr' id='par_1_99' title="bbox 1958 5104 2230 5116">
     <span class='ocr_line' id='line_1_99' title="bbox 1958 5104 2230 5116; baseline -0.004 0"><span class='ocrx_word' id='word_1_695' title='bbox 1958 5104 2230 5116; x_wconf 78' lang='lat'><strong>———-———</strong></span> 
     </span>
    </p>
   </div>
   <div class='ocr_carea' id='block_1_100' title="bbox 549 5165 2041 5237">
    <p class='ocr_par' dir='ltr' id='par_1_100' title="bbox 549 5165 2041 5237">
     <span class='ocr_line' id='line_1_100' title="bbox 549 5165 2041 5237; baseline -0.011 -6"><span class='ocrx_word' id='word_1_696' title='bbox 549 5176 627 5231; x_wconf 82' lang='lat' dir='ltr'><strong>Ex</strong></span> <span class='ocrx_word' id='word_1_697' title='bbox 678 5173 874 5227; x_wconf 85' lang='lat' dir='ltr'><strong>Codice</strong></span> <span class='ocrx_word' id='word_1_698' title='bbox 921 5171 1278 5237; x_wconf 78' lang='lat' dir='ltr'><strong>manuscripto</strong></span> <span class='ocrx_word' id='word_1_699' title='bbox 1335 5168 1699 5223; x_wconf 82' lang='lat' dir='ltr'><strong>vetustissimo</strong></span> <span class='ocrx_word' id='word_1_700' title='bbox 1728 5182 1756 5219; x_wconf 92' lang='lat' dir='ltr'><strong>e</strong></span> <span class='ocrx_word' id='word_1_701' title='bbox 1805 5165 2041 5217; x_wconf 70' lang='lat' dir='ltr'><strong>Palatina</strong></span> 
     </span>
    </p>
   </div>
   <div class='ocr_carea' id='block_1_101' title="bbox 481 5236 2047 5309">
    <p class='ocr_par' dir='ltr' id='par_1_101' title="bbox 481 5236 2047 5309">
     <span class='ocr_line' id='line_1_101' title="bbox 481 5236 2047 5309; baseline -0.01 -11"><span class='ocrx_word' id='word_1_702' title='bbox 481 5240 915 5309; x_wconf 82' lang='lat' dir='ltr'><strong>Heidelbergensi</strong></span> <span class='ocrx_word' id='word_1_703' title='bbox 974 5236 1286 5291; x_wconf 78' lang='lat' dir='ltr'><strong>bibliotheca</strong></span> <span class='ocrx_word' id='word_1_704' title='bbox 1337 5241 1386 5290; x_wconf 90' lang='lat' dir='ltr'><strong>in</strong></span> <span class='ocrx_word' id='word_1_705' title='bbox 1442 5239 1747 5309; x_wconf 78' lang='lat' dir='ltr'><strong>\‘atiCanam</strong></span> <span class='ocrx_word' id='word_1_706' title='bbox 1790 5236 2047 5309; x_wconf 73' lang='lat' dir='ltr'><strong>translato</strong></span> 
     </span>
    </p>
   </div>
   <div class='ocr_carea' id='block_1_102' title="bbox 478 5302 2046 5381">
    <p class='ocr_par' dir='ltr' id='par_1_102' title="bbox 478 5302 2046 5381">
     <span class='ocr_line' id='line_1_102' title="bbox 478 5302 2046 5381; baseline -0.013 -10"><span class='ocrx_word' id='word_1_707' title='bbox 478 5302 825 5381; x_wconf 73' lang='lat' dir='ltr'><strong>descriptum.</strong></span> <span class='ocrx_word' id='word_1_708' title='bbox 859 5311 1182 5381; x_wconf 77' lang='lat' dir='ltr'><strong>niissumque</strong></span> <span class='ocrx_word' id='word_1_709' title='bbox 1215 5309 1394 5381; x_wconf 53' lang='lat' dir='ltr'><strong>ﬂuuio</strong></span> <span class='ocrx_word' id='word_1_710' title='bbox 1436 5308 1612 5381; x_wconf 61' lang='lat' dir='ltr'><strong>5—“)le</strong></span> <span class='ocrx_word' id='word_1_711' title='bbox 1638 5302 2046 5381; x_wconf 68' lang='lat' dir='ltr'><strong>etniuenlissitni</strong></span> 
     </span>
    </p>
   </div>
   <div class='ocr_carea' id='block_1_103' title="bbox 481 5374 2054 5452">
    <p class='ocr_par' dir='ltr' id='par_1_103' title="bbox 481 5374 2054 5452">
     <span class='ocr_line' id='line_1_103' title="bbox 481 5374 2054 5452; baseline -0.011 -16"><span class='ocrx_word' id='word_1_712' title='bbox 481 5374 737 5452; x_wconf 78' lang='lat' dir='ltr'><strong>principis</strong></span> <span class='ocrx_word' id='word_1_713' title='bbox 785 5378 1058 5452; x_wconf 79' lang='lat' dir='ltr'><strong>Francisci</strong></span> <span class='ocrx_word' id='word_1_714' title='bbox 1103 5377 1393 5452; x_wconf 64' lang='lat' dir='ltr'><strong>cardinalis</strong></span> <span class='ocrx_word' id='word_1_715' title='bbox 1450 5377 1721 5452; x_wconf 79' lang='lat' dir='ltr'><strong>Barberini</strong></span> <span class='ocrx_word' id='word_1_716' title='bbox 1773 5374 2054 5452; x_wconf 44' lang='lat' dir='ltr'><strong>(geniplar.</strong></span> 
     </span>
    </p>
   </div>
   <div class='ocr_carea' id='block_1_104' title="bbox 484 5443 2049 5512">
    <p class='ocr_par' dir='ltr' id='par_1_104' title="bbox 484 5443 2049 5512">
     <span class='ocr_line' id='line_1_104' title="bbox 484 5443 2049 5512; baseline -0.012 -6"><span class='ocrx_word' id='word_1_717' title='bbox 484 5443 784 5506; x_wconf 75' lang='lat' dir='ltr'><strong>habuimus.</strong></span> <span class='ocrx_word' id='word_1_718' title='bbox 842 5450 995 5512; x_wconf 85' lang='lat' dir='ltr'><strong>Illud,</strong></span> <span class='ocrx_word' id='word_1_719' title='bbox 1052 5451 1233 5510; x_wconf 86' lang='lat' dir='ltr'><strong>lector,</strong></span> <span class='ocrx_word' id='word_1_720' title='bbox 1294 5445 1541 5496; x_wconf 85' lang='lat' dir='ltr'><strong>collatum</strong></span> <span class='ocrx_word' id='word_1_721' title='bbox 1583 5445 1689 5512; x_wconf 64' lang='lat' dir='ltr'><strong>tibi</strong></span> <span class='ocrx_word' id='word_1_722' title='bbox 1746 5443 2049 5512; x_wconf 59' lang='lat' dir='ltr'><strong>ollerintits,</strong></span> 
     </span>
    </p>
   </div>
   <div class='ocr_carea' id='block_1_105' title="bbox 485 5509 2056 5584">
    <p class='ocr_par' dir='ltr' id='par_1_105' title="bbox 485 5509 2056 5584">
     <span class='ocr_line' id='line_1_105' title="bbox 485 5509 2056 5584; baseline -0.01 -11"><span class='ocrx_word' id='word_1_723' title='bbox 485 5540 587 5574; x_wconf 87' lang='lat' dir='ltr'><strong>non</strong></span> <span class='ocrx_word' id='word_1_724' title='bbox 610 5523 777 5572; x_wconf 83' lang='lat' dir='ltr'><strong>solum</strong></span> <span class='ocrx_word' id='word_1_725' title='bbox 797 5536 915 5574; x_wconf 86' lang='lat' dir='ltr'><strong>cum</strong></span> <span class='ocrx_word' id='word_1_726' title='bbox 937 5509 1244 5584; x_wconf 67' lang='lat' dir='ltr'><strong>apngrstpho</strong></span> <span class='ocrx_word' id='word_1_727' title='bbox 1263 5526 1444 5566; x_wconf 84' lang='lat' dir='ltr'><strong>nostro</strong></span> <span class='ocrx_word' id='word_1_728' title='bbox 1461 5511 1636 5584; x_wconf 54' lang='lat' dir='ltr'><strong>ope“.</strong></span> <span class='ocrx_word' id='word_1_729' title='bbox 1665 5513 1721 5563; x_wconf 84' lang='lat' dir='ltr'><strong>P.</strong></span> <span class='ocrx_word' id='word_1_730' title='bbox 1737 5510 1920 5584; x_wconf 78' lang='lat' dir='ltr'><strong>Jacobi</strong></span> <span class='ocrx_word' id='word_1_731' title='bbox 1944 5509 2056 5584; x_wconf 76' lang='lat' dir='ltr'><strong>Sir-</strong></span> 
     </span>
    </p>
   </div>
   <div class='ocr_carea' id='block_1_106' title="bbox 488 5579 2055 5654">
    <p class='ocr_par' dir='ltr' id='par_1_106' title="bbox 488 5579 2055 5654">
     <span class='ocr_line' id='line_1_106' title="bbox 488 5579 2055 5654; baseline -0.01 -10"><span class='ocrx_word' id='word_1_732' title='bbox 488 5594 661 5644; x_wconf 81' lang='lat' dir='ltr'><strong>ntondi</strong></span> <span class='ocrx_word' id='word_1_733' title='bbox 679 5607 738 5642; x_wconf 84' lang='lat' dir='ltr'><strong>ex</strong></span> <span class='ocrx_word' id='word_1_734' title='bbox 760 5579 1428 5654; x_wconf 56' lang='lat' dir='ltr'><strong>Codicibus&#39;Andcgavcnsi</strong></span> <span class='ocrx_word' id='word_1_735' title='bbox 1448 5595 1508 5634; x_wconf 87' lang='lat' dir='ltr'><strong>ac</strong></span> <span class='ocrx_word' id='word_1_736' title='bbox 1529 5579 2055 5646; x_wconf 78' lang='lat' dir='ltr'><strong>Fiscancnsijamdu-</strong></span> 
     </span>
    </p>
   </div>
   <div class='ocr_carea' id='block_1_107' title="bbox 2152 5147 3736 5223">
    <p class='ocr_par' dir='ltr' id='par_1_107' title="bbox 2152 5147 3736 5223">
     <span class='ocr_line' id='line_1_107' title="bbox 2152 5147 3736 5223; baseline -0.007 -11"><span class='ocrx_word' id='word_1_737' title='bbox 2152 5161 2277 5212; x_wconf 89' lang='lat' dir='ltr'><strong>dtttn</strong></span> <span class='ocrx_word' id='word_1_738' title='bbox 2306 5171 2583 5223; x_wconf 76' lang='lat' dir='ltr'><strong>expresso,</strong></span> <span class='ocrx_word' id='word_1_739' title='bbox 2626 5156 2717 5208; x_wconf 85' lang='lat' dir='ltr'><strong>sed</strong></span> <span class='ocrx_word' id='word_1_740' title='bbox 2747 5154 2904 5206; x_wconf 80' lang='lat' dir='ltr'><strong>ctiam</strong></span> <span class='ocrx_word' id='word_1_741' title='bbox 2937 5167 3056 5206; x_wconf 83' lang='lat' dir='ltr'><strong>cum</strong></span> <span class='ocrx_word' id='word_1_742' title='bbox 3085 5151 3294 5223; x_wconf 77' lang='lat' dir='ltr'><strong>excusis</strong></span> <span class='ocrx_word' id='word_1_743' title='bbox 3323 5165 3353 5203; x_wconf 84' lang='lat' dir='ltr'><strong>a</strong></span> <span class='ocrx_word' id='word_1_744' title='bbox 3389 5150 3447 5202; x_wconf 86' lang='grc'><strong>1).</strong></span> <span class='ocrx_word' id='word_1_745' title='bbox 3469 5148 3612 5223; x_wconf 78' lang='lat' dir='ltr'><strong>Luca</strong></span> 
     </span>
    </p>
   </div>
   <div class='ocr_carea' id='block_1_108' title="bbox 2154 5219 3732 5291">
    <p class='ocr_par' dir='ltr' id='par_1_108' title="bbox 2154 5219 3732 5291">
     <span class='ocr_line' id='line_1_108' title="bbox 2154 5219 3732 5291; baseline -0.008 -10"><span class='ocrx_word' id='word_1_746' title='bbox 2154 5230 2336 5281; x_wconf 80' lang='lat' dir='ltr'><strong>cherio</strong></span> <span class='ocrx_word' id='word_1_747' title='bbox 2363 5219 2412 5280; x_wconf 81' lang='grc' dir='ltr'><strong><em>ὁ.</em></strong></span> <span class='ocrx_word' id='word_1_748' title='bbox 2442 5227 2521 5285; x_wconf 80' lang='grc' dir='ltr'><strong>Β..</strong></span> <span class='ocrx_word' id='word_1_749' title='bbox 2556 5237 2698 5278; x_wconf 82' lang='lat' dir='ltr'><strong>tome</strong></span> <span class='ocrx_word' id='word_1_750' title='bbox 2728 5226 2741 5276; x_wconf 98' lang='lat' dir='ltr'><strong>l</strong></span> <span class='ocrx_word' id='word_1_751' title='bbox 2773 5224 3061 5291; x_wconf 67' lang='lat' dir='ltr'><strong>Spicilegii.</strong></span> <span class='ocrx_word' id='word_1_752' title='bbox 3093 5223 3165 5275; x_wconf 79' lang='lat' dir='ltr'><strong>Ex</strong></span> <span class='ocrx_word' id='word_1_753' title='bbox 3221 5221 3308 5272; x_wconf 74' lang='lat' dir='ltr'><strong>illa</strong></span> <span class='ocrx_word' id='word_1_754' title='bbox 3334 5236 3463 5274; x_wconf 81' lang='lat' dir='ltr'><strong>vero</strong></span> <span class='ocrx_word' id='word_1_755' title='bbox 3493 5219 3732 5291; x_wconf 71' lang='lat' dir='ltr'><strong>diligenti</strong></span> 
     </span>
    </p>
   </div>
   <div class='ocr_carea' id='block_1_109' title="bbox 2157 5287 3735 5362">
    <p class='ocr_par' dir='ltr' id='par_1_109' title="bbox 2157 5287 3735 5362">
     <span class='ocr_line' id='line_1_109' title="bbox 2157 5287 3735 5362; baseline -0.008 -12"><span class='ocrx_word' id='word_1_756' title='bbox 2157 5298 2448 5362; x_wconf 79' lang='lat' dir='ltr'><strong>sedulaque</strong></span> <span class='ocrx_word' id='word_1_757' title='bbox 2477 5296 2757 5347; x_wconf 85' lang='lat' dir='ltr'><strong>collatione</strong></span> <span class='ocrx_word' id='word_1_758' title='bbox 2782 5287 3086 5356; x_wconf 77' lang='lat' dir='ltr'><strong>tltlicimtts,</strong></span> <span class='ocrx_word' id='word_1_759' title='bbox 3137 5291 3574 5356; x_wconf 76' lang='lat' dir='ltr'><strong>argumentisqttc</strong></span> <span class='ocrx_word' id='word_1_760' title='bbox 3605 5287 3735 5362; x_wconf 54' lang='lat' dir='ltr'><strong>veli:</strong></span> 
     </span>
    </p>
   </div>
   <div class='ocr_carea' id='block_1_110' title="bbox 2158 5354 3735 5430">
    <p class='ocr_par' dir='ltr' id='par_1_110' title="bbox 2158 5354 3735 5430">
     <span class='ocr_line' id='line_1_110' title="bbox 2158 5354 3735 5430; baseline -0.009 -11"><span class='ocrx_word' id='word_1_761' title='bbox 2158 5354 2396 5419; x_wconf 76' lang='lat' dir='ltr'><strong>dissintis</strong></span> <span class='ocrx_word' id='word_1_762' title='bbox 2436 5366 2680 5418; x_wconf 78' lang='lat' dir='ltr'><strong>evincere</strong></span> <span class='ocrx_word' id='word_1_763' title='bbox 2713 5364 2874 5430; x_wconf 85' lang='lat' dir='ltr'><strong>parati</strong></span> <span class='ocrx_word' id='word_1_764' title='bbox 2923 5354 3125 5418; x_wconf 56' lang='lat' dir='ltr'><strong>smnus,</strong></span> <span class='ocrx_word' id='word_1_765' title='bbox 3176 5354 3326 5420; x_wconf 88' lang='lat' dir='ltr'><strong>hanc,</strong></span> <span class='ocrx_word' id='word_1_766' title='bbox 3377 5354 3538 5424; x_wconf 68' lang='lat' dir='ltr'><strong>quam</strong></span> <span class='ocrx_word' id='word_1_767' title='bbox 3583 5354 3735 5424; x_wconf 76' lang='lat' dir='ltr'><strong>primi</strong></span> 
     </span>
    </p>
   </div>
   <div class='ocr_carea' id='block_1_111' title="bbox 2162 5431 3738 5501">
    <p class='ocr_par' dir='ltr' id='par_1_111' title="bbox 2162 5431 3738 5501">
     <span class='ocr_line' id='line_1_111' title="bbox 2162 5431 3738 5501; baseline -0.007 -13"><span class='ocrx_word' id='word_1_768' title='bbox 2162 5453 2257 5488; x_wconf 89' lang='lat' dir='ltr'><strong>nos</strong></span> <span class='ocrx_word' id='word_1_769' title='bbox 2284 5436 2406 5501; x_wconf 70' lang='lat' dir='ltr'><strong>pulil</strong></span> <span class='ocrx_word' id='word_1_770' title='bbox 2432 5449 2505 5487; x_wconf 76' lang='lat' dir='ltr'><strong>ca:</strong></span> <span class='ocrx_word' id='word_1_771' title='bbox 2557 5434 2661 5486; x_wconf 83' lang='lat' dir='ltr'><strong>luci</strong></span> <span class='ocrx_word' id='word_1_772' title='bbox 2706 5443 2910 5496; x_wconf 82' lang='lat' dir='ltr'><strong>damus,</strong></span> <span class='ocrx_word' id='word_1_773' title='bbox 2943 5431 3339 5501; x_wconf 74' lang='lat' dir='ltr'><strong>enuntticoruin,</strong></span> <span class='ocrx_word' id='word_1_774' title='bbox 3375 5441 3431 5480; x_wconf 90' lang='lat' dir='ltr'><strong>ut</strong></span> <span class='ocrx_word' id='word_1_775' title='bbox 3461 5431 3624 5494; x_wconf 72' lang='lat' dir='ltr'><strong>vulgo</strong></span> <span class='ocrx_word' id='word_1_776' title='bbox 3650 5441 3738 5492; x_wconf 80' lang='lat' dir='ltr'><strong>ap-</strong></span> 
     </span>
    </p>
   </div>
   <div class='ocr_carea' id='block_1_112' title="bbox 2163 5498 3740 5573">
    <p class='ocr_par' dir='ltr' id='par_1_112' title="bbox 2163 5498 3740 5573">
     <span class='ocr_line' id='line_1_112' title="bbox 2163 5498 3740 5573; baseline -0.006 -16"><span class='ocrx_word' id='word_1_777' title='bbox 2163 5498 2344 5573; x_wconf 59' lang='grc' dir='ltr'><strong>ρεὼίτί</strong></span> <span class='ocrx_word' id='word_1_778' title='bbox 2369 5509 2557 5562; x_wconf 81' lang='lat' dir='ltr'><strong>solent,</strong></span> <span class='ocrx_word' id='word_1_779' title='bbox 2591 5505 2909 5570; x_wconf 76' lang='lat' dir='ltr'><strong>t‘t-gulat&#39;iuut</strong></span> <span class='ocrx_word' id='word_1_780' title='bbox 2941 5516 3206 5573; x_wconf 78' lang='lat' dir='ltr'><strong>normam,</strong></span> <span class='ocrx_word' id='word_1_781' title='bbox 3249 5498 3396 5573; x_wconf 73' lang='lat' dir='ltr'><strong>illam</strong></span> <span class='ocrx_word' id='word_1_782' title='bbox 3429 5501 3602 5573; x_wconf 63' lang='lat' dir='ltr'><strong>ipsam</strong></span> <span class='ocrx_word' id='word_1_783' title='bbox 3624 5509 3740 5573; x_wconf 71' lang='lat' dir='ltr'><strong>esse</strong></span> 
     </span>
    </p>
   </div>
   <div class='ocr_carea' id='block_1_113' title="bbox 2163 5567 3740 5643">
    <p class='ocr_par' dir='ltr' id='par_1_113' title="bbox 2163 5567 3740 5643">
     <span class='ocr_line' id='line_1_113' title="bbox 2163 5567 3740 5643; baseline -0.004 -17"><span class='ocrx_word' id='word_1_784' title='bbox 2163 5567 2317 5643; x_wconf 73' lang='lat' dir='ltr'><strong>quam</strong></span> <span class='ocrx_word' id='word_1_785' title='bbox 2349 5567 2673 5627; x_wconf 66' lang='lat' dir='ltr'><strong>Metcusibus</strong></span> <span class='ocrx_word' id='word_1_786' title='bbox 2692 5576 2802 5627; x_wconf 84' lang='lat' dir='ltr'><strong>suis</strong></span> <span class='ocrx_word' id='word_1_787' title='bbox 2853 5572 3120 5626; x_wconf 83' lang='lat' dir='ltr'><strong>canonicis</strong></span> <span class='ocrx_word' id='word_1_788' title='bbox 3144 5569 3456 5637; x_wconf 79' lang='lat' dir='ltr'><strong>Specialiter</strong></span> <span class='ocrx_word' id='word_1_789' title='bbox 3503 5567 3740 5622; x_wconf 66' lang='lat' dir='ltr'><strong>Chr-ul.-</strong></span> 
     </span>
    </p>
   </div>
  </div>
