3914 6236
519 380 658 439 toss
872 335 887 339 θ
1422 378 1485 432 s.
1528 370 2014 431 GthDEGANGl
2057 370 2395 427 ME'l‘t-ZNSIS
2436 370 2737 428 EPISCOPI
3595 379 3738 432 nou

520 509 638 548 esse
683 509 784 549 non
813 492 1051 557 dubites;
1100 502 1153 546 et
1179 498 1202 527 α
1233 504 1387 557 quem
1418 488 1667 543 inunilem
1698 486 2056 556 perspexeris,
2088 489 2139 544 Α
2166 482 2479 547 senioribus,
2499 485 3130 554 propterprasvidentiam
3154 487 3373 554 bonam,
3401 499 3457 543 ut
3478 470 3736 544 seniores

518 582 617 637 Dei
664 581 826 635 lilium
857 595 977 636 esse
1021 580 1239 635 omnino
1284 578 1501 632 credeie
1543 576 1725 631 debes.
1778 577 1851 630 De
1895 574 2071 629 multis
2172 574 2493 640 prmvideant
2519 576 2659 643 quod
2703 577 2943 644 iuniores
2994 578 3283 633 secundum
3318 581 3487 633 Deum
3542 591 3737 647 agant.

520 673 659 727 enim
706 680 865 735 pauca
916 665 1355 733 perstrinximus,
1407 672 1464 715 ut
1508 663 1715 716 animos
1756 669 1959 715 vestros
2004 656 2069 712 ad
2174 662 2239 715 Et
2262 663 2313 715 in
2355 662 2463 731 ipsa
2486 664 2718 718 claustra
2762 667 2902 720 nulla
2934 666 3123 719 femina
3154 669 3401 732 introeat,
3433 682 3532 724 nec
3559 668 3739 725 laicus

520 771 754 812 amorem
807 752 1120 809 humilitatis
1169 766 1513 816 provocemus
1555 749 1665 804 eth
1712 764 1741 802 a
1774 745 2069 804 detestabili
2172 751 2349 819 homo,
2383 764 2572 820 prater
2624 764 2823 810 tantum
2872 758 2916 811 si
2938 758 3237 824 episcopus,
3285 772 3376 811 aut
3399 758 3743 814 archidiaco-

519 842 839 912 inimicaque
891 842 999 896 Deo
1069 840 1312 907 superbia
1365 838 1719 893 retrahamus.
1772 837 1899 890 Nam
1944 836 2068 889 dum
2156 856 2291 905 .ttus,
2318 843 2399 895 vel
2425 843 2754 911 primicerius
2800 846 3075 913 iusserint.
3124 846 3195 901 Ut
3237 848 3291 902 in
3320 851 3604 905 reiectorio
3632 865 3741 919 pro

519 946 681 988 omne
725 946 890 1001 genus
920 933 1204 985 humanum
1234 928 1680 994 Christianorum,
1710 938 1866 997 atque
1915 941 2070 980 omne
2171 931 2472 986 reiectionis
2500 947 2659 987 causa
2704 936 2939 1001 veniant,
2992 937 3292 1002 relinquant
3329 954 3474 995 arma
3505 957 3601 995 sua
3631 955 3737 995 an-

520 1023 710 1089 volgus
726 1021 1076 1075 humilitatem
1102 1018 1296 1073 habere
1334 1019 1632 1083 conveniat,
1659 1017 1814 1071 nimis
1836 1017 2070 1082 iniquum
2171 1030 2223 1072 te
2250 1017 2610 1088 refectorium,
2633 1033 2688 1077 et
2711 1026 2888 1078 statim
2928 1039 3048 1081 cum
3074 1028 3299 1081 exierint
3322 1027 3388 1082 de
3424 1032 3739 1094 refectorio,

517 1118 906 1184 pessimumque
931 1129 997 1168 ac
1036 1113 1350 1175 detestabile
1395 1124 1479 1169 est
1506 1123 1567 1169 ut
1601 1115 1689 1184 qui
1731 1112 1947 1167 servitio
1977 1110 2072 1191 Dei
2169 1107 2431 1164 ducantur
2453 1110 2597 1167 foras
2616 1111 2879 1179 claustra;
2909 1126 2969 1170 et.
2991 1117 3037 1171 si
3060 1132 3276 1173 necesse
3299 1120 3453 1173 luerit
3480 1122 3543 1174 ad
3564 1136 3739 1188 opera

520 1207 840 1274 peculiarius
870 1221 930 1261 se
964 1206 1279 1276 junxerunt,
1310 1206 1657 1261 humilitatem
1681 1205 2068 1272 derelinquant,
2166 1195 2429 1264 facienda,
2457 1198 2655 1254 intrent
2680 1201 2749 1254 ibi
2779 1202 2896 1256 laici
2929 1203 3200 1268 homines;
3249 1215 3302 1259 at
3322 1206 3410 1258 ubi
3436 1207 3739 1271 perlectam

516 1304 572 1351 et
619 1295 901 1364 superbiat,
957 1297 1041 1350 vel
1099 1296 1372 1351 diabolicae
1415 1295 1697 1365 tyrannidi,
1744 1305 1809 1349 se
1837 1294 2065 1365 socient,
2164 1282 2452 1339 habuerint
2475 1300 2608 1355 opus
2639 1302 2814 1354 suum,
2846 1303 2965 1343 cum
2995 1306 3199 1346 summa
3220 1294 3546 1348 festinatione
3573 1309 3741 1364 egre-

518 1386 720 1441 ldcirco
764 1400 982 1440 necesse
1026 1396 1109 1440 est
1136 1393 1195 1439 ut
1222 1386 1312 1455 qui
1365 1385 1621 1441 suadente
1648 1386 1861 1440 diabolo
1900 1399 2064 1455 usque

2197 1374 2378 1427 liantur
2422 1373 2598 1440 foras;
2629 1388 2683 1429 et
2707 1385 2897 1444 praeter
2930 1392 3144 1433 causam
3173 1381 3515 1446 necessitatis,
3550 1381 3599 1433 si
3636 1396 3743 1437 co-

517 1487 658 1531 nunc
708 1478 962 1544 superbus
1008 1486 1029 1513 α
1058 1485 1217 1542 atque
1266 1475 1435 1529 elatus
1463 1476 1606 1528 vultu
1653 1473 2063 1553 vixit,inantea,

2191 1462 2255 1529 lui
2296 1463 2479 1537 clerici
2527 1466 2763 1531 desunt,
2811 1479 3023 1537 etopus
3074 1469 3251 1535 fuerit,
3306 1471 3421 1525 laici
3464 1470 3616 1539 coqui
3662 1473 3737 1525 ad

520 1567 629 1621 Deo
672 1565 982 1627 auxiliante,
1032 1578 1124 1632 per
1154 1564 1503 1618 humilitatem
1548 1573 1707 1630 atque
1730 1565 2093 1633 διιπιιδωιη,ν
2168 1554 2557 1623 coquinandum
2587 1566 2787 1612 tantum
2832 1558 3222 1628 ingrediantur;
3252 1561 3466 1629 expleto
3491 1561 3740 1614 ministe-

516 1655 601 1708 νει
629 1653 1008 1720 obedientiam,
1030 1668 1128 1708 seu
1154 1667 1250 1721 per
1269 1655 1468 1723 reliqua
1488 1652 1632 1708 bona
1662 1653 1753 1707 Dei
1778 1633 2077 1721 praecepta,
2168 1643 2249 1695 ι’ίο
2276 1655 2394 1708 δυο,
2424 1658 2543 1697 cum
2573 1645 2845 1703 celeritate
2866 1659 3057 1701 exeant
3074 1648 3233 1702 foras.

513 1749 776 1811 ηςυι-ειιι,
820 1741 940 1811 quia
988 1742 1151 1795 multo
1206 1742 1396 1795 melius
1440 1752 1524 1795 es;
1570 1746 1664 1809 per
1716 1742 2068 1796 ιιυιυίιίιειεω
2100 1808 2135 1811 _
2244 1730 2307 1782 Et
2330 1745 2425 1799 per
2451 1730 2567 1786 illas
2586 1735 2889 1789 mansiones
2917 1735 3013 1803 ipsi
3042 1737 3219 1790 clerici
3245 1737 3488 1791 canonici
3531 1736 3728 1790 nullum

517 1847 636 1886 cum
666 1831 878 1886 Christo
920 1833 969 1885 in
1021 1830 1325 1887 caelestibus
1356 1846 1597 1900 regnare,
1626 1847 1780 1901 quam
1810 1824 1930 1887 cum
1959 1830 2063 1887 ἀίει

2178 1819 2429 1873 clericum
2473 1836 2655 1877 eorum
2687 1823 2909 1877 habeant
2934 1827 3048 1878 sine
3077 1837 3338 1893 praecepto
3354 1826 3585 1893 episcopi
3609 1826 3721 1889 sui;

515 1922 637 1977 bolo
666 1936 758 1991 per
800 1923 1099 1992 superbiant
1148 1924 1197 1975 in
1257 1922 1465 1977 inferno
1510 1938 1630 1976 cum
1678 1922 1893 1990 reliquis
1942 1938 2071 1978 con-
2171 1916 2224 1960 οι
2252 1908 2295 1961 εί
2327 1909 2630 1992 Ρθτηιξθετῖι
2660 1922 2714 1964 ιη
2748 1911 2992 1977 habent".
3048 1914 3124 1965 sic
3160 1913 3585 1968 SiiconYemlio
3612 1913 3728 1967 “i0-

518 2014 868 2080 temptoribus
892 2014 1149 2079 demergi.
1915 2071 1922 2078 ἰ

2186 2010 2286 2047 'um
2316 2010 2436 2048 cum
2466 1998 2764 2053 humilitate
2790 2008 2845 2053 ct
2870 2000 2965 2053 Dei
2993 1992 3198 2061 timore,
3224 2002 3452 2068 qualiter
3475 2017 3570 2055 nec
3597 2002 3732 2066 Deo,

558 2103 689 2158 Car.
722 2103 784 2156 ll.
812 2129 880 2141 -—-
901 2100 978 2154 De
1014 2100 1193 2152 ordine
1231 2100 1627 2169 congregationis
1650 2096 2030 2151 canonicorum.
2146 2134 2147 2137 η
2170 2096 2267 2136 "ec
2295 2082 2544 2152 CPiSCOPO
2571 2087 2909 2155 displiceam,
2935 2103 3032 2142 nec
3054 2090 3180 2151 illis.
3208 2091 3296 2154 qui
3327 2091 3425 2144 sub
3446 2104 3538 2143 sua
3568 2105 3739 2144 lnam

583 2191 807 2246 Ordines
851 2203 976 2244 suos
1004 2188 1241 2242 canonici
1270 2190 1342 2242 ita
1378 2195 1716 2251 conservent,
1767 2196 1825 2242 ut
1852 2186 1881 2225 ⁸
1922 2185 2068 2242 οτιιί-
2170 2173 2336 2237 ipsam
2366 2178 2830 2245 congregationem
2886 2187 3093 2246 nsunt.
3129 2178 3193 2232 El
3221 2182 3264 2232 Si
3296 2180 3446 2235 amo"
3485 2180 3737 2245 [δαίων

513 2284 623 2339 nati
677 2291 798 2335 sunt
847 2280 901 2334 in
948 2279 1197 2349 gradibus
1251 2279 1364 2332 suis
1420 2272 1710 2333 secundum
1777 2277 2059 2347 legitimam

2193 2261 2256 2315 lle
2280 2263 2369 2330 qui
2394 2276 2607 2330 praeest,
2634 2275 2726 2318 aut
2752 2270 3177 2322 excommunicet
3195 2282 3312 2334 eos,
3355 2278 3443 2322 aut
3478 2281 3739 2337 corpora-

512 2371 894 2427 institutionem
916 2348 1168 2425 Romanae
1191 2367 1470 2433 Ecclesia},
1502 2367 1556 2421 in
1578 2367 1829 2423 omnibus
1849 2372 2058 2421 omnino

2193 2365 2279 2407 em
2316 2348 2649 2421 disciplinam
2700 2356 2981 2423 accipiant.
3038 2358 3105 2410 Et
3141 2356 3210 2438 in
3259 2360 3400 2424 ipsas
3427 2360 3739 2411 mansiones

513 2460 662 2522 locis,
689 2459 741 2513 id
787 2468 871 2513 est.
912 2458 966 2511 in
1012 2456 1259 2523 ecclesia,
1311 2454 1389 2510 vel
1442 2452 1743 2522 ubicunque
1769 2454 1984 2508 insimul
2007 2468 2067 2508 se
2171 2441 2311 2495 ίηιη
2342 2438 2453 2512 ἱρέα
2481 2444 2737 2509 Claustra.
2786 2460 2885 2499 nec
2904 2446 3151 2511 Clericus.
3194 2461 3291 2501 nec
3334 2447 3504 2500 Ιθίθυι
3526 2446 3733 2503 bibere-

472 2559 477 2565 '
513 2546 901 2616 coniunxerint,
944 2553 998 2601 et
1048 2546 1185 2599 ratio
1228 2552 1474 2611 prtestat;
1527 2544 1765 2612 exceptis
1792 2543 1876 2597 his
1931 2556 2071 2611 quos
2142 2544 2267 2587 inec
2288 2535 2631 2599 manducare,
2667 2551 2763 2590 nec
2789 2537 3044 2601 dormire,
3088 2552 3192 2591 non
3243 2546 3584 2604 praesumant,
3631 2538 3732 2591 nisi

414 2704 418 2709 ,
510 2638 866 2707 episcopusin
895 2635 1083 2689 altiore
1107 2634 1267 2702 gradu
1295 2633 1645 2699 constituerit,
1679 2632 1763 2688 vel
1805 2631 2067 2701 degrada-
2171 2621 2267 2692 ipsi
2322 2623 2501 2678 clerici
2555 2626 2645 2693 qni
2701 2625 2754 2679 in
2782 2624 3321 2694 ipsa'congregatione
3350 2635 3496 2689 sunt,
3526 2635 3618 2679 aut
3655 2627 3725 2679 illi

516 2727 672 2793 Veril,
696 2728 860 2783 certis
883 2734 950 2780 ex
1003 2726 1206 2789 causis;
1257 2725 1444 2793 reliqui
1475 2739 1683 2787 omnes,
1732 2732 1789 2777 ut
1815 2722 2066 2787 diximus,
2168 2716 2347 2769 CleriCi
2371 2717 2459 2784 qui
2485 2715 2678 2769 ibidem
2710 2716 2761 2770 in
2785 2718 2899 2782 ipso
2925 2716 3156 2771 claustro
3172 2732 3269 2783 per
3300 2716 3592 2782 iussionem
3621 2717 3735 2785 epi-

509 2818 580 2873 ita
625 2827 680 2870 ut
706 2816 934 2871 ordinati
964 2816 1345 2877 sunt,ortlines
1384 2827 1508 2867 suos
1538 2813 1854 2868 custodiant.
1885 2811 2068 2867 Junio-
2167 2805 2315 2869 scopi
2338 2803 2418 2858 sui
2439 2803 2738 2867 senioribus
2776 2805 2890 2859 silis
2933 2804 3256 2875 deserviunt.
3292 2805 3358 2859 Et
3401 2806 3487 2873 qui
3516 2806 3582 2859 de
3610 2806 3735 2874 ipso

508 2922 596 2964 res
624 2908 779 2977 igitur
805 2907 1011 2976 priores
1056 2919 1185 2961 suos
1212 2906 1495 2969 honorent,
1546 2904 1752 2974 βείω-οε
1777 2913 1801 2941 ο
1824 2903 2068 2973 iuniore,
2166 2890 2311 2946 clero
2360 2907 2521 2961 unum
2567 2891 2817 2945 clericum
2848 2892 2901 2946 in
2941 2893 3057 2961 ipsa
3106 2894 3361 2956 claustra,
3392 2904 3445 2945 ut
3473 2893 3734 2956 diximus,

510 3011 635 3052 suos
663 2998 717 3052 in
747 2997 911 3052 Deum
948 2996 1191 3065 diligant.
2167 2984 2429 3048 habuerit,
2463 2985 2565 3051 hoc
2620 2984 2925 3051 praevideat,
2958 2993 3015 3037 ut
3060 2984 3324 3051 plauetam
3360 2998 3478 3038 cum
3503 2984 3734 3052 reliquis

593 3084 612 3123 ί
647 3086 702 3140 in
733 3087 899 3153 ipsius
923 3096 1099 3141 autem
1132 3085 1484 3152 appellatione
1507 3085 1735 3140 nominis
1760 3086 1887 3145 nulli
1912 3084 2071 3139 liceat
2107 3120 2139 3143 ι.

2192 3076 2507 3128 restimeutis
2538 3073 2748 3137 habeat,
2779 3083 2832 3127 et
2857 3075 3043 3129 diebus
3065 3075 3376 3140 Dominicis,
3404 3076 3485 3129 vel
3509 3078 3738 3143 reliquis

512 3173 673 3229 alium
699 3187 831 3241 puro
859 3174 1073 3227 nomine
1121 3173 1410 3242 appellare,
1442 3174 1559 3239 sed,
1588 3174 1881 3229 secundum
1942 3187 2071 3227 con-
2107 3162 2143 3180 ’³
2175 3162 2561 3227 festivitatibus,
2594 3163 2646 3215 in
2672 3162 2893 3217 ecclesia
2923 3163 3014 3220 Dei
3043 3165 3222 3220 vestiti
3253 3167 3305 3218 in
3331 3165 3605 3219 ordinibus
3630 3165 3739 3219 suis

514 3264 840 3319 stitutionem
866 3274 1063 3317 sancta:
1096 3261 1371 3325 Ecclesiae,
1400 3262 1545 3316 sedis
1566 3262 1892 3330 apostolicae,
1916 3271 2072 3316 vocet
2175 3259 2337 3303 ειεηιο

512 3368 630 3407 cum
679 3366 870 3407 nomen
918 3366 1095 3415 suum,
1156 3354 1304 3419 prius
1353 3351 1532 3406 addito
1582 3362 1634 3406 et
1676 3352 1956 3407 ministerii
1988 3353 2058 3406 sul

2018 3353 2071 3407 υί
2313 3339 2439 3393 CAP.
2470 3340 2709 3393 lV.—De
2736 3342 3082 3409 completort'o,
3106 3343 3185 3394 uel
3210 3342 3564 3395 taciturnitate.

511 3442 698 3513 gradu,
725 3441 1108 3509 qualiscunque
1135 3441 1311 3495 fuerit.
1340 3439 1649 3513 Ubicunque
1693 3448 1871 3494 autem
1897 3454 1956 3493 se
1974 3441 2071 3493 ob.
2252 3428 2317 3482 Ul
2343 3428 2408 3479 ad
2432 3429 2838 3495 εοηιιυιειοτὶυω
2866 3430 3037 3483 ("mils
3066 3426 3239 3484 είθτιέε
3264 3430 3351 3498 (illi
3384 3429 3433 3483 ίη
3464 3430 3581 3494 illiul
3614 3446 3739 3485 ωηο

512 3516 737 3583 viarerit
786 3538 811 3575 ε
859 3528 1033 3583 clerus
1081 3530 1283 3597 iunior,
1314 3529 1652 3583 inclinatusa
1707 3531 1882 3598 priore
1908 3529 2058 3584 bene

2193 3519 2486 3586 gregatinne
2511 3528 2593 3571 est
2618 3519 2819 3584 veniat,
2844 3528 2896 3572 et
2923 3518 3140 3572 omnino
3164 3519 3311 3573 omni
3339 3528 3582 3587 tempore
3610 3519 3739 3574 inci-

514 3618 804 3672 dictiunem
836 3626 1009 3685 petat;
1039 3629 1090 3672 et
1113 3619 1156 3670 si
1183 3619 1455 3671 sedentem
1484 3619 1761 3682 invenerit,
1796 3628 2060 3672 transeun-

2186 3604 2355 3671 piente
2378 3616 2532 3675 nocte
2556 3606 2780 3672 primum
2805 3606 3011 3673 signum
3034 3605 3097 3659 ad
3120 3606 3527 3673 eompletorium
3546 3614 3732 3669 sonet;

509 3716 563 3760 te
585 3707 786 3774 maiore
808 3706 982 3759 minor
1007 3714 1208 3774 surgat,
1233 3714 1288 3760 et
1316 3705 1405 3759 det
1432 3705 1479 3760 ei
1503 3708 1674 3759 locum
1702 3706 1943 3769 sedendi,
1974 3720 2055 3759 net

2192 3705 2231 3745 ει
2258 3706 2378 3743 cum
2410 3692 2654 3758 primitus
2676 3692 2803 3744 illud
2833 3693 3065 3761 signum,
3095 3694 3180 3760 qui
3224 3694 3287 3745 ad
3344 3695 3445 3747 hoc
3468 3695 3738 3747 ordinatus

513 3796 995 3864 przesumatiunior
1017 3795 1325 3856 consedere,
1357 3795 1459 3847 nisi
1499 3796 1549 3849 ei
1598 3794 1871 3863 pra-cipiat
1896 3794 2059 3848 senior

2192 3780 2355 3844 'uerit,
2388 3780 2625 3832 auditum
2649 3778 2859 3847 fecerit,
2881 3780 3080 3843 statim,
3104 3780 3407 3849 ubicunque
3431 3782 3650 3846 iuerint,
3674 3786 3738 3835 ad

510 3900 670 3949 suus;
702 3896 759 3938 ut
804 3886 896 3938 liat
941 3885 1079 3952 quod
1124 3886 1376 3952 scriptum
1407 3896 1488 3938 est
1533 3902 1545 3938 :
1600 3883 1809 3938 Honore
1861 3885 2056 3937 inuicem

2189 3882 2363 3921 eorum
2393 3870 2621 3921 claustra
2644 3868 2892 3931 veniant;
2918 3877 3105 3921 etcum
3122 3867 3311 3922 iterum
3342 3871 3514 3936 ipsum
3532 3871 3735 3938 signum

514 3977 867 4041 pravenientes
901 3974 1077 4043 (Iiom.
1102 3975 1218 4039 xu).

2187 3958 2457 4024 audierint,
2490 3959 2567 4011 sic
2605 3971 2796 4012 omnes
2828 3957 2880 4011 in
2912 3958 3136 4011 ecclesia
3196 3959 3211 4007 i
3262 3958 3429 4011 sancti
3480 3959 3733 4027 Stephani

586 4066 737 4118 Pueri
770 4065 934 4132 parvi,
964 4065 1045 4119 vel
1092 4065 1474 4145 adolescentes,
1527 4066 1579 4117 in
1610 4065 1864 4126 oratorio,
1896 4064 1977 4118 vel
2000 4064 2065 4118 ad
2175 4048 2302 4112 δίυιν
2332 4057 2385 4101 ει
2411 4056 2535 4100 "mc
2584 4049 2633 4100 Ῐεο
2684 4047 2773 4100 Dei
2804 4046 3035 4145 ἠοίηξηθ
3062 4047 3466 4145 θοῖηβιθίοτίυξη
3494 4056 3733 4145 fama“-

518 4156 795 4219 llmensas,
825 4170 944 4210 eum
1000 4134 1275 4223 disciplina
1325 4156 1539 4210 ordines
1578 4170 1701 4211 suos
1743 4157 2064 4223 custodiant,

2186 4138 2245 4190 Et
2306 4144 2585 4205 postquam
2644 4134 3053 4203 eompletorium
3098 4145 3365 4188 cantatum
3420 4136 3732 4211 habuerint,

513 4246 651 4300 foras
690 4256 884 4310 autem,
944 4242 958 4280 ί
993 4243 1079 4297 ubi
1108 4254 1160 4298 et.
1199 4244 1285 4299 ubi
1325 4244 1621 4299 custodiam
1652 4244 1876 4299 habeant
1905 4246 2065 4299 disci-
2180 4238 2360 4293 βθεῑοη
2413 4241 2518 4280 ηοη
2558 4227 2765 4291 bibam.
2799 4240 2897 4279 nec
2924 4227 3242 4278 ηιθηάυοθιιι
3267 4239 3431 4292 usque
3460 4224 3515 4277 ῖη
3544 4226 3737 4278 cm“-

2107 3120 2140 3143 ιι

2107 3160 2143 3180 εδ

513 4336 731 4402 minam.
1871 4382 1884 4389 ἢ
2183 4331 2308 4368 num
2342 4316 2577 4381 legitima
2607 4316 2768 4378 hora;
2797 4323 2851 4367 et
2877 4328 3063 4366 omnes
3114 4312 3377 4366 silentium
3408 4321 3650 4375 teneant,
3687 4320 3737 4365 et

512 4424 642 4478 Cap.
676 4423 762 4478 ill.
813 4451 879 4461 —-
929 4421 996 4475 Ut
1025 4422 1076 4473 in
1121 4420 1214 4475 illa
1256 4420 1477 4499 claustra
1508 4435 1677 4474 eomes
1722 4421 1777 4475 in
1812 4436 1911 4474 uno
1948 4422 2058 4474 dor-

2186 4422 2340 4459 nemo
2369 4421 2486 4457 cum
2517 4406 2687 4457 altero
2719 4404 2966 4470 loquatur
2992 4415 3159 4469 usque
3186 4414 3339 4453 inane
3367 4410 3486 4467 post
3517 4403 3732 4468 primam

1206 4490 1386 4542 miunt.
1597 4496 1611 4510 '
2102 4487 2145 4499 ’⁷
2180 4506 2466 4559 cantataui,
2500 4495 2598 4547 nisi
2633 4492 2752 4546 sint

2188 4506 2466 4559 cantataui,
2500 4495 2598 4547 nisi
2633 4492 2678 4545 si
2700 4505 2920 4546 necesse
2952 4490 3129 4552 fuerit,
3150 4499 3201 4543 et
3220 4487 3321 4542 hoc
3343 4502 3464 4541 cum
3490 4502 3734 4559 suppres-

588 4582 660 4632 lta
689 4580 1009 4632 instituimus
1041 4587 1096 4629 ut
1126 4578 1177 4630 in
1208 4578 1293 4630 illa
1323 4578 1550 4631 claustra
1584 4578 1675 4633 ille
1705 4578 1879 4633 clerus
1909 4594 2071 4634 cano-
2183 4588 2331 4640 sione
2372 4585 2515 4637 vocis
2540 4598 2660 4636 cum
2690 4575 2875 4650 grandi
2904 4578 3131 4645 cautela,
3156 4587 3219 4653 ut
3245 4576 3313 4629 de
3337 4576 3425 4629 illa
3453 4576 3561 4629 alia
3594 4589 3733 4629 man-

518 4673 688 4736 uicus,
732 4670 819 4736 qui
868 4669 969 4722 sub
1017 4670 1131 4735 ipso
1159 4668 1364 4733 ordine,
1408 4652 1513 4723 Deo
1541 4670 1845 4738 adiuvante,
1893 4671 1967 4723 vis
1981 4686 2073 4727 ere
2176 4680 2327 4731 sione
2357 4690 2475 4743 quae
2496 4675 2643 4741 iuxta
2673 4682 2751 4725 est
2782 4686 2875 4724 sua
2905 4685 3005 4722 vox
3038 4683 3140 4721 non
3156 4652 3437 4727 audiatur;
3466 4676 3525 4720 et
3556 4664 3645 4733 qui
3670 4663 3736 4717 de

534 4761 732 4823 lebcnt,
762 4769 817 4811 ut
864 4773 1050 4814 omnes
1100 4759 1149 4810 in
1184 4775 1289 4811 uno
1328 4760 1593 4813 dormiant
1643 4761 1693 4813 in
1740 4761 2069 4827 dormitorio,
2177 4768 2280 4819 illis
2304 4766 2368 4817 ad
2389 4764 2795 4829 eompletorium
2817 4774 2923 4813 non
2948 4758 3122 4821 inerit,
3152 4768 3335 4824 postea
3358 4755 3504 4807 illam
3526 4763 3732 4809 noctem

520 4862 709 4918 praeter
740 4851 856 4903 illos
880 4851 1072 4917 quibus
1098 4850 1377 4916 episcopus
1416 4851 1679 4903 licentiam
1722 4850 1947 4915 dederit,
1983 4864 2071 4905 se-
2182 4868 2284 4905 non
2336 4859 2619 4918 pra-sumat
2651 4848 2739 4900 illa
2767 4848 2901 4901 ostia
2933 4844 3175 4906 tundere,
3207 4857 3304 4897 nec
3340 4856 3436 4911 per
3464 4843 3633 4896 ullum
3664 4844 3735 4895 to.

518 4944 749 4995 cundum
779 4941 915 5007 quod
948 4942 994 4991 ei
1044 4940 1424 4992 rationabiliter
1481 4941 1648 4992 visum
1706 4941 1884 5003 luerit,
1933 4950 1987 4995 ut
2023 4943 2072 4995 in
2177 4958 2293 4995 cum
2320 4942 2368 4992 in
2401 4943 2509 5006 ipsa
2538 4941 2763 4992 claustra
2788 4935 3019 5004 ingredi,
3044 4942 3325 5001 antequatn
3346 4932 3415 4986 ad
3449 4942 3739 4987 nocturnas

520 5033 629 5099 ipsa
662 5033 887 5083 clauSlra
921 5045 1009 5097 per
1054 5029 1335 5096 diSpositas
1382 5032 1679 5081 mansiones
1707 5032 1967 5083 dormiant
1994 5046 2077 5084 se-
2181 5037 2414 5087 veniant.
2473 5033 2580 5087 Nec
2637 5032 3060 5090 archidiaconus,
3104 5040 3202 5080 nec
3236 5022 3604 5093 primicerius,
3646 5038 3737 5075 nec

521 5123 775 5188 μθνιιιὶιυς
811 5128 859 5171 8i
886 5134 978 5185 Per
1008 5119 1206 5185 Singula
1260 5120 1392 5169 ιυιτιθ
1420 5117 1610 5183 δῖηευιὶ
1636 5118 1919 5181 dormiant.
1952 5128 2006 5173 ei
2028 5123 2075 5172 in
2179 5127 2266 5179 ille
2297 5126 2545 5177 ostiarius
2574 5126 2738 5176 ullum
2768 5128 3125 5175 commeatum
3154 5115 3351 5170 exinde
3381 5115 3589 5168 donare
3620 5128 3736 5183 pns-

520 5213 831 5270 c'nrmitor-io
854 5213 1093 5266 similiter
1145 5212 1426 5280 separatim
1459 5210 1745 5279 dormiant,
1773 5213 1913 5265 misti
1956 5227 2073 5267 cum
2181 5217 2305 5280 sint,
2336 5224 2395 5268 ut
2449 5225 2569 5283 post
2612 5210 3019 5281 eompletorium
3047 5205 3234 5276 aliquis
3262 5206 3332 5260 ibi
3379 5205 3733 5274 ingrediatur.

593 5356 614 5379 °
650 5347 754 5407 AL,
781 5362 1132 5410 quemcunque.
2251 5354 2272 5379 ε
2307 5342 2407 5405 AL,
2436 5344 2671 5393 minores.

592 5413 617 5451 ὶθ
646 5415 753 5473 AL,
788 5416 1123 5465 Hannibalem
1172 5416 1521 5479 iuimimmque
1570 5412 1658 5463 Dri
1702 5412 1983 5465 superbiam
2013 5417 2072 5467 ab
2254 5412 2272 5448 τ
2302 5414 2407 5474 AL,
2438 5410 2688 5475 Ipsorum.
3073 5450 3077 5457 .

524 5486 593 5534 eis
612 5484 941 5535 retro/tamus.
2250 5490 2273 5525 ε
2304 5482 2386 5531 Al.
2428 5484 2588 5531 clerus
2612 5481 2788 5545 junior
2810 5480 3078 5531 inclinetur
3106 5486 3149 5528 et
3177 5491 3228 5526 α.

609 5564 626 5588 ε
664 5553 771 5611 ΑΙ..
803 5566 847 5601 ct
880 5553 1014 5602 vultu
1047 5550 1255 5609 rigidus.
2256 5547 2277 5582 ⁵³
2313 5552 2420 5608 ΑΙ..
2453 5551 2651 5601 missas.

595 5618 617 5653 (ἲ
651 5621 707 5669 [ﬁt
738 5622 833 5671 hoc
876 5629 927 5671 et
958 5624 1192 5685 (“malum
1229 5619 1327 5666 alia
1371 5634 1431 5667 ex
1490 5620 1663 5685 regula
1695 5620 1862 5673 sancti
1910 5622 2071 5674 Bettc-
2259 5629 2268 5650 '
2312 5618 2415 5679 AL,
2441 5630 2485 5669 et
2520 5619 2794 5685 ubicunque
2832 5615 3035 5681 {im-int.

533 5687 654 5739 dicti
682 5703 930 5755 expressa
963 5677 1150 5739 notavit
1188 5689 1244 5739 lJ.
1281 5677 1583 5739 [lachr-rius.
2258 5700 2268 5735 ι
2309 5677 2426 5739 Haec
2460 5677 2881 5739 Metcnsis'urbis
2913 5680 3153 5749 primaria
3185 5677 3422 5731 basilica.
