3914 6236
149 471 260 524 1101

1289 461 1576 515 REGULA
1619 459 2120 515 (JANONICORUNI.

3174 468 3305 522 11οᾶ

142 583 229 637 nisi
258 578 319 633 ad
351 586 664 638 nocturnas;
708 574 806 629 nisi
839 583 1034 626 tantum
1060 574 1102 625 si
1135 574 1252 626 talis
1281 587 1437 625 causa
1469 585 1662 622 evene-
1696 575 1734 624 Α
1767 587 2050 628 occurrere
2080 575 2301 639 possint,
2332 555 2452 629 cum
2481 590 2680 629 summa
2711 576 3040 632 festinatione
3062 583 3298 645 veniam;

140 674 220 732 rit,
241 670 374 735 quod
406 682 622 720 necesse
663 665 732 718 sit
780 675 836 716 ut
865 663 962 716 hoc
987 665 1076 716 ille
1124 664 1546 726 archidiaconus,
1591 665 1666 714 vel

140 757 474 825 primicerius,
507 757 587 807 vel
609 754 697 820 qui
733 764 860 805 tunc
909 755 1164 819 temporis
1192 753 1382 805 exinde
1411 752 1666 817 prtevlde-

142 851 228 913 rit,
258 849 317 900 ad
349 849 494 898 illum
520 846 823 912 episcopum
856 845 1023 911 possit
1052 843 1228 896 dicere
1258 859 1352 909 pro
1381 858 1479 910 qua
1511 856 1667 893 causa

139 939 228 990 hoc
273 936 464 988 factum
519 935 731 994 luisset;
764 944 818 985 et
862 935 907 985 si
943 935 1008 984 ila
1039 941 1122 984 est
1152 932 1287 997 quod
1337 945 1553 983 necesse
1581 929 1666 989 sit,

137 1036 249 1078 tunc
286 1024 545 1076 licentiam
575 1023 800 1073 habeant
832 1019 1130 1071 introeundi
1164 1028 1215 1070 et
1245 1018 1490 1069 exeundi.
1535 1019 1596 1069 lit
1625 1018 1668 1069 si

135 1113 402 1180 contigerit
432 1121 488 1163 ut
508 1126 640 1176 opus
660 1112 727 1162 sit
755 1121 870 1177 post
896 1107 1298 1173 complctorium
1323 1109 1491 1172 aliqua
1511 1122 1668 1158 causa

138 1202 184 1252 in
231 1202 456 1251 claustra
505 1200 766 1259 nuntiare,
823 1209 946 1250 tunc
996 1196 1061 1248 ad
1113 1196 1259 1247 illum
1301 1196 1572 1247 custodem
1602 1195 1668 1246 de

142 1299 308 1341 sancto
335 1289 607 1353 Stephano
634 1287 827 1347 veniat,
851 1297 903 1338 et
931 1287 1000 1337 illi
1032 1283 1330 1352 patel'aciat,
1359 1295 1410 1334 et
1437 1287 1546 1349 ipse
1572 1283 1668 1335 hoc

147 1378 190 1429 in
218 1378 448 1430 claustro
479 1376 699 1430 nuntiet.
731 1379 792 1430 Et
831 1377 875 1429 si
921 1377 1082 1443 (quod
1133 1377 1292 1440 absit)
1339 1377 1569 1426 evenerit
1616 1385 1670 1428 ut

141 1470 264 1522 ullus
288 1470 354 1522 de
385 1471 500 1536 ipso
523 1471 704 1543 clero,“
730 1471 820 1534 qui
852 1477 974 1521 ante
1021 1465 1422 1531 completur-ium
1456 1467 1506 1517 in
1536 1467 1668 1517 civi-

141 1571 233 1612 tate
257 1561 482 1620 venerit,
539 1570 630 1610 aut
660 1568 809 1610 antea
842 1557 1032 1608 ibidem
1066 1557 1242 1614 fuerit,
1276 1556 1413 1620 quod
1447 1554 1489 1605 si
1515 1569 1670 1605 ausus

140 1648 207 1700 vel
234 1658 700 1714 praesumptuosns,
722 1656 814 1697 aut
838 1645 1129 1710 negligens,
1152 1644 1407 1693 suadente
1430 1641 1666 1704 diabolo,

141 1737 303 1800 fuerit,
335 1738 472 1789 utin
503 1739 714 1789 civitate
763 1735 936 1800 aliqua
995 1743 1146 1785 nocte
1201 1731 1390 1784 alicubi
1440 1743 1665 1793 maneat,

142 1827 227 1878 nisi
254 1826 302 1878 in
343 1842 437 1878 sua
487 1829 735 1887 claustra,
779 1825 821 1874 si
856 1839 954 1874 una
989 1823 1101 1875 vice
1135 1823 1232 1874 huc
1264 1822 1464 1884 fecerit,
1496 1821 1540 1873 si
1570 1836 1663 1886 pro

1770 675 1821 716 et
1857 665 1900 716 si
1936 665 2090 730 longe
2135 665 2200 718 ab
2248 667 2356 732 ipsa
2384 665 2603 719 ecclesia
2644 666 2832 733 aliquis
2858 666 3031 727 fuerit.
3065 669 3132 721 ita
3157 681 3212 722 ut
3237 674 3300 722 ad

1767 768 1900 817 οιιιις
1931 754 2018 806 Dci
2046 769 2137 821 per
2167 757 2322 807 horas
2347 755 2628 808 canonicas
2658 770 2931 809 occurrere
2974 772 3077 810 non
3120 759 3302 824 possit.

1768 843 2173 895 archidiaconus
2205 846 2270 895 ita
2300 860 2417 898 esse
2442 843 2737 911 perpendit,
2771 852 3037 911 agatopus
3069 845 3160 898 Dei
3182 861 3298 900 cum

1769 943 2004 984 tremore
2028 932 2209 984 divino
2240 934 2325 986 tibi
2359 945 2480 985 tunc
2511 933 2699 996 fuerit;
2729 943 2778 986 et
2820 934 3098 999 prmvideat
3137 933 3307 986 archi-

1768 1017 2042 1084 diaconus,
2073 1020 2153 1071 vel
2185 1020 2534 1086 primicerius,
2593 1022 2675 1074 vel
2725 1032 2904 1074 custos
2951 1021 3207 1083 ecclesiae,
3250 1031 3308 1073 t.t

1771 1108 1858 1157 illa
1882 1109 2025 1174 signa
2055 1109 2196 1161 horis
2219 1112 2636 1178 competentibus
2661 1121 2866 1162 sonent.

2005 1199 2131 1250 CAP.
2169 1198 2426 1250 \i'll.—De
2455 1209 2477 1244 ς
2501 1199 2766 1268 disciplina
2793 1197 3064 1265 psallendi.

1842 1287 2045 1353 Ubique
2093 1289 2355 1341 credimus
2408 1289 2636 1342 divinam
2687 1304 2804 1343 esse
2852 1290 3216 1356 praesentiam,
3259 1297 3314 1339 et

1769 1376 1952 1426 oculos
1986 1375 2194 1428 Domini
2239 1378 2492 1442 speculari
2545 1379 2708 1430 bonos
2759 1388 2812 1430 et
2857 1380 3051 1441 malos;
3082 1378 3309 1430 maxime

1772 1472 1941 1514 tamen
1973 1463 2072 1516 hoc
2097 1465 2210 1517 sine
2239 1465 2413 1533 aliqua
2434 1465 2759 1519 dubitatione
2779 1467 3077 1528 credamus,
3102 1482 3219 1519 cum
3241 1467 3306 1518 ad

1771 1567 1904 1618 opus
1934 1552 2167 1604 divinum
2216 1555 2546 1616 assistimus;
2579 1564 2631 1605 ct
2675 1555 2792 1607 ideo
2820 1570 3025 1620 semper
3049 1567 3310 1606 memores

1770 1643 1930 1694 simus
1976 1647 2112 1708 quod
2162 1644 2236 1696 ait
2286 1644 2538 1709 propheta
2571 1661 2582 1694 :
2615 1642 2806 1696 Seruite
2840 1644 3052 1695 Domino
3090 1647 3140 1695 in
3165 1646 3307 1696 timo-

1774 1747 1850 1792 re,
1874 1741 1917 1783 et
1949 1732 2194 1783 exsultate
2216 1736 2259 1784 ei
2286 1750 2395 1783 cum
2425 1745 2636 1786 tremore
2661 1734 2824 1800 (Psal.
2857 1735 2935 1800 ll).
2983 1735 3046 1788 Et
3073 1736 3258 1789 iterum
3291 1753 3306 1789 :

1772 1818 1986 1871 Psallite
2012 1821 2264 1886 sapienter
2293 1820 2460 1890 (Paul.
2494 1830 2658 1890 XLVI).
2692 1824 2753 1875 Et
2785 1840 2797 1875 :
2826 1821 2887 1874 lu
2925 1833 3192 1892 conspectu
3219 1840 3310 1875 an-

142 1917 254 1971 vitio
279 1917 474 1970 factum
509 1930 610 1968 non
641 1925 740 1975 est,
771 1914 945 1966 verbis
980 1913 1326 1978 corripiatur;
1358 1911 1475 1964 etsi
1510 1911 1665 1961 itcra-
1699 1884 1746 1943 Β
1771 1909 1997 1979 gelorum
2033 1911 2249 1979 psallam
2293 1911 2382 1963 tibi
2437 1911 2602 1980 (Psal.
2647 1915 2900 1980 cssxvn).
2941 1912 3067 1965 Nam
3094 1913 3161 1976 si,
3189 1927 3306 1966 cum

144 2005 259 2058 verit
287 2006 399 2072 ipse
431 2003 685 2064 clericus,
712 2014 836 2055 tunc
868 2004 980 2064 ipso
1008 2003 1092 2053 die
1111 2003 1178 2052 sit
1209 2002 1257 2052 in
1284 2011 1482 2066 paneet
1502 2015 1665 2064 aqua;

142 2102 186 2144 et
211 2094 247 2145 si
277 2096 429 2146 tertia
458 2091 572 2144 tice
595 2091 694 2144 hoc
723 2091 927 2153 fecerit,
957 2102 1064 2142 tres
1085 2091 1198 2142 dies
1230 2089 1280 2141 in
1308 2104 1439 2156 pane
1461 2099 1517 2142 et
1536 2105 1666 2157 aqua

139 2184 224 2244 sit;
246 2197 295 2236 et
323 2184 365 2236 si
391 2183 622 2249 amplius
646 2181 746 2234 hoc
775 2181 946 2235 facere
970 2183 1385 2248 prmsumpserit,
1410 2182 1668 2246 corporali

138 2271 406 2334 disciplina:
459 2269 789 2335 subjiciatur,
827 2272 985 2319 sicut
1033 2270 1210 2320 ca-teri
1242 2270 1492 2330 timeant;
1534 2278 1586 2319 et
1624 2268 1668 2318 si

140 2363 333 2428 aliquid,
366 2361 624 2413 suadente
659 2360 893 2420 diabolo,
927 2373 1019 2425 per
1049 2359 1150 2410 hoc
1177 2357 1578 2415 retardaverint.
1612 2367 1667 2410 ut

137 2459 241 2502 ante
265 2449 668 2516 completorium
694 2453 746 2499 in
775 2449 1041 2500 civitatem
1073 2460 1174 2498 non
1207 2429 1399 2506 veniat,
1428 2455 1483 2498 ut
1505 2446 1667 2499 licen-

136 2539 243 2591 tiam
273 2539 492 2592 haberet
521 2538 659 2592 l’oras
690 2539 918 2590 claustra
973 2549 1116 2597 esse,
1146 2545 1202 2588 et
1234 2536 1332 2589 hoc
1368 2534 1666 2602 episcOpus,

136 2636 210 2677 aut
233 2628 657 2687 archidiaconus,
691 2627 772 2677 vel
825 2625 1178 2692 primicerius,
1229 2623 1547 2690 investigare
1577 2639 1668 2688 ρος⁸

138 2715 325 2775 iuerint,
389 2714 478 2765 ille
532 2712 761 2766 clericus
811 2709 895 2777 qui
954 2712 1050 2761 hoc
1107 2709 1290 2760 vitium
1340 2708 1539 2770 iecerit,
1579 2719 1664 2760 aut

135 2801 625 2863 esrommnnicetur,
679 2809 768 2852 aut
813 2798 1078 2865 corporali
1137 2796 1431 2865 disciplime
1487 2797 1663 2863 subja-

136 2901 256 2943 εεηι.

327 2980 453 3031 (itte.
491 2975 705 3030 V.—-De
731 2977 902 3044 ofﬁciis
919 2976 1098 3027 divinis
1120 2976 1169 3025 in
1202 2965 1450 3026 noctibus.

196 3069 382 3123 lliemis
423 3069 773 3134 temporibus,
819 3066 868 3117 id
897 3076 978 3118 est
1007 3081 1034 3115 a
1066 3065 1315 3116 Kalendis
1361 3063 1666 3116 Novembris

1772 2002 1796 2036 ⁸³
1830 2001 2129 2055 hominilms
2164 2004 2463 2068 potentibus
2498 2005 2737 2057 volumus
2777 2007 2947 2072 aliqua
2995 2018 3309 2072 suggerere,

1770 2106 1873 2142 non
1902 2092 2267 2157 prtesumimus
2288 2092 2388 2145 nisi
2417 2106 2532 2146 cum
2566 2091 2857 2150 humilitate
2887 2101 2940 2145 et
2981 2090 3310 2152 reverentia;

1768 2190 1969 2245 quanto
2017 2179 2184 2248 magis
2235 2180 2456 2233 Domino
2490 2180 2595 2234 Deo
2626 2182 2986 2233 universorum
3023 2194 3140 2230 cum
3171 2178 3312 2232 omni

1769 2267 2062 2320 humilitate
2086 2278 2141 2321 et
2192 2270 2432 2335 puritatis
2458 2269 2737 2322 devotione
2764 2269 3163 2336 supplicandum
3194 2267 3312 2321 est?

1773 2357 1904 2409 Illud
1939 2355 1952 2392 ⁸
1984 2359 2034 2409 in
2066 2360 2250 2411 timore
2267 2359 2586 2422 curavimus,
2605 2358 3046 2425 seettndumquod
3074 2357 3307 2408 Romana

1752 2445 2002 2499 Ecclesia
2027 2456 2191 2512 tenet,
2223 2457 2277 2500 et
2301 2455 2477 2499 nostra
2510 2448 2740 2516 synodus
2761 2446 3032 2513 judicavit,
3056 2454 3113 2498 ut
3134 2445 3309 2498 clerus

1767 2544 1946 2588 noster
1973 2535 2022 2586 in
2045 2536 2286 2598 ecclesia,
2316 2536 2524 2602 quando
2543 2534 2609 2586 ad
2640 2548 2770 2601 opus
2805 2535 3035 2586 divinum
3079 2535 3302 2595 assistit,

1767 2623 1863 2674 nisi
1888 2623 2191 2677 inlirmitate
2218 2633 2461 2692 cogente,
2500 2622 2714 2678 baculus
2734 2622 2785 2675 in
2815 2624 3040 2676 ecclesia
3067 2624 3308 2676 manibus

1767 2724 1872 2762 non
1897 2719 2130 2762 teneant.

1871 2797 1999 2852 Cap.
2030 2801 2305 2854 Vlll.--Ut
2333 2803 2398 2854 ad
2432 2801 2707 2870 capitulum
2733 2803 2956 2870 quotidie
2983 2805 3197 2856 veniant.

1833 2889 2059 2945 Necesse
2088 2902 2188 2955 est,
2224 2900 2280 2944 ut
2304 2890 2536 2959 quotidie
2581 2891 2752 2945 omnis
2803 2892 2974 2946 clerus
3021 2895 3307 2946 canonicus

1767 2980 1834 3033 ad
1872 2983 2157 3048 capitulum
2184 2981 2416 3044 veniant,
2447 2989 2501 3033 et
2548 2980 2736 3033 ibidem
2767 2980 2856 3034 Dei
2887 2982 3045 3034 verba
3071 2982 3306 3042 audiant,

1769 3079 1824 3124 et
1849 3071 1999 3124 istam
2022 3072 2492 3124 institutiunculam
2511 3080 2768 3136 nostram,
2791 3087 2943 3139 quam
2963 3081 3174 3140 propter
3192 3073 3307 3125 illo-

137 3173 284 3225 usque
329 3159 380 3212 in
430 3158 655 3219 Pascha,
703 3156 850 3224 juxta
900 3155 1374 3208 considerationem
1423 3155 1664 3218 rationis,
1693 3191 1737 3250 Ο
1770 3177 1884 3214 rum
1939 3163 2214 3215 υιίιίιαιεηι
2269 3164 2332 3215 ad
2372 3179 2554 3216 eorum
2608 3165 2807 3216 ani-mas
2859 3166 3158 3232 sanandas,
3200 3168 3307 3222 Deo

137 3247 337 3314 amplius
365 3247 432 3300 de
463 3245 636 3298 Inedia
668 3253 820 3298 nocte
850 3254 1114 3308 pausetur,
1140 3253 1192 3294 et
1234 3243 1342 3306 jam
1372 3241 1559 3308 digesti
1600 3242 1663 3291 ad

139 3336 321 3403 vigilias
370 3344 622 3404 surgant;
658 3335 818 3388 [initis
869 3334 1157 3393 nocturnis,
1209 3333 1382 3384 dicant
1432 3346 1663 3397 versom,

143 3433 164 3458 ἰ
194 3423 336 3492 Kyrie
381 3426 574 3476 cleison
602 3432 654 3474 et
687 3424 986 3474 Orationem
1035 3420 1374 3483 Dominicain,
1399 3430 1450 3472 et
1478 3422 1668 3473 iaciant

141 3514 488 3580 intervallum;
516 3524 736 3582 excepto
785 3513 970 3566 diebus
1012 3511 1299 3563 Dominicis
1330 3518 1384 3563 et
1413 3510 1667 3562 festivita-

145 3604 267 3658 tibus
315 3613 637 3669 sanctorum,
681 3604 828 3669 juxta
874 3601 1351 3654 considerationem
1408 3599 1663 3665 episcopi,

142 3695 214 3747 vel
241 3696 318 3760 qui
347 3697 446 3747 sub
476 3708 542 3746 eo
573 3692 598 3730 δ
631 3702 776 3754 sunt,
807 3692 855 3744 id
888 3701 988 3754 est,
1019 3691 1385 3758 quadraginta,
1414 3690 1496 3742 vel
1520 3689 1668 3756 quin-

141 3783 362 3850 quaginta
387 3787 617 3851 psalmos
648 3791 669 3818 ο
702 3782 865 3849 possit
909 3789 1140 3842 cantare,
1172 3781 1257 3846 qui
1308 3780 1405 3830 hoc
1439 3777 1666 3841 ordinat,

144 3883 355 3926 aut-cum
378 3875 431 3926 ei
459 3874 628 3925 visum
655 3871 812 3925 fuerit
832 3880 884 3924 et
911 3871 1036 3924 hora
1073 3871 1384 3937 permiserit.
1415 3868 1479 3921 Et
1518 3871 1606 3934 qui
1640 3867 1665 3902 ἀ

147 3961 458 4024 psalterium,
486 3962 571 4014 vel
618 3963 899 4014 lectionem
947 3961 1142 4025 aliquid
1187 3960 1420 4024 indigent
1452 3966 1472 3992 ι’
1506 3958 1670 4008 medi-

143 4053 374 4105 tationem
419 4051 730 4114 inserviant,
762 4060 815 4103 et
861 4053 1117 4104 meditent
1151 4053 1199 4102 in
1252 4052 1360 4116 ipso
1394 4050 1669 4100 intervallo

143 4144 218 4208 qui
238 4153 452 4210 possunt
483 4158 689 4211 capere,
725 4151 777 4194 et
818 4141 906 4208 qui
937 4158 1036 4193 non
1086 4152 1320 4208 possunt,
1373 4143 1421 4192 in
1453 4140 1668 4191 ecclesia

142 4245 308 4285 omnes
350 4242 440 4284 aut
468 4240 699 4293 cantent,
745 4239 837 4282 aut
886 4232 1090 4299 legant,
1142 4238 1194 4282 et
1240 4245 1341 4282 non
1394 4235 1672 4294 prmsumat

141 4319 311 4386 aliquis
337 4323 388 4374 in
433 4321 548 4386 ipso
598 4319 874 4372 intervallo
924 4317 1175 4375 dormire,
1227 4317 1322 4368 nisi
1372 4315 1672 4368 inﬁrmitate

140 4423 364 4479 cogente,
395 4422 447 4466 et
476 4413 573 4465 hoc
603 4426 694 4478 per
719 4421 1073 4462 commeatum
1112 4409 1333 4471 faciant;
1380 4418 1430 4460 et
1460 4407 1543 4474 qui
1575 4408 1671 4459 ali-

1769 3249 2078 3317 auxiliante,
2110 3252 2348 3317 iecimus,
2394 3267 2709 3320 unoquoque
2751 3255 2836 3307 die
2866 3255 3078 3320 aliquod
3107 3257 3311 3322 capitu-

1770 3343 1876 3395 lum
1907 3341 2096 3395 cxinde
2125 3343 2386 3408 relegant;
2422 3352 2610 3408 praeter
2642 3352 2844 3396 tantum
2892 3344 2975 3397 die
3017 3344 3306 3409 Dominico,

1770 3440 1829 3486 et
1858 3432 1985 3483 feria
2018 3441 2223 3498 quarta,
2255 3441 2307 3483 et
2339 3443 2505 3495 sesta,
2531 3440 2776 3483 tractatus
2803 3440 2854 3484 et
2889 3431 3019 3485 alias
3044 3433 3307 3496 homilias,

1768 3521 1849 3573 vel
1890 3521 2029 3586 quod
2075 3519 2299 3572 mdilicet
2350 3520 2645 3581 audientes,
2694 3519 2758 3572 ad
2798 3511 3078 3586 capitulum
3111 3519 3304 3586 legant.

1770 3607 1893 3662 ldeo
1919 3619 2088 3661 autem
2115 3608 2349 3673 quotidie
2377 3608 2440 3660 ad
2471 3608 2754 3675 capitulum
2776 3624 2960 3663 omnes
2985 3610 3164 3664 venire
3183 3623 3310 3665 cono

1769 3697 2058 3760 stituimus,
2094 3708 2148 3748 ut
2171 3707 2225 3750 et
2275 3698 2448 3748 anima
2483 3698 2695 3751 verbum
2740 3698 2829 3752 Dei
2861 3699 3058 3763 audiat,
3088 3710 3141 3755 et
3167 3702 3310 3769 quod

1772 3787 2068 3854 episcopus,
2103 3788 2184 3838 vel
2213 3787 2634 3852 archidiaconus,
2668 3791 2749 3842 vel
2778 3791 2995 3858 quilibet
3031 3800 3153 3845 tunc
3175 3807 3311 3860 prte-

1772 3889 1893 3928 esse
1954 3877 2180 3941 videtur,
2215 3875 2405 3928 ibidem
2438 3877 2576 3944 quod
2606 3878 2789 3945 jubere
2810 3875 2812 3877 ’
2833 3879 2989 3932 habet
3032 3881 3232 3950 jubeat,
3259 3893 3313 3938 et

1771 3963 1908 4028 quod
1942 3966 2209 4032 corrigere
2263 3965 2515 4032 corrigat,
2572 3968 2652 4019 vel
2709 3969 2844 4033 quod
2903 3968 3195 4034 faciendum
3243 3973 3314 4026 sit

1770 4052 2015 4103 ordinare
2044 4053 2271 4103 studeat.
2309 4053 2408 4118 Ipsi
2442 4064 2614 4104 autem
2646 4054 2820 4106 clerici
2874 4071 2990 4108 cum
3046 4058 3112 4110 de
3142 4060 3310 4125 prima

1770 4139 1978 4191 cantata
2028 4140 2093 4190 ad
2154 4140 2453 4190 mansiones
2503 4141 2713 4204 vadunt,
2763 4144 2933 4194 statim
2984 4145 3078 4196 sibi
3125 4159 3313 4212 parare

1775 4229 2046 4292 festinent,
2072 4238 2126 4280 ut
2153 4229 2362 4294 quando
2388 4230 2591 4296 signum
2625 4231 2881 4283 audierint
2927 4233 2988 4284 ad
3020 4235 3302 4301 capitulum

1773 4319 1935 4386 parati
1967 4333 2083 4370 cum
2110 4319 2379 4372 celeritate
2407 4322 2646 4384 veniant;
2679 4331 2731 4374 et
2774 4325 2945 4376 omnis
2987 4327 3180 4392 clerus,
3216 4331 3303 4397 qui

1780 4410 1905 4460 loris
1934 4410 2161 4462 claustra
2190 4424 2306 4462 esse
2335 4410 2562 4474 videtur,
2595 4420 2645 4463 et
2677 4412 2725 4462 in
2764 4411 2875 4478 ipsa
2930 4413 3140 4469 civitate
3184 4431 3309 4471 con-

143 4509 210 4553 ter
243 4501 426 4554 fecerit
463 4499 976 4561 excommunicetur;
1008 4496 1190 4563 reliqui
1219 4510 1402 4548 omnes
1437 4494 1671 4546 ordinem
1698 4516 1749 4575 D
1780 4499 1991 4561 sistunt,
2021 4499 2264 4550 omnibus
2292 4499 2476 4551 diebus
2508 4499 2791 4553 Dominicis
2817 4501 2880 4553 ad
2908 4505 3188 4570 capitulum
3216 4521 3310 4559 ve-

143 4589 420 4654 vigiliarum
449 4597 661 4640 teneant
685 4601 850 4653 usque
877 4586 941 4638 ad
972 4587 1256 4638 matutinas
1279 4586 1464 4636 dictas.
1490 4581 1506 4618 ί
1537 4583 1668 4634 llora

144 4679 297 4741 prima
324 4692 512 4730 omnes
537 4678 587 4727 in
614 4677 837 4729 ecclesia
855 4676 1021 4728 sancti
1054 4675 1309 4740 Stephani
1335 4683 1542 4727 cantent
1569 4673 1673 4740 pri-

143 4785 289 4823 mam.

140 4860 264 4914 CAP.
295 4860 522 4915 VL—Ut
557 4875 727 4912 omnes
751 4859 898 4911 horas
919 4859 1185 4910 canonicos
1213 4858 1279 4909 ad
1305 4857 1529 4926 ofﬁcium
1551 4857 1674 4908 divi-

717 4962 834 4999 num
863 4948 1080 4999 veniant.

207 5039 284 5092 Ad
334 5038 512 5090 horam
553 5035 717 5090 divini
767 5035 947 5097 ofﬁcii,
979 5050 1096 5088 mox
1144 5042 1201 5086 ut
1249 5034 1477 5086 auditum
1524 5033 1678 5086 fuerit

145 5127 363 5192 signum,
391 5125 588 5178 relictis
614 5123 858 5178 omnibus
888 5111 1359 5187 quaslibet‘fuerint
1410 5123 1460 5173 in
1509 5123 1673 5172 niani.

148 5213 256 5278 bus,
308 5213 398 5282 qui
451 5215 528 5267 sic
582 5213 870 5280 propinquo
917 5213 982 5266 de
1026 5215 1110 5266 illa
1147 5213 1305 5264 domo
1337 5222 1454 5264 sunt
1485 5211 1674 5263 ibidem

213 5351 235 5377 ⁸
265 5345 373 5409 AL,
421 5343 747 5413 Ersultabunt
776 5346 932 5395 sancti
983 5345 1032 5395 in
1077 5345 1262 5413 gloria,
1297 5351 1384 5395 aut
1419 5342 1677 5394 Exsultent

150 5414 260 5478 justi
283 5415 334 5465 in
367 5423 626 5475 conspectu
661 5412 772 5464 Dei.

212 5480 237 5518 δ
272 5484 374 5547 AL,
405 5493 473 5536 est
503 5481 698 5533 deinde.

217 5546 371 5620 fAl.,
397 5555 584 5620 possint
610 5559 801 5602 mutare
839 5555 1112 5603 secundum
1159 5551 1292 5617 quod
1333 5550 1488 5600 risum
1529 5546 1676 5614 fuerit

150 5627 190 5666 rt
214 5617 331 5688 liora
355 5617 646 5688 permiserit.

219 5685 240 5720 "
265 5685 368 5748 AL,
396 5690 611 5754 psalterii
639 5689 712 5741 vel
740 5688 1022 5740 lectionum.

222 5763 243 5790 '
262 5755 384 5820 'Al.,
413 5757 713 5810 meditationi
732 5760 1027 5808 inserantur.

1778 4588 1919 4637 niant
1951 4587 2117 4651 parati
2157 4602 2272 4639 cum
2325 4589 2567 4654 planetis,
2602 4589 2682 4642 vel
2712 4590 3034 4644 vestimentis
3076 4595 3312 4648 ofﬁciali-

1778 4676 1892 4738 bus,
1942 4676 2073 4728 sicut
2105 4677 2259 4729 habet
2290 4677 2429 4748 Ordo
2472 4678 2755 4731 Romanus.
2791 4677 2855 4730 Et
2894 4682 2942 4732 in
2974 4682 3099 4748 ipsis
3124 4683 3307 4737 diebus

1778 4763 2085 4828 Dominicis,
2137 4767 2216 4817 vel
2265 4746 2628 4816 fegtivitatibus
2673 4776 2969 4818 sanctorum
3022 4771 3306 4837 praeclaris,

1777 4858 1947 4909 omnis
1978 4856 2085 4923 ipse
2107 4855 2296 4915 clerus,
2327 4863 2381 4904 ut
2403 4855 2650 4916 diximus,
2674 4854 2760 4921 qui
2793 4855 2928 4908 foras
2951 4856 3176 4910 claustra
3203 4871 3306 4921 est.

1779 4948 1841 4999 ad
1871 4958 2152 4998 nocturnas
2179 4953 2228 4996 et
2248 4945 2309 4994 ad
2332 4946 2611 4995 matutinas
2631 4944 2858 5012 veniant,
2878 4957 2927 4998 et
2953 4947 3081 5012 ipsis
3104 4949 3303 5014 diebus,

1778 5035 2085 5088 stationibus
2113 5035 2219 5084 suis
2250 5034 2417 5098 parati
2443 5033 2759 5097 custodiant,
2793 5044 2845 5086 ut
2872 5036 3226 5102 unusquisque
3257 5039 3307 5091 in

1780 5126 1952 5179 ollicio
1981 5141 2076 5177 suo
2105 5135 2224 5184 stet,
2258 5123 2426 5175 donec
2458 5123 2610 5176 inissa
2640 5124 2933 5191 peragitur;
2978 5135 3031 5177 et
3072 5127 3114 5179 si
3164 5128 3315 5182 aliter

1782 5215 2019 5282 fecerint,
2051 5217 2113 5267 ab
2142 5214 2529 5278 archidiacono,
2565 5215 2643 5266 vel
2676 5214 2992 5281 primicerio,
3012 5229 3311 5267 excommu-

1854 5345 1870 5381 τ
1910 5348 2026 5397 llaec
2051 5341 2298 5408 expunxit
2329 5344 2674 5409 interpolator
2702 5343 2818 5396 aliis
2845 5343 3057 5405 additis,
3082 5359 3143 5397 ex
3192 5360 3302 5410 cap.

1783 5417 1872 5471 151
1901 5416 2103 5466 concilii
2133 5415 2372 5478 Aqttisgr.

1853 5493 1875 5527 ὅ
1909 5485 2011 5544 AL,
2033 5482 2307 5546 diligentia.

1852 5550 1872 5584 ι)
1907 5552 2010 5608 AL,
2042 5552 2176 5599 bonis
2198 5549 2472 5601 hominibus
2495 5551 2566 5600 vel
2593 5548 2888 5619 potentibus.

1859 5621 1869 5655 ί
1903 5621 2165 5682 Expnncta
2198 5627 2318 5668 sunt
2359 5619 2423 5668 ab
2472 5620 2838 5683 interpolatore
2881 5632 2993 5680 quze
3022 5624 3307 5684 sequuntur

1781 5708 1892 5744 cuin
1920 5698 2023 5738 toto
2046 5687 2151 5738 lere
2180 5687 2345 5750 capite
2376 5689 2613 5749 proxime
2634 5689 2988 5751 consequenti.
