3914 6236
249 176 404 230 1105

251 373 344 425 via
371 374 678 438 sumpserit,
729 371 812 425 hic
855 375 1105 442 judicium
1145 376 1235 426 sibi
1288 378 1563 429 manducat
1611 388 1656 429 et
1710 378 1826 430 bibit

251 461 319 531 (I
365 461 513 528 Cor).
566 465 627 516 lit
653 465 694 517 si
728 465 864 517 ttllus
891 466 957 518 dc
1001 467 1166 528 clero,
1222 467 1361 534 quod
1412 469 1568 531 absit,
1616 468 1828 535 quando

255 567 424 605 suam
451 551 836 606 confessionem
860 555 1222 621 suoepiscopo
1251 557 1392 620 iacit,
1421 567 1476 608 ut
1499 557 1574 608 sic
1600 557 1828 623 repletus

254 643 339 693 ait
371 642 561 709 spiritu
591 641 850 694 dialiolieo
878 645 1015 711 quod
1047 659 1209 696 ausus
1239 645 1307 696 sit
1352 645 1418 697 de
1467 647 1576 696 suis
1603 647 1829 712 peccatis

253 728 445 795 aliqua
475 742 622 781 suum
650 729 954 797 episcopum
985 731 1179 794 celare,
1239 743 1292 785 et
1338 734 1480 785 vadit
1535 733 1686 801 quasi
1737 749 1830 800 per

259 816 411 870 alios
439 815 738 869 sacerdotes
783 833 904 867 suas
946 817 1309 871 confessiones
1339 821 1609 885 donando,
1640 830 1691 874 et
1723 822 1829 872 vult

263 921 435 959 suum
459 907 760 972 cpiscOpum
788 911 1113 961 abscondere
1142 912 1341 964 scelera
1371 928 1486 975 sua,
1533 916 1650 976 quia
1681 913 1829 964 timet

262 1005 332 1047 ut
362 1004 627 1049 removeat
656 1012 775 1050 eum
822 1001 1103 1066 cpiscopus
1131 1000 1196 1052 de
1223 1001 1406 1067 gradu,
1439 1013 1487 1052 et
1520 1002 1561 1054 si
1585 1001 1754 1054 adhuc
1778 1003 1826 1054 in

253 1087 437 1150 gradu
491 1102 594 1140 non
643 1099 744 1155 est,
797 1106 899 1143 non
949 1092 1163 1144 accedat
1205 1093 1268 1146 ad
1300 1095 1538 1160 gradum,
1571 1097 1647 1148 vel
1692 1106 1713 1128 ἰ
1763 1097 1825 1148 ad

261 1192 471 1247 corpus
502 1180 702 1232 Domini
737 1194 1044 1248 promoveat
1065 1198 1215 1246 eum,
1245 1195 1334 1238 aut
1375 1185 1463 1236 illa
1496 1186 1612 1237 vitii
1640 1186 1828 1236 debeat

206 1267 214 1272 ”
254 1269 554 1336 persequi;
586 1270 629 1322 si
657 1272 936 1338 episcopus
967 1274 1063 1326 hoc
1118 1290 1208 1340 per
1245 1274 1519 1342 quodlibet
1561 1275 1824 1341 ingenium

203 1368 208 1370 '
255 1359 593 1426 investigare
627 1363 874 1426 potuerit,
908 1373 958 1412 et
982 1363 1332 1428 approbatum
1359 1365 1404 1414 ei
1433 1363 1610 1424 luerit,
1641 1355 1838 1426 corno:

255 1447 436 1499 ralem
461 1448 814 1514 disciplinam,
848 1451 928 1501 vel
973 1465 1263 1511 carcerem,
1310 1453 1558 1518 patiatur,
1586 1451 1662 1504 vel
1690 1452 1825 1503 aliud

253 1535 412 1599 quod
441 1536 690 1600 episeopo
718 1540 885 1590 visum
913 1537 1085 1601 fuerit,
1118 1539 1265 1606 juxta
1308 1541 1520 1592 modum
1552 1541 1738 1607 culpué,
1773 1551 1827 1592 ut

1461 178 1593 233 ΠΕΟ
1606 181 1731 233 UL.‘
1773 183 1950 233 (2AM)
1963 181 2277 233 \ICONUM.

247 299 323 335 co
342 281 523 351 (lacn.
546 285 646 347 rt);
680 298 799 336 nam
824 286 865 336 si
898 285 1105 354 indigne
1129 288 1246 353 quis
1269 297 1600 340 sacrosancta
1627 296 1821 356 ιιιγ-ιρθ-
1854 296 1899 350 Α

3350 190 3485 246 1106

2002 290 2108 341 (In
2167 290 2298 344 XVI.
2326 319 2394 330 —-
2447 289 2518 342 De
2545 289 2623 343 his
2645 294 2733 358 qui
2757 294 2862 373 sine
2893 296 3414 373 funicucjuugtmtur
3463 287 3466 290 h

2487 375 2947 414 ρπςοηιηυηηεαιη.

1997 451 2050 501 Si
2084 451 2203 516 quis
2250 449 2406 502 inter
2437 449 2461 485 δ
2494 451 2690 517 aliquid
2724 455 3120 522 przusumpserit
3147 457 3261 510 sine
3285 457 3480 525 iussio-

1929 555 1993 591 ne
2042 540 2300 607 episcopi,
2345 543 2424 595 vel
2456 544 2542 610 qui
2567 544 2665 595 sub
2695 558 2760 597 eo
2794 557 2936 606 sunt,
2961 547 3156 599 clerico
3177 563 3481 603 excommu-

1929 629 2102 680 nicato
2147 630 2378 696 quolibet
2425 633 2580 684 modo
2613 648 2671 686 se
2689 633 2931 702 iungere,
2968 646 3053 686 aut
3085 637 3222 699 loqui
3251 655 3371 688 cum
3397 656 3483 702 eo,

1927 729 2016 769 aut
2065 719 2366 772 mattdatntn
2414 722 2459 772 ei
2512 722 2742 788 dirigere
2763 763 2777 785 ,
2808 733 2898 776 aut
2924 722 3144 785 litteras,
3177 726 3490 794 subjiciatur

1927 811 2486 868 excomtnunicatiouis
2510 813 2768 866 vindictm.
2855 827 2865 884 ᾗ

1997 886 2139 946 ⁸(1Αιι.
2177 896 2333 948 XVII.
2363 927 2428 936 —
2458 896 2530 950 De
2558 904 3072 954 excommunicationi:
3099 920 3390 966 corporum.

2000 988 2052 1037 Si
2094 988 2210 1051 quis
2263 989 2482 1040 clericus
2522 1000 2820 1053 contumax,
2870 1004 2960 1044 aut
3018 994 3344 1055 inobediens,
3398 1008 3487 1048 aut

1927 1077 2204 1140 superbus,
2253 1089 2342 1128 aut
2385 1079 2644 1142 ebriosus,
2684 1091 2774 1133 aut
2818 1085 3100 1149 'letractor,
3139 1095 3229 1137 aut
3275 1095 3488 1140 contra-

1927 1164 2118 1222 dictor.
2143 1177 2231 1217 :tttt
2251 1167 2484 1230 rebellis,
2502 1172 2982 1232 autconlentiosus,
3012 1184 3101 1226 aut
3125 1190 3484 1236 murmurans.

1927 1263 2016 1306 aut
2049 1254 2302 1308 indictum
2344 1257 2602 1325 jejunium
2651 1269 3007 1330 transgreSsus
3053 1265 3229 1326 fuerit,
3280 1276 3370 1318 aut
3419 1265 3487 1320 ad

1927 1356 2136 1396 crucem
2163 1355 2305 1398 stare
2331 1346 2508 1412 jussus
2531 1352 2926 1416 contempserit,
2953 1365 3040 1406 aut
3069 1355 3369 1421 inerepatus
3396 1367 3485 1408 ve-

1929 1434 2066 1484 niam
2115 1450 2216 1488 non
2243 1437 2469 1501 petierit,
2495 1449 2584 1491 aut
2613 1441 2664 1491 in
2690 1442 2862 1508 aliquo
2901 1444 3166 1495 contrario
3186 1445 3484 1498 consistens

1930 1521 2050 1573 huic
2083 1526 2308 1588 parvula:
2353 1527 2785 1583 institutiunculm
2813 1541 2864 1582 et
2897 1543 3176 1597 pt':l:cept.s
3228 1533 3484 1603 episcopi.

262 1625 458 1676 caeteri
486 1636 680 1678 metum
712 1626 957 1691 habeant,
990 1639 1042 1682 et
1071 1629 1123 1680 in
1159 1629 1259 1681 tale
1288 1630 1456 1682 scelus
1489 1648 1588 1681 tum
1613 1631 1821 1693 cadant,

1933 1611 2011 1662 vel
2037 1611 2122 1677 qui
2163 1612 2262 1664 sub
2300 1627 2364 1666 eo
2390 1624 2532 1680 sunt,
2553 1628 2886 1681 contemptor
2923 1631 3162 1685 repertus
3193 1620 3371 1688 fuerit,
3404 1622 3489 1676 hic

259 1714 394 1781 quia
417 1712 443 1752 ι’
468 1717 623 1769 nimis
650 1717 919 1783 improbus
941 1727 1022 1770 est
1047 1719 1130 1782 qui
1157 1729 1276 1772 ante
1300 1718 1390 1772 Dei
1412 1722 1592 1772 oculos
1621 1732 1821 1787 peccat,

261 1811 326 1856 et
357 1804 557 1858 homini
585 1804 823 1859 conﬁteri
854 1807 1143 1868 erubescit,
1186 1809 1273 1860 ubi
1309 1809 1414 1860 Deo
1447 1811 1729 1862 miserante
1761 1811 1825 1863 de

269 1894 394 1960 ipso
423 1905 639 1961 peccato
667 1897 825 1949 debet
854 1901 1094 1963 accipere
1123 1898 1400 1952 consilium
1422 1902 1678 1954 sanitatis.

531 1986 656 2038 CAP.
693 1985 805 2039 XV.
839 2017 907 2027 —
937 1989 1010 2040 De
1036 1990 1346 2055 gravioribus
1376 1992 1558 2054 culpis.

339 2073 396 2126 Si
447 2073 563 2141 quis
618 2075 837 2127 clericus
876 2077 942 2127 de
985 2078 1169 2128 ordine
1209 2079 1464 2131 canonico
1499 2090 1520 2117 ε
1556 2080 1824 2145 graviores

255 2159 450 2228 culpas
481 2164 825 2226 commiserit,
853 2166 997 2217 idest
1016 2166 1378 2231 homicidium,
1402 2167 1825 2229 fornicationem.

256 2251 605 2318 adulterium,
662 2252 879 2316 furtum,
923 2257 1005 2308 vel
1037 2258 1118 2310 his
1147 2258 1315 2309 simile
1344 2273 1501 2308 unum
1529 2273 1592 2310 es
1629 2259 1826 2324 princi-

258 2342 474 2408 palibus
503 2343 645 2396 vitiis
688 2347 1034 2408 commiserit,
1063 2328 1683 2416 corporali'castigationi
1711 2348 1822 2414 pri-

260 2432 428 2486 mitus
455 2434 722 2502 sultjaceat
744 2453 756 2498 ;
788 2437 976 2489 deinde
999 2450 1195 2505 quanto
1224 2451 1462 2506 tempore
1488 2442 1597 2492 vult
1623 2442 1827 2508 episco-

261 2537 388 2588 pus,
439 2524 521 2578 vel
569 2525 657 2592 qui
700 2527 798 2580 sub
842 2542 904 2579 eo
931 2537 1072 2590 sunt,
1124 2544 1391 2582 carcerem
1451 2533 1530 2581 vel
1584 2533 1824 2584 exsilium

265 2611 516 2677 patiatur,
549 2615 723 2667 sciens
761 2615 903 2683 illam
937 2618 1226 2669 terribilem
1252 2619 1565 2672 sententiam
1595 2621 1821 2688 apostoli

263 2700 534 2756 dicentis:
569 2701 788 2756 Tradere
833 2705 1124 2772 hujusmodi
1176 2707 1426 2758 hominem
1472 2709 1523 2758 in
1561 2691 1821 2760 interitum

261 2792 457 2853 (armis,
500 2801 555 2844 ut
584 2793 792 2860 spiritus
818 2793 987 2845 salvus
1015 2795 1075 2845 sit
1101 2795 1152 2845 in
1180 2796 1260 2846 die
1284 2795 1486 2848 Domini
1521 2795 1572 2863 (Ι
1597 2797 1710 2849 Cor.
1745 2803 1822 2865 v).

265 2881 337 2935 Et
364 2881 486 2934 dum
519 2881 572 2933 in
615 2883 728 2948 ipso
766 2896 978 2936 carcere
1003 2891 1105 2946 est,
1139 2883 1311 2935 nullus
1337 2899 1398 2935 ex
1428 2869 1571 2937 clero
1597 2886 1648 2936 in
1682 2887 1824 2938 nullo

257 2970 309 3023 ei
365 2970 612 3038 jungatur
637 2947 946 3034 consortio,
1003 2987 1170 3038 neque
1203 2974 1263 3023 iu-
1284 2972 1574 3040 colloquio,
1608 2974 1708 3027 nisi
1736 2976 1818 3028 cui
1849 2947 1899 3009 θ’

258 3055 416 3126 prior
443 3058 663 3126 jusserit
695 3060 1148 3126 soluspersistens
1179 3060 1229 3114 in
1265 3059 1288 3098 δ
1323 3062 1648 3129 ρωιιὶῑθηιίω
1679 3064 1819 3118 luctu

254 3149 496 3217 quandiu
529 3149 684 3215 priori
715 3150 883 3202 visum
911 3162 1011 3206 est.

333 3238 595 3307 Egressus
648 3238 971 3303 decarcere,
1021 3240 1062 3293 si
1108 3240 1379 3309 episcopo,
1419 3228 1617 3310 vel'qul
1639 3244 1734 3296 sub
1761 3259 1825 3298 eo

262 3340 418 3392 sunt,
467 3332 634 3383 visum
690 3329 866 3396 fuerit,
921 3343 1036 3395 agat
1066 3331 1238 3384 adhuc
1269 3333 1529 3397 publicam
1559 3334 1823 3400 perniten-

254 3422 420 3481 tiam;
471 3419 518 3472 id
569 3430 670 3486 est,
727 3420 1080 3486 suspendatur
1123 3420 1188 3475 ab
1217 3423 1446 3475 oratorio
1502 3425 1658 3476 siuutl
1709 3433 1821 3480 eta

261 3521 285 3545 ο
317 3509 500 3573 missa,
518 3519 571 3562 et
596 3510 837 3562 omnibus
860 3511 1124 3563 canonicis
1145 3513 1285 3563 horis
1304 3514 1608 3566 veniatante
1629 3517 1818 3568 ostium

258 3598 532 3662 ecclesia,
589 3599 673 3652 ubi
722 3603 865 3664 prior
907 3600 1318 3670 jusseritjacens
1351 3617 1641 3672 prostratus
1669 3612 1813 3661 omni

254 3703 487 3755 corpore
536 3700 656 3740 ante
704 3688 872 3754 ipsum
910 3687 927 3725 '
969 3690 1129 3745 limen
1187 3694 1446 3758 eceleslm,
1499 3710 1663 3762 usque
1691 3698 1817 3750 dum

249 3778 627 3846 ingrediuntur
671 3793 878 3836 omnes.
931 3788 984 3834 et
1031 3791 1209 3847 postea
1246 3784 1514 3850 erigatse,
1548 3794 1651 3838 stet
1682 3787 1820 3840 foras

249 3868 537 3922 ecclesiam
588 3881 708 3920 ante
763 3871 930 3932 ipsum
973 3873 1207 3937 ostium,
1261 3873 1815 3940 impleatibiofﬁcium

251 3972 415 4008 suum
466 3960 515 4009 ln
561 3965 815 4027 quantum
859 3966 1053 4024 potest.
1082 3959 1483 4027 Egredientibus
1511 3963 1576 4016 de
1598 3967 1819 4018 ecclesia

251 4045 508 4100 similiter
539 4025 825 4114 prostiatus
876 4049 1068 4112 jaceat,
1105 4063 1268 4114 usque
1297 4050 1418 4101 dum
1442 4065 1628 4104 omnes
1658 4067 1814 4119 egre-

250 4138 472 4190 diuntur
496 4136 668 4199 foras;
701 4135 967 4202 etjacens,
998 4137 1078 4188 vel
1111 4147 1257 4190 stans
1285 4149 1406 4192 ante
1432 4139 1600 4209 ipsum
1633 4141 1813 4210 limen,

251 4238 380 4278 cum
410 4223 552 4275 nullo
577 4223 788 4275 homine
815 4222 1077 4291 loquatur.

333 4311 410 4365 De
434 4311 747 4364 abstinentia
777 4326 923 4374 vero,
949 4311 1179 4378 quandiu
1205 4314 1285 4367 vel
1317 4315 1539 4382 qualiter
1567 4317 1818 4386 episcopo

252 4404 430 4454 visum
461 4401 634 4462 fuerit,
659 4403 738 4454 vel
764 4401 849 4468 qui
879 4403 976 4455 sub
1003 4417 1066 4456 eo
1097 4413 1244 4466 sunt,
1276 4407 1645 4468 mensura,vel
1667 4408 1817 4472 hara,

248 4504 360 4558 qua
391 4488 440 4542 ei
483 4488 668 4542 viderit
694 4502 1027 4556 competere;
1067 4507 1236 4558 neque
1256 4508 1285 4545 a
1310 4496 1572 4560 quoquam
1602 4496 1818 4550 benedi—

250 4603 265 4629 ι
287 4591 431 4644 atur,
483 4592 648 4647 usque
689 4580 810 4632 dum
835 4583 1225 4635 reconcilietur.
1262 4593 1285 4628 Β
1317 4584 1416 4647 Qui
1446 4585 1571 4637 dum
1605 4599 1818 4641 vocatus

251 4672 461 4726 venerit
509 4672 574 4725 ad
618 4674 1060 4739 reconciliandum
1110 4687 1232 4728 ante
1257 4677 1563 4743 episc0pum
1597 4682 1676 4731 vel
1711 4683 1817 4733 cle-

251 4775 377 4814 rum
427 4774 544 4813 cnm
588 4763 729 4814 omni
764 4761 1052 4817 humilitate
1103 4774 1392 4830 prostratus
1423 4766 1565 4818 omni
1597 4783 1818 4835 corpore

252 4854 312 4922 in
361 4859 496 4903 terra
541 4859 684 4917 petat
711 4852 778 4903 ab
808 4852 1051 4903 omnibus
1079 4854 1304 4915 veniam,
1338 4863 1390 4906 et
1418 4856 1692 4922 episcopus
1721 4873 1816 4910 se-

251 4939 485 4992 cundum
515 4941 752 4993 ordinem
783 4943 1093 4994 canonicum
1117 4957 1238 4995 eum
1269 4945 1598 4997 reconciliet.

339 5081 361 5109 ⁸
385 5072 560 5139 Forte,
593 5091 623 5126 α
647 5092 852 5142 corpore
877 5074 1080 5127 Domini
1107 5086 1352 5150 removeat
1379 5093 1508 5150 eum.

336 5143 360 5181 δ
393 5145 500 5195 Hoc
553 5148 936 5209 apophtbegma
990 5143 1321 5197 non'omisit
1364 5145 1678 5211 subjungere
1730 5146 1812 5198 in-

265 5212 580 5278 terpolator.
609 5216 699 5264 sed
734 5215 893 5264 altera
923 5230 1069 5278 pare
1101 5216 1359 5265 mutilutn.

337 5294 356 5318 τ
383 5282 488 5340 ΑΙ..
517 5283 759 5349 grauioris
787 5284 948 5348 culpa?
975 5285 1181 5335 crimen.

333 5351 357 5385 (³
392 5353 498 5412 AL,
528 5352 813 5416 pmnitenlia
839 5352 1044 5403 luctum.

335 5430 354 5449 τ
390 5422 495 5482 ΑΙ..
526 5435 719 5473 meum.

338 5487 355 5524 ⁸
390 5489 621 5543 Limilem
645 5491 696 5542 in
732 5491 890 5547 l‘ltliL,
923 5491 1090 5542 minus
1123 5502 1284 5544 recte.

1932 1703 2217 1752 secundum
2254 1701 2456 1754 Domini
2493 1707 2656 1757 nostri
2682 1718 3000 1775 pra‘ceptnnt
3025 1710 3372 1764 admoneatur
3400 1726 3490 1765 se-

1927 1791 2030 1840 mel
2073 1790 2084 1825 ί
2125 1802 2178 1842 et
2206 1794 2438 1844 secundo
2479 1804 2689 1848 secreto
2733 1811 2762 1847 a
2802 1799 3102 1852 senioribus
3131 1801 3272 1864 suis;
3301 1802 3346 1854 si
3379 1815 3483 1854 non

1927 1881 2304 1943 emendaverit,
2332 1884 2639 1952 objurgetur
2671 1888 2877 1950 publice
2913 1904 3091 1942 coram
3131 1891 3407 1954 omnibus;
3437 1893 3484 1945 si

1929 1985 2051 2020 vero
2079 1988 2246 2039 neque
2267 1973 2345 2026 sic
2374 1987 2432 2026 se
2458 1977 2770 2036 correxerit,
2797 1977 2840 2031 si
2865 1979 3104 2047 intelligit
3129 1980 3296 2047 qualis
3328 1992 3479 2047 pana

1927 2061 2588 2127 situexconununicationi
2621 2065 2919 2134 subjaceat;
2968 2070 3048 2122 sin
3080 2082 3255 2124 autem
3285 2072 3485 2136 impro-

1931 2147 2025 2199 bus
2045 2162 2145 2215 ρει,
2177 2161 2264 2202 aut
2285 2151 2456 2206 minus
2478 2152 2797 2221 intelligens,
2829 2158 2911 2208 vel
2946 2160 3331 2225 incorrigibilis.
3357 2166 3478 2212 vin-

1930 2235 2079 2287 dictae
2108 2239 2368 2302 corporali
2398 2239 2673 2293 subdatur.

1929 2321 2058 2377 CAP.
2099 2324 2280 2379 XVIII.
2310 2354 2380 2368 —
2412 2327 2486 2381 De
2525 2329 2603 2386 Itis
2667 2333 2753 2399 qui
2798 2335 2850 2384 in
2885 2335 3186 2400 quibusdam
3217 2335 3484 2389 lenioribus

1999 2416 2002 2418 ·
2521 2402 2537 2447 ι
2585 2400 2898 2468 delinquunt.

2000 2481 2055 2533 Si
2083 2482 2198 2550 quis
2227 2483 2276 2536 in
2306 2485 2450 2538 clero
2468 2487 2533 2539 ad
2562 2503 2694 2555 opus
2717 2487 2830 2552 Dei,
2859 2491 2936 2544 vel
2961 2491 3027 2544 ad
3059 2507 3294 2546 menSatn
3322 2495 3472 2546 tardo

1930 2574 2246 2637 occurrerit,
2273 2585 2363 2628 aut
2394 2591 2490 2643 pro
2519 2577 2694 2646 aliqua
2724 2593 2880 2633 causa
2902 2583 3076 2635 senior
3101 2596 3225 2634 suus
3256 2585 3480 2650 psalmo-

1928 2656 2066 2710 diam
2115 2660 2195 2713 vel
2237 2662 2425 2715 missas
2446 2675 2660 2719 cantare
2685 2667 3026 2732 ordinaverit,
3058 2671 3232 2723 ethoc
3262 2673 3479 2726 minime

1929 2745 2241 2812 impleverit,
2272 2759 2327 2803 et
2351 2751 2396 2805 si
2425 2753 2920 2823 lregeritquidpiam
2950 2769 3040 2811 aut
3066 2761 3370 2826 perdiderit,
3395 2764 3476 2815 vel

1927 2835 2066 2888 aliud
2112 2838 2232 2904 quid
2282 2842 2593 2908 excesserit,
2619 2853 2672 2896 et
2695 2860 2798 2898 non
2830 2847 3046 2900 veniens
3075 2849 3326 2902 continuo
3355 2861 3482 2902 ante

1932 2925 2235 2993 episcopum
2259 2969 2271 2990 ,
2304 2940 2394 2982 aut
2419 2931 2505 2998 qui
2532 2933 2632 2990 sub
2656 2932 2772 2998 ipso
2801 2947 2941 2995 sunt.
2966 2935 3081 2999 ipse
3111 2936 3247 2989 ultro
3270 2938 3477 2992 satisfe-

1931 3015 2085 3077 cerit,
2133 3023 2186 3068 et
2235 3018 2522 3083 prodiderit
2565 3019 2815 3074 delictum
2848 3023 3170 3085 suum,”dum
3199 3037 3292 3092 per
3317 3026 3475 3080 alium

1929 3105 2192 3170 cognitum
2249 3107 2427 3171 fuerit,
2479 3108 2663 3175 majori
2694 3112 2965 3178 subiaceat
2989 3113 3364 3180 emendationi,
3387 3129 3477 3169 se-

1930 3195 2157 3249 cundum
2204 3197 2414 3250 modum
2464 3198 2652 3266 culpae,
2706 3201 2844 3258 sicut
2867 3201 3137 3269 episcopo,
3166 3203 3476 3269 velqui'sub

1931 3300 1994 3338 eo
2026 3298 2165 3350 sunt,
2218 3287 2386 3340 visum
2428 3287 2615 3352 fuerit;
2644 3305 2764 3343 nam
2788 3294 2831 3344 si
2856 3291 2966 3358 ipse
2989 3301 3178 3358 sponte
3205 3293 3481 3348 confessus

1926 3375 2103 3440 fuerit,
2154 3376 2336 3432 leviori
2387 3378 2658 3446 subjaceat
2704 3381 3077 3448 emendationi,
3122 3393 3180 3436 ut
3226 3385 3475 3447 diximus.

1922 3465 2210 3516 secundum
2243 3464 2452 3519 modum
2485 3468 2656 3536 culpa:
2679 3466 2730 3521 λε.
3251 3453 3264 3460 ’

1922 3552 2046 3604 CAP.
2105 3549 2241 3606 XIX.
2291 3581 2358 3593 —
2399 3555 2579 3618 Qualis
2600 3555 2776 3675 (libeat
2802 3574 2910 3610 esse
2937 3559 3117 3612 modus
3139 3564 3481 3614 excommuni-

2582 3640 2639 3675 ca
2664 3639 2818 3675 torus.

2582 3639 2818 3678 οαιιοηη.

1934 3775 1938 3780 η
1996 3708 2293 3764 Secundum
2337 3711 2551 3766 modum
2595 3714 2766 3781 culpa:
2815 3717 3372 3772 excommunicationis
3395 3723 3477 3772 vel

1925 3797 2219 3864 disciplina)
2266 3799 2426 3855 debet
2475 3803 2686 3857 extendi
2741 3819 3012 3868 mensura,
3064 3809 3151 3876 qui
3205 3808 3474 3876 culparum

1931 3886 2118 3938 modus
2151 3887 2202 3940 in
2234 3887 2464 3956 episcopi
2496 3891 2688 3955 pendet
2710 3892 2929 3959 judicio,
2948 3895 3235 3962 velquisub
3252 3909 3471 3951 eosunt.

1922 3972 2101 4043 Neque
2125 3979 2262 4029 enim
2297 3978 2331 4030 ii
2364 3981 2450 4046 qui
2484 3981 2533 4032 in
2563 3982 2808 4048 gravibus
2845 3985 3073 4050 peccatis
3104 3986 3479 4049 incedunt,vd

1923 4063 1974 4116 lii
2023 4067 2110 4130 qui
2159 4067 2210 4117 in
2251 4066 2452 4120 levibus
2502 4070 3166 4142 quibusdamdelinquunt.
3199 4077 3470 4144 mqualt’ler

1919 4150 2186 4219 iudicandi
2232 4163 2388 4219 sunt;
2439 4157 2531 4208 sed
2582 4158 2871 4212 secundum
2911 4163 3149 4214 morbum
3178 4163 3470 4219 adhibenda

1848 4269 1896 4328 ο
1923 4250 2002 4295 est
2025 4243 2303 4308 medicina,
2332 4242 2349 4279 ι
2384 4246 2502 4314 quia
2537 4261 2634 4301 nec
2664 4249 2778 4315 pius
2808 4251 3043 4321 medicus
3071 4257 3472 4321 sanatvulnera,

1925 4346 2021 4386 nec
2058 4334 2144 4400 qui
2198 4335 2438 4401 accipere
2483 4336 2757 4404 spirituale
2797 4339 3228 4396 medicamentum
3281 4360 3474 4401 renue-

1925 4422 1992 4474 rit
2034 4423 2311 4476 sanitatem
2347 4421 2636 4490 spiritualis'
2678 4427 3043 4483 medicamenti
3090 4435 3337 4501 consequi
3378 4449 3472 4502 po-

1925 4519 2043 4566 test.
2829 4559 2834 4563 .

2017 4600 2138 4654 (ἶΑρ.
2175 4600 2288 4654 XX.
2317 4629 2386 4640 —-
2411 4600 2483 4654 De
2503 4603 2900 4674 quadragesima?
2928 4607 3366 4664 obseruationibus.

1991 4688 2134 4742 Licet
2174 4691 2317 4743 omni
2375 4699 2614 4760 tempore
2663 4694 2763 4746 vita
2795 4693 3211 4750 Christianorum
3238 4697 3458 4764 simplex

1919 4779 2076 4831 debet
2115 4794 2232 4833 esse
2257 4789 2311 4833 et
2342 4781 2540 4844 sobria,
2574 4783 2801 4836 maxime
2829 4791 3003 4838 tamen
3034 4787 3292 4854 religiosis
3321 4803 3466 4843 men-

1920 4869 2058 4921 tibus
2089 4871 2365 4933 convenit,
2395 4880 2443 4937 ut
2481 4870 2561 4922 bis
2593 4871 2782 4925 diebus
2812 4877 3165 4929 continentius
3189 4878 3384 4945 vivant,
3413 4890 3467 4934 et

1918 4961 2098 5013 sedula
2154 4961 2406 5015 servitute
2441 4962 2544 5013 Deo
2574 4962 2848 5018 adlmrere
2872 4967 3209 5021 contendant.
3239 4969 3465 5039 Ideoque

1990 5105 2011 5167 ξς
2041 5094 2344 5167 Sequenda,
2377 5109 2496 5167 cum
2523 5105 2640 5161 cap.
2669 5096 2732 5148 16
2763 5097 2938 5151 omisit
2966 5100 3326 5167 interpolator.

1992 5161 2012 5196 "
2049 5164 2221 5223 Forte,
2250 5163 2420 5213 alicui.

1997 5242 2004 5263 ν
2050 5233 2155 5294 ΑΙ.,
2184 5234 2257 5282 bis
2277 5241 2323 5283 et
2352 5241 2441 5284 ter.

1992 5302 2001 5346 i
2049 5301 2130 5353 Al.
2164 5300 2281 5351 add.
2315 5301 2499 5366 culpis.

1989 5371 2007 5440 ἢ
2037 5372 2147 5440 (alia
2169 5371 2406 5436 quaedam
2430 5371 2680 5434 annexuit
2709 5373 3064 5440 interpolator.

1997 5436 2005 5472 ¹
2037 5438 2215 5502 Forte,
2241 5440 2359 5507 quia
2392 5440 2537 5490 aliter
2562 5456 2649 5492 nec
2673 5443 2801 5510 plus,
2836 5436 2931 5496 etc.
