3914 6236
577 160 702 211 ιΙΟΊ

1469 161 1524 215 S.
1565 156 2052 214 CllllODliGANF-l
2096 153 2432 209 METENSIS
2473 156 2774 213 EPISCOPI

3633 159 3772 212 11(ιὸ

564 271 896 324 decernimus
945 275 995 323 in
1040 272 1143 326 illis
1181 274 1520 341 quadraginta
1544 274 1727 326 diebus
1753 283 1874 326 ante
1905 267 2098 324 Pascha
2131 270 2180 323 Α
2209 268 2330 331 quia
2383 269 2505 320 dum
2556 284 2652 348 nos
2703 280 2758 324 et
2783 269 2954 322 clerus
2983 277 3164 322 noster
3192 285 3218 321 a
3253 270 3571 343 Pentecoste
3602 285 3770 338 usque

564 373 684 411 cum
723 360 866 412 omni
908 363 1131 428 puritate
1160 365 1348 416 mentis
1370 373 1423 416 et
1448 364 1680 429 corporis
1712 373 1893 415 noster
1918 364 2109 424 clerus,

569 445 721 498 Deo‘
749 447 986 513 jubente,
1048 450 1098 500 in
1141 461 1387 515 quantum
1436 452 1685 517 potuerit,
1737 467 1794 504 se
1829 453 2107 505 custodiat.

568 534 642 587 De
687 537 792 589 cibi
845 550 1016 589 aurem
1070 549 1122 590 ct
1172 553 1321 605 potus
1375 541 1729 606 perceptione,
1781 543 1831 592 in
1862 552 2110 609 quantum

567 623 704 677 Deus
751 625 998 678 auxilium
1043 626 1269 690 dederit,
1304 630 1608 694 parcitatem
1637 629 1862 682 habeant
1889 645 1902 690 ;
1930 629 1978 680 id
2008 639 2109 686 est,

565 721 624 764 ut
667 713 916 778 quotidie,
964 718 1200 782 exceptis
1249 715 1532 769 Dominicis
1579 719 1804 781 diebus,
1856 734 1883 770 a
1939 720 2113 786 capite

562 801 984 871 Quadragesima:
1033 820 1195 869 usque
1244 806 1304 858 ad
1329 816 1565 860 sanctum
1610 808 1830 872 Pascha,
1892 816 2008 876 post
2035 809 2114 859 di-

563 899 699 944 ctam
732 907 1000 962 vesperam
1031 896 1082 946 in
1107 894 1387 948 refectione
1415 911 1626 964 semper
1656 897 1896 950 reﬁciant
1923 915 1936 961 ;
1975 897 2115 950 etab

563 980 666 1034 illis
716 983 846 1036 cibis
892 997 951 1037 se
995 987 1308 1048 abstineant,
1363 986 1445 1038 vel
1481 997 1630 1051 potu,
1661 989 1796 1040 sicut
1825 988 2111 1053 episc0pus

563 1092 681 1131 cum
713 1079 912 1132 ratione
960 1080 1316 1133 constituerit.
1377 1078 1438 1132 Et
1464 1080 1680 1143 alicubi,
1717 1096 1884 1147 neque
1907 1080 1956 1132 in
2000 1080 2110 1146 ipsa

561 1169 790 1233 civitate,
843 1186 1010 1239 neque
1062 1174 1110 1223 in
1143 1173 1494 1234 monasteriis,
1527 1172 1606 1225 vel
1630 1173 1950 1240 quibuslibet
1980 1170 2110 1225 locis

564 1259 646 1311 vel
675 1259 918 1312 (Ιιίηιιιιιιε
943 1261 1162 1327 propriis
1189 1261 1267 1312 bis
1290 1262 1630 1328 quadraginta
1655 1262 1840 1314 diebus
1855 1261 2111 1324 reﬁciant,

564 1348 663 1400 nisi
715 1348 871 1410 forte,
919 1349 963 1401 si
997 1347 1023 1384 ι’
1051 1349 1205 1416 longe
1248 1349 1425 1412 fuerit,
1461 1358 1519 1402 ut
1548 1352 1675 1402 liora
1697 1358 2026 1415 competente
2047 1347 2110 1399 ad

562 1436 736 1490 cibum
783 1453 934 1512 suum
977 1438 1335 1505 accipiendum
1367 1454 1485 1491 eum
1515 1440 1762 1493 fratribus
1789 1440 1979 1492 adesse
2009 1452 2111 1490 non

564 1529 826 1590 potuerit;
877 1539 1000 1582 tunc
1035 1539 1244 1597 prepter
1273 1531 1414 1581 illam
1441 1529 1803 1582 necessitatem
1836 1529 2104 1582 licentiam

561 1617 752 1672 habeat
801 1619 954 1672 talem
1006 1622 1175 1672 cibum
1212 1635 1443 1683 sumere,
1465 1621 1600 1672 sicut
1630 1620 1860 1686 reliquus
1886 1619 2061 1675 clerus
2089 1634 2101 1680 ;

562 1719 616 1761 et
653 1709 752 1762 hoc
795 1710 1066 1777 provideat
1113 1717 1170 1760 ut
1213 1711 1366 1763 horas
1410 1720 1770 1777 competentes
1815 1725 1915 1761 non
1960 1718 2138 1759 ante-.

559 1797 736 1852 cedat.

632 1888 871 1940 Lcctioni
918 1904 1041 1940 vero
1094 1888 1281 1940 fratres
1330 1888 1383 1942 in
1425 1889 1521 1940 hac
1568 1887 1967 1956 Quadragesima
2017 1897 2038 1925 ε
2080 1903 2107 1940 a

559 1977 725 2045 prima
777 1977 912 2031 dicta
950 1993 1114 2047 usque
1138 1979 1201 2030 ad
1234 1979 1437 2031 tertiam
1462 1978 1669 2045 plenam
1699 1987 1916 2040 vacent;
1949 1986 2009 2032 et
2030 1979 2106 2030 fo-

562 2083 652 2122 ras
674 2070 920 2128 claustra,
949 2069 1048 2122 ni~i
1079 2079 1276 2122 tantum
1302 2084 1392 2136 per
1414 2069 1532 2121 illas
1558 2067 1807 2122 ecclesias
1839 2085 1952 2136 quae
1975 2069 2108 2121 infra

562 2159 780 2212 domum
822 2171 940 2211 sunt
968 2175 1069 2213 non
1102 2160 1455 2225 egrediantur,
1489 2159 1588 2211 nisi
1609 2159 1651 2210 si
1683 2173 1901 2212 necesse
1932 2159 2108 2219 fuerit,

559 2259 616 2303 et
641 2250 938 2316 episcopus,
971 2257 1062 2300 aut
1080 2251 1167 2316 qui
1186 2248 1281 2301 sub
1304 2251 1419 2315 ipso
1446 2260 1548 2310 cst,
1572 2248 1908 2314 iudicaverit,
1933 2255 1991 2299 ut
2019 2247 2110 2298 fiat

561 2336 704 2401 quod
753 2336 978 2388 ﬁendum
1035 2343 1135 2389 est.
1172 2335 1195 2374 ἀ
1227 2337 1290 2388 Et
1323 2344 1439 2402 post
1469 2335 1676 2390 tertiam
1705 2344 1828 2388 tunc
1858 2335 2109 2402 temporis

562 2425 847 2491 capitulum
877 2424 1122 2477 habeant.

632 2515 677 2564 Λ
726 2513 921 2566 Pascha
948 2523 1121 2567 autem
1156 2529 1320 2578 usque
1346 2515 1410 2566 ad
1444 2515 1793 2568 Pentecosten
1823 2513 1903 2566 bis
1939 2515 1990 2566 in
2020 2513 2106 2568 die

559 2602 816 2663 reﬁciant,
867 2611 920 2654 et
942 2617 1150 2655 carnem
1189 2602 1532 2654 manducandi
1561 2603 1822 2655 licentiam
1855 2602 2105 2664 habeant,

557 2693 657 2748 nisi
689 2693 1020 2761 pmnitentes,
1049 2701 1237 2758 praeter
1269 2700 1465 2744 tantum
1500 2702 1523 2728 ο
1550 2700 1696 2744 sexta
1728 2688 1875 2742 feria.
1903 2693 1941 2741 A
1973 2689 2108 2742 Pcu-

558 2795 763 2838 tecoste
825 2797 952 2836 vero
1019 2797 1180 2850 usque
1228 2781 1290 2834 ad
1345 2781 1666 2832 nativitatem
1694 2779 1860 2830 sancti
1889 2777 2107 2831 Joannis

559 2876 803 2944 Baptista:
821 2874 1064 2927 similiter
1089 2873 1167 2926 bis
1188 2873 1239 2924 in
1268 2872 1354 2924 die
1376 2870 1632 2935 reﬁciant,
1661 2879 1714 2924 et
1741 2884 1770 2920 a
1801 2866 1962 2923 carne
2010 2867 2107 2920 ab-

563 2968 792 3020 stineant
832 2979 994 3030 usque
1016 2964 1080 3015 ad
1136 2964 1299 3030 ipsum
1355 2962 1589 3014 missam.
1621 2961 1663 3012 Δ
1687 2962 1955 3012 nativitate
1979 2971 2107 3010 vero

562 3055 728 3109 sancti
758 3053 970 3106 Joannis
1000 3066 1161 3117 usque
1192 3051 1257 3102 ad
1290 3052 1562 3102 transitum
1591 3048 1759 3101 sancti
1783 3046 2008 3110 Martini,
2036 3045 2108 3099 ita

562 3144 703 3197 sicut
735 3153 887 3194 antea
919 3141 995 3193 bis
1025 3141 1074 3192 iu
1101 3141 1186 3192 die
1213 3138 1466 3199 reﬁciant,
1500 3148 1709 3204 quarta,
1735 3147 1788 3190 et
1813 3147 1965 3190 sexta
1983 3136 2109 3188 feria

561 3244 589 3282 a
620 3243 780 3282 carne
797 3229 1108 3281 abstineant.
1143 3227 1220 3279 Ab
1250 3228 1362 3290 ipso
1387 3241 1507 3277 vero
1526 3225 1748 3277 transitu
1778 3224 1948 3277 sancti
1973 3224 2110 3276 Mar-

563 3318 656 3370 tini
704 3331 865 3384 usque
889 3316 954 3370 ad
986 3315 1220 3368 Natalem
1251 3314 1455 3367 Domini
1485 3329 1512 3365 a
1543 3327 1699 3365 carne
1731 3326 1920 3364 omnes
1945 3311 2108 3364 abstio

565 3415 743 3471 neaut,
771 3416 822 3478 et
862 3419 1025 3472 usque
1053 3404 1117 3456 ad
1144 3417 1332 3456 uenam
1360 3401 1596 3469 jejunent
1623 3401 1866 3478 omnibus
1891 3401 1970 3450 bis
2001 3399 2108 3452 die-

565 3494 685 3557 bus,
711 3475 839 3546 etin
890 3494 1166 3545 refectorio
1195 3492 1449 3544 reficiant.
1481 3489 1605 3542 Post
1629 3475 1864 3542 Natalem
1899 3487 2108 3540 Domini

567 3598 733 3644 usque
784 3585 833 3635 in
861 3593 1018 3648 caput
1059 3581 1500 3648 Quadragesimaa.
1549 3581 1800 3641 secunda,
1827 3587 2108 3646 etquarta,

568 3681 815 3738 sextaque
843 3672 967 3723 leria
995 3672 1052 3723 ιιι
1067 3669 1350 3723 rcfeCtorio
1383 3668 1447 3718 ad
1478 3682 1668 3718 nonam
1697 3668 1956 3729 reficiant,
1988 3666 2111 3717 reli-

567 3761 686 3829 quis
727 3761 805 3811 bis
854 3760 1035 3812 diebus
1073 3760 1271 3808 duabus
1310 3757 1508 3806 vicibus
1537 3759 1586 3804 in
1619 3756 1802 3806 endem
1828 3753 2112 3806 refectorio

567 3848 823 3902 reficiant.
855 3849 895 3900 A
927 3862 1082 3900 carne
1109 3861 1234 3897 vero
1256 3856 1438 3911 quarta
1465 3854 1516 3896 et
1540 3853 1680 3894 sexta
1717 3842 1840 3894 feria
1878 3841 1959 3892 his
1983 3851 2115 3892 tem-

566 3941 783 4006 poribus
832 3938 1146 3988 abstineant.
1191 3933 1256 3986 Et
1304 3936 1345 3985 si
1395 3935 1504 3985 dies
1537 3931 1770 3984 fcstusin
1805 3930 1883 3983 bis
1912 3931 2112 3982 duabus

569 4031 712 4084 feriis
742 4030 858 4082 talis
887 4027 1101 4092 venrrit,
1135 4026 1176 4078 si
1201 4024 1494 4092 permiserit
1541 4024 1704 4090 prior,
1739 4037 1947 4073 carnem
1974 4037 2114 4071 man-

566 4123 775 4172 ducent.

2139 1587 2186 1645 B

2212 357 2276 407 ad
2333 370 2543 410 oetavas
2599 359 2761 425 ipsius
2790 361 2986 413 Pascha
3015 350 3322 422 secundum‘,
3359 363 3436 414 vel
3471 362 3759 414 adventum

2212 445 2435 512 Spiritus
2473 453 2636 498 sancti
2692 449 2879 501 devma
2920 460 3092 502 mente
3122 450 3392 502 celebrare
3416 450 3685 513 videmur,
3712 462 3766 502 ut

2215 534 2294 586 bis
2345 538 2710 589 sacratissimis
2750 548 2869 589 octo
2898 539 3084 592 diebus
3116 540 3289 591 clerus
3315 540 3482 590 sancti
3507 539 3767 601 Stephani

2215 631 2634 698 protomartyris,
2689 631 2767 682 vel
2804 641 3004 695 noster,
3036 633 3299 686 licentiam
3335 633 3530 686 habeat
3552 646 3764 685 carnem

2215 717 2427 781 edendi,
2480 719 2712 786 exceptis
2762 720 2865 772 illis
2903 722 2991 788 qui
3019 736 3112 789 pro
3133 722 3448 791 compendio
3469 723 3765 774 animarum

2216 821 2425 859 suarum
2477 819 2529 861 et
2583 808 2890 874 paenitentia
2932 812 3127 863 indicta
3169 825 3228 864 se
3267 811 3542 866 abstinere
3581 813 3763 865 volue-

2216 895 2336 947 rint.

2473 983 2598 1038 CAP.
2627 984 2767 1039 XXI.
2797 1015 2868 1025 ——
2896 987 2970 1039 De
2989 989 3174 1042 meruit
3195 989 3514 1043 ordinandis.

2287 1084 2311 1120 ε
2339 1075 2510 1128 Prima
2565 1093 2742 1131 mensa
2789 1081 3017 1148 episcopi
3075 1097 3193 1135 cum
3245 1082 3542 1148 hospitibus
3566 1093 3620 1138 et
3649 1100 3763 1138 cum

2217 1165 2507 1232 peregrinis
2546 1167 2633 1228 sit,
2685 1177 2738 1220 ct
2779 1168 2982 1232 ibidem
3021 1171 3440 1234 archidiaconus,
3467 1175 3548 1225 vel
3575 1174 3764 1239 quibus

2216 1251 2494 1320 CpiaCOPﬂS
2535 1254 2776 1321 jusserit,
2828 1257 3061 1310 sedeant.
3115 1259 3353 1313 Secunda
3408 1276 3588 1315 mensa
3646 1278 3760 1316 cum

2218 1345 2560 1414 presbyteris.
2588 1347 2763 1399 Tertia
2787 1363 2905 1400 cum
2933 1349 3258 1405 diaciinibus.
3286 1352 3478 1416 Quarta
3499 1367 3616 1406 cum
3641 1357 3763 1406 sub-

2217 1435 2548 1488 diacouibus.
2579 1438 2767 1502 Quinta
2792 1453 2912 1491 cum
2935 1439 3148 1507 reliquis
3173 1441 3439 1508 gradibus.
3466 1445 3626 1496 Sexta
3647 1459 3759 1498 cum

2217 1525 2512 1590 abbatibus,
2559 1528 2652 1580 vel
2701 1543 2832 1595 quos
2877 1529 3093 1597 jusserit
3124 1531 3283 1597 prior.
3318 1533 3372 1585 In
3400 1544 3622 1598 septima
3645 1541 3757 1589 reli-

2215 1614 2354 1665 ciant
2397 1613 2573 1669 clerici
2615 1615 2872 1680 canonici,
2923 1620 3009 1686 qui
3043 1628 3189 1672 extra
3215 1620 3441 1673 claustra
3476 1623 3527 1674 in
3551 1625 3756 1676 civitate

2212 1713 2563 1766 commanent,
2615 1706 2664 1756 in
2709 1707 2894 1758 diebus
2928 1709 3234 1773 Dominicis,
3268 1712 3347 1764 vel
3381 1713 3745 1767 festivitatibus

2212 1793 2496 1858 prmclaris.
2548 1793 2677 1844 Cum
2733 1805 2906 1846 autem
2964 1795 3088 1847 hora
3142 1797 3408 1850 reﬁciendi
3447 1802 3738 1860 tenerit,et

2209 1884 2414 1947 signum
2462 1881 2525 1932 ad
2571 1881 2904 1935 refectorium
2959 1886 3217 1948 sonucrit,
3273 1895 3395 1938 tunc
3426 1885 3612 1941 fratres
3633 1903 3734 1941 cum

2211 1969 2546 2025 festinatione
2585 1973 2707 2027 illuc
2733 1971 3041 2037 adveniant,
3073 1986 3124 2027 et
3155 1977 3310 2030 simul
3345 1979 3393 2029 in
3425 1979 3742 2033 refectorium

2211 2057 2492 2124 introeant,
2525 2061 2784 2127 simulque
2813 2072 2985 2121 orent,
3015 2073 3067 2114 et
3094 2079 3305 2116 versum
3333 2066 3537 2129 dicant;
3559 2079 3612 2121 et
3635 2084 3746 2120 cum

2209 2148 2511 2214 episcopus,
2556 2149 2634 2200 vel
2681 2149 2814 2202 alius
2857 2151 3124 2214 sacerdos,
3151 2151 3560 2207 benedictionem
3582 2171 3744 2224 super

2212 2251 2422 2289 mensas
2463 2236 2757 2301 tradiderit,
2804 2253 2990 2292 omnes
3013 2243 3170 2292 Amen
3199 2244 3544 2308 respondeant
3569 2260 3585 2309 ',
3615 2255 3669 2298 et
3695 2255 3748 2296 ut

2210 2324 2497 2390 dispositus
2543 2327 2675 2380 ordo
2720 2336 2822 2392 est,
2856 2330 3224 2398 unusquisque
3250 2331 3314 2384 ad
3345 2347 3490 2384 suam
3523 2347 3749 2385 mensam

2210 2413 2443 2465 accedat.

2279 2499 2463 2554 Clerus
2495 2518 2617 2556 vero
2648 2505 2698 2556 in
2729 2506 3006 2558 refectorio
3031 2507 3251 2560 omnino
3277 2508 3549 2561 silentium
3585 2520 3737 2564 teneat

2213 2591 2422 2643 interim
2475 2593 2611 2658 quod
2662 2594 2854 2666 exinde
2889 2594 3030 2646 foras
3056 2595 3416 2663 egrediuntur,
3446 2598 3666 2665 qualiter
3681 2599 3731 2650 il-

2209 2678 2311 2730 lam
2346 2679 2622 2732 lectionem
2655 2682 2884 2734 divinam
2927 2683 3091 2748 possit
3113 2673 3292 2738 audire
3311 2693 3366 2738 et
3385 2687 3436 2738 in
3467 2688 3728 2740 cordente-

2209 2768 2385 2822 ditari.
2436 2770 2567 2835 Quia
2607 2772 2682 2824 sic
2707 2784 2786 2825 est
2809 2787 3026 2826 necesse
3055 2781 3111 2826 ut
3132 2774 3338 2839 quando
3367 2777 3543 2827 cilium
3570 2791 3736 2845 corpo-

2214 2860 2374 2913 ralem
2405 2861 2608 2927 recipit,
2641 2870 2695 2913 et
2725 2873 2845 2914 tunc
2872 2865 3043 2914 anima
3068 2864 3184 2915 cibo
3197 2863 3449 2930 spirituali
3470 2867 3736 2920 reﬁciatur.

2213 2951 2278 3004 Et
2323 2953 2511 3015 lector,
2568 2963 2620 3005 ct
2644 2953 2972 3016 cellerarius,
2999 2957 3358 3020 etportarius,
3391 2959 3469 3009 vel
3508 2959 3739 3026 septima-

2211 3041 2404 3104 narius,
2457 3042 2536 3095 vel
2583 3043 2670 3109 qui
2700 3043 2996 3096 ministrant
3041 3043 3249 3112 quando
3297 3046 3581 3113 episcopus
3625 3061 3731 3098 cum

2210 3131 2350 3182 clero
2401 3131 2450 3182 in
2497 3129 2773 3183 rt-fectorio
2801 3134 2986 3192 relicit,
3011 3144 3287 3199 antequam
3319 3135 3510 3187 fratres
3541 3138 3590 3188 in
3619 3135 3739 3189 refe-

2209 3220 2431 3272 ctorium
2488 3217 2723 3281 veniant,
2758 3219 2966 3271 mistnm
2998 3219 3064 3274 de
3087 3235 3220 3288 pane
3245 3231 3298 3272 et
3320 3231 3442 3286 potu
3470 3223 3741 3288 accipiant,

2211 3315 2265 3359 ιιι
2291 3321 2454 3374 grave
2478 3307 2555 3359 eis
2585 3323 2685 3359 non
2708 3306 3056 3374 sitjejunium
3089 3290 3351 3362 sustinere
3379 3311 3589 3362 interim
3613 3313 3738 3378 quod

2209 3396 2380 3448 clerus
2432 3395 2620 3449 reﬁcit.
2666 3396 2792 3447 Nam
2837 3398 2998 3449 lector
3019 3398 3181 3465 legat,
3207 3411 3372 3464 usque
3393 3398 3516 3451 dum
3536 3398 3741 3465 jusserit

2211 3485 2376 3552 prior,
2401 3493 2454 3536 ut
2477 3485 2688 3552 expleat
2712 3487 3014 3538 lectionem.

2281 3573 2408 3626 Illud
2454 3575 2670 3628 omnino
2717 3579 3005 3628 cavendum
3031 3588 3133 3639 est,
3161 3586 3217 3630 ut
3237 3593 3405 3644 neque
3431 3582 3734 3638 sacerdotes.

2213 3675 2380 3727 neque
2432 3662 2662 3728 diaconi,
2727 3679 2898 3731 neque
2946 3663 3274 3729 subdiaconi,
3329 3670 3410 3719 vel
3442 3670 3656 3734 quilibet
3679 3671 3732 3722 de

2212 3753 2355 3802 clero
2397 3752 2591 3811 cibum,
2641 3767 2736 3804 nec
2786 3753 2925 3803 aliud
2954 3755 3093 3818 quod
3122 3755 3184 3807 ad
3211 3756 3640 3812 manducandum
3662 3757 3730 3810 vel

2215 3837 2493 3890 bibendum
2544 3838 2791 3905 pertinet,
2851 3841 2963 3893 sine
2989 3843 3224 3907 jussioue
3252 3849 3488 3912 episcopi
3519 3849 3588 3902 de
3618 3848 3733 3902 refe-

2213 3928 2376 3980 clorio
2407 3937 2596 3994 portet.

2286 4016 2348 4068 Et
2389 4018 2488 4069 hoc
2530 4018 2820 4074 cavendum
2855 4028 2954 4080 est,
3009 4028 3060 4070 nt
3089 4029 3210 4072 ante
3237 4021 3523 4084 legitimam
3552 4024 3736 4082 horam.

2213 4106 2311 4159 nisi
2344 4107 2416 4158 illi
2447 4107 2532 4174 qui
2560 4107 2658 4158 hoc
2693 4107 2971 4172 providere
2997 4108 3209 4169 debent,
3244 4126 3414 4176 neque
3441 4114 3507 4164 ad
3538 4112 3737 4166 inauda-

646 4208 662 4246 σ
700 4211 797 4260 Pro
833 4205 1131 4258 infirmitate
1158 4218 1279 4255 vero
1306 4204 1430 4254 cleri
1463 4204 1624 4254 nostri
1655 4199 2106 4253 considerat-imus
2141 4232 2189 4288 ι)
2212 4198 2458 4255 candum,
2497 4210 2666 4261 neque
2698 4195 2760 4248 ad
2801 4195 3082 4252 bibendum
3111 4197 3162 4249 iu
3193 4197 3529 4252 refccturium
3567 4205 3737 4255 intrare

571 4311 628 4353 ιιι
681 4301 722 4352 si
756 4299 806 4350 in
863 4306 1041 4364 quarta
1092 4295 1167 4346 vel
1193 4305 1338 4346 sexta
1369 4291 1520 4357 feria,
1550 4307 1642 4344 seu
1673 4293 1720 4342 in
1746 4292 1962 4356 reliquis
1993 4291 2109 4342 aliis

571 4390 912 4458 temporibus.
971 4385 1150 4451 quales
1197 4383 1561 4435 constituimus
1618 4391 1672 4432 ut
1713 4399 1738 4430 ει
1769 4395 1926 4433 carne
1947 4379 2113 4432 absti-

574 4491 747 4538 neant,
804 4491 1016 4527 necesse
1044 4481 1146 4536 est,
1190 4472 1448 4521 licentiam
1483 4471 1671 4520 habeat
1701 4470 1999 4534 episcopus,
2023 4477 2113 4520 aut

573 4572 660 4641 qui
690 4570 784 4622 sub
817 4570 924 4627 ipSo
955 4574 1093 4626 sunt,
1129 4578 1221 4627 pro
1252 4577 1432 4612 eorum
1467 4559 1875 4618 inﬁrmitatibus,
1909 4559 1988 4610 vel
2021 4574 2103 4609 ne-

573 4657 924 4716 cessitatibus,
962 4664 1049 4702 aut
1081 4649 1443 4702 festivitatibus
1472 4647 1954 4700 considerationem
1987 4648 2110 4700 mit-

576 4761 702 4809 tcre,
732 4747 862 4798 sicut
893 4745 976 4794 ille
1007 4740 1300 4806 prmviderit
1323 4739 1458 4806 quod
1494 4739 1626 4789 bene
1649 4738 1733 4789 sit.

647 4837 769 4889 Mihi
799 4845 966 4884 autem
1002 4830 1373 4895 Anghilramnn
1393 4829 1789 4894 archiepiscopo
1813 4827 2103 4893 atqne'cap-

594 4928 796 4993 pellano
837 4919 1258 4972 excellentissimi
1315 4919 1448 4985 regis
1494 4917 1664 4969 Caroli
1718 4918 1836 4968 addi
1887 4916 2115 4981 placuit,

652 5085 672 5105 ί·
708 5071 861 5122 Forte
885 5071 1108 5134 ⁸ίιιιίίιηιιε.

653 5141 675 5178 ιι
711 5140 812 5191 Pro
843 5136 1077 5186 utilitatis
1107 5148 1281 5183 causa.

653 5219 673 5246 ε
718 5205 957 5269 Ιαςοιιιιε
988 5203 1168 5253 diebus
1194 5201 1464 5253 dominicis
1488 5203 1612 5254 suis.

654 5279 678 5315 «ι
707 5278 812 5335 AL,
849 5286 902 5324 ει
956 5284 1123 5338 postea
1146 5273 1328 5336 faciant
1351 5272 1482 5333 quod
1512 5287 1780 5337 congruum
1809 5273 1979 5336 fuerit,
2011 5276 2112 5324 sire

585 5352 636 5400 in
668 5346 892 5412 legendo,
924 5359 1020 5392 sive
1048 5343 1095 5412 in
1124 5339 1390 5412 onerando.
1419 5338 1470 5389 In
1505 5339 1687 5412 Editis,
1710 5357 1757 5391 ιτ.
1783 5341 1872 5404 55,
1905 5342 1989 5412 hic
2024 5344 2115 5392 atl-

586 5408 732 5467 dituc
772 5416 946 5464 titulus
992 5429 1000 5458 τ
1057 5409 1126 5458 Dc
1155 5408 1474 5472 tnnporibus,
1499 5408 1545 5458 in
1568 5409 1740 5474 quibus
1761 5411 1910 5464 semel
1931 5420 2016 5462 aut
2042 5412 2115 5462 bis

586 5488 636 5536 in
665 5484 742 5536 die
771 5481 957 5534 clericis
985 5478 1298 5546 reﬁciendum
1329 5486 1394 5527 cst

2215 4302 2316 4339 non
2345 4285 2538 4339 debent
2562 4286 2675 4337 sine
2704 4285 2936 4351 iussione
2960 4285 3216 4355 episcopi,
3247 4297 3338 4340 aut
3361 4288 3453 4355 qui
3481 4299 3736 4344 tunetern-

2217 4391 2341 4444 pore
2365 4383 2574 4442 praeest,
2608 4389 2779 4440 neque
2823 4376 3150 4430 cellerarium
3177 4387 3354 4430 contra
3386 4380 3645 4434 rationem
3670 4365 3738 4434 in.

2215 4468 2474 4534 quietarc;
2515 4468 2606 4517 scd
2663 4465 2806 4518 horis
2855 4468 3276 4533 competentibus
3315 4480 3640 4537 petantqua:
3659 4484 3736 4538 pe-

2219 4557 2370 4611 tenda
2399 4568 2542 4618 sunt,
2569 4565 2623 4609 et
2652 4557 2970 4623 denturqua:
2999 4559 3170 4609 danda
3195 4571 3330 4611 sunt.

2289 4648 2340 4700 In
2370 4645 2485 4712 ipso
2510 4645 3000 4708 autem‘rcfectorio,
3047 4663 3212 4713 neque
3238 4648 3419 4709 laicus.
3451 4664 3621 4719 neque
3645 4651 3736 4702 cle-

2219 4739 2381 4802 ricus,
2409 4737 2505 4789 nisi
2535 4737 2618 4802 qui
2649 4737 2824 4805 inipsa
2841 4740 3735 4804 congregationesunt.manducent.

2219 4841 2306 4880 aut
2361 4829 2559 4890 bibant,
2602 4829 2715 4880 sine
2762 4827 2998 4894 jussioue
3051 4829 3301 4896 episcopi,
3337 4838 3426 4880 aut
3454 4829 3546 4896 (μή
3567 4832 3739 4886 subeo

2219 4929 2356 4974 sunt.
2420 4918 2483 4971 Et
2527 4919 2576 4971 in
2622 4919 2855 4971 claustro
2878 4916 2962 4969 ubi
2992 4917 3165 4971 clerus
3189 4916 3253 4970 ad
3272 4919 3563 4987 eapituhun
3589 4924 3735 4980 venit,

2293 5085 2315 5109 ο
2345 5072 2500 5138 Vulg.
2523 5072 2664 5127 addit
2689 5081 2938 5138 quartam.

2296 5142 2313 5178 ί
2352 5143 2686 5194 Prmtermisit
2710 5141 3069 5207 interpolator,
3100 5146 3290 5205 et‘quc
3317 5141 3564 5195 videntur
3584 5157 3609 5191 a
3630 5154 3735 5192 suc-

2221 5225 2432 5284 cessore
2480 5210 2841 5284 Chrndogangi
2887 5209 3220 5284 Angelranno
3271 5211 3737 5284 prist_adilita_qu1i

2222 5280 2497 5346 Spi-cialdm
2540 5280 2845 5331 Metensium
2891 5279 3150 5346 regulam,
3189 5279 3285 5330 etsi
3337 5279 3438 5331 alia
3467 5279 3640 5334 munit
3657 5279 3735 5330 de-

2223 5355 2414 5409 essent,
2449 5349 2600 5411 plnne
2629 5356 2870 5414 arguunt.

2294 5429 2316 5463 ιι
2344 5417 2527 5469 Totum
2559 5419 2655 5470 hoc
2681 5413 2836 5483 caput
2855 5417 2904 5469 in
2936 5413 3092 5470 Editis
3112 5415 3277 5469 deest.
