3926 6324
215 218 357 271 1109

1394 211 1665 266 ιιειὶυιιι
1704 209 2208 267 εΑΝυΝιευιιιιΜ.

3280 222 3411 276 illi)

212 327 299 379 vel
354 328 403 377 in
429 324 706 377 refertorio
734 322 904 375 nullus
923 321 990 374 de
1014 323 1224 376 clericis
1253 321 1624 386 servitoribus,
1654 319 1743 389 qui
1779 325 1821 377 Λ
1850 320 2041 373 calices
2085 321 2362 384 accipiant,
2412 333 2464 377 et
2506 323 2604 375 hoc
2637 326 2957 391 superﬂuum
2987 329 3134 379 nob‘s
3163 329 3405 391 videtur,

210 428 311 465 suo
359 413 552 467 seniori
599 413 669 466 ibi
728 412 952 479 subjecti
1003 423 1145 477 sunt,
1187 410 1534 480 ingrediatur,
1579 412 1760 466 nisi‘si

208 508 430 559 necesse
481 505 658 569 fuerit,
696 512 785 556 aut
821 504 1123 571 episcopus,
1166 504 1247 556 vel
1278 503 1367 568 qui
1392 503 1579 557 subeo
1615 512 1761 569 sunt,

202 594 445 663 jusserit.

521 683 646 737 CAP.
682 683 840 735 XXII.
874 709 942 721 —
971 680 1044 735 De
1067 697 1306 748 mensura,
1332 682 1448 733 cibi.

274 772 501 836 Quando
540 772 711 824 clerus
737 780 917 824 noster
945 781 971 807 ι
1003 773 1079 824 bis
1104 772 1155 823 in
1179 772 1264 824 die
1301 770 1473 824 reiicit
1498 785 1591 836 per
1622 779 1762 833 tem:

205 873 339 926 pora
387 862 689 924 constituta,
723 861 856 913 sicut
882 860 1120 921 superius
1145 860 1401 927 scriptum
1424 869 1530 922 est,
1560 845 1757 926 partem

201 949 352 1013 quod
398 948 627 1002 sufﬁciet
650 950 889 1016 accipiat.
921 949 1250 1002 Pulmentmn
1286 964 1414 1002 vero
1440 950 1504 1001 ad
1532 960 1756 1003 sextarii.

200 1037 439 1091 Carnem
480 1039 617 1090 inter
641 1038 772 1090 duos
799 1039 1234 1091 ministrationcm
1261 1054 1438 1103 unam,
1481 1046 1535 1091 et
1562 1038 1758 1093 cibaria

202 1142 307 1179 una
361 1126 656 1193 accipiant;
703 1126 822 1180 etsi
875 1126 1068 1181 cibaria
1101 1116 1202 1178 min
1235 1128 1452 1188 habent,
1478 1134 1602 1179 tunc
1623 1126 1755 1177 duas

199 1215 622 1270 ministrationes
668 1216 735 1271 de
784 1228 948 1268 carne
999 1227 1090 1269 aut
1135 1215 1201 1267 de
1224 1214 1374 1267 lardo
1406 1215 1649 1267 habeant.
1679 1214 1756 1267 Ad

196 1318 411 1359 canam
454 1314 650 1367 autem,
700 1313 790 1357 aut
836 1320 991 1357 unam
1030 1304 1473 1356 ministrationem
1505 1304 1574 1356 de
1598 1318 1758 1356 carne

202 1395 347 1447 inter
374 1395 527 1457 duos,
552 1405 641 1447 aut
662 1409 762 1446 una
794 1393 994 1448 cibaria
1023 1392 1273 1446 habeant.

273 1484 380 1537 lllo
424 1494 663 1550 tempore
698 1483 911 1551 quando
931 1480 1446 1550 quadragesimalem
1478 1482 1639 1533 vitam
1667 1482 1757 1533 de-

205 1571 337 1625 bent
389 1571 604 1635 ducere,
634 1580 756 1624 tunc
775 1570 841 1623 ad
866 1580 1068 1624 sextam
1094 1570 1228 1622 inter
1249 1569 1385 1622 duos
1409 1569 1599 1622 fratres
1631 1584 1757 1638 par-

198 1663 406 1716 tionem
432 1661 503 1716 de
525 1660 802 1715 formatico
821 1671 873 1714 et
893 1662 1087 1713 cibaria
1114 1659 1397 1726 accipiant,
1427 1671 1480 1713 et
1512 1660 1556 1710 si
1584 1658 1755 1726 pisces

198 1750 504 1817 habuerint,
554 1759 647 1805 aut
705 1752 969 1818 legumen,
1000 1751 1078 1802 vel
1102 1749 1245 1805 aliud
1273 1746 1417 1815 quid,
1444 1747 1666 1800 addatur
1691 1757 1745 1799 et

198 1841 439 1893 tertium.
500 1842 562 1893 Et
606 1840 669 1892 ad
713 1854 917 1894 cmuam
964 1841 1101 1892 inter
1135 1842 1268 1890 duos
1293 1837 1488 1891 cibaria
1515 1850 1639 1900 una,
1666 1847 1757 1887 aut

200 1930 509 1997 portionem
553 1929 621 1982 de
672 1928 941 1982 formatico
986 1928 1276 1995 accipiant;
1327 1928 1443 1980 etsi
1472 1913 1611 1980 Deus
1636 1940 1750 1980 am-

204 2020 346 2083 plius
399 2018 627 2080 dederit,
679 2033 797 2071 eum
851 2019 1145 2083 gratiarum
1199 2016 1750 2089 actioneqpercipiamt.

200 2108 428 2174 Quando
478 2118 651 2160 autem
676 2108 727 2159 in
752 2108 835 2159 die
865 2123 964 2158 una
996 2108 1213 2159 reiectio
1241 2108 1417 2167 fuerit,
1451 2117 1573 2158 tunc
1601 2096 1745 2161 ciba;

199 2197 275 2250 ria
335 2212 439 2248 una
492 2196 627 2248 inter
660 2196 813 2260 duos,
845 2206 897 2245 et
926 2197 1217 2261 portioaetn
1262 2195 1326 2247 de
1375 2194 1669 2255 formatico,
1697 2204 1751 2245 et

199 2284 648 2339 ministrationem
704 2298 860 2335 unam
916 2284 981 2335 de
1023 2283 1305 2350 legumine,
1347 2288 1437 2334 aut
1476 2276 1614 2333 aliud
1640 2281 1754 2347 pnI-

202 2386 437 2431 mentum
493 2376 779 2443 accipiant;
832 2383 885 2427 et
934 2376 977 2427 si
1026 2374 1465 2441 contigeritqnod
1498 2374 1591 2426 illo
1613 2387 1754 2426 anno

196 2463 408 2533 glandis
455 2464 541 2516 vel
596 2464 766 2530 iagina
819 2476 920 2515 non
973 2472 1077 2525 est,
1106 2472 1157 2516 et
1183 2478 1285 2515 non
1312 2463 1505 2516 habent
1534 2449 1673 2517 unde
1694 2463 1757 2517 Ii-

194 2562 313 2606 ceat
360 2566 665 2606 mensuram
713 2552 777 2604 de
798 2566 954 2605 carne
987 2553 1205 2618 implere
1230 2560 1434 2617 postea,
1466 2554 1751 2619 prmvideat

195 2641 480 2709 episcopus
527 2640 678 2709 juxta
734 2657 890 2709 quam
938 2642 1073 2694 Deus
1098 2641 1494 2708 possibilitatem
1521 2642 1748 2708 dederit,

196 2740 289 2785 aut
326 2731 399 2786 de
448 2732 910 2800 quadragesima“,
956 2741 1048 2784 aut
1073 2733 1306 2796 aliunde,
1333 2734 1472 2786 unde
1495 2735 1743 2787 consola-

198 2820 399 2876 tionem
431 2822 678 2873 habeant.

484 2908 611 2962 CAP.
639 2905 823 2961 XXIII.
849 2934 917 2947 —-
948 2906 1021 2960 De
1046 2924 1281 2959 mensura
1304 2918 1471 2977 potus.

265 2998 293 3035 ιι
323 2999 549 3062 Quando
573 2998 651 3050 bis
682 2999 731 3050 in
755 2995 842 3050 die
866 2996 1124 3049 edendum
1160 2996 1335 3059 τιιετίι,
1368 2998 1665 3068 presbyteri
1690 2997 1753 3050 ad

197 3099 405 3142 sextam
455 3097 563 3140 tres
592 3087 782 3142 calices
811 3088 1091 3154 accipiant,
1115 3087 1180 3139 ad
1208 3101 1414 3141 orenam
1443 3087 1606 3153 duos;
1638 3088 1755 3140 dia-

197 3180 315 3234 coni
376 3179 465 3245 qui
518 3178 568 3230 in
619 3177 781 3245 gradu
825 3189 946 3229 sunt
973 3179 1038 3230 ad
1064 3188 1265 3231 sextam
1292 3187 1419 3241 tres,
1448 3180 1510 3231 ad
1542 3192 1755 3234 ecetram

199 3268 353 3330 duos,
386 3256 693 3318 su‘bdiaeoni
744 3264 807 3316 ad
837 3279 1038 3317 sextam
1068 3266 1220 3329 duos,
1252 3251 1316 3318 ad
1340 3280 1545 3320 cuinam
1574 3266 1707 3320 duos
1738 3284 1753 3328 ;

200 3356 386 3425 reliqui
436 3353 646 3424 gradus,
697 3354 761 3405 ad
807 3364 1010 3406 sextam
1039 3353 1190 3417 duos,
1245 3355 1309 3406 ad
1336 3369 1540 3409 ctenam
1571 3370 1751 3409 unum.

208 3445 432 3512 Quando
457 3452 633 3497 autem
661 3444 711 3496 in
742 3443 826 3497 die
855 3457 954 3509 una
987 3442 1206 3497 refectio
1239 3444 1414 3507 inerit,
1442 3446 1576 3496 sicut
1602 3453 1754 3497 antea

209 3537 261 3590 in
282 3536 408 3590 beta
439 3545 609 3596 sexta,
650 3535 860 3613 quando
906 3536 986 3587 bis
1016 3536 1427 3599 mainlncabaut,
1456 3544 1628 3588 tantos
1662 3552 1752 3589 ca-

213 3624 337 3678 lices
380 3622 681 3692 accipiant;
736 3633 787 3675 et
826 3623 961 3689 quod
1006 3623 1069 3675 ad
1099 3638 1306 3677 coenam
1337 3626 1663 3691 accipiebant
1689 3627 1755 3678 de
1796 3668 1799 3669 ν

204 3727 348 3781 petit,
400 3713 499 3767 boc
551 3712 825 3767 cellerario
861 3724 1129 3765 remaneat
1155 3732 1167 3777 ;
1199 3724 1253 3767 et
1282 3716 1501 3767 omnino
1532 3728 1755 3770 eaveant

203 3804 531 3858 ebrietatem.

267 3892 323 3948 Si
370 3906 499 3946 vero
548 3891 828 3959 contigerit
872 3891 1009 3956 quod
1043 3892 1228 3947 vinum,
1277 3893 1451 3945 minus
1494 3893 1672 3953 inerit,
1702 3904 1756 3948 et

199 3983 355 4035 istam
412 3995 711 4055 mensuram
766 3979 1042 4048 episcopus
1098 3979 1314 4046 implere
1367 3999 1466 4033 non
1528 3991 1750 4049 potest,

194 4070 338 4139 juxta
370 4069 513 4140 quod
565 4069 811 4136 praevalet
833 4069 1076 4134 impleat;
1110 4069 1185 4120 illi
1214 4079 1390 4122 autem
1424 4070 1617 4125 fratres
1648 4087 1750 4124 non

203 4170 558 4221 murmurent,
606 4159 696 4211 sed
742 4160 844 4211 Deo
871 4158 1068 4225 gratias
1090 4168 1265 4227 agant,
1297 4170 1348 4212 et
1382 4162 1756 4228 a-quanimiter

1864 410 1980 475 quia
2008 410 2175 463 vinum
2205 422 2489 480 «perlatore
2516 414 2637 481 facit
2662 415 3264 485 ctiainsapienmwccii.
3294 418 3401 485 i9),

1859 501 1979 565 quia
2022 502 2107 554 ubi
2150 502 2379 576 ebrietas
2420 512 2519 567 est,
2572 504 2639 558 ibi
2682 504 2936 573 ﬂagitium
2958 516 3113 575 atque
3141 518 3405 575 peccaturo

1859 600 1960 642 est.
2013 591 2077 643 Et
2131 592 2232 645 hoc
2272 594 2632 659 admonemus,
2677 606 2733 647 ut
2753 597 2925 650 clerus
2954 608 3133 649 noster
3164 599 3394 651 sobriam

1865 677 2081 730 omnino
2100 679 2258 733 ducat
2291 683 2477 744 vitam;
2523 691 2577 736 et
2601 685 2721 750 quia
2748 685 3066 749 persuadere
3097 700 3197 737 non
3228 700 3408 751 possu-

1864 779 1978 819 mus
2028 777 2084 819 ut
2136 770 2314 821 vinum
2367 786 2470 823 non
2515 772 2711 837 bibant,
2750 776 2826 827 vel
2859 775 2960 827 hoc
2985 776 3403 839 coasentia'tnns,

1864 864 1919 907 ut
1961 856 2144 909 saltem
2197 860 2247 911 in
2281 861 2383 912 illis
2404 864 2633 915 ebrietas
2656 880 2756 917 non
2787 866 3108 931 dominetur,
3141 869 3262 935 quia
3286 882 3402 920 om-

1863 956 1957 995 nes
2000 943 2241 999 ebriosos
2290 950 2570 1014 Apostolus
2615 966 2642 1003 a
2671 968 2834 1020 regno
2861 956 2949 1008 Dei
2974 965 3252 1010 extraneos
3282 972 3399 1010 esse

1862 1031 2150 1096 denuntiat,
2200 1036 2299 1087 nisi
2347 1051 2439 1103 per
2457 1038 2669 1106 dignam
2694 1042 3054 1107 paenitentiam
3087 1046 3402 1098 euictnlave-

1862 1118 1966 1173 rint
1989 1128 2035 1173 ο.
2914 1134 2927 1147 ’

2025 1207 2151 1260 Car.
2196 1207 2382 1262 XXIV.
2409 1240 2476 1251 -—-
2498 1211 2573 1267 De
2598 1217 2969 1279 septimanariis
2997 1221 3245 1289 coquinae.

1935 1298 2125 1353 Clerici
2149 1302 2387 1356 canonici
2416 1305 2492 1358 sic
2511 1306 2609 1358 sibi
2640 1308 2861 1362 invicem
2884 1311 3135 1372 serviant,
3157 1322 3213 1365 ut
3235 1314 3404 1366 nullus

1860 1399 2140 1442 excusetur
2186 1403 2215 1441 a
2242 1391 2480 1458 coquinre
2511 1394 2719 1459 oliicio,
2773 1397 2876 1449 nisi
2910 1395 2932 1431 ἀ
2966 1402 3261 1467 mgritudo,
3317 1414 3403 1455 ant

1864 1476 1913 1527 in
1938 1480 2113 1531 causis
2141 1484 2315 1547 gravis
2352 1485 2591 1538 utilitatis
2623 1500 3022 1557 prmoccupatns
3052 1490 3206 1543 luerit
3228 1532 3244 1553 ,
3290 1494 3406 1559 quia

1860 1564 2052 1619 exinde
2082 1570 2250 1635 major
2283 1586 2489 1624 merces
2520 1582 2572 1626 et
2602 1575 2834 1628 cbaritas
2864 1578 3174 1644 acquiritur.
3204 1576 3399 1633 imbe-

1862 1652 2065 1709 aiilibus
2094 1666 2267 1711 autem
2303 1672 2650 1723 procurentur
2677 1665 2862 1717 solatia
2887 1705 2902 1727 ,
2954 1672 3011 1719 ιιι
3041 1681 3142 1719 noo
3172 1682 3287 1721 cum
3317 1669 3406 1720 tri-

1860 1743 2013 1796 stitia
2046 1746 2145 1799 hoe
2177 1748 2393 1812 iaciant,
2425 1754 2516 1805 sed
2546 1752 2774 1806 habeant
2801 1769 2984 1809 omnes
3011 1757 3195 1810 solatia
3223 1738 3411 1811 secun-

1858 1833 1982 1885 tlum
2014 1836 2233 1887 modum
2261 1842 2709 1908 congregationis,
2733 1853 2819 1894 aut
2845 1844 3153 1909 positionem
3179 1845 3298 1900 loci.

1928 1923 2351 1978 Arcbldiaconus
2384 1941 2541 1993 vero,
2592 1938 2646 1980 et
2677 1929 3012 1985 Primieerius
3032 1971 3047 1995 ,
3079 1933 3158 1986 vel
3187 1935 3405 1989 cellera-
3470 1928 3471 1931 “

1858 2011 2001 2075 rius,
2026 2023 2139 2076 ,sen
2180 2012 2257 2066 illi
2295 2022 2318 2050 ο
2346 2024 2453 2069 tres
2475 2017 2723 2071 custodes
2750 2019 3127 2083 eccle-iarum,
3171 2038 3305 2075 unus
3334 2020 3403 2077 de

1858 2110 2048 2156 sancto
2071 2103 2377 2172 Stephano,
2425 2106 2558 2158 alius
2586 2107 2651 2160 de
2679 2118 2859 2161 sancto
2891 2109 3079 2171 Petro,
3115 2112 3304 2165 tertius
3335 2112 3399 2165 de

1862 2201 2044 2246 sancta
2076 2194 2236 2247 Maria
2258 2234 2273 2257 ,
2305 2195 2392 2264 qui
2424 2196 2475 2247 in
2503 2197 2789 2261 majoribus
2820 2197 3129 2255 utilitatibus
3159 2206 3399 2270 occupati

1857 2288 1980 2333 sunt
2000 2322 2015 2345 ,
2064 2278 2151 2334 isti
2180 2294 2501 2337 excusentnr
2528 2301 2558 2337 a
2588 2285 2812 2353 coquiua
2837 2302 2853 2351 ;
2885 2290 3066 2342 cat-teri
3097 2299 3271 2344 autem
3304 2293 3403 2345 sibi

1861 2370 1965 2422 sub
1992 2368 2254 2423 charitate
2282 2373 2505 2426 invicem
2536 2375 2799 2428 serviant.

1864 2476 1865 2479 η
1932 2457 2258 2527 Egressurus
2304 2462 2368 2512 de
2413 2464 2708 2528 septimana
2737 2462 2967 2517 Sabbato
3014 2456 3298 2520 munditias
3332 2471 3407 2521 la-

1862 2547 2005 2609 ciat;
2033 2560 2155 2600 vasa
2187 2548 2468 2602 ministerii
2498 2548 2609 2612 sui,
2649 2566 2767 2618 qua:
2790 2552 2856 2604 ad
2887 2553 3285 2609 ministrandum
3316 2572 3403 2611 ac-

1854 2636 2036 2701 cepit,
2091 2649 2217 2688 sana
2241 2646 2294 2689 et
2323 2639 2517 2692 munda
2544 2640 2822 2693 cellerario
2863 2643 3229 2711 reconsignet,
3261 2655 3314 2699 ct
3359 2648 3406 2701 si

1853 2724 2048 2791 aliquid
2079 2741 2144 2778 ex
2186 2726 2288 2777 illis
2320 2727 2616 2782 minuatum
2658 2729 2848 2794 fuerit,
2902 2731 2967 2784 ad
2997 2735 3279 2800 capitulum
3317 2735 3405 2789 die

1856 2812 2073 2865 Sabbati
2108 2816 2315 2866 veniam
2345 2825 2504 2883 petat,
2532 2826 2587 2870 et
2614 2833 2736 2871 vasa
2759 2862 2773 2885 ,
2819 2820 2899 2873 vel
2937 2821 3075 2888 quod
3111 2823 3398 2876 uiiouatum

1858 2909 1963 2966 est,
1994 2903 2047 2953 in
2076 2903 2193 2956 loco
2223 2906 2489 2969 restituat,
2536 2916 2589 2960 et
2624 2908 2772 2974 juxta
2798 2925 2954 2977 quam
2984 2910 3284 2979 cpiscOpns,
3316 2918 3399 2968 vel

1861 2990 1950 3057 ιιιιί
1977 2992 2076 3043 sub
2103 2991 2217 3056 ipso
2236 3004 2337 3058 est,
2367 2996 2705 3060 iudicaverit,
2738 2986 3097 3063 paenitentiam
3125 3010 3263 3068 agat.

1891 3078 2018 3134 CAP.
2062 3080 2225 3134 XXV.
2256 3110 2324 3122 —
2355 3082 2431 3135 De
2459 3084 2872 3144 archidiacono..
2904 3090 2977 3139 cel
3011 3086 3027 3123 ι
3060 3089 3361 3153 primicerio.

1931 3171 2157 3237 Oportet
2177 3184 2269 3223 eos
2290 3185 2410 3225 esse
2440 3173 2710 3237 prudentes
2736 3174 2863 3227 sicut
2887 3186 3138 3244 serpentes
3164 3216 3179 3237 ,
3210 3188 3256 3231 et
3285 3156 3405 3232 sim-

1857 3259 2013 3325 plices
2054 3263 2185 3314 sicut
2223 3262 2499 3324 columbas.
2547 3264 2597 3316 id
2641 3274 2753 3329 est,
2798 3277 2851 3318 ιιι
2899 3266 3008 3321 sint
3043 3270 3307 3332 sapientes
3351 3273 3401 3324 in

1858 3350 2155 3417 bonum,et
2182 3351 2448 3416 simplices
2475 3353 2525 3402 in
2554 3355 2783 3418 malum;
2830 3365 2882 3407 et
2902 3356 3051 3410 docti
3075 3366 3099 3404 8
3138 3363 3405 3431 evangelia

1855 3448 1907 3491 et
1935 3449 2239 3492 sanctorum
2273 3440 2485 3493 Patrum
2519 3442 2756 3496 instituta
2784 3459 3079 3511 canonum,
3120 3461 3175 3502 ut
3203 3452 3405 3517 possint

1855 3529 2046 3582 docere
2071 3528 2271 3582 clerum
2318 3530 2368 3581 in
2402 3532 2520 3597 lege
2542 3532 2717 3583 divina
2738 3570 2752 3593 ,
2783 3545 2835 3586 et
2863 3534 3017 3601 hujus
3051 3550 3226 3603 parvae
3256 3540 3405 3594 insti-

1859 3622 2091 3675 tutionis.
2119 3623 2184 3674 Et
2210 3623 2287 3674 sic
2307 3637 2372 3675 se
2393 3625 2729 3677 conformcut
2762 3626 2906 3678 clero
2929 3665 2945 3688 ,
2992 3638 3048 3681 ut
3070 3645 3173 3681 non
3199 3641 3397 3685 tantum

1857 3709 2035 3762 verbis
2064 3710 2368 3775 capacibus,
2400 3712 2489 3763 scd
2518 3712 2679 3764 etiam
2707 3714 2969 3785 exemplo,
2994 3715 3399 3782 simplicioribus

1859 3797 2033 3851 divina
2078 3786 2339 3866 praecepta
2383 3800 2777 3864 demonstrent;
2807 3804 2895 3871 qui
2942 3806 3163 3872 apostoli
3198 3806 3397 3863 debent

1828 3936 1831 3939 .
1862 3901 2075 3954 semper
2095 3901 2308 3941 servare
2332 3888 2549 3971 formam
2578 3891 2624 3944 in
2646 3906 2746 3959 qua
2773 3894 2898 3947 dicit
2924 3912 2935 3945 :
2962 3896 3149 3964 Argue,
3171 3898 3394 3958 obsecra.

1858 3980 2059 4044 increpa
2100 3975 2152 4046 (ι
2177 3976 2306 4031 Tim.
2332 3982 2427 4045 tv);
2456 3981 2502 4032 id
2530 3993 2629 4046 est,
2656 3985 2885 4036 miscetis
2918 3987 3243 4051 temporibus
3270 3999 3399 4039 tem-

1860 4080 2007 4133 pora,
2036 4068 2329 4121 terroribus
2356 4069 2733 4135 blandimenta,
2768 4062 2817 4124 id
2844 4081 2949 4137 est,
2980 4074 3403 4142 indisciplinatos

1858 4167 1909 4206 et
1935 4157 2195 4224 inquietos
2224 4156 2419 4225 debent
2439 4158 2626 4212 durius
2656 4175 2880 4227 arguere
2906 4200 2921 4224 ,
2968 4162 3276 4218 obedientes
3303 4178 3402 4216 au-

200 4252 449 4305 tolcrent.
479 4248 609 4302 Nam
633 4249 675 4301 si
707 4262 823 4301 esse
854 4258 1025 4314 potest
1051 4258 1105 4300 ut
1133 4259 1332 4301 tantum
1359 4238 1613 4316 habeant,
1633 4264 1753 4307 tunc
1781 4269 1830 4327 D
1861 4257 1963 4297 lcm
1994 4255 2048 4298 el
2070 4247 2245 4310 miles.
2284 4255 2337 4299 ει
2368 4248 2624 4314 ρθιίυιιιθε
2644 4287 2658 4309 ι
2711 4259 2764 4300 υῑ
2787 4248 2839 4300 in
2882 4250 3069 4302 melius
3103 4250 3368 4316 ιδτθιίθῖκιιι
3389 4294 3402 4315 .

200 4356 295 4409 pro
321 4341 470 4394 nullo
502 4340 662 4393 modo
692 4355 796 4392 non
829 4348 1116 4393 remaneat.
1145 4339 1213 4393 Ει
1236 4340 1340 4393 iliis
1363 4344 1449 4408 qui
1477 4358 1534 4395 se
1567 4359 1593 4394 a
1629 4344 1752 4395 vitio

199 4432 467 4487 abstinent
516 4429 804 4498 pratvideat
852 4432 1159 4496 episcopus,
1213 4432 1406 4499 velqni
1436 4434 1533 4484 sub
1558 4448 1622 4487 eo
1648 4444 1749 4497 est,

200 4531 256 4575 ut
300 4530 501 4575 tantum
557 4519 784 4572 habeant
831 4519 897 4573 de
938 4520 1180 4583 cervisia,
1230 4532 1478 4587 quantum
1527 4522 1593 4575 de
1633 4525 1753 4575 vino

198 4611 396 4665 habere
438 4609 757 4671 debuerant;
802 4617 855 4660 et
901 4608 944 4661 si
976 4609 1256 4675 episcopus
1314 4612 1540 4664 voluerit
1572 4610 1633 4663 ad
1664 4626 1754 4664 su-

199 4701 550 4771 praseriptatn
579 4713 879 4753 mensuram
905 4697 1100 4766 aliquid
1133 4709 1285 4764 potus
1310 4701 1522 4762 addere,
1555 4703 1605 4754 in
1638 4701 1752 4767 ejus

198 4801 464 4862 potestate
504 4775 778 4852 consistat,
808 4798 862 4844 et
891 4792 956 4844 de
983 4791 1203 4844 cervisia
1229 4794 1304 4843 eis
1332 4791 1750 4852 consolationem

201 4882 378 4935 faciat.
428 4880 559 4934 Nam
604 4879 815 4945 quando
854 4880 1027 4948 aliqua
1050 4880 1268 4934 reiectio
1290 4882 1463 4934 causis
1495 4881 1753 4948 exigenti-

203 4971 301 5023 bus
349 4968 577 5035 venerit,
621 4982 729 5020 non
751 4969 978 5037 amplius
1005 4962 1367 5023 consentimus
1393 4971 1456 5021 ad
1489 4985 1640 5021 unam
1673 4985 1753 5021 re-

202 5060 510 5123 fectionem.
540 5073 697 5126 quam
730 5069 784 5111 ut
834 5061 1244 5127 suprascriptum
1300 5075 1598 5113 mensuram
1650 5070 1754 5112 tres

272 5180 299 5207 ι
324 5170 435 5226 Una
478 5178 570 5222 aut
599 5168 715 5221 bina
746 5171 857 5221 vice
885 5178 938 5222 et
969 5170 1191 5235 quadam
1221 5169 1318 5222 alia
1349 5168 1569 5222 inseruit
1590 5169 1752 5221 inter-

280 5242 436 5292 lator.

203 5256 453 5362 marita
480 5306 659 5360 omnia
689 5306 742 5359 in
773 5305 991 5372 vulgatis
1023 5318 1467 5369 occurrunt._cap.
1501 5304 1551 5357 8.

278 5391 298 5417 ε
335 5375 567 5432 Habeant
612 5375 837 5427 canonici
869 5374 1037 5426 hortos
1067 5379 1274 5437 olerum,
1311 5376 1440 5425 unde
1464 5388 1577 5425 cum
1606 5384 1755 5428 cale-

206 5450 279 5498 ria
322 5446 682 5498 additamentis
725 5442 929 5510 aliquod
958 5445 1263 5507 pulmentum
1294 5444 1517 5510 quotidie
1542 5444 1635 5494 sibi
1667 5446 1745 5495 ria

212 5518 378 5566 Cissim
406 5517 701 5566 mimatrrnt.
731 5512 900 5580 Vulg.,
931 5526 991 5564 ex
1008 5527 1156 5564 αιδην.
1183 5513 1611 5581 Aquisgraneusi.

1855 4336 2133 4389 obsecrare
2159 4376 2173 4399 ,
2213 4336 2539 4405 negligentes
2570 4347 2625 4390 et
2650 4347 3046 4393 contemnentes
3072 4349 3124 4392 et
3147 4342 3401 4407 superbos

1856 4430 1912 4475 ut
1952 4420 2235 4488 increpent
2261 4433 2315 4476 et
2340 4425 2665 4492 corripiant,
2717 4440 2889 4493 neque
2919 4426 3246 4481 dissimulent
3277 4442 3400 4495 pec-

1855 4520 1971 4565 cata
2003 4513 2425 4581 delinquentium
2449 4553 2465 4576 ,
2494 4515 2586 4568 sed
2631 4529 2749 4568 mox
2782 4526 2838 4568 ut
2858 4517 3115 4582 eruperint
3137 4517 3286 4579 oriri,
3316 4533 3398 4569 ra-

1856 4601 2049 4654 dicitus
2094 4612 2150 4654 ιιι
2194 4603 2484 4667 praevalent
2523 4612 2826 4670 amputeut,
2874 4616 3137 4657 memores
3183 4603 3415 4670 periculi

1857 4688 1970 4744 lleli
1998 4680 2340 4743 sacerdotis-'1‘
2373 4692 2440 4745 de
2475 4691 2610 4755 Silo,
2640 4702 2693 4744 et
2722 4691 3051 4763 honestiores
3081 4694 3289 4760 quidem
3322 4704 3402 4748 at-

1858 4794 1963 4846 que
2013 4781 2366 4849 intelligibiles
2422 4784 2584 4849 prima
2640 4790 2693 4834 et
2744 4784 2977 4835 secunda
3036 4783 3400 4841 admonitione

1856 4868 2033 4923 verbis
2061 4872 2384 4937 corripiant;
2432 4871 2696 4937 improbos
2726 4882 2899 4925 autem
2939 4888 3001 4926 ac
3035 4873 3198 4927 duros
3236 4876 3396 4929 corde

1854 4974 1918 5012 ac
1964 4960 2221 5027 superbos
2270 4960 2351 5012 vel
2396 4959 2759 5014 inobedientes
2798 4963 3018 5015 verbere
3065 4970 3119 5016 et
3166 4951 3401 5029 corporis

1854 5050 2198 5117 castigatione
2228 5049 2277 5100 in
2307 5036 2601 5115 ipso'initio
2631 5050 2832 5118 peccati
2863 5040 3144 5107 coerceant
3165 5092 3178 5117 ,
3232 5055 3401 5105 scicn-

1925 5156 1951 5193 ά
1984 5157 2091 5221 AL,
2118 5157 2412 5224 aegritudine
2433 5156 2521 5209 a'ut
2549 5174 2720 5212 causa.

1928 5236 1953 5263 ο
1986 5227 2092 5277 llos
2121 5227 2372 5303 expunxit
2411 5228 2785 5300 interpolator,
2834 5238 2897 5285 ut
2939 5230 3111 5287 minus
3159 5231 3397 5285 instituto

1853 5312 1951 5352 suo
1976 5307 2187 5347 11808353
2195 5307 2319 5347 1⁵108.

1928 5366 1948 5404 ί
1984 5366 2091 5423 AL,
2121 5365 2409 5428 pra'posito.

1930 5446 1950 5504 ις
1984 5432 2091 5504 AL,
2125 5431 2421 5504 ljlvaitgclica
2440 5446 2703 5504 prwcepln.

1927 5503 1951 5541 ιδ
1985 5499 2093 5562 Δί..
2127 5502 2189 5552 de
2207 5501 2328 5567 ﬁliis
2353 5499 2475 5558 ritis.
