3914 6236
236 189 365 245 HIS

1438 192 1709 246 ιιειῖιξιηκ
1755 195 1793 240 li
1812 190 2020 243 \NUNlt
2036 191 2181 245 .(llll’
2198 194 2260 245 Μ,

3342 196 3477 251 HN

226 306 351 358 tlte.
396 304 585 359 XXIX.
616 332 679 344 —-
716 307 789 358 De
832 309 1138 358 t‘estimrttfis
1176 305 1505 367 clericorum,
1568 307 1641 358 rel
1687 306 1793 356 cal-
1826 309 1873 365 Α
1903 305 2152 369 Domini,
2208 306 2257 358 in
2289 308 2448 362 domo
2480 311 2609 377 ipsis
2643 311 2851 364 clericis
2887 310 3241 365 releCIiOIIem
3283 312 3475 375 facint,

717 388 1005 441 cranwntts,
1039 378 1115 428 vel
1141 379 1299 445 ligna.

294 483 383 536 Illa
440 485 607 536 inedia
659 498 779 551 pars
810 484 938 537 i'leri
990 484 1077 552 qni
1120 464 1359 538 seniores
1408 485 1603 537 fuerint
1647 484 1798 536 anuis

228 576 454 643 singulis
503 577 768 641 accipiant
817 590 1009 643 Cappat
1055 592 1262 643 novas,
1314 586 1366 629 et
1410 589 1616 631 veteres
1663 590 1796 643 Quas

228 664 503 732 praeterito
549 680 690 717 anno
736 676 1061 733 acceperunt
1109 684 1321 735 semprr
1369 668 1629 731 reddant,
1672 666 1798 719 dum

221 756 489 820 accipiunt
540 771 723 808 novas.
765 766 789 792 ι
829 759 890 810 Et
936 760 1021 810 illa
1064 760 1161 811 alia
1214 761 1470 814 medietas
1510 759 1639 814 eleri
1680 758 1798 812 illas

224 853 435 897 veteres
462 858 657 912 cappas
691 861 822 913 quas
858 847 929 900 illi
962 850 1206 902 seniores
1236 851 1391 903 annis
1417 849 1639 916 singulis
1673 846 1793 900 red-

225 936 358 987 ilunt
386 934 673 1002 accipiant,
702 944 756 989 et
784 936 857 989 illi
889 939 1130 993 seniores
1159 938 1275 991 illas
1296 954 1491 1006 eappas
1522 953 1652 1006 quas
1678 937 1797 989 red-

220 1029 345 1077 dere
396 1026 445 1079 di
468 1026 594 1079 bent
640 1036 742 1079 n‘on
790 1038 1140 1080 commutent.
1176 1028 1213 1065 δ
1258 1028 1488 1083 Sarciles
1536 1028 1795 1094 accipiant

220 1115 293 1167 illi
327 1117 625 1188 presbyteri
653 1157 667 1179 ,
719 1119 806 1183 qui
841 1116 1039 1169 ibidem
1080 1118 1130 1170 in
1163 1119 1323 1171 domo
1354 1118 1570 1173 assidue
1600 1118 1794 1170 deser-

219 1201 398 1268 viunt,
432 1216 485 1259 et
526 1206 599 1259 illi
637 1206 847 1259 diaconi
878 1223 945 1261 vit
990 1208 1077 1276 qui
1110 1207 1160 1262 in
1185 1223 1372 1262 eorum
1398 1210 1563 1277 gradu
1609 1208 1790 1262 consi-

217 1306 401 1362 sltt'nt,
436 1309 525 1351 ant
550 1300 725 1352 lanam
769 1299 911 1353 unde
962 1301 1107 1367 ipsos
1137 1301 1359 1354 sarciles
1390 1302 1541 1354 binos
1564 1300 1617 1353 in
1655 1313 1792 1351 anno

217 1388 449 1441 habeant
471 1431 483 1452 ,
538 1398 589 1441 et
619 1389 710 1441 ille
741 1390 884 1443 alius
915 1392 1093 1443 clerus
1124 1392 1488 1457 unusquisque
1530 1388 1782 1456 singulos.

213 1475 496 1529 Camisiles
524 1487 704 1531 autem
735 1480 1000 1547 accipiant
1032 1480 1106 1531 illi
1138 1479 1460 1548 presbyteri,
1494 1487 1549 1532 et
1576 1479 1790 1531 diaconi

215 1568 370 1620 annis
414 1568 641 1635 singulis
683 1568 868 1629 binos;
903 1570 1217 1623 subdiaconi
1263 1568 1506 1623 eamisile
1548 1578 1602 1622 et
1633 1568 1792 1621 dimi-

1903 395 1945 447 si
1977 395 2042 447 ad
2076 410 2312 463 prmsens
2337 406 2440 462 est,
2472 408 2523 452 et
2553 398 2597 452 si
2630 399 2823 452 absens
2857 400 2939 452 bis
2964 401 3153 453 diebus
3182 411 3262 454 est
3283 446 3295 465 ,
3351 411 3475 454 tunc

1902 490 1953 541 in
2014 504 2197 542 eorum
2253 490 2538 545 refectorio
2604 492 2836 546 habeant
2903 494 3254 549 refectionem
3317 494 3474 546 suffi-

1900 579 2130 641 cienter,
2172 582 2327 635 sicuti
2373 586 2622 650 Superius
2656 586 2915 651 scriptum
2959 596 3061 639 est.
3100 588 3162 638 Et
3191 597 3475 655 postquam

1900 671 1967 723 de
2012 670 2297 725 refeetorio
2326 672 2588 733 exierint,
2644 678 2693 726 in
2726 671 2752 710 ιι
2806 675 3072 728 caminata
3112 677 3297 730 bibant
3338 679 3471 739 dua;

1901 761 2068 825 vices,
2101 770 2193 813 aut
2225 770 2335 814 tres
2362 806 2374 828 ,
2410 765 2644 831 qualiter
2673 764 2976 817 consolatio
3013 764 3084 818 sit
3108 801 3125 831 ,
3153 772 3207 819 et
3237 766 3469 819 ebrietas

1880 864 2006 901 anon
2038 848 2364 902 dominetur.
2396 912 2397 915 η

1977 938 2040 993 Et
2072 938 2367 1015 Epiphania
2405 940 2648 1007 Domini,
2711 953 2767 996 et
2797 941 2971 995 media
3019 941 3220 995 Pascha
3247 951 3299 995 et
3326 942 3470 997 clau-

1900 1043 2019 1082 snm
2052 1024 2299 1091 Pascitur,
2332 1039 2385 1083 et
2418 1034 2751 1086 Ascensione
2779 1032 3014 1097 Domini,
3043 1032 3467 1097 etPenteeoste,

1903 1128 1957 1173 et
2004 1118 2260 1173 natalitiis
2296 1120 2555 1188 episcOpi,
2608 1121 2739 1175 istos
2786 1121 2901 1175 dies
2948 1122 3235 1189 episc0pns
3286 1123 3368 1175 eis
3414 1121 3468 1174 in

1894 1209 2178 1263 refectorio
2225 1209 2290 1263 ad
2324 1220 2536 1264 sextam
2569 1209 2908 1266 refectionem
2940 1214 3117 1266 faciat.
3157 1212 3221 1264 Et
3250 1214 3316 1266 de
3362 1212 3470 1265 illis

1893 1296 2271 1351 festivitatibus
2312 1300 2453 1351 unde
2474 1299 2716 1354 abbatias
2746 1302 2797 1371 in
2824 1302 2920 1353 ista
2947 1301 3183 1366 civitate,
3213 1302 3295 1355 vel
3322 1302 3467 1355 foras

1900 1391 2242 1457 propinquas,
2290 1389 2569 1455 habemus,
2614 1391 2751 1444 sicut
2782 1392 3221 1445 consuetudinem
3265 1390 3467 1446 habue-

1846 1466 1849 1467 ν
1892 1486 2059 1541 runt,
2112 1476 2464 1531 refectionem
2512 1478 2577 1531 ad
2629 1480 2831 1532 clerum
2877 1478 3073 1541 facere,
3108 1480 3209 1532 hoc.
3247 1481 3467 1533 omnino

1894 1576 1999 1619 non
2026 1574 2301 1616 remaneat
2331 1564 2381 1617 in
2416 1576 2672 1631 quantum
2711 1566 3044 1632 possibilitas
3068 1566 3251 1622 fuerit.

219 1657 307 1711 dio
334 1696 349 1721 ,
411 1669 465 1712 et
494 1658 567 1712 illi
598 1659 691 1728 qui
724 1659 776 1713 in
809 1660 1039 1733 reliquis.
1062 1663 1313 1731 gradibus
1343 1672 1487 1729 sunt,
1522 1663 1779 1733 singulos.
1816 1641 1865 1700 Β
1964 1657 2029 1708 Et
2073 1654 2163 1709 ille
2201 1652 2215 1690 ί
2245 1655 2692 1719 arChidiacthS.
2740 1657 2824 1709 vel
2868 1656 2958 1725 QUi
3002 1666 3128 1711 tunc
3163 1659 3265 1711 sub
3307 1673 3466 1712 manu

212 1748 576 1803 Calciamenta
606 1765 732 1803 vero
764 1752 938 1805 omnis
982 1754 1159 1807 clerus
1183 1754 1335 1807 annis
1358 1754 1578 1822 singulis
1622 1753 1784 1823 pelles

216 1848 237 1876 ο
269 1837 518 1894 baceinas
547 1840 830 1908 accipiant,
861 1839 886 1877 τί
912 1841 1054 1895 solas
1085 1844 1229 1910 paria
1262 1854 1490 1913 quatuor
1520 1854 1568 1895 ε.

282 1952 353 2004 De
377 1950 525 2020 ligna
550 1951 1033 2015 consideravimus,
1058 1964 1115 2007 ut
1146 1954 1211 2008 de
1233 1966 1460 2024 quatuor
1485 1955 1656 2011 libras
1683 1954 1779 2009 de-

210 2039 459 2093 tlenarios
514 2042 721 2109 possint
762 2058 1082 2111 comparare
1140 2044 1284 2113 ligna
1343 2032 1675 2100 sufficienter
1730 2056 1783 2102 et

209 2142 442 2191 annum;
477 2128 588 2195 ipsa
644 2127 785 2194 ligna
831 2128 899 2181 de
951 2129 1075 2183 illos
1126 2128 1369 2195 telones,
1421 2132 1562 2198 quod
1607 2133 1687 2185 eis
1729 2132 1781 2185 in

210 2218 445 2285 civitate,
502 2223 583 2275 vel
618 2224 669 2275 in
704 2226 927 2280 villabus
964 2235 1108 2294 sunt,
1156 2230 1265 2283 sint
1297 2238 1633 2295 comparata,
1684 2229 1783 2287 hoe

207 2321 287 2366 est
329 2323 563 2381 quatuor
608 2317 756 2370 libra:
802 2320 866 2371 ad
901 2320 1002 2373 hoc
1048 2320 1349 2373 mittantur.
1404 2318 1469 2373 Et
1499 2319 1616 2374 Kal.
1660 2318 1782 2374 Maii
1818 2326 1821 2329 ’

208 2418 375 2471 Ipsum
412 2408 685 2463 teloneunt
716 2412 976 2477 accipiant
1006 2452 1021 2476 ,
1070 2423 1125 2467 et
1158 2404 1282 2468 tunc
1311 2412 1427 2480 ipsa
1459 2412 1597 2481 ligna
1629 2428 1783 2467 com-

210 2507 414 2563 parent.
472 2500 536 2557 Et
588 2500 704 2553 illas
750 2516 982 2569 cappas,
1032 2512 1086 2555 et
1134 2504 1257 2557 illos
1299 2504 1563 2571 sareiles,
1604 2514 1661 2559 et
1692 2504 1781 2558 illa

210 2585 574 2642 calceamenta
614 2589 682 2643 de
731 2592 852 2644 illos
893 2592 1133 2646 teloneos
1174 2592 1423 2661 superius
1478 2593 1781 2648 nominatos

209 2680 351 2747 quod
383 2680 587 2735 exinde
612 2693 850 2751 superat,
884 2684 1028 2739 etde
1052 2684 1143 2737 illo
1172 2685 1470 2751 ealciatico,
1504 2684 1646 2754 quod
1689 2684 1781 2739 ille

208 2772 491 2843 episwpus
522 2775 695 2828 cannis
744 2775 970 2844 singulis
1015 2776 1081 2829 ad
1114 2775 1259 2829 illum
1300 2776 1505 2829 clerum
1551 2774 1781 2829 reddere

209 2867 513 2929 consuevit,
544 2875 597 2923 et
627 2866 695 2919 de
725 2880 909 2923 eorum
953 2866 1293 2936 eleemosyna
1336 2865 1479 2934 quod
1507 2864 1573 2919 ad
1604 2866 1779 2932 ipsum

208 2955 409 3009 clerum
467 2957 773 3023 specialiter
821 2956 960 3012 Deus
1007 2956 1256 3022 dederit,
1308 2956 1412 3011 sint
1450 2964 1775 3025 comparata.
1803 2966 1857 3031 ς

210 3046 273 3101 Et
300 3049 345 3100 si
374 3048 577 3116 aliquid
606 3048 802 3102 exinde
827 3047 987 3102 fuerit
1010 3088 1023 3112 ,
1075 3048 1221 3101 aliud
1250 3048 1391 3116 quod
1422 3050 1502 3103 eis
1542 3061 1763 3102 necesse

211 3145 289 3188 est
312 3146 650 3204 comparent,
680 3146 774 3189 aut
804 3138 855 3188 in
886 3142 1074 3190 eorum
1098 3151 1311 3190 camera
1343 3136 1659 3191 recondant.
1708 3136 1777 3190 Et

215 3224 259 3278 si
302 3226 499 3280 ibidem
545 3227 611 3279 ad
663 3228 763 3279 hoc
808 3228 1233 3295 coniparandum
1282 3226 1620 3281 sufficienter
1668 3241 1774 3281 non

215 3312 526 3381 habuerint,
564 3315 654 3370 ille
684 3316 969 3384 episcopus
1010 3316 1110 3369 hoc
1155 3316 1445 3383 prazvideat
1472 3325 1528 3369 et
1555 3316 1773 3381 mittat,

213 3403 346 3459 unde
375 3404 482 3457 hoc
514 3413 683 3458 totum
719 3405 1068 3471 adimpletum
1112 3406 1183 3459 sit
1209 3405 1277 3463 ad
1320 3421 1505 3461 eorum
1536 3408 1774 3462 necessi-

215 3502 388 3559 tatem,
419 3492 577 3550 sicuti
603 3494 848 3563 superius
874 3497 1132 3562 scriptum
1163 3506 1270 3550 est.

276 3586 391 3654 Ipsa
420 3596 600 3640 autem
636 3588 951 3641 vestimenta
972 3628 987 3651 ,
1022 3588 1142 3641 illas
1169 3566 1397 3656 cappas,
1429 3598 1483 3643 et
1506 3588 1732 3644 sareiles
1752 3627 1772 3653 ,

160 3722 167 3731 .
208 3678 270 3728 ad
291 3677 578 3731 transitum
603 3676 777 3731 sancti
802 3677 1016 3730 Martini
1042 3676 1325 3745 accipiant;
1359 3676 1481 3732 illos
1502 3678 1775 3733 camisiles

210 3766 393 3837 viginti
421 3768 539 3822 dies
567 3775 688 3834 post
717 3767 923 3820 Pascha
956 3768 1260 3834 accipiant;
1315 3766 1402 3820 illa
1428 3768 1775 3823 calciamenta

208 3854 319 3913 Kal.
346 3858 682 3927 Septembris
715 3858 966 3916 habeant.
1017 3857 1082 3911 Et
1102 3858 1146 3913 si
1173 3858 1365 3927 aliquis
1393 3874 1455 3913 ex
1491 3860 1608 3927 ipso
1628 3860 1775 3915 clero

207 3949 538 4004 de'ect-lesia
582 3949 689 4003 tale
736 3949 1062 4003 benelicium
1106 3959 1386 4017 acceptum
1423 3951 1491 4001 ab
1520 3950 1773 4017 episcopo

209 4040 381 4109 habet,
413 4049 475 4095 ut
500 4040 692 4096 exinde
732 4041 901 4108 possit
951 4054 1241 4107 procurare
1281 4040 1583 4093 necessaria
1629 4054 1727 4095 sua
1751 4079 1766 4105 ,

217 4129 270 4188 id
296 4142 380 4187 est
410 4146 606 4200 eappas
636 4140 689 4184 et
717 4130 1103 4184 calceamenta.

303 4239 436 4296 CAP.

274 4354 400 4409 Illud
432 4354 677 4408 intimare
706 4354 1049 4422 complacuit,
1082 4365 1138 4408 ut
1169 4371 1267 4411 nos
1296 4365 1347 4409 et
1372 4358 1550 4412 clerus
1581 4366 1766 4413 noster

211 4445 586 4510 festivitatibus
616 4447 852 4513 Domini,
884 4458 937 4501 et
961 4458 1161 4501 sancta:
1189 4448 1365 4502 Mariae
1389 4489 1405 4515 ,
1451 4450 1534 4504 vel
1560 4450 1767 4505 duode-

207 4538 304 4601 cim
353 4539 718 4607 apostolorum
748 4579 763 4602 ,
814 4554 907 4592 seu
952 4549 1008 4593 et
1056 4541 1381 4609 reliquorum
1432 4552 1761 4612 sanctorum,

208 4643 334 4695 quas
366 4646 497 4686 usus
522 4642 604 4685 est
652 4631 703 4684 in
735 4631 835 4684 ista
866 4632 1137 4697 provincia
1169 4634 1326 4686 annis
1375 4635 1599 4703 singulis
1629 4637 1770 4691 cele-

210 4720 379 4787 brare,
413 4726 466 4779 in
494 4734 751 4794 quantum
775 4725 916 4779 Deus
944 4726 1347 4793 possibilitatem
1372 4728 1604 4794 dederit,
1635 4730 1763 4784 illud

212 4812 440 4875 (ilicium
477 4816 718 4871 divinum
753 4818 842 4868 diu
875 4827 1141 4879 noctuque
1185 4816 1361 4871 facere
1402 4833 1767 4885 procuremus.

210 4902 272 4960 Et
316 4910 597 4978 episcopus
631 4908 649 4946 τ
684 4910 1033 4962 innativitate
1087 4909 1317 4975 Domini,
1375 4919 1399 4955 Β
1454 4920 1507 4965 et
1565 4911 1768 4966 Pascha

513 4239 683 4294 XXX.
714 4268 785 4281 -—-
816 4238 891 4293 De
928 4240 1291 4309 festivitatibus
1315 4250 1627 4295 sanctorum.

278 5028 301 5054 ⁸
330 5023 415 5076 ΔΙ.
453 5030 498 5083 et
543 5024 887 5091 unusquisque
932 5021 1051 5073 cleri
1102 5022 1312 5075 senioris
1355 5024 1502 5075 annis
1553 5025 1767 5091 singulis

210 5096 305 5142 tres
325 5092 589 5154 campsiles
617 5095 889 5156 accipiunt,
936 5103 981 5143 et
1016 5094 1358 5161 unusquisque
1376 5093 1506 5161 rcleri
1539 5095 1764 5161 junioris

210 5161 351 5229 annis
379 5161 599 5229 singulis
623 5161 752 5213 duos
780 5161 1047 5226 compsit“
1069 5160 1347 5229 accipiunt.
1374 5160 1379 5163 ’

281 5227 303 5263 δ
335 5227 561 5283 Comites
591 5232 838 5283 dicuntur
870 5234 918 5281 in
953 5227 1319 5301 Andegavcnsi
1365 5246 1465 5285 ms.
1498 5244 1617 5300 cap.

279 5310 299 5334 ε
334 5302 433 5363 ΑΙ..
464 5303 710 5353 vaccinas.

275 5364 298 5401 ⁸
333 5371 437 5432 AL,
465 5372 649 5422 soleas.

222 5446 301 5508 ‘__’
332 5439 466 5508 .idd.
514 5441 628 5508 vulg
668 5456 685 5491 .'
738 5438 799 5490 Et
848 5440 1141 5508 vestimenta
1188 5440 1237 5490 in
1289 5441 1555 5492 transitum
1605 5440 1762 5493 sancti

216 5502 419 5573 ξρατιίηὶ
459 5516 507 5560 et
553 5502 818 5573 criiupsiles
864 5508 914 5557 in
963 5505 1164 5559 Pascha
1226 5518 1273 5559 et
1317 5507 1660 5561 calceamenta
1711 5511 1761 5560 in

224 5569 450 5635 't'alrndis
477 5569 854 5645 Septembribus
878 5577 1110 5629 habeant.
1164 5578 1291 5641 Qua:
1345 5592 1470 5631 vero
1510 5582 1572 5632 ad
1617 5579 1756 5647 ligna

1888 1746 2126 1815 episcopi
2160 1760 2395 1815 praeesse
2426 1746 2665 1811 videtur,
2696 1747 2797 1802 hoc
2824 1750 3070 1815 recipiat,
3104 1756 3160 1803 et
3186 1748 3279 1804 ille
3318 1750 3465 1803 clero

1886 1840 2079 1895 exinde
2126 1840 2177 1892 in
2227 1839 2518 1893 refectorio
2570 1841 2917 1893 refectionem
2973 1839 3174 1905 faciat,
3224 1855 3278 1895 et
3323 1842 3464 1910 quod
3544 1840 3545 1843 “

1886 1939 2135 1997 superest
2175 1930 2240 1982 ad
2268 1943 2454 1983 eorum
2496 1943 2634 1997 Opus
2681 1929 2966 1984 cellerario
3015 1939 3341 1986 reservetur.
3392 1932 3461 1986 Et

1886 2019 1976 2074 ille
2038 2020 2456 2073 archidiaconus
2500 2019 2569 2073 de
2614 2033 2711 2079 sua
2760 2018 2995 2084 actione,
3044 2020 3185 2086 quod
3236 2020 3348 2087 ipse
3393 2022 3461 2075 ad

1890 2125 2075 2164 eorum
2106 2108 2240 2178 opus
2263 2108 2540 2178 praevidet,
2571 2109 2997 2177 purificationem
3027 2122 3226 2163 sancta:
3254 2111 3461 2176 Μαι-ἰδ’,

1884 2209 1938 2253 et
1965 2200 2203 2252 omnium
2233 2198 2625 2266 apostolorum,
2651 2208 2705 2250 et
2727 2196 2901 2250 sancti
2926 2196 3150 2250 Joannis
3183 2198 3457 2267 Baptistae.

1884 2298 1940 2343 et
1964 2289 2133 2342 sancti
2184 2287 2429 2343 Remedii
2458 2288 2539 2342 eis
2585 2286 2936 2342 refectionem
2969 2287 3133 2341 faciat
3159 2288 3226 2341 ad
3255 2299 3461 2344 sextam

1884 2378 1938 2433 in
1967 2378 2270 2439 refectorio.

1884 2473 2014 2528 CAP.
2055 2472 2250 2527 XXXI.
2281 2501 2351 2512 —-
2381 2473 2460 2527 De
2487 2489 2545 2527 eo
2570 2474 2730 2540 quod,
2770 2476 2860 2543 qui
2889 2477 2957 2526 ait
2988 2475 3124 2527 hunc
3154 2476 3459 2527 canonicum

1936 2544 2223 2615 .specialem
2251 2544 2479 2615 ordinent
2523 2543 2681 2614 hujus
2706 2547 3125 2615 congregationis
3173 2561 3227 2597 se
3258 2548 3463 2615 sociare

1952 2614 2079 2680 uult,
2127 2615 2189 2665 de
2227 2614 2374 2666 rebus
2410 2629 2535 2680 quas
2577 2613 2924 2678 possidebad
2971 2613 3279 2667 ecclesiami
3323 2614 3457 2666 beati

1956 2679 2109 2733 Pauli
2136 2685 2357 2751 apostoli
2383 2683 2658 2735 solemnem
2683 2683 3009 2736 donationem
3041 2699 3128 2749 per
3156 2691 3454 2749 prmentem

1951 2752 2135 2819 faciat;
2184 2761 2433 2805 reservato
2467 2761 2636 2805 tamen
2681 2762 2907 2821 tempore
2950 2754 3064 2805 vita:
3107 2767 3215 2805 ante
3250 2757 3459 2818 usufru-

1950 2822 2147 2874 ctnario
2176 2824 2374 2877 ordine.

1956 2912 2107 2967 Licet
2151 2913 2393 2983 legamus
2437 2915 2713 2983 antiquam
2746 2914 3042 2968 Ecelesiam
3085 2915 3186 2967 sub
3217 2920 3459 2979 tempore

1886 3005 2254 3074 apostolorum
2312 3006 2383 3058 ita
2437 3006 2743 3059 unanimem
2801 3004 3232 3069 concordemque
3288 3003 3455 3056 exsti-

1886 3095 2040 3159 tisse,
2072 3106 2127 3148 et
2159 3096 2230 3148 ita
2255 3095 2437 3149 omnia
2464 3096 2775 3164 reliquisse,
2821 3102 2880 3147 ut
2906 3093 3104 3162 singuli
3133 3092 3331 3160 praedia
3361 3106 3459 3145 sua

1883 3184 2178 3238 vendentes
2217 3184 2281 3238 ad
2326 3183 2489 3252 pedes
2532 3185 2898 3253 apostolorum
2941 3184 3112 3251 pretia
3154 3189 3451 3251 ponerent,

1881 3272 2145 3348 ut'nullus
2176 3288 2363 3327 eorum
2406 3272 2507 3327 sibi
2537 3274 2736 3342 aliquid
2771 3274 3045 3340 proprium
3074 3274 3261 3328 dicere
3290 3272 3455 3327 aude-

1880 3372 1995 3428 ret,
2038 3367 2129 3417 sed
2157 3374 2298 3435 erant
2329 3364 2437 3415 illis
2464 3365 2637 3415 omnia
2667 3353 2979 3427 communia;
3009 3363 3148 3416 unde
3174 3373 3225 3416 et
3256 3361 3456 3416 habere

1878 3456 2191 3510 dicebantur
2233 3472 2321 3509 cor
2364 3474 2525 3510 unum
2567 3467 2620 3527 let
2668 3461 2893 3511 animam
2938 3475 3093 3511 unam
3140 3458 3278 3528 (Art.
3325 3461 3445 3525 tv);

1878 3546 2119 3615 quotidie
2151 3546 2293 3599 enim
2325 3548 2465 3599 circa
2493 3539 2686 3599 domus
2718 3561 2910 3615 panem
2945 3548 3275 3617 frangentes,
3306 3548 3449 3615 quod

1879 3638 1932 3690 in
1982 3650 2266 3690 commune
2314 3638 2649 3703 accipiebant
2703 3649 2810 3689 tam
2862 3637 2961 3689 viri
3002 3650 3159 3702 quam
3209 3637 3450 3698 feminae.

1879 3744 1971 3783 seu
2002 3730 2229 3799 parvuli,
2263 3730 2548 3798 omnisque
2578 3732 2769 3798 vulgus
2800 3731 2999 3783 ardore
3052 3729 3176 3783 lidei
3202 3733 3450 3796 accensi,

1879 3829 2038 3886 atque
2082 3819 2134 3872 in
2176 3833 2361 3873 amore
2404 3819 2681 3886 religionis
2725 3820 3019 3885 provocati,
3066 3822 3275 3875 cunctis
3322 3838 3447 3875 cum

1876 3909 2162 3976 gratiarum
2230 3909 2441 3961 actione
2488 3908 2877 3961 sufﬁcientiam
2954 3910 3298 3974 praebebant:
3352 3913 3448 3965 sed

1874 4000 1997 4067 quia
2046 3998 2245 4050 nostris
2314 3998 2648 4065 temporibus
2716 4000 3023 4066 persuaderi
3075 4016 3181 4054 non
3239 4011 3445 4069 potest,

1871 4089 2059 4141 saltem
2102 4087 2185 4140 vel
2221 4088 2320 4140 hoc
2347 4088 2753 4143 consentiamus
2775 4129 2790 4154 ,
2836 4100 2893 4143 ut
2936 4091 3001 4145 ad
3030 4092 3449 4161 aliquantulam-

1872 4194 2086 4247 cunque
2112 4178 2522 4233 similitudinem
2550 4181 2981 4235 conversationis
3010 4197 3198 4237 eorum
3231 4196 3448 4239 nostros
3532 4180 3537 4185 ’

1874 4270 2083 4323 animos
2106 4268 2512 4333 eontrahamus,
2541 4268 2665 4336 quia
2699 4270 2862 4326 nimis
2886 4270 3120 4337 inerter,
3151 4273 3449 4341 tepidisque

1874 4376 1937 4414 ac
1964 4361 2203 4413 remissa:
2242 4359 2545 4414 devotionis
2586 4369 2691 4425 est,
2728 4373 2785 4415 ut
2811 4362 2975 4431 quod,
3017 4354 3445 4432 sicut‘diximus,

1876 4468 2035 4507 omne
2090 4454 2283 4522 vulgus
2328 4468 2425 4521 pro
2454 4452 2549 4507 Dei
2584 4456 2802 4508 nomine
2844 4455 3155 4519 consensit,
3211 4471 3311 4511 nos
3356 4459 3446 4527 qui

1878 4544 2204 4615 peeuliarius
2236 4546 2514 4599 canonicis
2542 4545 2823 4599 ordinibus
2848 4545 3107 4599 inservire
3145 4535 3404 4602 debemus
3429 4593 3445 4614 ,

1875 4634 2396 4706 quantulamcunque
2444 4636 2498 4689 in
2532 4646 2734 4704 partem
2778 4638 2830 4691 in
2880 4637 3018 4691 hanc
3062 4638 3445 4706 perfectionem

1882 4747 1987 4785 non
2020 4731 2443 4791 consentiamus.
2481 4730 2546 4783 Et
2575 4731 2621 4783 si
2649 4730 2829 4783 omnia
2861 4727 3162 4796 relinquere
3188 4742 3291 4789 non
3325 4742 3448 4794 pos-

1875 4836 2096 4885 sumus,
2146 4821 2222 4873 sic
2246 4820 2312 4872 ad
2345 4835 2500 4873 usum
2557 4828 2761 4872 tantum
2804 4828 2982 4873 nostra
3034 4808 3341 4882 teneamus,
3389 4825 3449 4872 nt

1830 4979 1836 4985 .
1874 4910 2091 4963 dimissa
2124 4910 2368 4963 volumus
2398 4909 2646 4962 nolumus
2676 4908 2893 4974 fuerint,
2922 4922 3027 4963 non
3057 4907 3122 4961 ad
3167 4908 3441 4962 Incredunt

1878 5022 2165 5089 pertinent,
2198 5022 2395 5074 omisit.

1948 5090 1965 5128 ί
2005 5093 2112 5154 ΑΙ.,
2144 5092 2220 5143 vel
2247 5093 2332 5159 qui
2356 5092 2447 5144 sub
2473 5105 2531 5143 eo
2560 5102 2653 5143 est.

1944 5172 1968 5207 κ
2001 5162 2107 5223 ΑΙ..
2143 5173 2186 5214 ει
2223 5160 2511 5230 Epiphania
2536 5170 2584 5230 e_t
2608 5159 2810 5214 Pascha
2839 5171 2884 5214 et
2911 5162 3086 5213 clauso
3120 5159 3350 5220 Paretur,
3385 5170 3433 5212 et

1873 5231 2177 5283 Ascensione
2208 5228 2414 5282 Domini
2452 5239 2499 5282 et
2538 5228 2833 5284 Pentecoste
2858 5240 2905 5285 et
2934 5231 3287 5296 festivitatibus
3316 5246 3435 5281 san-

1870 5313 2063 5352 ctorum
2098 5315 2367 5367 provincza:
2394 5316 2519 5352 sum.

1938 5368 1964 5406 ιι
1992 5370 2100 5432 ΑΙ.,
2131 5369 2430 5421 Caminada.

1946 5438 1957 5475 ί
1994 5440 2103 5491 Alia
2136 5440 2187 5491 in
2214 5453 2398 5492 eorum
2427 5439 2596 5493 locum
2640 5439 2942 5507 subrogavit
2972 5436 3336 5507 interpolator.

1941 5507 1954 5556 i
2013 5508 2279 5576 integrum
2322 5518 2480 5577 caput
2529 5510 2865 5578 praetermisit
2926 5506 3268 5575 interpolator
3309 5519 3429 5559 cum

1868 5577 2185 5647 quibusdam
2216 5578 2352 5631 a'iis.
