3914 6236
499 182 634 241 11ιὸ

1440 175 1496 225 s.
1539 165 2026 226 CllllUDEGANGl
2070 163 2408 218 METENSIS
2452 163 2744 217 tzt-tsttort

3564 170 3699 220 lllti

497 306 796 351 nostrorum
823 289 1113 344 carnalium
1135 295 1294 352 atque
1326 291 1627 350 parentum,
1653 279 1743 331 sed
1768 276 1831 329 ad
1859 275 2042 328 Eccle-
2071 276 2118 328 Α
2151 281 2263 334 post
2285 270 2308 305 ά
2335 271 2596 336 obiectum
2628 271 2740 337 ejus
2786 286 2901 322 cum
2933 272 3072 323 omni
3118 271 3410 337 integritate
3446 274 3702 338 omnique

497 384 652 446 siam,
679 381 762 431 cui
797 379 906 430 Deo
934 383 1149 428 auctore
1179 374 1229 423 in
1262 384 1542 423 commune
1564 365 1922 419 deservimus.
1975 357 2044 409 de

508 469 661 536 cujus
703 467 863 519 rebus
908 463 1174 531 stipendia
1218 461 1493 519 habemus,
1552 457 1668 507 loco
1713 447 2044 536 haereditario

511 535 870 623 relinquamus
895 572 908 605 ;
930 563 1007 616 ut,
1047 552 1091 604 si
1118 565 1234 603 cum
1266 547 1368 599 illis
1406 543 1656 612 perfectis
1687 553 1782 605 pro
1814 535 2052 602 perfecta

503 644 984 704 abrenuntiationc,
1010 641 1292 705 saeculique
1319 634 1472 701 hujus
1498 637 1820 690 contemptu,
1845 636 2042 678 corona

507 752 615 789 non
648 737 917 799 tribuitur,
949 731 1030 784 vel
1055 739 1389 797 peccatorum
1419 723 1600 780 venia,
1635 717 1765 771 sicut
1790 711 2043 776 minimis,

515 824 880 878 misericordia
913 822 1086 871 divina
1127 817 1468 868 concedatur.
1513 809 1642 872 Quia
1671 813 1885 857 sanctus
1914 802 2044 854 Pro-

507 929 630 980 sper
660 923 720 974 ιι,
756 912 835 964 vel
879 910 969 961 alii
999 907 1166 960 sancti
1217 905 1434 964 l’atres,
1480 898 1770 951 secundum
1815 891 2044 944 divinant

503 1004 868 1055 auctoritatem
891 1040 904 1061 ,
947 1003 1238 1051 sanxerunt
1267 1003 1323 1044 ut
1347 993 1420 1043 illi
1452 987 1627 1041 clerici
1669 986 1756 1052 qui
1786 985 1851 1034 de
1889 981 2046 1034 rebus

505 1091 751 1145 Ecclesia:
778 1092 954 1141 vivere
986 1085 1204 1151 cupiunt
1225 1122 1242 1145 ,
1272 1093 1357 1132 res
1386 1077 1624 1146 proprias
1653 1089 1784 1141 quas
1815 1071 2000 1122 habent
2029 1107 2043 1128 ,

507 1195 601 1246 per
645 1180 988 1230 instrumenta
1032 1173 1333 1225 chartarum
1359 1207 1374 1232 ,
1425 1166 1536 1219 Deo
1576 1172 1630 1215 et
1679 1161 1927 1222 Ecclesim
1963 1157 2044 1209 cui

505 1266 816 1318 deserviunt
844 1263 1146 1315 condouent
1168 1299 1184 1323 ,
1229 1266 1283 1310 et
1310 1258 1386 1309 sic
1419 1256 1581 1308 rebus
1613 1251 1863 1304 Eet-lesim
1891 1249 2046 1298 licen-

503 1362 608 1413 tius
627 1359 824 1426 absque
854 1359 1078 1408 maxima
1100 1353 1249 1420 culpa
1277 1358 1515 1411 utantur,
1539 1359 1595 1399 ut
1633 1347 1766 1398 sicut
1795 1344 1860 1394 de
1888 1340 2046 1393 rebus

503 1431 754 1505 Ecclesia:
782 1450 879 1515 ipsi
919 1447 1089 1500 clerici
1118 1443 1364 1513 gaudent,
1398 1442 1467 1493 ita
1524 1446 1580 1492 et
1606 1434 1836 1490 Ecclesia
1866 1432 1933 1484 de
1965 1445 2048 1482 re-

506 1540 604 1592 bus
657 1541 888 1606 ipsorum
933 1537 1244 1590 clericorum
1288 1545 1408 1585 cum
1452 1526 1767 1596 pauperibus
1818 1523 1928 1578 suis
1971 1521 2047 1572 sic

501 1639 652 1681 aucta
684 1638 839 1694 atque
871 1627 1140 1678 melioratzt
1172 1622 1486 1689 gratuletur.
1534 1617 1604 1669 Ita
1643 1624 1819 1667 tamen
1850 1621 1906 1663 ut
1952 1608 2048 1676 ipsi

503 1716 683 1771 clerici
711 1717 833 1768 dum
864 1715 1128 1775 adviveut,
1167 1712 1309 1764 siita
1344 1710 1617 1774 placuerit,
1653 1720 1737 1758 res
1768 1716 1888 1755 suas
1923 1715 2048 1752 usu-

503 1806 792 1857 fructuarto
821 1804 1010 1856 ordine
1055 1817 1146 1866 per
1173 1799 1486 1853 beneficiqu
1518 1794 1757 1848 ecclesia:
1797 1791 2050 1851 habeant,

509 1903 566 1945 ut
591 1894 765 1946 omnia
793 1893 897 1945 sint
917 1891 1238 1950 communia,
1272 1886 1298 1924 δ
1325 1900 1377 1940 et
1408 1893 1621 1953 propter
1644 1883 1842 1935 obitum
1865 1892 2049 1932 eorum

501 1982 570 2034 ad
600 1982 889 2035 Ecclesiam
908 2022 923 2044 ,
972 1981 1052 2032 vel
1085 1978 1150 2031 ad
1173 1977 1484 2030 canonicum
1510 1973 1779 2034 ordinem,
1805 1968 1888 2022 cui
1929 1976 2050 2019 ante

507 2071 647 2126 datae
693 2074 900 2124 fuerant
923 2111 938 2131 ,
984 2078 1335 2123 revertantur.
1372 2064 1625 2121 Similiter
1655 2061 1963 2114 indicantes-
1993 2065 2050 2110 ut

510 2162 586 2214 Illi
631 2161 808 2215 clerici
869 2161 954 2226 qui
1011 2160 1076 2212 de
1127 2156 1460 2210 facultatibus
1516 2152 1627 2205 suis
1677 2145 2048 2202 sufﬁcientiam

508 2251 722 2312 habent,
770 2249 836 2302 de
867 2249 993 2316 ipsis
1021 2249 1179 2301 rebus
1214 2244 1437 2312 propriis
1476 2242 1654 2294 vivere
1699 2238 1958 2295 debeant.
2004 2233 2050 2287 si

506 2350 680 2392 tamen
722 2338 914 2390 iulirmi
948 2335 1176 2398 fuerint,
1221 2342 1277 2384 ut
1322 2332 1374 2383 in
1405 2328 1649 2381 omnibus
1679 2325 1744 2377 ad
1791 2326 2048 2390 integrum

509 2429 760 2483 Ecclesia:
791 2428 906 2492 Dei,
937 2428 1020 2480 cui
1053 2425 1383 2485 deserviunt,
1419 2423 1546 2474 dare
1576 2419 1860 2481 noluerint,
1893 2425 1947 2468 et
1975 2415 2050 2468 sic

508 2518 675 2584 ipsius
710 2516 961 2568 Ecclesiae
1003 2513 1055 2566 in
1097 2527 1277 2583 amore
1304 2511 1502 2564 Christi
1534 2508 1757 2574 gratuita
1798 2504 2047 2559 servitute

501 2604 790 2670 seduloque
822 2603 1176 2655 modulatione
1207 2599 1549 2666 impendant;
1585 2594 1839 2670 etﬁsciant
1866 2606 1922 2644 se
1950 2604 2046 2657 pro

503 2693 601 2741 hac
630 2665 720 2752 re,
769 2689 889 2755 quia
917 2689 1076 2743 rebus
1104 2665 1357 2740 Ecclesiae
1386 2684 1536 2735 sicuti
1580 2665 1762 2733 caiteri
1806 2677 2046 2733 canonici

513 2787 746 2837 utuntur,
778 2779 1057 2845 Specialem
1085 2774 1500 2829 misericordiam
1524 2786 1550 2822 a
1575 2774 1685 2826 Deo
1717 2781 2040 2837 recepturos,

499 2867 586 2920 cui
627 2867 692 2920 de
724 2867 954 2934 propriis
1002 2867 1159 2918 rebus
1188 2862 1498 2922 inserviunt,
1554 2862 1675 2928 quia
1701 2901 1714 2922 ,
1766 2859 1809 2909 si
1839 2872 1899 2911 ea
1928 2871 2044 2924 quae

505 2957 773 3024 accepturi
802 2964 954 3008 erant
981 2955 1078 3022 pro
1107 2968 1289 3007 eorum
1318 2950 1594 3003 ordinibus
1620 2948 1685 3001 de
1715 2948 2045 3013 elecmosyua

503 3047 854 3114 dispensatori
880 3045 1098 3112 relique:
1115 3043 1212 3106 int,
1243 3041 1373 3094 nihil
1397 3039 1712 3092 habentibus
1732 3036 2044 3090 conferenda

505 3138 623 3191 sine
663 3145 883 3203 peccato
925 3133 1197 3202 possident
1221 3145 1334 3194 sua,
1386 3129 1506 3196 quia
1553 3136 1604 3180 et
1646 3125 1743 3193 ipsi
1789 3124 2043 3192 quodam-

503 3225 663 3279 modo
709 3225 1154 3291 relinquuntsua,
1181 3221 1404 3287 quando
1442 3217 1663 3285 prapriis
1705 3208 1934 3269 conieuti
1965 3229 2046 3267 re.

499 3315 628 3378 bus,
677 3313 910 3379 nihilque
949 3326 1007 3364 se
1055 3310 1172 3378 jure
1216 3311 1409 3363 debere
1476 3307 1800 3359 arbitrantur
1850 3305 2040 3372 recipi.

508 3417 528 3437 υ
551 3402 702 3467 Quod
731 3402 774 3456 si
807 3411 991 3469 putant
1021 3399 1141 3452 ideo
1168 3399 1330 3463 accipi
1362 3397 1554 3449 debere
1578 3410 1760 3448 eorum
1782 3407 1897 3462 quur:
1918 3408 2042 3447 con-

504 3491 746 3545 feruntur
791 3490 1042 3546 Ecclesia:
1087 3488 1418 3555 portionem,
1463 3500 1560 3539 nec
1603 3500 1718 3537 eam
1767 3485 2043 3537 videantur

502 3580 760 3645 abjicere,
812 3581 932 3647 quia
985 3594 1086 3631 non
1134 3579 1337 3644 possint
1377 3592 1468 3629 sua
1513 3577 1854 3640 relinquere,
1899 3573 2042 3642 quod

501 3672 578 3725 eis
598 3671 834 3723 deforme
860 3671 928 3723 sit
957 3670 1103 3721 inter
1125 3682 1246 3719 suos
1281 3680 1536 3733 pauperes
1566 3665 1714 3716 reddi
1743 3705 1757 3725 ,
1800 3664 2045 3716 noverint

500 3774 620 3812 esse
657 3759 946 3811 deformius
978 3771 1312 3824 possessuros
1339 3756 1405 3806 de
1447 3754 1803 3821 eleemosyuis
1851 3743 2044 3819 paupel

500 3863 615 3901 rum
647 3847 812 3914 pasci.
841 3848 950 3901 lloc
977 3847 1116 3900 enim
1151 3844 1533 3912 providendum
1563 3853 1663 3903 est,
1702 3850 1755 3894 ut
1787 3858 1889 3894 non
1921 3856 2041 3909 gra-

498 3945 648 3988 vetur
686 3944 853 3987 mater
898 3933 1157 3997 Ecclesia,
1203 3949 1356 3999 quam
1397 3940 1610 3984 constat
1639 3930 1874 3998 quotidie
1916 3929 2040 3983 sub-

503 4021 730 4074 ventioui
756 4036 1040 4088 pauperum
1068 4060 1083 4081 ,
1133 4017 1544 4088 viduarumquel,
1574 4027 1734 4084 atque
1762 4017 2039 4082 orphano-

499 4125 638 4172 rum,
688 4109 946 4175 simulque
987 4109 1274 4176 egentium,
1311 4121 1567 4159 canonum
1614 4108 1855 4174 jussione
1904 4121 2036 4158 con-

498 4199 756 4260 strictam,
789 4198 982 4250 debere
1009 4212 1128 4251 esse
1155 4210 1362 4262 semper
1389 4197 1663 4250 intentam.

550 4285 731 4353 igitur
758 4286 1044 4353 quicunque
1085 4299 1142 4336 se
1167 4285 1230 4335 ad
1261 4285 1396 4335 hunc
1424 4285 1662 4336 ordinem
1696 4285 2034 4349 canonicum,

494 4374 836 4443 quem'modo
865 4383 1126 4441 utcunque
1159 4386 1472 4438 recuperare
1495 4373 1754 4439 cupimus,
1803 4375 1937 4426 sicut
1985 4376 2034 4427 in

493 4463 709 4530 parvulo
747 4461 1053 4523 decretulo,
1099 4461 1236 4525 quod
1267 4462 1611 4527 digessimus,
1661 4462 2032 4529 intimavimus,

493 4562 553 4602 se
579 4552 782 4602 sociare
807 4551 1047 4615 voluerit,
1081 4564 1133 4603 et
1162 4551 1228 4602 de
1258 4551 1411 4603 rebus
1439 4565 1570 4617 quas
1601 4551 1758 4603 habet
1788 4533 2036 4606 solemni—

493 4645 572 4692 ter
616 4638 899 4691 donatione
952 4654 1043 4704 per
1090 4647 1397 4706 praesentem
1447 4639 1607 4691 donet
1647 4638 1710 4691 ad
1758 4642 2031 4695 ecclesiam

492 4726 630 4779 beati
660 4727 802 4780 Pauli
829 4727 891 4780 ad
920 4742 1050 4794 opus
1083 4727 1205 4794 Dei,
1248 4728 1328 4780 vel
1361 4727 1572 4780 clericis
1624 4727 1813 4803 ibidem
1848 4729 2028 4782 descr-

494 4815 774 4882 vieutibus,
829 4816 985 4870 faciat
1009 4827 1062 4870 et
1113 4817 1419 4884 precariam,
1474 4818 1516 4869 si
1559 4819 1629 4870 ita
1678 4818 1723 4869 ei
1759 4817 2031 4884 placuerit,

493 4907 682 4961 exinde
704 4907 769 4957 ab
789 4909 1033 4972 episcopo
1060 4909 1299 4972 accipiat,
1351 4908 1401 4958 in
1441 4922 1499 4960 ea
1529 4909 1751 4969 ratione,
1783 4917 1857 4970 ut,
1908 4907 2029 4960 dum

493 4994 717 5056 advivet,
767 4994 902 5061 ipsas
945 5009 1028 5047 res
1079 4996 1456 5048 usufiuctuario
1505 4997 1688 5050 ordine
1717 4997 1920 5060 habeat,
1977 5003 2030 5049 et

559 5181 582 5205 ι
610 5169 713 5220 Seu
745 5170 915 5232 potius
942 5167 1178 5222 Julianus
1205 5166 1480 5221 Pomerius
1508 5211 1518 5229 .
1549 5169 1612 5223 de
1636 5168 1752 5223 Vita
1784 5181 2023 5225 contem-

490 5239 698 5307 plativa.

559 5307 584 5343 1³
619 5307 773 5370 Lege,
801 5316 847 5355 et
877 5314 984 5366 post
1014 5307 1216 5357 obitum.

559 5386 580 5412 ο
617 5375 736 5427 l-lzec
764 5376 914 5426 valde
938 5376 1196 5427 intrirula.

559 5444 581 5478 ⁸
616 5443 763 5509 Lege,
796 5445 998 5504 obitum,
1034 5454 1084 5496 ut
1118 5459 1290 5509 supra.

2148 361 2478 426 superposito
2523 361 2585 410 ad
2612 362 2889 412 ecclesiam
2916 363 2997 414 cui
3020 363 3154 414 data:
3181 362 3394 423 fuerint,
3424 365 3503 412 vel
3530 363 3702 426 ipsius

2145 452 2564 519 congregationis
2595 453 2734 516 ipsas
2763 467 2866 512 res,
2899 454 3096 520 absque
3123 456 3273 505 ullius
3294 453 3702 518 consignatione

2149 543 2226 594 vel
2253 549 2548 606 exspectata
2580 540 2860 592 traditione
2889 550 3236 594 revertantur.
3270 543 3332 592 Et
3361 543 3518 594 liceat
3546 543 3596 592 ei
3630 543 3702 591 de

2146 629 2288 679 omni
2320 627 2497 680 mobili
2525 642 2587 680 ex
2620 628 2745 691 ipsis
2773 629 2952 694 rebus,
2983 631 3210 696 quandiu
3243 630 3390 694 vivit,
3419 640 3471 684 et
3500 633 3552 682 in
3584 633 3706 696 ipso

2146 718 2331 772 ordine
2351 717 2610 780 consistit,
2644 717 3005 788 cleetnosyuas
3029 731 3130 772 tam
3163 720 3213 772 in
3235 736 3511 787 pauperes,
3539 736 3702 783 quam

2147 806 2211 857 ad
2249 806 2412 871 ipsam
2465 805 2945 872 congregationem,
2997 823 3151 871 quam
3195 809 3350 859 etiam
3401 807 3706 871 ubicunque

2148 893 2391 956 voluerit,
2421 893 2618 956 facere,
2651 903 2703 945 et
2733 895 3072 945 necessitates
3107 909 3228 946 suos
3272 895 3505 961 explere.
3566 896 3703 946 Etsi

2145 980 2355 1049 aliquod
2385 982 2451 1034 de
2479 981 2592 1048 ipso
2619 982 2793 1034 mobili
2824 992 2937 1047 post
2967 983 3165 1033 obitu'n
3197 982 3310 1048 ejus
3350 984 3701 1049 superfuerit,

2146 1072 2315 1124 media
2345 1086 2464 1135 pars
2497 1071 2548 1123 iu
2577 1071 2912 1140 elcemesyna
2942 1073 3020 1124 eis
3051 1073 3101 1124 in
3133 1087 3411 1139 putperes,
3461 1075 3544 1125 vel
3579 1088 3704 1139 pro.-

2149 1160 2338 1214 missas
2369 1161 2508 1226 ejus,
2540 1171 2630 1212 aut
2662 1161 2746 1211 ubi
2780 1162 2999 1213 voluerit
3022 1163 3276 1222 ambulet,
3305 1163 3700 1223 architliaconn,

2145 1261 2236 1302 aut
2266 1252 2587 1316 primicerio,
2619 1253 2699 1305 vel
2733 1252 2814 1305 cui
2843 1254 2954 1319 ipse
2979 1253 3159 1304 vivens
3190 1256 3452 1323 rogaverit
3477 1255 3703 1322 dispen-

2129 1349 2332 1392 sante:
2363 1349 2415 1392 et
2443 1341 2527 1391 illa
2572 1341 2741 1393 media
2791 1355 2910 1407 pals
2939 1341 2996 1392 in.
3043 1340 3203 1408 ipsius
3249 1342 3590 1412 eleemosyna
3635 1346 3700 1396 ad

2148 1425 2377 1490 clerum,
2428 1429 2507 1479 vel
2560 1428 2622 1480 ad
2656 1427 2818 1493 ipsam
2851 1431 3345 1498 congregationem;
3384 1441 3700 1484 revertatur.

2152 1517 2214 1567 lit
2243 1516 2339 1582 ipsi
2382 1517 2558 1569 clerici
2589 1517 2656 1569 de
2693 1519 2817 1584 ipsis
2847 1519 3007 1571 rebus
3033 1535 3164 1587 quas
3194 1520 3244 1572 iu
3286 1522 3552 1586 precarias
3604 1522 3700 1572 ha-

2081 1585 2126 1641 Β
2155 1604 2294 1667 bent,
2327 1621 2495 1669 neque
2521 1605 2585 1658 de
2610 1606 2764 1662 terris
2785 1649 2799 1671 ,
2852 1623 3022 1672 neque
3054 1585 3133 1661 de
3165 1585 3350 1673 vineis,
3399 1623 3489 1663 aut
3533 1611 3700 1676 silvis,

2153 1692 2336 1758 pratis,
2368 1693 2628 1753 domibus,
2658 1694 2916 1756 aediliciis,
2949 1699 3239 1761 mancipiis,
3271 1700 3573 1758 accolahus.
3612 1703 3689 1752 vel

2151 1780 2467 1847 quibuslibet
2516 1782 2672 1834 rebus
2702 1782 3056 1834 iuunobilibus
3101 1787 3404 1849 minuendi,
3457 1800 3549 1839 aut
3578 1805 3689 1838 vcn-

2149 1869 2328 1932 dendi,
2372 1878 2462 1920 aut
2501 1868 2918 1921 communicandi
2961 1881 3273 1936 potestatem
3303 1889 3424 1932 non,
3451 1876 3690 1934 habeant,

2148 1963 2391 2024 excepto,
2425 1965 2481 2008 ut
2523 1956 2771 2019 diximus,
2799 1956 2866 2009 dc
2895 1958 2978 2008 illa
3009 1960 3196 2023 fructu,
3227 1963 3306 2013 vel
3333 1963 3468 2027 quod
3505 1965 3699 2016 ibidem

2149 2043 2390 2098 laborare
2419 2046 2702 2111 potuerint,
2732 2048 2967 2100 viventes
2993 2047 3188 2100 faciant
3211 2053 3346 2115 quod
3377 2052 3658 2103 voluerint.

2225 2135 2371 2200 Quod
2402 2135 2445 2186 si
2488 2136 2788 2202 contigerit,
2837 2137 3086 2188 suadente
3131 2137 3358 2198 diabolo,
3407 2148 3459 2190 ut
3504 2139 3704 2205 aliquis

2148 2238 2212 2277 cx
2241 2224 2320 2277 his
2347 2223 2588 2278 fratribus
2639 2228 2725 2292 qui
2780 2227 2919 2292 ipsas
2951 2242 3034 2279 res
3065 2241 3156 2292 per
3191 2229 3451 2291 precarias
3485 2229 3696 2281 habue-

2149 2311 2256 2365 rint
2283 2312 2332 2364 in
2365 2311 2537 2378 aliquo
2561 2313 2782 2365 crimine
2809 2327 2985 2380 grave.
3033 2325 3118 2363 aut
3150 2317 3290 2374 leve,
3339 2314 3552 2375 incidat,
3585 2329 3699 2379 pin-

2151 2400 2420 2455 nitcntiam
2459 2401 2606 2468 juxta
2632 2401 2770 2469 quod
2795 2402 3074 2468 episcopus
3104 2405 3149 2454 ei
3182 2403 3499 2468 jttdicaverit
3537 2417 3688 2470 agat;

2149 2498 2320 2543 tamen
2347 2490 2413 2543 de
2442 2489 2600 2542 rebus
2627 2503 2756 2556 quas
2793 2503 2886 2554 per
2915 2494 3202 2555 precariam
3245 2491 3481 2559 possidet
3509 2508 3687 2556 exspu-

2146 2579 2304 2632 liatus
2335 2592 2428 2644 pro
2459 2581 2554 2630 hac
2583 2592 2642 2632 re
2671 2589 2790 2631 case
2835 2592 2936 2630 non
2989 2579 3195 2634 debeat.
3267 2581 3321 2633 Si
3353 2597 3474 2646 QUIS
3522 2593 3677 2633 autem

2147 2668 2332 2722 eodem
2372 2669 2530 2720 modo
2575 2682 2681 2736 quo
2723 2681 2879 2735 supra
2930 2669 3248 2722 instituimus
3295 2670 3359 2722 ad
3395 2672 3529 2722 hanc
3571 2685 3685 2723 cou~

2146 2759 2525 2825 gregationem,
2579 2765 2682 2807 tam
2713 2770 2848 2808 unus
2890 2771 2952 2808 ex
2983 2757 3256 2808 abbatith
3284 2759 3506 2820 nostris,
3544 2773 3689 2825 quam

2152 2846 2368 2912 quilibet
2405 2846 2671 2898 extraneis
2717 2845 2925 2898 clericis
2961 2860 3023 2897 se
3065 2847 3271 2901 sociare
3299 2847 3692 2910 desideraverit,

2151 2946 2437 2997 coteuore,
2483 2945 2542 2990 ut
2567 2935 2657 2989 alii
2689 2935 2879 2988 fratres
2926 2935 3183 3000 fecerunt,
3234 2936 3411 2990 faciat.
3464 2937 3617 3002 Quod
3655 2940 3694 2988 si

2145 3026 2280 3080 alter
2307 3024 2482 3087 fuerit,
2531 3027 2620 3093 qui
2651 3039 2709 3078 se
2737 3026 2817 3080 eis
2852 3026 3073 3078 voluerit
3101 3027 3323 3089 sociare,
3349 3037 3404 3080 et
3427 3030 3610 3080 omnia
3634 3030 3696 3078 ad

2145 3116 2399 3181 integrum
2425 3112 2753 3181 perfectionis
2781 3114 2947 3180 gratia
2985 3116 3374 3181 derelinquere,
3417 3118 3699 3181 episcopus

2144 3200 2413 3269 provideat
2441 3201 2519 3253 eis
2549 3201 2866 3264 necessaria,
2899 3203 3125 3268 qualiter
3150 3217 3284 3269 Opus
3315 3204 3512 3256 bonum
3535 3209 3694 3272 quod,

2145 3289 2254 3342 Deo
2283 3288 2596 3357 inspirante,
2622 3288 2802 3356 cmpit,
2833 3291 3121 3357 adimplere
3147 3294 3337 3344 valeat.

2439 3375 2563 3430 Car.
2595 3374 2810 3430 XXXII.
2837 3407 2906 3417 —
2936 3377 3008 3431 De
3029 3379 3374 3448 eleemosyuis.

2216 3466 2289 3520 De
2316 3466 2667 3535 eleentosyuis
2700 3467 3020 3534 accipiendis
3050 3468 3117 3521 ita
3147 3469 3547 3533 constituimus,
3579 3479 3633 3523 ut
3656 3470 3697 3522 si

2142 3557 2329 3622 aliquis
2367 3559 2454 3610 uni
2485 3559 2745 3612 sacerdoti
2777 3574 2870 3624 pro
2900 3561 3055 3611 missa
3087 3573 3202 3621 sua,
3255 3559 3337 3613 vel
3367 3575 3463 3626 pro
3493 3561 3698 3614 confes-

2142 3649 2310 3711 sione,
2398 3660 2491 3700 aut
2518 3649 2841 3709 infirmitate,
2874 3663 2966 3702 seu
2997 3663 3090 3716 pro
3118 3650 3349 3716 quolibet
3377 3649 3551 3703 charo
3581 3666 3686 3714 suo.

2141 3746 2233 3790 aut
2263 3738 2489 3802 vivente,
2515 3748 2604 3792 aut
2633 3750 2856 3798 mortuo,
2893 3740 3082 3806 aliquid
3115 3742 3164 3790 in
3196 3740 3538 3808 eleemosyna
3571 3745 3684 3794 dare

2141 3825 2396 3887 voluerit,
2455 3827 2552 3879 hoc
2591 3829 2834 3880 sacerdos
2883 3826 2901 3863 τ
2950 3841 2977 3879 a
3022 3828 3280 3880 tribuente
3329 3829 3600 3896 accipiat,
3646 3840 3692 3881 ct

2139 3919 2325 3973 exinde
2355 3921 2490 3988 quod
2544 3920 2764 3974 voluerit
2790 3919 2962 3976 faciat.
3013 3920 3068 3973 Si
3101 3935 3271 3973 autem
3303 3921 3366 3973 ad
3393 3937 3592 3975 omnes
3621 3937 3694 3974 sa-

2137 4009 2380 4062 cerdotes
2407 4009 2506 4062 sub
2533 4009 2617 4061 tali
2665 4010 2988 4072 conditione,
3023 4023 3114 4068 seu
3147 4025 3239 4073 pro
3268 4010 3514 4076 quolibet
3543 4013 3695 4062 modo

2138 4098 2330 4164 aliquid
2358 4099 2408 4150 in
2435 4097 2775 4166 eleemosyna
2798 4098 2927 4150 dare
2949 4096 3190 4159 voluerit,
3219 4097 3318 4150 hoc
3342 4100 3572 4151 omnino
3594 4108 3693 4151 tam

2061 4186 2201 4274 Dad
2239 4201 2420 4241 omnes
2466 4186 2795 4249 sacerdotes,
2843 4201 2997 4253 quam
3051 4186 3114 4237 ad
3162 4201 3346 4240 omnes
3397 4189 3696 4239 canonicos

2141 4277 2330 4341 veniat,
2360 4287 2412 4330 et
2440 4289 2621 4329 onlnes
2649 4279 2780 4328 banc
2806 4278 3192 4344 eleemosynam
3222 4291 3572 4330 coinuiunem
3607 4277 3696 4327 ha-

2139 4365 2315 4419 beant.
2348 4363 2602 4417 Similiter
2640 4373 2689 4417 et
2740 4363 2840 4416 illa:
2875 4365 3244 4434 eleemosync,
3296 4379 3410 4432 qua:
3461 4366 3515 4418 in
3548 4379 3694 4418 coni-

2137 4468 2294 4508 mune
2334 4456 2397 4506 ad
2429 4467 2634 4507 onmem
2683 4454 2876 4507 clerum
2931 4458 3169 4515 veniunt,
3222 4469 3408 4507 omnes
3440 4456 3496 4508 in
3544 4468 3692 4509 com-

2135 4557 2293 4598 mune
2325 4543 2566 4604 habeant,
2598 4551 2648 4596 et
2681 4542 3041 4610 psalmodiam,
3074 4543 3156 4596 vel
3187 4543 3398 4606 missas,
3431 4557 3532 4610 pro
3561 4543 3691 4609 ipsis

2135 4631 2504 4699 elcemosynis,
2534 4640 2588 4682 ut
2615 4631 2886 4698 episc0pus
2919 4632 3228 4691 instituerit,
3255 4631 3475 4681 faciant.

2205 4724 2322 4775 Ideo
2349 4731 2516 4776 autem
2549 4736 2844 4776 mensuram
2890 4721 3247 4774 sacerdotibus
3286 4719 3350 4770 de
3387 4719 3690 4783 eleemosy-

2134 4813 2213 4867 uis
2242 4811 2550 4877 recipiendis
2580 4809 2644 4862 ad
2670 4824 2802 4876 opus
2825 4808 3089 4875 proprium
3117 4807 3356 4870 fecimus,
3383 4808 3512 4872 quia
3539 4805 3690 4880 nimis

2131 4915 2290 4971 grave
2329 4897 2529 4964 pondus
2557 4899 2974 4951 existimavimus
3003 4896 3079 4950 eis
3107 4909 3246 4960 esse,
3275 4893 3318 4946 si
3358 4903 3470 4947 tam
3506 4897 3690 4964 iugen-

2132 4991 2199 5043 tia
2226 5004 2386 5043 onera
2419 4999 2443 5036 ε
2479 4988 2806 5058 peccantium
2852 4987 2979 5041 solis
3008 4986 3113 5040 illis
3161 4985 3538 5040 sacerdotibus
3565 4999 3684 5038 con-

2205 5179 2227 5205 ⁶
2259 5169 2365 5229 AL,
2396 5179 2478 5218 aut
2501 5167 2679 5219 clerico
2702 5182 2790 5232 pro
2818 5165 3022 5233 psalmis
3049 5176 3093 5217 et
3122 5163 3340 5227 hymnis,
3371 5176 3466 5214 seu
3492 5178 3590 5227 pro
3610 5176 3689 5211 ςε-

2129 5244 2256 5306 ipso.

2205 5305 2220 5343 τ
2251 5306 2354 5366 AL,
2385 5305 2459 5355 re!
2482 5304 2710 5353 clericus.

2200 5387 2217 5413 ο
2255 5375 2353 5434 AL,
2389 5374 2745 5437 perc-mninum.
