3914 6236
259 151 409 205 ΗΠ

1488 143 1756 198 ιιεϐυιΑ
1795 140 2295 197 ςΑΝοΝιευιιυΜ.

3351 141 3487 198 ειη

255 263 494 330 surgeret
537 269 776 326 portare;
825 258 943 326 quia
998 257 1207 308 facilius
1256 258 1345 309 Dei
1399 258 1817 311 misericordiam
1848 258 1895 311 Α
1922 265 1976 305 et
2005 257 2343 324 negligentia.
2373 263 2445 317 et,
2498 265 2554 308 ut
2587 255 2652 309 ita
2682 255 2934 321 dixerim,
2987 254 3186 323 absque
3217 257 3476 325 prmities.

259 354 447 416 plures
478 350 752 415 impetrant
780 361 874 414 pro
903 346 1263 413 peccatoribus
1286 361 1439 412 quam
1460 361 1613 408 unus,
1635 358 1822 412 quam-

255 439 347 490 vis
368 440 629 490 studiosus
655 455 668 498 ;
700 447 752 489 et
780 437 1136 501 unusquisque
1166 433 1232 487 de
1262 437 1468 500 propria
1498 433 1820 488 conscientia

256 528 428 579 debet
449 539 700 587 metuere,
730 536 926 592 quanto
959 525 1122 590 magis
1153 523 1218 576 de
1248 525 1433 576 alienis
1463 522 1690 590 peccatis
1718 536 1820 573 non

255 617 427 668 debet
453 616 548 667 sibi
577 629 737 680 supra
767 614 904 666 vires
961 611 1226 664 sarcinam
1268 623 1602 679 peccatorum
1642 623 1824 662 cumu-

256 704 378 756 lare
402 706 422 754 ?
1105 764 1108 766 _

337 794 445 846 llas
473 792 837 860 eleemosynas
871 789 1289 854 archidiaconus,
1343 801 1434 843 aut
1463 791 1816 858 primicerius,

254 879 551 946 recipiant,
581 891 634 932 et
665 882 714 932 iu
749 879 1145 931 necessitatibus
1187 878 1426 942 fratrum,
1478 887 1534 931 ut
1562 880 1640 931 eis
1687 893 1819 946 opus

255 970 445 1031 fuerit,
474 978 525 1020 et
548 969 824 1032 cpiscopus
850 967 1177 1033 judicaverit,
1207 968 1346 1033 ipsas
1374 967 1709 1031 expendaut;
1763 979 1820 1020 et

252 1061 303 1111 si
350 1058 541 1125 aliquid
589 1058 781 1110 eximie
822 1057 1158 1124 superfuerit,
1206 1060 1256 1109 in
1285 1056 1547 1110 vestiariis
1594 1054 1815 1110 fratrum

256 1150 572 1201 recondant.
1425 1135 1435 1147 ’

249 1233 392 1289 CAP.
419 1236 648 1290 XXXIII.
692 1261 760 1272 -
792 1233 978 1287 Diebus
1016 1235 1320 1298 Dominicis,
1367 1237 1439 1287 vel
1464 1237 1816 1303 festivitatibus

328 1337 612 1378 sanctorum
639 1366 653 1388 ,
701 1326 914 1389 qualiter
951 1327 1016 1375 ad
1057 1325 1334 1391 capitulum
1379 1340 1465 1376 seu
1506 1325 1572 1374 ad
1610 1326 1813 1375 missam

329 1427 619 1470 οεειινταηι.

334 1504 390 1555 lu
419 1504 604 1557 diebus
635 1503 916 1556 Dominicis
941 1545 954 1564 ,
996 1503 1076 1554 vel
1105 1501 1472 1554 festivitatibus
1495 1512 1814 1563 sanctorum,

1933 345 2072 398 tione
2099 355 2150 398 et
2178 344 2512 398 col-fossione
2539 356 2691 397 erant
2720 346 2770 397 iu
2796 343 3038 411 .quadam
3067 346 3345 402 securitate
3378 362 3477 414 po-

1923 434 2033 495 siti,
2084 448 2254 499 neque
2283 432 2346 485 ad
2392 432 2603 484 domum
2654 433 2719 485 ad
2765 435 3052 486 stationem
3103 434 3363 502 publicam
3409 439 3476 491 ad

1922 523 2237 575 audiendum
2270 523 2486 574 verbum
2537 522 2627 574 Dei
2653 522 2956 584 veniebant,
2988 535 3158 588 neque
3181 524 3230 573 in
3264 525 3481 593 reliquis

1923 612 2256 675 stativnihus,
2288 611 2378 663 sed
2409 620 2561 664 erant
2602 626 2788 664 omnes
2819 611 3068 664 sedentes
3111 615 3472 683 unusquisque

1923 701 2119 754 inloco
2143 714 2259 752 suo.
2303 697 2584 763 Propterea
2632 715 2733 753 una
2780 716 2903 754 cum
2945 715 3212 756 consensu
3258 702 3479 760 fratrum

1923 789 2274 856 spiritualium
2301 788 2674 842 constituimus
2701 799 2758 843 ut
2785 790 2868 845 bis
2895 791 2945 843 in
2979 804 3163 846 mense
3195 806 3286 860 per
3311 801 3478 846 totum

1921 891 2119 927 animm
2149 876 2216 928 de
2265 875 2666 942 quatuordecim
2712 877 2768 930 in
2812 880 3208 947 quatuordecim
3262 879 3378 934 dies
3423 881 3478 936 in

1921 967 2155 1019 Sabbato
2200 978 2387 1018 omnes
2431 965 2773 1019 matricularii
2818 977 2924 1020 tam
2952 969 3040 1036 qui
3067 969 3119 1022 iu
3148 969 3309 1023 domo
3355 981 3478 1024 sunt

1921 1072 2080 1124 quam
2112 1055 2184 1109 illi
2221 1055 2310 1123 qui
2341 1071 2436 1124 per
2465 1065 2684 1110 caeteras
2729 1057 2976 1112 ecclesias
3025 1060 3160 1112 infra
3190 1059 3465 1114 civitatem

1920 1145 2001 1197 vel
2039 1145 2170 1198 vicis
2205 1144 2511 1198 matriculas
2534 1143 2746 1206 habent,
2777 1146 2841 1197 ad
2871 1156 3190 1200 conventum
3213 1156 3466 1201 statutum

1918 1249 2105 1288 outncs
2139 1235 2191 1287 in
2223 1233 2444 1287 ecclesia
2494 1234 2547 1286 in
2596 1233 2756 1287 domo
2803 1233 3054 1298 veniant,
3102 1250 3257 1290 mane
3301 1238 3472 1303 primo

1918 1334 2286 1392 exspectantes
2316 1326 2367 1377 in
2399 1325 2676 1378 ordinibus
2704 1324 2848 1387 suis,
2892 1339 3059 1392 usque
3091 1327 3215 1378 dum
3262 1325 3469 1394 signum

1922 1415 2210 1478 pulsaverit
2243 1414 2384 1467 horse
2417 1414 2626 1477 tertias;
2679 1420 2802 1466 tunc
2833 1413 3049 1466 veniens
3098 1411 3394 1478 episcopus,
3429 1414 3471 1462 si

1920 1503 1972 1554 in
2019 1503 2134 1555 aliis
2164 1504 2474 1556 utilitatibus
2500 1513 2788 1570 occupatus
2825 1519 2930 1558 non
2958 1501 3139 1566 fuerit,
3186 1514 3239 1556 et
3281 1504 3468 1570 jubcat

248 1604 350 1646 aut
382 1594 589 1660 quando
636 1594 852 1659 jusserit
900 1592 1161 1660 pontifex,
1211 1594 1290 1644 vel
1323 1593 1410 1658 qui
1456 1591 1554 1644 sub
1581 1606 1647 1645 eo
1671 1601 1812 1654 sunt,
1845 1578 1891 1637 Β
1919 1593 2093 1662 legere
2128 1594 2410 1646 lectionem
2441 1593 2507 1645 de
2534 1593 2878 1657 tractatibus,
2933 1593 3013 1646 vel
3065 1593 3306 1646 homilias
3336 1606 3468 1645 san-

252 1699 420 1736 mane
442 1692 556 1749 post
587 1685 808 1751 primam
838 1693 1101 1734 cantatam
1132 1697 1318 1734 omnes
1349 1681 1628 1734 induantur
1655 1682 1812 1734 vesti-

253 1783 462 1835 menta,
514 1772 767 1826 officiales
793 1787 914 1823 cum
949 1771 1196 1837 planetis,
1246 1774 1382 1823 sicut
1408 1772 1537 1823 ordo
1565 1771 1811 1824 ecclesia-

252 1865 424 1915 sticos
449 1863 628 1928 habet,
659 1873 711 1917 et
738 1866 840 1916 sint
872 1864 1055 1930 parati,
1100 1872 1154 1915 et
1188 1861 1385 1929 absque
1435 1877 1578 1914 mora
1603 1863 1666 1914 ad
1697 1862 1812 1913 offi-

255 1950 397 2001 cium
428 1967 543 2004 cum
578 1953 912 2004 festinatione
939 1959 1240 2002 occurrant.
1293 1950 1356 2002 Ut
1379 1959 1548 2001 autem
1579 1950 1811 2001 auditum

256 2039 422 2092 fuerit
453 2042 672 2106 primum
703 2043 935 2108 signum,
980 2053 1162 2092 omnes
1188 2039 1252 2090 ad
1281 2040 1565 2106 capitulum
1600 2040 1813 2092 veniant

251 2139 333 2188 et,
369 2129 538 2179 audita
571 2129 816 2191 lectione,
849 2129 949 2179 sub
979 2141 1082 2179 uno
1111 2127 1361 2179 accedant
1395 2127 1458 2178 ad
1488 2127 1769 2180 ecclesiam
1795 2146 1809 2190 ;

251 2227 309 2268 et
344 2217 480 2267 facto
503 2216 732 2268 secundo
761 2215 931 2282 signo,
979 2225 1191 2265 cantent
1225 2213 1450 2274 tertiam.
1491 2227 1542 2267 et
1573 2216 1812 2268 residen-

251 2317 341 2357 tes
362 2305 412 2356 in
435 2304 704 2365 ordinibus
722 2306 830 2354 suis
859 2314 1166 2368 exspectent
1193 2304 1511 2370 pontificem,
1545 2306 1678 2357 sicut
1700 2321 1814 2358 mos

248 2404 342 2448 est
371 2393 615 2445 Romana:
647 2391 928 2454 Eucle‘im;
974 2401 1028 2443 et
1060 2393 1230 2443 nullus
1281 2401 1465 2458 postea
1511 2393 1700 2446 exinde
1745 2393 1812 2446 de

249 2485 444 2539 ordine
485 2499 579 2535 suo
629 2494 821 2544 exeat,
892 2498 1054 2552 usque
1105 2483 1229 2534 dum
1276 2483 1449 2535 omnia
1498 2484 1807 2551 expleverit,

251 2575 362 2626 nisi
391 2576 475 2640 qui
505 2589 620 2626 cum
664 2575 908 2639 pontifice
943 2573 1263 2624 comitantur
1309 2573 1357 2624 in
1401 2573 1674 2639 obsequio,
1723 2583 1811 2625 aut

252 2665 330 2716 illi
364 2664 446 2730 qui
473 2664 522 2715 in
547 2663 717 2728 aliqua
749 2663 971 2714 utilitate
996 2664 1235 2725 occupati
1265 2659 1477 2724 fuerint,
1509 2663 1553 2714 si
1585 2662 1706 2713 talis
1730 2670 1812 2715 est

249 2751 397 2819 quod
429 2753 642 2803 omnino
672 2749 773 2802 non
807 2751 968 2815 possit
1009 2750 1223 2812 dimitti,
1259 2760 1310 2802 et
1340 2752 1439 2802 hoc
1480 2751 1812 2802 innotescant

249 2843 523 2909 episcopo,
559 2842 638 2893 vel
662 2841 748 2906 qui
778 2840 874 2892 sub
914 2854 976 2892 eo
1003 2849 1143 2891 sunt.
1179 2839 1233 2890 Si
1278 2838 1396 2905 quis
1443 2839 1509 2892 de
1557 2839 1697 2891 clero
1744 2840 1811 2891 de

247 2930 490 2997 quolibet
515 2929 722 2986 ordine.
749 2939 850 2979 tam
877 2928 1237 2989 sacerdotum,
1265 2943 1419 2994 quam
1442 2927 1806 2992 diaconorum,
1837 2898 1884 2959 ϐ

247 3028 348 3070 aut
371 3018 834 3080 subdiaconortnn,
890 3017 968 3068 vel
1025 3015 1385 3083 acolytborum
1421 3026 1540 3066 tunc
1584 3029 1813 3082 prrcsens

249 3121 363 3158 non
395 3105 546 3157 fuerit
587 3115 795 3171 paratus
817 3114 880 3154 ut
903 3102 1131 3155 officinam
1159 3118 1309 3154 suum
1353 3102 1594 3168 impleat,
1639 3115 1691 3156 et
1721 3104 1812 3155 ali-

246 3210 356 3263 qua
387 3194 722 3261 negligentia,
753 3194 830 3244 vel
865 3191 1164 3254 rctardatio,
1199 3205 1290 3256 per
1327 3191 1498 3254 ipsum
1530 3191 1803 3255 acciderit,

249 3281 356 3336 nisi
382 3283 448 3333 ob
478 3295 688 3334 causam
721 3279 892 3347 gravis
925 3278 1263 3340 infirmitatis,
1296 3278 1346 3328 in
1377 3277 1603 3330 crastino
1633 3292 1662 3330 a
1689 3277 1809 3330 vino

246 3374 338 3428 vel
370 3383 488 3440 potu
521 3374 791 3439 privetur;
831 3372 872 3422 si
904 3380 1076 3422 autem
1124 3385 1214 3436 per
1244 3369 1518 3429 desidiam,
1568 3381 1656 3420 aut
1683 3383 1808 3421 con-

249 3473 508 3531 temptum
531 3463 816 3524 iteraverit,
850 3466 914 3513 ab
944 3462 1211 3528 episcopo,
1240 3462 1317 3510 vel
1347 3463 1432 3526 qui
1452 3461 1548 3512 sub
1572 3475 1634 3513 eo
1663 3470 1803 3523 sunt,

253 3552 427 3604 acrius
471 3560 793 3612 coercealnr,
841 3551 908 3600 ita
941 3560 996 3601 ut
1042 3551 1221 3601 cteteri
1269 3550 1511 3602 timorem
1561 3550 1805 3601 habeant.

250 3640 384 3696 Nam
410 3637 622 3707 reliquis
653 3640 838 3692 diebus
865 3639 929 3691 ad
973 3639 1282 3704 capitulum,
1337 3648 1390 3688 ut
1439 3653 1594 3704 supra
1626 3638 1674 3689 in
1709 3637 1808 3690 isto

249 3745 440 3787 tenore
469 3729 804 3797 praefiximus,
839 3730 908 3780 ita
937 3730 1167 3782 veniant.

327 3818 384 3874 Si
428 3828 596 3870 autem
641 3817 796 3868 statio
845 3817 1050 3883 publica
1093 3816 1252 3868 fuerit
1285 3830 1376 3882 per
1403 3816 1519 3867 illas
1557 3815 1806 3868 coclesias

258 3913 518 3968 forenses,
567 3912 622 3958 et
678 3905 867 3956 fratres
909 3904 1098 3956 ibidem
1131 3904 1359 3971 vigiliam
1405 3903 1801 3962 celebraverint,

256 4006 471 4067 peracta
503 3994 682 4063 vigilia
708 4009 825 4046 cum
875 3996 1015 4043 omni
1048 3994 1236 4044 decore
1263 4005 1414 4042 mane
1442 3999 1707 4042 rcvertant
1752 3990 1802 4040 iu

251 4090 507 4148 claustra,
541 4095 595 4137 ut
621 4085 837 4136 omnino
869 4083 930 4132 ad
961 4083 1243 4145 capitulum
1276 4081 1527 4143 veniant;
1558 4081 1600 4132 si
1630 4090 1801 4130 autem

255 4178 524 4247 negligens
553 4173 921 4234 retardaverit,
947 4180 999 4224 et
1040 4172 1101 4221 ad
1147 4169 1427 4235 capitulum
1481 4183 1584 4220 non
1624 4168 1798 4230 fuerit,

231 4268 422 4338 rprima
453 4264 754 4317 etsecunda
787 4263 899 4316 vice
930 4277 1021 4329 pro
1051 4262 1147 4312 hoc
1177 4261 1480 4326 Castigetur.
1533 4257 1587 4309 Si
1629 4266 1802 4310 autem

249 4373 361 4413 non
388 4355 760 4414 emendaverit,
807 4354 894 4406 illa
923 4353 1004 4403 die
1034 4350 1243 4417 quando
1291 4349 1352 4399 ad
1384 4348 1670 4414 capitulum
1701 4361 1802 4400 nou

251 4447 476 4508 venerit,
501 4460 529 4495 a
563 4457 682 4494 vino
706 4440 971 4492 abstineat
999 4453 1165 4504 usque
1197 4438 1247 4487 in
1273 4437 1585 4488 crastinum.

249 4533 384 4588 CAP.
405 4530 639 4585 XXXIV.
665 4558 729 4566 —
760 4539 779 4560 λ’
814 4527 887 4578 De
930 4526 1316 4582 matriculariis,
1358 4533 1410 4572 ut
1448 4526 1512 4574 ad
1543 4524 1803 4574 lectionem

326 4603 542 4654 divinam
573 4599 878 4651 audiendam
928 4597 1122 4646 tertiam
1167 4594 1218 4645 in
1265 4600 1454 4643 statu'a
1500 4593 1707 4645 ecclesia
1750 4594 1800 4643 in

324 4675 493 4722 domo.

329 4761 459 4813 Dum
485 4758 552 4811 de
598 4756 907 4824 corrigenda
957 4754 1060 4806 vita
1090 4753 1402 4804 clericorum
1429 4750 1800 4804 canonirorum

251 4849 409 4902 rebus
440 4844 862 4914 pernecessariis,
897 4853 953 4894 ut
994 4843 1145 4893 nobis
1188 4842 1336 4908 juxta
1389 4841 1797 4892 mediocritatem

254 4947 488 4993 nostram
537 4945 591 4988 et
633 4935 977 5000 capacitatem
1008 4948 1190 4985 sensus
1224 4947 1314 4998 per
1345 4931 1432 4984 Dei
1483 4931 1799 4998 adjutorium

252 5032 422 5083 visum
453 5030 567 5091 fuit,
599 5027 997 5092 descripsimus,
1042 5024 1280 5076 venimus
1321 5024 1384 5076 ad
1419 5022 1800 5074 tuatricolarios

252 5123 362 5172 tam
390 5117 564 5180 domi,
612 5131 765 5181 quam
798 5125 845 5165 et
899 5113 948 5166 iu
979 5113 1307 5174 suburbanis,
1365 5114 1482 5178 quia
1532 5126 1658 5176 non,
1712 5124 1800 5164 se-

251 5207 480 5260 cundum
510 5205 888 5259 institutionem
930 5205 1155 5270 antiqua:
1197 5203 1463 5263 Ecclesim,
1496 5216 1677 5253 eorum
1712 5215 1798 5253 es-

251 5305 338 5352 set
363 5294 710 5357 conversatio,
759 5293 846 5344 sed
891 5294 990 5345 sub
1036 5307 1223 5360 magno
1271 5291 1494 5358 quodam
1544 5289 1795 5356 periculo,

327 5459 350 5486 α
383 5449 491 5505 Hoc
517 5458 572 5503 et
617 5447 920 5516 praecedens
947 5439 1233 5517 capitulum
1258 5446 1444 5498 absunt
1481 5461 1508 5497 a
1544 5443 1792 5511 Vulgatis.

1914 1693 2122 1734 ctorum
2152 1682 2364 1735 Patrum
2392 1697 2672 1752 congruas,
2701 1697 2818 1750 quas
2855 1683 3120 1735 a'diticent
3165 1683 3462 1746 audientes,

1912 1783 1964 1826 et
1997 1775 2222 1824 doceant
2245 1787 2334 1824 eos
2366 1773 2504 1824 viam
2531 1771 2737 1832 salutis,
2769 1771 2994 1838 qualiter
3023 1772 3088 1830 ad
3119 1771 3279 1824 vitam
3308 1782 3462 1824 ater-

1914 1877 2034 1914 nam
2069 1863 2177 1914 Deo
2208 1860 2498 1914 auxiliante
2528 1859 2856 1926 perveniant.

1986 1971 2126 2024 Dicta
2158 1970 2333 2032 tertia,
2361 1967 2404 2021 si
2433 1968 2714 2035 episcopus
2744 1982 2846 2019 non
2880 1967 3106 2027 venerit.
3152 1973 3276 2018 tunc
3313 1980 3470 2034 pres-

1915 2061 2068 2130 byter
2111 2071 2293 2114 custos
2322 2059 2560 2115 ecclesia:
2607 2058 2774 2111 sancti
2805 2057 3054 2124 Stephani
3084 2057 3136 2108 in
3167 2057 3306 2108 vices
3333 2056 3468 2107 illius

1910 2154 2057 2222 juxta
2085 2155 2428 2221 capacitatem
2452 2167 2601 2206 suam
2631 2162 2688 2205 et
2731 2151 2870 2219 legat
2899 2162 2952 2204 et
2977 2152 3165 2204 doceat
3209 2165 3301 2202 eos
3332 2150 3464 2202 viam

1913 2247 2115 2308 salutis,
2147 2255 2201 2298 et
2247 2245 2423 2298 videat
2468 2245 2684 2296 omnino
2737 2244 3032 2311 presbyter,
3066 2253 3121 2295 ut
3169 2243 3294 2294 liora
3341 2257 3466 2295 cuu-

1912 2338 2116 2400 stituta,
2169 2336 2215 2387 si
2249 2335 2528 2400 episcopus
2559 2335 2749 2386 ibidem
2800 2349 2904 2385 non
2929 2336 3155 2395 venerit,
3207 2347 3307 2384 non
3339 2348 3464 2396 pra:-

1914 2436 2079 2503 tcreat
2109 2435 2164 2478 ut
2190 2425 2289 2477 hoc
2317 2425 2622 2491 adimpleat,
2655 2423 2794 2491 quod
2831 2423 2914 2476 hic
2958 2423 3216 2490 scriptum
3258 2430 3369 2483 est;
3414 2434 3466 2474 et

1913 2515 2009 2581 ipsi
2042 2515 2353 2582 presbytero
2383 2512 2748 2565 confessiones
2777 2527 2900 2564 suas
2925 2512 3003 2564 bis
3026 2512 3078 2563 in
3105 2526 3242 2562 anno
3271 2512 3462 2563 faciant

1911 2604 2008 2669 ipsi
2040 2602 2379 2656 matricularii
2416 2641 2430 2662 ,
2485 2615 2583 2652 una
2615 2603 2725 2652 vice
2786 2601 2836 2651 in
2885 2600 3315 2665 Quat'ragcsima,
3366 2599 3464 2650 alia

1911 2692 1960 2744 in
1987 2692 2148 2743 missa
2178 2691 2344 2744 sancti
2403 2689 2637 2742 Remedii
2695 2703 2858 2752 usque
2884 2689 2935 2739 in
2981 2688 3260 2739 transitum
3291 2687 3463 2740 sancti

1911 2779 2144 2832 Martini.
2182 2779 2247 2831 Et
2278 2781 2345 2840 si,
2382 2777 2638 2830 suadente
2667 2777 2878 2828 diabolo
2905 2775 3087 2842 aliqua
3135 2776 3280 2840 vitia,
3314 2789 3450 2826 scan-

1911 2869 2028 2922 dala
2059 2870 2192 2921 inter
2222 2883 2310 2920 eos
2336 2879 2448 2919 orta
2486 2866 2695 2926 fuerint,
2739 2873 2794 2916 ut
2837 2878 3053 2916 necesse
3080 2864 3151 2916 sit
3172 2863 3463 2918 confessio-

1917 2973 2036 3012 nem
2083 2972 2229 3010 suatu
2285 2958 2409 3008 dare
2439 2957 2526 3022 qui
2575 2955 2670 3007 hoc
2702 2954 3080 3022 perpetraverit
3126 2953 3178 3004 in
3229 2953 3466 3018 proximo

1912 3056 2195 3112 conventu,
2240 3045 2325 3096 ubi
2371 3045 2645 3097 lectionem
2700 3042 2955 3105 audiunt;
3010 3041 3154 3094 finita
3220 3042 3466 3106 lectione,

1913 3138 2068 3189 faciat
2098 3135 2494 3188 confessionem
2526 3147 2675 3186 suam
2719 3133 2919 3200 puriter
2971 3130 3072 3199 ipsi
3120 3132 3466 3200 presbytero;

1909 3236 1963 3280 et
1989 3227 2035 3278 si
2068 3227 2176 3293 ipse
2209 3242 2312 3278 non
2344 3226 2460 3278 vult
2484 3225 2728 3277 confiteri
2781 3235 3055 3290 peccatum
3085 3237 3257 3286 suum,
3285 3229 3339 3275 et
3369 3223 3464 3275 hoc

1909 3316 2178 3379 celaverit,
2215 3316 2336 3368 etsi
2371 3330 2464 3377 per
2495 3315 2656 3366 alium
2705 3316 2976 3365 inventum
3029 3312 3207 3376 fuerit,
3241 3311 3326 3364 ille
3369 3312 3461 3378 qui

1907 3406 2156 3459 delictum
2188 3403 2500 3464 abscondit,
2555 3417 2581 3452 a
2634 3402 2948 3470 presbytero
2993 3401 3080 3467 qui
3129 3403 3207 3453 eis
3254 3399 3465 3452 verbum

1911 3494 2002 3546 Dei
2029 3493 2304 3546 annuntiat
2330 3491 2624 3544 secundum
2671 3491 2884 3540 modum
2917 3489 3087 3554 culpa:
3118 3498 3208 3542 aut
3239 3503 3465 3540 excoui-
3519 3521 3522 3523 »

1912 3583 2231 3644 municetur,
2262 3570 2354 3632 aut
2381 3580 2642 3646 corporali
2677 3578 2920 3630 vindicta:
2969 3579 3240 3632 subdatur.
3272 3576 3338 3630 Et
3368 3592 3463 3644 per

1909 3670 2141 3739 singulas
2167 3669 2472 3721 matriculas
2500 3669 2570 3720 sit
2614 3667 2946 3732 primicerius
2977 3667 3367 3719 matricularum
3399 3667 3466 3719 de

1912 3759 2038 3827 ipsis
2067 3758 2155 3826 qui
2199 3771 2356 3824 Super
2395 3772 2486 3811 eos
2533 3759 2742 3809 curiOSe
2787 3766 2954 3822 agat;
3003 3763 3057 3808 et
3101 3755 3144 3807 si
3179 3755 3368 3822 aliquis
3398 3770 3462 3809 ex

1909 3850 2033 3914 ipsis
2055 3850 2226 3900 celare
2252 3848 2472 3899 voluerit
2501 3847 2696 3900 scelera
2729 3863 2842 3909 sua,
2865 3855 2916 3898 et
2945 3846 3277 3912 primicerius
3307 3846 3460 3912 ipso-

1909 3950 2026 3985 rum
2059 3935 2155 3986 hoc
2185 3936 2502 4002 investigare
2541 3935 2789 4001 potuerit,
2821 3935 3120 3986 nullatenus
3171 3935 3462 3990 abscondat

1907 4025 2232 4091 presbytero,
2263 4025 2350 4090 qui
2383 4026 2462 4076 eis
2493 4025 2767 4076 lectionem
2802 4025 2918 4090 legit
2951 4041 2965 4087 ;
3017 4033 3070 4077 et
3098 4026 3140 4078 si
3176 4023 3364 4078 fecerit
3391 4030 3465 4079 si-

1909 4111 2100 4162 militer
2133 4111 2219 4164 ille
2249 4113 2334 4178 qui
2385 4112 2487 4164 hoc
2514 4113 2841 4166 commiserit
2884 4113 2949 4165 ab
2998 4115 3110 4179 ipso
3157 4114 3463 4181 presbytero

1834 4200 2221 4272 Djudicaodus
2268 4211 2387 4262 est;
2441 4211 2494 4254 et
2541 4201 2586 4252 si
2640 4202 2738 4253 hoc
2784 4203 2895 4267 ipse
2952 4201 3226 4269 presbyter
3277 4217 3370 4268 per
3406 4217 3466 4258 se

1908 4291 2186 4342 emendare
2215 4305 2316 4341 non
2349 4290 2598 4356 potuerit,
2633 4290 2926 4343 innotescat
2956 4289 3347 4355 archidiacono,
3374 4291 3461 4345 vel

1907 4379 2230 4446 primicerio,
2284 4388 2340 4432 ut
2381 4381 2476 4444 ipsi
2521 4382 2622 4434 hoc
2667 4381 2933 4448 corrigam
2965 4381 3346 4434 rationabiliter
3374 4397 3466 4436 se-

1905 4468 2132 4520 cundum
2163 4468 2374 4520 modum
2405 4471 2572 4534 culpa:
2601 4485 2615 4531 ;
2647 4479 2700 4521 et
2725 4469 2769 4521 si
2801 4485 2930 4534 Opus
2962 4471 3119 4522 fuerit
3140 4472 3192 4523 in
3217 4471 3458 4524 notitiam

1903 4560 2135 4625 episcOpi
2166 4559 2360 4623 Veniat,
2393 4569 2449 4609 ut
2480 4557 2592 4624 ipse
2622 4558 2720 4611 hoc
2749 4559 3012 4612 emendet.

1979 4667 2043 4721 Ut
2073 4668 2320 4732 diximus,
2371 4681 2557 4721 omnes
2601 4669 2817 4720 omnino
2871 4668 3215 4722 matricularii
3244 4671 3458 4723 statutis

1902 4759 2086 4812 diebus
2128 4758 2190 4810 ad
2249 4759 2525 4810 lectionem
2580 4759 2811 4821 veniant,
2861 4767 2913 4811 et
2960 4750 3300 4811 necessitates
3338 4773 3460 4819 sua!

1903 4858 2007 4901 tam
2042 4849 2252 4909 animm,
2280 4863 2438 4915 quam
2466 4849 2738 4914 corporis,
2790 4849 2885 4914 ipsi
2921 4848 3230 4917 presbytero
3258 4846 3459 4916 patefa—

1900 4939 2037 4990 ciant
2063 4954 2075 5000 ;
2122 4946 2174 4991 et
2201 4937 2314 5003 ipse
2359 4937 2459 4990 hoc
2500 4947 2588 4990 aut
2616 4953 2709 5006 per
2732 4953 2788 4991 se
2819 4937 3084 5002 emendet,
3136 4948 3228 4991 aut
3258 4939 3459 5005 priores

1900 5039 2025 5078 suos
2060 5027 2585 5080 innotescat..........
2644 5027 2781 5079 Etsi
2811 5028 3002 5094 aliquis
3029 5027 3094 5079 de
3117 5028 3246 5093 ipsis
3273 5027 3455 5081 matri-
3495 5021 3501 5027 ’

1900 5117 2111 5168 culariis
2143 5118 2496 5179 remanserit,
2549 5118 2636 5184 qui
2682 5133 2783 5169 non
2815 5117 3013 5170 venerit
3040 5117 3104 5170 ad
3152 5117 3452 5178 lectionem,

1902 5204 2002 5258 nisi
2045 5202 2346 5256 infirmitate
2392 5213 2646 5270 cogente,
2691 5204 3011 5270 corripiatur
3056 5203 3220 5256 semel
3272 5213 3324 5255 et
3369 5216 3451 5254 sco

1902 5294 2090 5357 eundo,
2122 5304 2175 5348 et
2204 5295 2246 5347 si
2280 5309 2383 5346 non
2415 5293 2793 5356 emendaverit,
2840 5293 3359 5350 excommunicetur;
3394 5295 3448 5341 et
