3914 6236
503 153 640 207 1119

1468 157 1524 210 s.
1567 155 2053 212 cnnoomsant
2100 157 2440 216 METENSIS
2480 136 2784 216 misceri

3678 66 3764 89 Si";
3797 66 3853 90 -

3611 167 3742 224 1120

497 266 542 316 si
591 262 819 330 amplius
851 262 951 317 hoc
983 277 1046 317 ex
1087 275 1396 329 contemptu
1451 265 1658 333 fecerit,
1709 267 1955 337 ejiciatur
2003 268 2070 321 de
2097 265 2143 329 λ
2175 286 2297 326 una.
2337 274 2445 327 lloc
2473 273 2676 346 colligit
2703 267 2768 330 de
2815 276 3080 330 frumento
3123 294 3218 348 per
3246 295 3442 336 annum
3475 300 3505 333 n
3529 284 3650 338 odia
3681 302 3741 340 cc

500 352 802 419 matricula,
835 363 890 408 et
919 353 1056 408 alius
1085 355 1173 422 qui
1210 356 1426 409 verbum
1457 355 1553 412 Dei
1588 361 1698 411 vult
1723 360 1906 412 audire
1948 359 2070 411 mit-

496 451 642 496 tatur
672 445 723 496 in
760 443 876 498 loco
905 445 1089 513 ipsius.
1146 446 1208 497 Et
1246 447 1618 500 constituimus
1648 450 1727 502 eis
1757 462 1808 499 ιιι
1843 449 1891 499 in
1927 449 2070 502 elec-

499 548 719 604 mosyna
747 544 944 597 nostra,
971 535 1049 588 vel
1075 549 1441 590 successurum
1469 548 1790 601 nostrorum,
1824 538 1889 590 de
1908 539 2069 591 domo

499 622 760 691 accipiant
787 622 928 674 omni
965 630 1222 688 tempore,
1271 625 1487 692 quando
1518 625 1583 677 ad
1616 626 1756 676 illam
1782 625 2068 678 lectionem

498 710 1110 782 nudiendam'Venerint,
1145 715 1336 780 singuli
1369 715 1605 782 singulos
1646 730 1831 782 panes,
1865 727 1916 769 et
1948 731 2070 782 por-

499 802 693 854 tionem
715 801 780 853 de
804 800 951 856 lardo
973 803 1056 854 illa
1085 818 1182 856 una
1215 804 1348 867 vice,
1378 804 1463 857 illa
1496 805 1594 857 alia
1624 805 1737 857 vice
1769 807 2064 873 portionem

499 891 567 942 de
593 889 894 945 formatico.
937 889 1030 957 per
1062 903 1230 946 totum
1259 908 1456 956 annum
1489 894 1564 948 sic
1597 895 1814 959 faciant,
1847 890 1902 949 ut
1932 897 2065 949 dixi-

495 993 636 1041 mus,
667 978 755 1047 qui
791 979 985 1040 ibidem
1019 979 1085 1032 do
1111 981 1239 1048 ipsis
1276 983 1650 1036 matriculariis
1681 985 1922 1036 venerint
1951 999 1966 1049 ;
2016 994 2069 1038 et

496 1068 550 1120 in
598 1068 1014 1140 Quadragesima
1067 1074 1201 1127 duas
1251 1075 1394 1129 vices
1443 1077 1916 1144 accipiantvinum
1945 1094 2064 1133 cum

497 1175 634 1228 pane
662 1162 800 1215 inter
831 1172 1059 1230 quatuor
1108 1167 1405 1218 sextarium
1438 1183 1623 1221 unum.
1675 1169 1726 1221 In
1771 1169 1936 1222 (Stena
1968 1169 2068 1222 Do-

496 1251 627 1303 mini
660 1251 922 1318 accipiant
953 1256 1130 1320 vinugn
1157 1269 1274 1310 enm
1309 1271 1440 1320 pane
1463 1257 1762 1323 supradicta
1795 1273 2066 1322 mensura,

496 1350 552 1394 et
585 1343 880 1407 portionem
915 1344 981 1396 de
1009 1345 1178 1411 lardo,
1227 1354 1279 1396 ct
1312 1345 1610 1401 lormatico.
1671 1347 1736 1399 Et
1761 1347 2067 1402 considera-
2155 1349 2157 1352 ⁴

491 1431 666 1486 vimus
720 1435 858 1500 quod
904 1446 1025 1488 octo
1067 1435 1243 1488 modia
1299 1436 1366 1490 de
1417 1453 1551 1504 pane
1599 1448 1750 1492 cocto
1799 1441 1863 1492 ad
1910 1455 2066 1493 unam

477 1510 756 1593 quamque
787 1527 955 1578 vicem
986 1527 1050 1578 ad
1085 1527 1188 1580 hoc
1233 1527 1425 1581 haheat
1453 1547 1466 1592 ;
1513 1539 1566 1584 et
1595 1531 1680 1583 illa
1713 1533 1826 1585 vice
1854 1534 2066 1600 quando

2172 361 2237 414 de
2267 361 2355 414 illo
2388 365 2651 418 frumento
2679 367 2770 431 sit,
2820 368 2908 435 qui
2941 369 3004 421 de
3052 368 3423 425 Warmacinse
3471 371 3638 438 venit,
3689 388 3743 429 et

2171 453 2392 519 accipiat
2424 455 2549 508 illud
2583 459 2794 522 quando
2825 460 3017 513 exinde
3048 461 3214 512 venit.
3263 462 3335 514 De
3377 464 3525 516 lardo
3556 466 3741 519 hacco-

2171 557 2264 596 ncs
2293 559 2356 596 Ls
2389 544 2618 609 accipiat
2650 547 2910 616 ipsi~_l(al.
2944 551 3184 612 Januar.,
3214 550 3280 602 de
3311 550 3594 606 l’urniatico
3624 567 3740 620 pen-

2169 645 2257 684 sas
2282 649 2354 685 xtl
2396 635 2620 703 accipi-It
2650 633 2762 700 ipsa
2791 639 2952 692 missa
2997 640 3167 694 sancti
3215 641 3439 694 Martini.
3492 641 3571 695 De
3623 645 3739 696 vino

2171 726 2343 776 modia
2390 741 2507 779 xxiv
2557 728 2786 795 accipiat
2817 728 2929 798 ipsa
2971 731 3128 784 missa
3175 732 3342 786 sancti
3393 733 3625 786 Martini.
3677 734 3737 788 Et

2172 815 2272 866 hoc
2305 825 2470 869 totum
2505 819 2734 884 accipiat
2781 821 3213 887 archidiaconus,
3264 824 3344 878 vel
3379 827 3736 892 primicerius,

2169 918 2221 960 et
2251 908 2460 962 videant
2486 917 2626 979 quod
2660 913 2760 966 hoc
2788 915 2862 966 sic
2891 913 3221 983 dispensent,
3247 915 3477 982 qualiter
3499 917 3609 970 Deo
3637 918 3732 984 pla-

2167 1010 2306 1063 ceat,
2337 1010 2390 1055 et
2415 1007 2762 1058 constitutum
2795 1003 3070 1062 habemus.
3106 1007 3165 1058 Et
3194 1020 3398 1060 merces
3428 1016 3633 1069 nostra,
3659 1011 3736 1062 vel

2155 1077 2538 1145 successorum
2567 1103 2903 1162 nostrorum,
2935 1096 3019 1150 vel
3050 1097 3138 1163 qui
3171 1095 3271 1149 hoe
3313 1097 3511 1151 iaciunt
3547 1096 3734 1151 exinde

2168 1179 2444 1236 decrescat
2478 1191 2527 1248 ⁸,
2561 1194 2614 1237 et
2641 1185 2704 1237 ad
2739 1186 2874 1252 ligna
2906 1188 3345 1254 comparandum,
3399 1188 3540 1242 unde
3570 1191 3730 1254 ipsum

2168 1284 2356 1346 panem
2389 1271 2602 1336 faciant,
2660 1275 2824 1327 donet
2851 1275 3133 1342 episcopus
3163 1276 3228 1329 de
3257 1275 3496 1328 denariis
3549 1277 3731 1330 uncias

2169 1360 2300 1411 duas
2330 1347 2378 1413 et
2408 1361 2679 1416 dimidiam
2730 1363 2847 1417 Kal.
2881 1364 3062 1417 Maias.
3115 1365 3177 1418 Et
3210 1366 3254 1419 si
3281 1365 3479 1433 aliquid
3515 1379 3726 1434 supera-

2170 1452 2304 1504 verit
2334 1452 2400 1505 de
2433 1453 2554 1518 hoc,
2587 1455 2728 1523 quod
2754 1454 3001 1523 superius
3028 1455 3291 1525 diximus,
3334 1455 3454 1510 aliis
3489 1458 3726 1526 pauperi-

2172 1541 2287 1603 bus,
2337 1543 2422 1594 cui
2457 1558 2677 1598 necesse
2722 1555 2824 1609 est,
2874 1544 3331 1614 archiepisconus,
3379 1547 3465 1600 vel
3496 1547 3727 1616 primice-

489 1607 696 1667 la'rdum
729 1613 924 1668 debent
952 1617 1216 1682 accipere,
1237 1640 1240 1643 ·
1265 1616 1524 1683 accipiant
1553 1620 1816 1674 bacconcs
1845 1636 1960 1681 sex,
2012 1631 2061 1672 et
2099 1615 2142 1671 Β
2171 1630 2299 1692 νίας,
2329 1643 2420 1686 θυι
2449 1634 2531 1686 cui
2560 1607 2838 1701 iusserint,
2873 1607 3084 1687 ιτίὺυηί,

491 1703 704 1769 quando
729 1703 1061 1760 lormaticnm
1081 1708 1348 1774 accipiunt
1364 1709 1414 1760 in
1432 1726 1742 1779 unaquaque
1769 1717 1883 1768 vice
1900 1727 2059 1780 pensa

559 1826 584 1852 '
620 1815 800 1884 Forte,
829 1820 1012 1900 exinde
1036 1828 1251 1873 crescat.

494 1956 1126 1989 :=_—_~=-_—=

1377 1951 3714 1988 Μ

1051 1999 1720 2204 sumen
1833 2084 3168 2250 CHRODEGANGI

1778 2307 1906 2362 MET
1916 2307 2088 2357 ENSIS
2124 2305 2407 2356 EPISCOPI

819 2473 1383 2576 DIPLOMA
1464 2472 1710 2572 PRO
1788 2464 2614 2609 FUNDATIONE
2692 2467 3450 2571 GOBZIENSIS

1765 2687 2425 2765 MONASTERII.

1555 2887 1874 2948 (Brequiguy.
1905 2884 2120 2946 Diplom.
2143 2874 2256 2934 tom.
2288 2883 2331 2932 ll
2358 2896 2466 2934 nov.
2497 2885 2601 2944 ed.)

1981 2993 2206 3010 _—-

549 3055 604 3109 lu
637 3054 848 3108 nomine
875 3053 1065 3118 Patris,
1111 3062 1164 3108 et
1209 3053 1350 3116 Filii,
1382 3053 1610 3121 Spiritus
1637 3052 1828 3115 sancti,
1859 3067 2037 3107 amen.
2072 3057 2119 3122 ο
2152 3067 2246 3121 per
2265 3051 2366 3104 hoc
2384 3057 2785 3116 testamentum,
2818 3063 2914 3115 pro
2943 3049 3208 3103 mercedis
3231 3051 3398 3104 nostri
3420 3065 3708 3122 augmento,

478 3147 591 3215 Ego
621 3145 1059 3214 Ghrodegangus,
1093 3157 1156 3197 ae
1183 3144 1229 3197 si
1269 3141 1538 3211 indignus,
1566 3142 1612 3196 si
1641 3157 1744 3196 non
1777 3157 1938 3211 opere
1968 3137 2048 3195 vel

477 3236 718 3301 nomine,
751 3234 914 3302 gratia
940 3233 1034 3288 Dei
1061 3234 1364 3302 episcopus.
1399 3249 1500 3286 una
1530 3247 1650 3287 cum
1679 3242 1976 3287 commeatu
1997 3241 2049 3287 et

476 3326 748 3379 voluntate
778 3324 1014 3378 inlustris
1045 3325 1140 3378 viri
1171 3324 1400 3393 P-ippini,
1450 3325 1668 3392 majoris
1702 3324 1912 3388 domus,
1959 3338 2047 3377 se-

475 3415 643 3468 nioris
673 3413 862 3476 nostri,
903 3423 956 3467 et
992 3427 1111 3466 cum
1145 3426 1407 3466 consensu
1435 3415 1670 3467 omnium
1706 3414 1908 3480 parium
1956 3429 2050 3465 nu-

465 3511 705 3558 atrorum
735 3503 1006 3568 abbatum,
1040 3502 1492 3572 presbyterorum,
1524 3503 1898 3567 diaconorum,
1923 3503 2050 3556 sub-

410 3619 414 3627 ι
477 3595 845 3657 diaconorum,
878 3608 970 3647 seu
1019 3594 1290 3646 hominum
1320 3594 1490 3647 sancti
1523 3593 1778 3662 Stephani
1808 3593 2051 3648 ecclesia:

480 3683 758 3748 Metensis,
791 3684 872 3737 vel
901 3684 1114 3738 illorum
1141 3683 1396 3738 laicorum
1430 3685 1714 3749 bonorum,
1743 3685 1837 3754 qui
1856 3684 2048 3738 ibidem

481 3776 536 3829 in
576 3776 795 3829 servitio
820 3776 989 3829 sancti
1031 3775 1284 3842 Stephani
1316 3789 1437 3830 esse
1480 3776 1749 3839 videntur,
1792 3775 2042 3844 cogitavi,

483 3880 612 3919 casu
641 3863 886 3918 humanae
930 3863 1252 3935 fragilitatis,
1302 3866 1534 3933 qualiter
1582 3872 1792 3933 peccata
1845 3857 2046 3926 nostra,

479 3956 711 4009 donante
738 3955 982 4020 Domino,
1038 3957 1306 4022 possimus
1354 3955 1594 4018 abluere,
1638 3963 1693 4006 et
1737 3951 1801 4005 ad
1850 3962 2048 4006 aeterna

478 4044 666 4111 gaudia
711 4045 1015 4112 pervenire.
1049 4045 1254 4099 Idcirco
1281 4044 1544 4099 donamus
1574 4042 1642 4097 de
1683 4043 1844 4096 rebus
1873 4043 2048 4095 sancti

478 4136 734 4204 Stephani
763 4134 828 4187 ad
880 4134 1020 4187 illam
1076 4134 1346 4188 basilicam
1390 4133 1563 4186 sancti
1608 4132 1768 4212 Petri.
1796 4141 1848 4185 et
1879 4131 2048 4185 sancti

431 4219 440 4267 -’
478 4216 754 4291 Stephani,
783 4224 866 4276 vel
911 4232 1225 4276 czeterorum
1257 4234 1584 4284 sauciorum,
1627 4235 1784 4288 quam
1834 4236 1865 4274 a
1913 4234 2050 4274 novo

480 4313 878 4375 mdilicavimus,
912 4313 967 4364 in
998 4315 1100 4365 line
1151 4309 1480 4374 llaldiniaca,
1528 4309 1580 4362 in
1631 4323 1766 4377 pago
1817 4309 2050 4376 Scarpo-

2155 3151 2209 3194 et
2235 3138 2488 3206 qulcquid
2519 3139 2570 3192 in
2603 3138 2724 3205 ipso
2757 3138 2862 3192 line
2893 3137 3205 3192 llaldiniaco
3246 3153 3368 3192 casa
3403 3145 3574 3196 sancti
3611 3145 3712 3196 Stc-

2151 3231 2312 3300 phani
2338 3229 2531 3284 ibidem
2565 3228 2748 3281 habuit
2776 3229 2840 3281 ad
2872 3229 3039 3296 ipsam
3071 3230 3365 3295 basilicam,
3388 3234 3474 3286 vel
3494 3233 3558 3286 ad
3588 3233 3712 3286 illast

2151 3321 2340 3373 cellam
2375 3319 2542 3372 sancti
2587 3319 2729 3372 Petri
2760 3318 3004 3386 proﬁciat
3030 3319 3081 3374 in
3113 3321 3430 3390 augmentis.
3466 3322 3712 3378 Donamus

2148 3408 2307 3463 etiam
2343 3410 2393 3462 in
2441 3410 2555 3478 ipso
2586 3423 2719 3478 pago
2747 3409 3134 3476 Scarponinse,
3166 3411 3217 3464 in
3261 3410 3379 3464 loco
3412 3424 3704 3478 nuncupata

2150 3501 2397 3566 Siurone,
2444 3501 2695 3570 quicquid
2729 3500 3018 3569 Rigoaldus
3061 3500 3126 3554 ad
3171 3513 3374 3568 partem
3409 3505 3578 3557 sancti
3607 3505 3705 3559 Ste-

2150 3591 2316 3660 phani
2357 3607 2452 3660 per
2487 3596 2706 3644 suarum‘
2733 3602 3086 3646 strumentutn
3128 3600 3394 3647 cartarum
3446 3579 3704 3664 delegavit,

2151 3696 2273 3735 cum
2313 3680 2399 3734 illa
2451 3681 2667 3735 basilica
2711 3697 2830 3750 qua:
2879 3691 2962 3737 est
3008 3685 3059 3736 in
3111 3683 3312 3738 honore
3359 3688 3532 3739 sancti
3587 3686 3702 3740 Pauli

2152 3781 2478 3837 constructa,
2515 3773 2599 3827 vel
2629 3772 2879 3843 quicquid
2911 3775 2976 3827 ad
3013 3774 3110 3828 hoc
3140 3776 3326 3843 aspicit
3349 3775 3403 3829 in
3441 3776 3704 3831 Godolino-

2151 3863 2272 3915 villa
2298 3871 2352 3916 et
2397 3863 2764 3928 Bodelocurte,
2796 3865 2876 3920 vel
2906 3865 2959 3919 in
2991 3866 3096 3919 line
3121 3866 3434 3920 Haldiniaea
3454 3882 3504 3921 et
3546 3869 3592 3922 iu
3624 3872 3705 3922 line

2158 3952 2497 4015 Baudiciaca,
2526 3955 2608 4007 vel
2629 3954 2680 4008 in
2706 3955 2808 4008 line
2823 3956 3108 4020 Aconiaca,
3136 3958 3215 4008 vel
3243 3957 3492 4026 quicquid
3521 3960 3570 4011 in
3593 3959 3708 4028 ipsas

2147 4042 2285 4096 lines
2309 4043 2599 4112 Bigoaldus
2621 4051 2676 4097 et
2700 4058 2987 4110 germanus
3014 4060 3140 4099 suus
3163 4045 3509 4101 Gontrannus
3531 4047 3591 4101 ad
3620 4063 3709 4115 par-

2152 4140 2258 4185 tem
2297 4133 2468 4185 sancti
2506 4132 2782 4199 Stephani,
2816 4149 2910 4199 per
2938 4134 3146 4187 illorum
3173 4145 3493 4200 stramenta,
3521 4136 3707 4204 delega-

2153 4230 2360 4284 verunt,
2390 4229 2442 4274 et
2463 4222 2708 4290 quicquid
2741 4222 2883 4275 Bavo
2914 4226 2965 4276 in
2987 4224 3262 4279 Tantalino
3290 4227 3442 4289 villa,
3468 4243 3558 4294 per
3573 4243 3706 4281 suum

2152 4311 2604 4376 strumentum,ad
2636 4327 2812 4365 casam
2835 4316 3006 4367 sancti
3037 4297 3593 4386 Stepltaui‘delegavit.
3619 4318 3709 4372 Do-

482 4406 656 4467 ninse,
689 4401 774 4455 ubi
803 4403 994 4456 Gorzia
1043 4402 1338 4470 consurgit,
1388 4409 1441 4454 et
1489 4400 1554 4453 ad
1609 4400 1777 4468 ipsam
1835 4399 2048 4464 cellam,
2079 4383 2130 4443 Ι)
2157 4413 2344 4453 namus
2360 4401 2540 4466 etiam,
2568 4401 2619 4454 in
2652 4416 2783 4470 pago
2803 4402 3180 4471 Scarponinse,
3207 4407 3259 4460 in
3283 4409 3402 4460 villa
3430 4383 3690 4464 liuesarias

426 4487 434 4496 ’
478 4509 636 4563 quam
691 4493 883 4546 ibidem
927 4491 1344 4554 construximus,
1396 4500 1449 4544 et
1498 4489 1564 4543 ad
1598 4504 1732 4558 opus
1761 4504 2044 4542 servorum

482 4588 574 4641 Dei
609 4585 956 4639 habitantium
990 4584 1205 4649 ibidem,
1237 4599 1331 4653 per
1363 4585 1462 4638 hoc
1484 4592 1883 4647 testamentum,
1910 4582 2050 4636 unde

482 4677 556 4731 illi
589 4676 833 4731 monachi
858 4676 936 4728 vel
975 4689 1233 4742 pauperes
1264 4675 1456 4728 ibidem
1487 4676 1682 4728 victum
1714 4683 1768 4729 et
1801 4674 2052 4728 vestitum

487 4767 570 4822 vel
611 4767 767 4820 aliam
799 4767 1222 4820 consolationem
1280 4769 1484 4833 possint
1528 4767 1755 4831 habere;
1819 4768 1917 4820 hoc
1965 4778 2048 4821 est

486 4860 738 4929 quicquid
789 4860 839 4912 in
892 4861 995 4912 fine
1054 4859 1380 4922 llaldianica,
1429 4859 1514 4912 ubi
1570 4861 1734 4927 ipsam
1784 4859 2048 4912 basilicam

488 4950 659 5004 sancti
691 4949 829 5002 Petri
883 4950 1283 5014 :edilicavimus,
1338 4951 1586 5019 quicquid
1629 4951 2051 5017 eomparavimus

491 5051 585 5092 aut
613 5037 677 5089 ad
710 5052 805 5089 nos
830 5052 920 5104 per
951 5040 1327 5102 venditionem,
1360 5040 1726 5098 donationem,
1756 5051 2047 5092 commuta-

491 5129 689 5182 tionem
714 5127 948 5195 advenit,
981 5137 1033 5180 et
1063 5130 1306 5197 quicquid
1345 5131 1410 5184 de
1446 5133 1560 5199 ipsa
1593 5133 1695 5183 line
1723 5130 2047 5191 llaldiuiaca,

489 5220 541 5271 in
573 5233 885 5286 unaquaque
917 5230 1082 5286 parte,
1131 5221 1273 5274 Ieuas
1326 5223 1457 5274 duas
1487 5222 1931 5286 comparavimus,
1964 5233 2051 5273 aut

492 5306 646 5359 nobis
696 5306 946 5359 traditum
979 5307 1058 5359 vel
1107 5320 1488 5363 commutatum
1523 5310 1642 5372 l‘uil,
1679 5311 1758 5363 vel
1803 5310 1854 5363 in
1903 5321 2050 5364 antea

493 5396 685 5448 ibidem
716 5406 1080 5463 comparatum
1111 5408 1219 5462 aut,
1251 5401 1316 5452 de
1365 5400 1601 5464 quolibet
1652 5401 1881 5470 ingenio,
1930 5403 2055 5471 legi—

500 5485 594 5538 bus
624 5485 688 5538 ad
717 5502 808 5541 nos
841 5488 1091 5554 pervenit.
1124 5491 1228 5544 lloc
1254 5493 1315 5545 ad
1339 5493 1704 5560 ipsatnccllant
1730 5494 1837 5559 jam
1861 5495 2052 5550 dittatn

2152 4489 2295 4558 quod
2345 4504 2462 4542 casa
2494 4493 2660 4545 sancti
2707 4493 2965 4561 Stephani
3015 4493 3219 4564 legibus
3266 4497 3462 4552 ibidem
3517 4499 3694 4555 habere

2154 4577 2388 4644 videtur,
2408 4579 2488 4632 vel
2515 4579 2564 4632 in
2595 4581 2712 4634 illas
2743 4582 2900 4648 lines,
2930 4585 3065 4637 sicut
3089 4587 3200 4652 jam
3231 4585 3435 4641 dictum
3460 4600 3562 4652 est,
3589 4591 3707 4657 quod

2156 4668 2280 4722 boni
2329 4669 2593 4744 homines,
2643 4687 2736 4739 per
2791 4671 3003 4726 illorum
3058 4683 3379 4735 strumenta,
3441 4677 3507 4729 ad
3554 4692 3706 4730 cassi-

2159 4759 2324 4814 sancti
2375 4758 2633 4828 Stephani
2687 4761 3088 4828 delegaverunt.
3151 4762 3419 4816 Donamus
3469 4769 3621 4819 etiam
3663 4765 3705 4817 in

2160 4851 2277 4918 ipso
2303 4864 2434 4918 pago
2464 4851 2822 4918 Scarponinse
2854 4852 3032 4904 villain
3077 4854 3246 4904 sancti
3271 4853 3549 4922 Stephani,
3577 4859 3706 4921 etisz

2158 4945 2476 4998 vocabulum
2514 4952 2596 4996 est
2630 4941 2814 5008 Puina,
2867 4956 2986 4996 cum
3017 4944 3238 5008 mansis,
3281 4946 3508 5013 curtilis,
3533 4945 3704 5005 ortilis,

2159 5037 2425 5097 domibus,
2457 5035 2714 5098 aediliciis,
2740 5035 2916 5100 terris,
2948 5036 3168 5104 campis,
3204 5037 3390 5105 pratis,
3419 5037 3606 5098 vineis,
3631 5037 3705 5090 sil-

2161 5128 2260 5185 vis.
2293 5126 2452 5178 cultis
2483 5134 2536 5178 et
2565 5125 2796 5190 incultis,
2827 5127 3000 5192 aquis,
3035 5141 3363 5194 aquarumve
3388 5126 3703 5187 decursibus,

2163 5217 2462 5283 mancipiis,
2519 5217 2642 5278 litis,
2693 5217 2962 5270 alcolabus
2992 5219 3072 5268 vel
3119 5218 3464 5283 epistolariis,
3509 5216 3706 5286 peculiis

2165 5313 2439 5375 utriusque
2469 5309 2678 5376 generis
2705 5323 2886 5371 sexus,
2916 5309 3197 5362 mobilibus
3229 5306 3312 5362 vel
3346 5307 3704 5367 immobilibus,

2165 5404 2244 5454 vel
2280 5401 2527 5469 quicquid
2563 5401 2758 5454 ibidem
2809 5419 2901 5470 per
2934 5383 3314 5464 venditionem,
3365 5399 3702 5454 donationem.

2164 5497 2652 5559 commutationem,
2709 5498 2947 5562 pervenit
2994 5497 3056 5550 ad
3116 5495 3280 5564 nsunt
3334 5495 3512 5550 casa'm
3564 5488 3706 5545 sancti
