3914 6236
217 325 344 380 IIII

877 298 1167 378 amona
1212 321 1342 374 uno
1384 320 1820 376 FUNDATIONE
1860 320 2260 376 CORZIENSIS
2303 323 2738 378 MUNASTERII.

3299 329 3434 382 1112

214 439 356 494 Petri
379 437 475 490 'ch
504 435 570 488 ad
612 435 776 503 ipsam
807 437 992 490 cellam
1042 451 1162 492 cum
1194 437 1284 489 Dei
1329 437 1590 506 atljutorio
1614 441 1770 504 proli-
1803 445 1846 497 Α
1878 436 2114 503 proﬁciat
2147 448 2197 494 lu
2229 439 2546 505 augmentis.
2585 439 2846 490 Donamus
2875 438 3036 492 etiam
3067 437 3330 494 decimam
3360 440 3426 495 da

217 526 329 580 clat
354 525 764 594 invattgmcntis.
799 526 1060 578 Donamus
1092 526 1157 579 ad
1189 527 1386 579 Novum
1417 530 1625 579 Sat'tutn
1657 542 1776 581 me-

209 616 470 669 dietatem
494 613 558 667 de
589 615 676 666 illa
710 614 841 666 silva
884 615 972 667 ubi
1008 615 1081 667 illi
1108 617 1298 668 fratres
1328 617 1650 670 vel'illorum
1683 617 1780 671 ho-

210 708 386 759 mines
428 707 491 756 ad
523 707 685 773 ipsam
717 720 894 758 casam
925 706 1090 780 sancti
1126 704 1265 757 Petri
1298 705 1606 760 madramen
1639 722 1769 776 pos-

210 795 319 846 sint
343 790 538 845 facete.
593 792 860 844 Donamus
890 793 1050 844 etiam
1083 791 1202 842 illas
1225 805 1310 843 res
1333 794 1498 844 sancti
1533 793 1776 860 Remigii,

213 896 336 935 cum
377 882 486 949 ipsa
518 881 733 934 basilica
771 882 824 934 in
864 880 1042 946 Sigeio
1069 890 1390 945 constructa,
1424 882 1502 934 vel
1531 883 1779 950 quicquid

215 972 280 1027 ad
331 975 435 1024 hoc
464 970 668 1038 aspicit.
701 971 782 1025 vel
826 971 964 1039 quod
1011 984 1175 1036 usque
1205 985 1340 1022 nunc
1371 969 1658 1024 Adventius
1691 987 1783 1039 per

214 1064 536 1118 beneﬁcium
571 1066 740 1118 tenuit
770 1066 934 1118 sancti
967 1064 1246 1129 Stephani.
1289 1065 1558 1118 Donamus
1606 1066 1774 1120 etiam

218 1155 274 1208 in
307 1156 427 1224 ipso
458 1156 635 1226 Sigeio
658 1157 836 1209 vineas
861 1169 1086 1225 quatuor
1110 1171 1228 1209 cum
1255 1157 1567 1211 vinitoribus
1589 1168 1642 1210 et
1663 1159 1781 1211 illo-

216 1261 334 1300 rum
392 1247 643 1302 mulieres
683 1257 738 1301 et
768 1248 980 1300 i'llnrtttll
1032 1261 1241 1300 mansos
1270 1255 1323 1301 et
1352 1248 1558 1300 illorum
1589 1258 1780 1301 sortes.

218 1334 345 1391 ﬂa-c
396 1344 522 1391 sunt
549 1338 761 1391 nomina
813 1351 998 1389 eorum
1033 1355 1043 1386 :
1079 1337 1376 1390 llarduinus
1402 1339 1614 1402 vinitor,
1645 1353 1785 1391 uxor

217 1439 311 1480 sua
340 1426 664 1495 epistolaris,
696 1423 988 1480 Erlofridus
1024 1426 1240 1488 vinitor,
1281 1440 1412 1478 uxor
1451 1441 1541 1477 sua
1583 1428 1784 1493 uagam

219 1515 410 1580 liiidis.
459 1513 694 1576 Erlulfus
723 1513 934 1578 vinitor,
988 1530 1122 1568 uxor
1172 1515 1494 1584 epistolaria,
1543 1515 1788 1566 Wanch-

218 1607 409 1660 bertus
457 1607 670 1667 vinitor,
706 1619 841 1658 uxor
887 1620 979 1657 sua
1025 1605 1352 1672 epi~tolaria.
1398 1605 1455 1658 lu
1506 1606 1617 1670 ipsa
1665 1604 1788 1656 villa

215 1697 486 1750 donamus
515 1697 734 1750 ancillas
775 1697 857 1749 his
899 1698 1245 1774 nominibus:
1290 1696 1676 1765 Amelbergane
1704 1711 1791 1748 an-

1881 525 2234 588 Miliriaco,de
2259 526 2350 577 illo
2377 527 2497 578 vino
2520 529 2656 595 quod
2689 527 2881 581 ibidem
2907 529 3058 581 annis
3083 528 3305 596 singulis
3329 528 3439 582 co!-

1880 619 2070 670 Icctum
2099 621 2220 670 erit.
2251 617 2514 670 Donamns
2542 620 2700 672 etiam
2744 635 2900 687 supra
2956 620 3226 673 Mosellam
3255 622 3437 674 villam

1878 705 2165 759 Cluserado
2203 720 2321 758 cum
2352 707 2440 760 illo
2466 708 2734 761 villacerlo
2756 710 2841 776 qui
2889 709 3082 762 dicitur
3113 710 3437 773 Riviniacns,

1879 811 1998 850 cum
2057 797 2278 862 mansis,
2331 797 2571 860 curtulis,
2622 801 2828 864 ortulis,
2863 800 3127 864 domibus,
3177 801 3438 859 :ediﬁciis.

1883 891 2058 955 terris,
2075 890 2300 957 campis,
2331 892 2512 956 pratis,
2550 890 2734 954 vineis,
2766 882 2934 953 silvis,
2955 894 3108 943 cultis
3130 901 3182 944 et
3211 891 3441 953 incultis.

1882 985 2052 1051 aquis,
2081 997 2405 1051 aquarumve
2429 983 2772 1046 discursibus,
2807 983 3108 1050 mancipiis,
3141 983 3264 1045 litis,
3290 997 3443 1036 acco-

1885 1076 2057 1140 labus,
2091 1077 2436 1145 epistolariis,
2472 1077 2693 1142 peculiis
2727 1077 3004 1142 utriusque
3035 1076 3242 1140 generis
3264 1090 3444 1136 sexus,

1885 1165 2169 1218 mobilibus
2197 1174 2249 1218 et
2280 1165 2661 1226 immobilibus,
2699 1165 2780 1215 vel
2823 1165 3068 1232 quicquid
3116 1165 3166 1216 in
3201 1163 3311 1234 ipsa
3343 1163 3446 1217 ﬁne

1883 1269 2004 1306 casa
2035 1255 2203 1307 sancti
2235 1255 2483 1321 Stephani
2519 1258 2714 1308 habere
2741 1255 2966 1317 videtur,
3019 1255 3081 1306 ad
3137 1253 3301 1320 ipsam
3357 1268 3445 1307 ca-

1886 1355 1997 1395 sam
2024 1343 2190 1396 sancti
2230 1345 2461 1397 f’etrivcl
2491 1344 2554 1395 ad
2590 1345 2757 1410 ipsam
2788 1345 3000 1406 cellam,
3035 1343 3171 1396 sicut
3205 1343 3451 1410 superius

1888 1430 2086 1483 dictum
2118 1440 2217 1493 est,
2250 1431 2314 1484 ad
2348 1433 2489 1498 ipsos
2521 1433 2834 1493 monachos,
2869 1433 2947 1486 vel
2977 1433 3042 1485 ad
3085 1434 3227 1502 ipsos
3262 1434 3450 1486 fratres

1892 1521 2130 1585 proﬁciat
2158 1522 2208 1572 in
2239 1522 2558 1587 augmentis.
2599 1514 2864 1574 Donamus
2915 1524 3072 1574 etiam
3126 1523 3265 1574 illam
3305 1524 3449 1577 deci-

1893 1621 2032 1659 mam
2059 1609 2124 1660 de
2143 1609 2234 1660 illo
2269 1611 2393 1660 vino
2415 1609 2480 1661 de
2499 1609 2812 1660 Bredraculo
2836 1618 2999 1661 totam
3023 1611 3174 1661 annis
3201 1609 3444 1676 singulis.

1897 1694 2017 1749 llazc
2045 1696 2220 1749 omnia
2243 1698 2483 1764 superius
2519 1698 2754 1750 intimata
2786 1698 2851 1749 ad
2888 1699 3055 1764 ipsam
3085 1698 3334 1763 ,Gorziam
3367 1685 3453 1751 vel

217 1788 362 1851 cilla,
398 1788 751 1857 Rigobertane
785 1787 995 1851 ancilla,
1033 1788 1286 1856 Eminane
1325 1787 1512 1840 ancilla
1546 1798 1598 1839 et
1644 1787 1785 1840 illam
1823 1777 1864 1834 Β
1892 1787 1954 1839 ad
1987 1787 2102 1840 illos
2123 1789 2443 1856 monachos,
2475 1798 2526 1841 et
2560 1803 2816 1856 pauperes
2868 1787 3060 1841 ibidem
3091 1790 3447 1858 elemosynam

219 1881 483 1933 decimam
508 1879 574 1934 de
601 1879 702 1934 illis
723 1879 889 1933 vineis
902 1878 1374 1942 dominicatis,tam
1394 1880 1458 1932 de
1483 1880 1604 1931 vino
1631 1894 1787 1947 quam

223 1971 286 2026 de
313 1986 554 2037 annona,
571 1981 660 2024 aut
687 1971 924 2024 aliunde.
942 1971 1207 2024 Donamns
1223 1971 1385 2024 etiam
1409 1971 1474 2024 ad
1505 1969 1789 2042 castellum

222 2065 408 2116 vineas
433 2073 544 2115 tres
566 2077 684 2117 eum
710 2063 1022 2116 vinitoribus
1043 2072 1096 2116 et
1124 2063 1334 2115 illorum
1360 2077 1557 2116 uxores
1589 2073 1643 2117 et
1673 2064 1792 2116 illo-

220 2166 336 2204 rum
365 2152 689 2210 mansosvel
722 2153 929 2204 illorum
961 2161 1133 2217 sortes
1151 2167 1166 2210 ς
1187 2150 1300 2203 lucc
1327 2159 1447 2204 sunt
1473 2153 1687 2204 nomine
1707 2165 1792 2219 eo-

207 2252 339 2302 [rum
366 2254 383 2293 :
409 2239 709 2306 Adelfridus
727 2241 938 2301 vinitor,
956 2254 1092 2292 uxor
1105 2239 1398 2292 suaancilla
1422 2240 1633 2292 nomine
1657 2238 1810 2302 Gau-,

225 2331 328 2395 cia,
367 2328 698 2399 Anglifridus
727 2331 920 2383 vinitor
947 2343 1066 2381 cum
1109 2343 1274 2380 uxore
1319 2343 1436 2391 sua,
1482 2328 1607 2380 item
1634 2326 1793 2380 Adel-

227 2424 396 2480 fridus
450 2440 571 2479 cum
619 2440 786 2479 uxore
847 2439 940 2477 sua
990 2423 1446 2492 Wandelbergane
1504 2422 1691 2476 ancilla
1743 2430 1796 2476 et

232 2528 488 2583 germana
516 2515 725 2567 ancilla.
747 2515 1013 2568 Douamus
1036 2514 1192 2566 etiam
1223 2513 1286 2564 ad
1314 2512 1633 2564 Gaudiacum
1665 2509 1794 2563 illud

227 2606 521 2659 oratorium
560 2607 699 2674 quod
739 2613 820 2657 cst.
864 2607 914 2656 in
949 2605 1150 2657 honore
1183 2603 1352 2655 sancti
1402 2602 1626 2654 Andreae
1663 2615 1807 2658 con-.

226 2708 508 2762 structum,
543 2699 626 2752 vel
661 2699 908 2766 quicquid
960 2697 1025 2750 ad
1084 2698 1184 2750 hoc
1231 2694 1482 2762 pertinet,
1523 2697 1605 2746 vel
1654 2695 1793 2761 quod

226 2789 532 2859 Teudpnius
577 2804 669 2858 per
708 2790 1020 2844 beneﬁcium
1073 2788 1239 2840 sancti
1287 2785 1541 2852 Stephani
1602 2783 1807 2865 ibidem.

231 2882 426 2936 tenuit.
446 2881 715 2936 Donatnus
738 2881 894 2934 etiam
916 2879 980 2932 ad
1003 2877 1330 2932 Cuberacum
1356 2878 1493 2930 illam
1526 2877 1796 2930 basilicam

231 2986 348 3039 qum
375 2981 460 3027 est
501 2974 552 3026 in
587 2973 787 3025 honore
830 2971 999 3023 sancti
1042 2968 1247 3022 Martini
1292 2975 1620 3030 constructa,
1654 2967 1795 3033 quod

229 3060 589 3117 Candidianus
611 3061 961 3115 cancellarius
989 3075 1081 3128 per
1112 3057 1429 3111 beneﬁcium
1474 3055 1661 3118 tenuit,
1713 3053 1800 3108 vel
1826 3067 1836 3128 1'

400 3111 1069 3204 ίξξέξτῖίζέέίνιέοξηιι
1094 3147 1303 3204 aspicit,
1336 3145 1400 3198 ad
1426 3147 1591 3204 ipsam
1615 3111 1795 3197 casam
1823 3111 2270 3186 Callirmandum
2304 3137 2503 3204 rogavi.
2539 3139 2726 3189 Actum
2781 3137 2920 3203 apud
2978 3139 3351 3201 Andernacum
3403 3136 3458 3190 in

231 3151 478 3218 quicquid
511 3153 576 3204 ad
602 3152 770 3216 ipsam
802 3150 1069 3203 basilicam
1094 3147 1303 3216 aspicit,
1336 3145 1400 3198 ad
1426 3147 1591 3212 ipsam
1615 3158 1795 3197 casam

231 3242 396 3295 sancti
433 3239 648 3296 Petri'et
678 3243 740 3292 ad
774 3242 892 3293 illos
922 3242 1110 3292 fratres
1134 3238 1217 3291 vel
1247 3236 1534 3290 monachos
1563 3235 1799 3301 proficiat

235 3331 285 3382 in
316 3333 639 3398 augmentis,
670 3340 722 3382 et
751 3331 836 3380 illa
866 3329 1070 3380 decima
1093 3327 1159 3378 de
1190 3326 1440 3385 Prunido,
1473 3324 1538 3377 de
1561 3337 1792 3384 annona,

232 3418 298 3472 de
326 3418 472 3482 feno,
506 3419 574 3472 de
605 3418 799 3480 vaccis,
825 3417 888 3470 de
921 3416 1119 3483 porcis,
1148 3415 1213 3466 de
1252 3413 1581 3475 vervecibus,
1612 3412 1690 3463 vel
1727 3410 1810 3473 de,

232 3506 512 3573 iumentis,
544 3509 623 3562 vel
671 3491 987 3566 aliundeiad
1039 3505 1203 3571 ipsam
1236 3518 1414 3556 casam
1459 3503 1566 3570 jam
1598 3499 1793 3553 dictam

1893 1886 2189 1942 sperantes,
2218 1879 2357 1931 omni
2412 1887 2647 1944 tempore
2679 1879 2957 1944 proﬁciant
2997 1882 3047 1930 in
3091 1889 3449 1946 augmentum.

1896 1967 1949 2022 Si
1987 1967 2104 2038 quis
2147 1984 2292 2033 vero,
2339 1984 2402 2022 ex
2435 1952 2831 2023 successm'ibus
2881 1971 2963 2022 vel
3015 1969 3265 2023 fratribus
3318 1971 3471 2026 meiat

1896 2056 2111 2124 predicti
2141 2057 2269 2110 cleri
2295 2057 2563 2123 Metensis,
2599 2074 2690 2111 seu
2741 2061 2987 2128 qntelibet
3033 2074 3280 2125 persona,
3310 2075 3441 2114 con-

1897 2153 1972 2207 tra
2007 2145 2162 2214 hujus
2203 2148 2500 2200 testamenti
2533 2147 2636 2200 mei
2668 2148 2969 2215 paginolam
3009 2150 3192 2203 venire
3224 2159 3451 2216 tempta—

1887 2234 2050 2296 ‘verit,
2079 2244 2171 2306 aut
2194 2236 2390 2303 aliquid
2417 2238 2609 2303 exinde
2643 2238 2816 2306 facere
2834 2238 3082 2304 voluerit,
3114 2241 3312 2308 absque
3342 2255 3457 2294 mea

1901 2325 2193 2399 voluntate,
2245 2328 2480 2379 minuere
2526 2337 2746 2380 conatus
2780 2325 2957 2390 fuerit,
3008 2336 3098 2380 aut
3127 2330 3458 2382 devotionem

1900 2428 2069 2484 meam
2119 2415 2193 2489 in.
2231 2416 2477 2468 omnibus
2530 2416 2824 2483 adimplere
2881 2417 3128 2479 noluerit,
3161 2417 3240 2470 vel
3288 2432 3463 2471 sacra-

1900 2512 2072 2575 menta
2104 2518 2258 2570 supra
2295 2506 2535 2558 intimata
2564 2510 2851 2578 observare
2881 2508 3298 2574 contempserit;
3329 2509 3457 2563 dum

1897 2594 2211 2649 maledicere
2241 2611 2555 2664 quemquam
2581 2600 2723 2662 nolo,
2758 2599 3132 2653 nichilomiuus
3159 2603 3367 2655 noverit
3395 2615 3456 2655 se

1899 2682 1948 2756 in
1974 2683 2302 2738 tremendum
2335 2684 2472 2739 diem
2504 2685 2693 2757 judicii
2713 2699 2836 2754 ante
2867 2689 3094 2757 tribunal
3124 2687 3318 2741 Christi
3347 2703 3473 2743 me-.

1898 2789 2017 2829 cum
2068 2791 2130 2830 ex
2165 2780 2264 2830 hoc
2307 2789 2651 2831 causaturutn
2678 2794 2690 2837 ;
2724 2787 2796 2846 et,
2829 2788 2884 2830 ut
2910 2781 3050 2832 omni
3080 2789 3317 2846 tempore
3346 2779 3460 2834 btec

1903 2865 2141 2932 paginola
2167 2852 2467 2920 testamenti
2499 2868 2661 2920 nostri
2694 2878 2902 2933 maneat
2935 2868 3263 2933 inconvulsa,
3297 2883 3456 2922 manu

1901 2958 2114 3024 propria
2145 2972 2262 3010 eam
2304 2957 2566 3022 roboravi,
2599 2968 2653 3011 et
2684 2958 2936 3033 fratribus
2976 2957 3292 3020 nostrisvel
3337 2959 3461 3012 reli-

1903 3045 2018 3111 quis
2062 3046 2214 3098 bonis
2271 3046 2593 3112 hominibus,
2647 3048 2735 3114 qui
2776 3049 3174 3112 consentientes
3225 3048 3472 3111 fuerunt,-

1906 3229 2099 3294 palatio
2117 3226 2344 3294 publice.
2363 3232 2514 3296 Auno
2537 3227 2602 3280 ab
2618 3227 2980 3292 lucarnatioue
2999 3227 3204 3281 Domini
3220 3241 3477 3290 occur,

1902 3318 2188 3392 indictione
2239 3326 2350 3386 xm,
2400 3333 2582 3384 epacta
2641 3334 2775 3391 sit”,
2809 3329 3158 3372 concurrente
3190 3333 3458 3385 tttt,.anno

1900 3426 1947 3460 γι
1969 3409 2252 3461 Childerici
2290 3411 2446 3477 regis,
2483 3427 2546 3462 xx
2580 3411 2667 3462 die
2695 3409 2892 3486 mensis
2935 3409 3074 3462 Maii.
3106 3411 3344 3475 Sigillum
3375 3409 3468 3461 1η--

1899 3498 2077 3564 lustris
2105 3498 2200 3551 viri
2241 3499 2408 3566 Pipini
2440 3500 2890 3566 majoris-domus.

234 3641 2451 3669 __________________________________.._.____.____.

603 3701 1430 3844 ‘CONFIRMATIO
1487 3757 2138 3839 PRIVILEGII
2196 3726 3077 3838 PRECEDENTI‘S.

307 3979 515 4031 Poterat
568 3988 720 4042 mquo
766 3970 882 4042 jure
930 3965 1244 4018 Sirmondus
1299 3970 1478 4042 uoster
1524 3959 1793 4042 Compen-

236 4049 420 4103 dlense
452 4045 600 4108 illud,
636 4032 781 4093 'sive'
797 4041 1062 4108 decretum
1098 4047 1276 4108 voces,
1320 4033 1458 4108 sive_
1487 4032 1792 4108 concilium,

195 4104 198 4108 ’
512 4099 807 4166 ω’θηιιιιιη
837 4106 940 4158 756
981 4099 1665 4175 proximepprinc‘etlentent,
1713 4109 1812 4175 al-l

234 4169 340 4267 que
358 4169 422 4240 ad
455 4191 765 4258 praesentati
790 4174 918 4256 757,
971 4169 1611 4267 cumacertissir'nis.trc
1623 4169 1811 4267 filia"

234 4239 890 4311 timuem'controversiam
916 4243 1118 4314 positis
1147 4248 1358 4314 constet
1385 4239 1594 4314 iudiciis
1617 4252 1787 4314 syno-

235 4305 546 4379 dum—fuisse
575 4319 625 4371 in
655 4305 985 4381 Cumpendio
1018 4311 1210 4381 palatio
1240 4305 1511 4381 anno
1551 4307 1788 4381 celebra-

390 4392 571 4446 Fidem
607 4389 748 4440 omni
777 4377 1088 4449 exceptione
1113 4379 1366 4446 majorem
1394 4378 1515 4449 facit
1540 4377 1788 4449 “diploma
1826 4378 1875 4435 ι)

235 4444 601 4529 Οι-ινέὸιῖόειιὴεξ
649 4444 1216 4529 Μεῑθῃείέεηιίειὶξίεζ
1273 4462 1342 4529 eo
1385 4444 1502 4529 loci
1535 4446 1794 4522 firmatum

235 4518 707 4594 subscriptionibns
729 4526 1100 4594 episcoporum
1133 4518 1184 4570 in
1210 4518 1668 4594 cntilirtnatituiem
1697 4518 1803 4594 pri-

236 4582 407 4670 vilegii
444 4582 775 4670 'szicusis'
799 4582 1031 4670 abbatis:
1056 4593 1125 4670 ab
1149 4583 1688 4670 eolin-datm.“illi-nlA
1711 4582 1804 4670 de:

241 4651 406 4736 suis;
433 4651 618 4730 lector,
652 4661 961 4736 humanitati
997 4660 1072 4736 tt,
1092 4659 1148 4736 νε
1183 4655 1476 4736 ᾼΙρκεῃάνί.
1504 4651 1801 4736 \Villllctl‘tii

235 4723 497 4794 societatis
538 4723 730 4788 noStrac
755 4732 850 4783 viri
882 4726 1250 4784 eruditissimi,
1284 4724 1369 4790 qui
1417 4723 1478 4773 ad
1521 4738 1626 4794 tuo,
1678 4723 1805 4774 au‘te

237 4792 436 4880 aliquot
479 4820 674 4880 annos,
700 4801 1058 4880 incubui-"go
1113 4797 1282 4880 misit,
1327 4792 1804 4880 cntnﬂt‘l‘ipl—oiua-le

240 4861 558 4933 futnlationis
591 4861 935 4927 nobilissin‘tte
969 4861 1295 4919 P'rutniensis
1321 4864 1486 4933 sancti
1511 4861 1806 4914 Salvaturis

239 4932 460 5003 abbatite
491 4940 851 5000 concessudie
883 4938 944 4991 f5
975 4940 1130 5004 Aug.,
1177 4950 1317 5004 anno
1351 4932 1405 4984 ll
1440 4941 1691 4997 regnante
1717 4945 1807 5004 eo-

240 5000 610 5085 demV—l’iiﬁppino
636 5010 1020 5080 gloriosissimo
1052 5000 1197 5073 rege,
1239 5002 1460 5068 :tliiSque
1489 5017 1646 5067 quam
1691 5000 1822 5066 plu-i

242 5089 401 5142 rimis.
431 5088 523 5141 Pu.
549 5085 744 5138 Luae.

271 5170 274 5172 ’
309 5178 360 5230 In
393 5177 488 5231 Dei
523 5168 776 5229 nomine
806 5169 1248 5236 Chrodegangus,
1307 5178 1371 5216 ac
1427 5161 1470 5214 si
1533 5171 1802 5228 peccator,

198 5317 200 5319 ,
245 5266 485 5322 Metensis
515 5266 662 5320 urbis
684 5265 990 5333 episcopus,
1027 5259 1152 5312 dum
1184 5257 1235 5308 in
1282 5251 1639 5308 voluminibus
1666 5250 1822 5308 divi-'

245 5373 422 5428 uarum
451 5358 643 5411 seriem
675 5353 1066 5420 Scripturarum
1104 5346 1254 5416 juxta
1288 5343 1695 5420 possibilitatem
1741 5354 1802 5391 ex

245 5446 604 5504 mediocritate
632 5444 732 5497 mei
755 5457 965 5504 sensus,
996 5439 1236 5492 attonitis
1266 5435 1504 5494 auribus,
1534 5440 1588 5486 ct
1619 5430 1804 5486 sedula

245 5535 684 5596 consideratione,
729 5532 1048 5598 inspicerem
1078 5527 1202 5595 quid
1240 5526 1330 5578 Dei
1381 5523 1545 5576 Filius
1575 5520 1796 5574 diceret.

318 5706 337 5729 '
366 5695 405 5751 F
409 5701 541 5756 orte,
566 5699 614 5743 et
642 5684 1072 5740 commutationes.
1108 5678 1269 5731 "anu.

1900 3962 2158 4016 audiens:
2192 3962 2320 4035 Date
2349 3973 2393 4017 et
2425 3965 2627 4016 dabitur
2655 3963 2787 4016 vobis
2835 3963 2983 4027 (Luc.
3031 3965 3132 4031 vi),
3182 3975 3235 4017 et
3280 3967 3406 4021 alibi
3440 3981 3481 4022 ετ

1905 4051 2030 4105 Date
2058 4052 2444 4122 eleemosynom,
2497 4063 2681 4106 cresce
2707 4053 2876 4104 omnia
2914 4055 3107 4104 munda
3153 4055 3280 4121 ﬁant
3322 4060 3480 4110 oobis'

1903 4141 2055 4210 (Luc.
2091 4145 2200 4208 xi):
2238 4143 2432 4196 idcirco
2459 4144 2840 4207 cmpimmstus
2862 4125 3174 4210 conquirere
3200 4145 3325 4210 quid
3361 4160 3482 4212 pro‘

1902 4234 2093 4286 anima:
2119 4233 2372 4294 remedio,
2400 4233 2526 4298 'quid
2560 4247 2652 4300 pro
2681 4232 2954 4285 abluendis
2989 4233 3306 4299 ponderibus
3330 4251 3481 4302 pec-'

1901 4334 2135 4377 calorum
2192 4323 2443 4386 facerem,
2479 4323 2557 4374 vel
2598 4323 2648 4374 in
2693 4322 3168 4388 quibus'imitarcr
3219 4326 3482 4393 exempla

1877 4416 2198 4482 .priscornm
2230 4414 2466 4477 Patrum,
2515 4411 2887 4479 episcoporum
2919 4401 3158 4464 meorum
3195 4424 3482 4468 -anteces-‘-

1906 4520 2083 4558 sorum
2111 4505 2160 4556 in
2187 4504 2460 4572 operibus,
2503 4504 2694 4570 quibus
2739 4503 3004 4556 credimus
3036 4504 3142 4555 Deo
3173 4502 3465 4573 placuisSe;

1908 4597 2030 4652 hinc
2063 4610 2169 4660 per.
2196 4596 2286 4648 Dei
2311 4595 2646 4661 adjutorium‘
2668 4609 2768 4646 una
2798 4609 2918 4645 cum
2953 4603 3253 4646 commeatu
3281 4604 3334 4647 et
3361 4609 3477 4647 νου

1909 4685 2350 4740 luntatedouiini
2383 4686 2546 4736 nostri
2581 4681 2800 4751 piissimi
2833 4697 2892 4734 ac
2916 4682 3285 4749 gloriosissitui
3319 4684 3482 4752 regis

1910 4772 2113 4840 pippi";
2143 4770 2495 4845 Frnncnrutn,
2523 4781 2681 4839 atque
2705 4785 2965 4823 consensu
3001 4771 3222 4824 fratrum
3255 4775 3482 4826 nostro—ﬁ

1914 4879 2030 4916 rum
2063 4865 2464 4922 canonicorum,
2513 4863 2863 4930 spiritualium
2893 4871 2947 4914 et
2973 4863 3133 4914 Deum
3168 4850 3463 4916 timentium

1907 4956 2160 5007 laicorum
2186 4954 2415 5006 fidelium
2439 4953 2605 5006 sancti
2631 4950 2904 5018 Stephani,
2926 4951 3177 5029 :edilicavi
3208 4959 3467 5002 monaste-

1909 5047 2043 5099 rium
2094 5046 2144 5098 in
2186 5046 2302 5098 loco
2338 5045 2424 5111 qui
2467 5042 2659 5096 dicitur
2707 5033 2917 5102 Corzia,
2964 5043 3013 5092 in
3061 5056 3192 5106 pago
3241 5040 3470 5110 Scarpo-

1913 5138 2083 5198 ninsc,
2119 5136 2170 5187 in
2201 5136 2454 5187 honorem
2481 5133 2906 5187 beatissimorum
2940 5129 3302 5195 apostolorum
3330 5129 3470 5183 Petri

1914 5238 1966 5279 et
2000 5226 2167 5287 Pauli,
2200 5241 2295 5278 nec
2340 5240 2444 5278 non
2474 5233 2524 5275 et
2555 5223 2722 5274 sancti
2757 5219 3008 5288 Stephani
3042 5234 3134 5273 sco
3178 5230 3227 5274 et
3258 5233 3474 5276 ctetero-

1909 5331 2024 5368 rum
2054 5325 2383 5376 sanctorum,
2430 5320 2482 5362 et
2509 5310 2736 5362 fundaus
2763 5317 2921 5376 atque
2946 5308 3134 5361 dotatis
3159 5309 3329 5377 ipSum
3361 5323 3471 5362 mo-

1907 5408 2196 5461 nasterium
2231 5405 2297 5458 de
2326 5404 2485 5455 rebus
2516 5411 2567 5455 et
2601 5402 2757 5455 terris
2795 5415 2914 5468 quae
2953 5413 3168 5469 prepter
3211 5401 3471 5454 venditio-

1907 5507 2044 5553 ncs°
2077 5496 2536 5557 commutationes,
2583 5494 2708 5545 mihi
2759 5493 2965 5560 legibus
2991 5493 3315 5547 obvenerant
3343 5533 3356 5556 ,
3411 5507 3471 5543 ea
