3926 6324
458 433 593 487 Ηὲδ

1221 433 1278 488 S.
1318 431 1797 488 CIIRODECANGI
1840 428 2172 483 MI‘ZTENSIS
2213 428 2510 480 EI‘ISCUPI
2563 426 2873 484 Dll’l.03l\.

3503 428 3662 484 Hii

459 544 659 596 scilicet
682 543 1006 608 conditione,
1036 545 1162 596 utin
1187 543 1776 612 monasteriomonachi
1806 531 1994 593 secuu-
2023 539 2256 596 Abeant
2306 537 2583 599 abbatem,
2630 548 2684 590 et
2738 541 2782 592 si
2823 542 2873 590 in
2929 540 3093 606 ipsam
3147 540 3659 610 congregationem.

461 635 584 685 dum
611 629 848 687 ordinem
879 643 931 686 et
960 635 1190 700 regulam
1222 636 1384 686 sancti
1431 636 1600 685 l‘atris
1631 631 1794 683 nostri
1837 630 2000 682 Dene-

460 723 592 777 dicti
618 723 823 777 abbatis
851 724 1040 775 atuodo
1068 732 1121 776 et
1145 736 1359 790 semper
1387 721 1651 792 perpetuis
1674 718 2000 783 temporibus

464 813 662 876 vivant,
687 823 740 865 et
765 814 900 866 sicut
928 813 998 866 ibi
1027 813 1279 880 scriptum
1314 825 1415 877 est,
1465 813 1592 865 nihil
1627 811 1830 876 penitus
1879 822 2001 872 pro-

460 905 630 972 prium
672 904 942 966 habentes,
995 905 1086 957 scd
1117 905 1221 957 sint
1258 905 1360 957 illis
1394 904 1689 956 coinmunia
1728 899 1900 951 omnia
1948 898 1996 948 in

460 993 724 1055 omnibus,
755 993 979 1060 qualiter
995 1004 1048 1046 et
1071 1008 1161 1062 pro
1187 1008 1266 1052 se.
1297 1003 1348 1044 et
1371 1006 1466 1059 pro
1493 993 1607 1042 aliis
1638 989 1843 1041 valeant
1875 1003 2002 1039 exo-

461 1093 609 1142 rare;
640 1082 798 1147 igitur
826 1083 1075 1148 compulit
1103 1097 1197 1136 nos
1215 1081 1422 1133 affectio
1448 1080 1718 1132 charitatis
1737 1088 1895 1143 atque
1922 1079 2002 1130 di-

467 1169 709 1222 lectionis
741 1170 960 1221 fratrum
989 1169 1246 1234 ipsorum,
1289 1183 1384 1234 pro
1421 1181 1604 1220 eorum
1637 1167 1810 1234 quiete
1834 1175 1998 1220 etor-

459 1256 603 1319 dinc,
633 1258 859 1324 qualiter
886 1257 992 1309 Deo
1014 1257 1234 1322 iuvante
1262 1257 1470 1308 valeant
1499 1255 1721 1321 implere
1764 1256 1998 1320 regulam

461 1356 515 1399 et
541 1347 775 1398 ordinem
806 1361 980 1406 suum,
1019 1356 1073 1399 ct
1116 1348 1254 1414 quod
1299 1347 1451 1399 nobis
1497 1344 2001 1410 successoribusque

460 1432 651 1483 nostris
681 1440 890 1484 maneat
924 1433 989 1484 ad
1020 1434 1336 1497 mercedem,
1366 1443 1419 1487 et
1444 1448 1470 1483 a
1504 1447 1647 1486 recto
1671 1434 1878 1484 tramite
1920 1433 1999 1483 in-

461 1518 712 1569 cunvulso
740 1519 907 1572 limite
935 1519 1217 1574 terminare
1242 1523 1381 1590 quod
1423 1536 1701 1588 perennem
1729 1520 1995 1586 deinceps,

459 1610 774 1675 propitiante
802 1611 932 1675 Deo,
964 1614 1198 1666 obtineat
1239 1614 1571 1676 firmitatem,
1618 1627 1683 1665 ue
1713 1613 1828 1676 quis
1850 1612 2001 1664 nobis

460 1698 788 1753 detrahendo
813 1703 1038 1754 testimet
1065 1703 1117 1754 in
1165 1701 1213 1753 id
1257 1719 1390 1755 nova
1413 1704 1718 1768 decernere,
1749 1704 1871 1756 dum
1903 1719 1999 1755 an-

460 1786 674 1856 tiquitus
709 1791 852 1856 iusta
909 1793 1380 1848 considerationem
1431 1795 1731 1861 pontilicum
1789 1796 1998 1848 videant

460 1888 648 1931 cetera
696 1880 794 1934 sibi
846 1881 1078 1948 subjecta
1130 1884 1440 1936 monasteria
1493 1887 1541 1934 in
1589 1886 1832 1937 onmihus
1881 1898 1996 1935 esse
2029 1861 2072 1917 Β

463 1979 785 2024 conservata
801 1979 956 2037 alque
985 1987 1200 2036 secura;
1227 1975 1447 2042 ide-nque
1470 1990 1562 2039 pro
1583 1975 1758 2026 divino
1786 1976 1992 2032 intuitu.

462 2057 546 2111 vel
585 2072 678 2125 pro
713 2059 902 2112 anima:
949 2072 1140 2112 nosme
1193 2051 1443 2124 remedio,
1495 2077 1585 2114 seu
1634 2077 1995 2115 successurum

463 2158 756 2224 nostrorum
787 2149 1106 2210 pontificum,
1138 2166 1237 2202 una
1269 2165 1386 2202 cum
1411 2163 1704 2203 commeatu
1736 2161 1789 2203 et
1813 2153 1998 2204 votun-

463 2247 568 2291 tate
596 2239 815 2304 piissimi
852 2248 906 2290 et
947 2237 1304 2306 giOl’iOSiSSimi
1355 2242 1555 2308 l'ippini
1611 2243 1747 2304 regis
1787 2253 1836 2293 ιι
1873 2256 2000 2294 con-

463 2338 617 2378 sensu
647 2326 865 2377 fratrum
897 2338 1220 2389 nostrorum,
1249 2330 1535 2380 convenitn
1569 2330 1717 2380 nobis
1745 2329 1848 2380 i..is
1872 2344 2000 2381 con-

465 2425 679 2468 servare
711 2429 803 2479 pro
840 2430 1021 2467 eorum
1063 2417 1236 2484 quiete
1266 2426 1320 2467 et
1350 2417 1742 2488 tranquillitate,
1773 2417 1803 2453 δ
1825 2427 1878 2469 et
1910 2433 2000 2468 ne-

461 2517 563 2564 que
591 2515 619 2553 a
648 2503 823 2565 nobis,
857 2518 1024 2570 neque
1048 2512 1113 2555 ab
1145 2505 1513 2557 archidiacono
1542 2512 1745 2567 nostro,
1772 2521 1937 2570 neque
1968 2521 1997 2558 a

464 2591 669 2644 caeteris
715 2591 1102 2645 ordinatoribus
1150 2594 1315 2644 sancti
1373 2594 1646 2660 Stephani,
1698 2606 1726 2644 a
1771 2593 2001 2659 quolibet

463 2679 672 2732 homine
725 2680 1016 2748 inquietati,
1062 2696 1157 2734 nec
1197 2683 1548 2746 condemnati,
1606 2686 1687 2736 vel
1727 2683 1790 2734 de
1842 2685 2000 2738 rebus

466 2783 647 2822 eorum
668 2769 966 2837 cx5pollati,
1010 2783 1190 2824 contra
1229 2773 1448 2825 rationis
1477 2775 1715 2827 ordinem
1751 2762 1867 2827 esse
1897 2790 1997 2827 non

461 2857 705 2919 debeant,
765 2857 856 2911 sed
911 2861 1140 2924 inSpecta
1187 2875 1367 2913 eorum
1418 2862 1787 2924 instrumenta,
1845 2863 1994 2927 juxta

458 2947 879 3002 constitutionem
910 2963 1062 3016 quam
1088 2950 1165 3003 eis
1196 2950 1516 3003 instituimus
1541 2993 1554 3014 ,
1608 2957 1782 3017 quieto
1811 2953 1998 3006 ordine

459 3035 596 3101 ipsas
625 3046 709 3088 res
735 3045 944 3089 teneant
987 3047 1140 3104 atque
1180 3039 1500 3105 possideant,
1531 3048 1584 3092 et
1612 3042 1676 3092 de
1726 3044 1822 3093 hoc
1861 3041 1997 3108 quod

2099 626 2235 692 qttod
2261 626 2417 687 absit,
2447 639 2549 677 non
2573 630 2838 691 potuerint
2870 630 3022 680 talem
3048 631 3280 683 invenire
3305 633 3390 698 qui
3419 644 3515 683 eos
3565 643 3657 679 τε·

2100 716 2348 782 gulariter
2372 725 2538 782 regat,
2583 725 2687 768 tum
2736 717 2848 782 ipse
2876 718 3102 780 pontifex
3135 733 3252 770 cum
3296 733 3567 772 consensu
3603 726 3664 768 et

2102 809 2371 862 voluntate
2398 822 2580 861 eorum
2617 808 2682 860 de
2703 808 2806 858 alio
2828 808 3146 858 monasterio
3187 809 3346 874 eligat
3373 801 3662 866 abbatem.

2101 897 2238 948 sicut
2265 897 2510 960 superius
2532 896 2776 959 diximus,
2809 896 2893 961 qui
2923 897 2999 947 eis
3035 896 3348 961 regulariter
3375 906 3429 947 ct
3455 912 3664 947 secun-

2106 984 2229 1036 dum
2261 984 2495 1036 ordinem
2529 986 2726 1050 prtesit.
2755 994 2802 1035 et
2837 996 3154 1036 metn0ratns
3181 983 3414 1051 pontifex
3447 987 3500 1036 in
3533 987 3667 1050 ipso

2102 1077 2422 1129 monasterio
2477 1091 2568 1141 per
2610 1077 2812 1128 nullum
2847 1076 3112 1144 ingenium
3151 1076 3455 1142 nullamque
3493 1088 3668 1125 ocra-

2104 1167 2305 1217 siooem
2346 1174 2434 1216 aut
2461 1164 2803 1230 cupiditatem
2832 1166 3114 1230 quemlibet
3157 1163 3403 1216 abbatem
3451 1166 3664 1224 mittat,

2103 1256 2199 1308 nisi
2253 1255 2338 1322 qui
2378 1269 2472 1308 eos
2509 1255 2794 1306 secundum
2847 1254 3082 1306 ordinem
3124 1264 3292 1321 regat,
3337 1263 3392 1305 et
3443 1254 3487 1306 si
3534 1253 3663 1317 ipse

2103 1343 2336 1411 pontifex
2366 1352 2454 1396 aut
2481 1344 2728 1411 quaslibet
2763 1343 2860 1394 alia
2889 1352 3118 1405 potestas
3155 1344 3308 1395 aliter
3338 1342 3549 1405 fecerit,
3601 1342 3659 1394 in

2107 1434 2285 1486 divino
2313 1434 2552 1486 districto
2576 1431 2774 1501 judicio
2803 1441 2924 1484 ante
2957 1431 3045 1484 Dei
3081 1433 3262 1484 oculos
3302 1445 3423 1482 cum
3454 1431 3664 1483 beatis—

2100 1522 2234 1575 simo
2269 1522 2422 1575 Petro
2463 1523 2694 1587 principe
2735 1521 3094 1587 apostolorum
3143 1532 3194 1573 et
3231 1530 3418 1572 sancto
3466 1533 3662 1586 proto-

2103 1626 2332 1682 martyre
2355 1612 2619 1677 Stephano
2643 1611 2833 1664 exinde
2861 1610 3046 1663 reddet
3064 1611 3354 1671 rationem;
3380 1620 3434 1662 et
3455 1611 3499 1662 si
3524 1623 3661 1676 prm-

2102 1704 2237 1755 fatus
2298 1701 2532 1769 pontifex
2565 1709 2588 1736 ⁶
2626 1700 2871 1752 lucranda
2925 1701 3162 1753 oratione
3212 1709 3302 1751 aut
3349 1699 3658 1750 visitationo

2102 1793 2318 1843 fratrum
2367 1791 2574 1856 quando
2614 1791 2662 1842 ei
2695 1791 2946 1854 placuerit
2976 1790 3025 1842 in
3068 1791 3180 1855 ipso
3210 1791 3535 1843 monasterio
3561 1805 3625 1843 ve

2104 1885 2260 1943 norit,
2295 1883 2372 1933 vel
2405 1883 2626 1948 aliquam
2674 1896 2876 1933 moram
2921 1894 3014 1946 pro
3063 1881 3326 1932 lucrandis
3372 1880 3649 1933 animabus

2103 1969 2307 2026 fecerit.
2339 1985 2455 2021 cum
2489 1967 2676 2020 exinde
2722 1970 2770 2019 in
2817 1968 2906 2020 Dei
2935 1967 3145 2020 nomine
3178 1969 3290 2021 vult
3337 1969 3534 2021 habere
3571 1985 3651 2020 rc-

2102 2074 2362 2123 gressum,
2404 2059 2602 2124 absque
2641 2058 2748 2109 ullo
2777 2073 2994 2109 munere
3017 2066 3228 2110 terreno
3261 2059 3512 2123 requisita
3564 2072 3658 2110 re-

2105 2157 2375 2212 vertatur;
2406 2149 2631 2214 qualiter
2661 2143 2900 2199 monachi
2942 2147 3030 2213 qui
3075 2146 3295 2198 solitarii
3338 2159 3654 2213 nuncupan-

2104 2248 2207 2301 tur,
2234 2239 2301 2292 de
2333 2237 2559 2305 perfecta
2583 2239 2759 2305 quiete
2779 2275 2794 2298 ,
2827 2237 2903 2287 vel
2933 2237 3236 2297 securitate,
3286 2236 3494 2287 valeant
3531 2235 3651 2287 Do-

2103 2326 2247 2379 mino
2294 2326 2756 2394 protegente,'per
2784 2327 2932 2392 longa
2981 2335 3214 2389 tempora
3260 2327 3546 2389 exsultare,
3598 2333 3661 2377 ct

2106 2415 2204 2465 sub
2233 2425 2410 2467 sancta
2444 2415 2618 2480 regula
2650 2424 2882 2466 Viventes
2911 2428 3004 2479 pro
3046 2415 3280 2480 profectu
3323 2412 3570 2466 ecclesiae
3599 2422 3657 2464 et

2105 2509 2270 2561 salute
2301 2506 2436 2571 regis
2468 2506 2546 2556 vel
2579 2505 2763 2570 patria:
2790 2503 2993 2554 valeant
3024 2503 3221 2568 plenius
3251 2501 3463 2554 Domini
3496 2502 3651 2552 misce

2107 2598 2386 2651 ricordtant
2430 2607 2478 2648 et
2511 2599 2761 2647 attentius
2789 2594 3094 2656 deprecari;
3129 2601 3181 2645 et
3207 2591 3268 2653 si,
3297 2592 3441 2658 quod
3493 2592 3642 2651 absit,

2105 2688 2198 2754 ipsi
2243 2686 2481 2739 tnonacbi
2522 2686 2588 2736 de
2625 2700 2802 2735 eorum
2837 2684 3010 2746 regula
3042 2690 3130 2733 aut
3179 2679 3436 2747 religione
3490 2681 3645 2746 tepidi

2101 2773 2538 2842 autnegigeutes
2568 2775 2755 2837 reperti
2788 2771 2998 2832 luet-int,
3026 2768 3316 2823 secundum
3339 2783 3527 2820 eorum
3559 2783 3647 2820 re-

2102 2863 2270 2932 gulam
2314 2863 2380 2912 ab
2409 2861 2594 2911 abbate
2639 2873 2734 2910 suo
2778 2858 3141 2925 corrigentur;
3196 2857 3276 2908 sin
3325 2864 3504 2908 autem
3532 2853 3651 2920 ipse

2101 2954 2262 3005 abbas
2294 2967 2394 3002 non
2437 2949 2704 3014 prtevalet,
2759 2957 2881 2999 tunc
2924 2946 3168 3013 praefatus
3206 2944 3445 3013 pontifex
3493 2959 3648 2998 coer-

2101 3053 2224 3090 cere
2254 3039 2462 3098 debeat,
2492 3036 2611 3102 quia
2643 3036 2771 3087 nihil
2802 3035 2868 3087 de
2895 3037 3151 3088 canonica
3179 3035 3492 3087 auctoritate
3519 3048 3652 3086 cono

463 3140 560 3178 nos
584 3125 647 3178 ad
679 3126 846 3193 ipsum
877 3129 1246 3180 monasterium
1287 3129 1528 3181 dedimus
1555 3140 1712 3196 atque
1755 3129 1996 3182 formavi-
2026 3161 2071 3221 Ο
2107 3130 2335 3190 vellitur,
2367 3127 2615 3195 quidquid
2649 3124 2666 3162 ί
2699 3128 2765 3179 de
2815 3125 3147 3200 pontificibus
3185 3126 3303 3176 fidei
3349 3139 3444 3192 pro
3469 3125 3654 3192 quiete

465 3228 581 3266 mus
609 3225 629 3252 ε
655 3215 736 3266 vel
766 3213 829 3266 ad
861 3214 1022 3268 Deum
1056 3216 1360 3270 timentibus
1402 3219 1697 3270 hominibus
1749 3219 1996 3271 donatum

463 3311 545 3355 est
569 3311 726 3368 atque
772 3305 1055 3367 firmatum,
1108 3314 1197 3357 aut
1237 3305 1430 3374 aliquid
1470 3322 1686 3360 munere
1734 3309 2002 3360 transmis-

460 3410 572 3450 sum
599 3397 682 3449 vel
733 3396 782 3450 in
813 3399 998 3449 altario
1028 3396 1289 3460 offertum,
1325 3408 1414 3450 aut
1442 3400 1609 3451 sacris
1639 3399 1998 3452 voluminibus

468 3498 560 3536 seu
599 3485 994 3551 quibuscunqtte
1045 3487 1319 3552 speciebus
1353 3488 1486 3553 quod
1538 3489 1601 3540 ad
1642 3496 1880 3539 ornatum
1916 3488 1996 3540 di-

463 3573 570 3624 vini
602 3573 774 3625 cultus
808 3574 1050 3639 pertinet,
1073 3575 1134 3624 ad
1165 3590 1393 3642 prmsens
1419 3576 1609 3628 collata
1641 3578 1716 3629 vel
1741 3578 1994 3644 deinceps

459 3662 713 3715 collatura
749 3663 977 3724 fuerunt,
1004 3679 1101 3714 non
1127 3663 1442 3726 auferamus,
1484 3673 1536 3715 et
1556 3665 1784 3731 supplici
1819 3651 1998 3731 postu-

458 3748 656 3803 latione
686 3765 848 3802 exoro
873 3791 887 3812 ,
939 3762 990 3802 et
1022 3752 1223 3816 postulo
1254 3752 1479 3804 dominis
1509 3762 1559 3804 et
1606 3754 1998 3805 successoribus

468 3839 596 3888 n-eis
623 3838 904 3902 episcopis,
957 3848 1006 3890 ct
1034 3838 1236 3889 ca‘leris
1265 3839 1647 3890 ordinatoribus
1688 3840 1999 3903 sanctLSte-

463 3926 640 3991 pltani,
674 3938 886 3992 propter
916 3943 1102 3981 nomen
1138 3939 1329 3982 cincta:
1352 3930 1645 3994 Trinitatis,
1679 3932 1815 3997 quod
1843 3948 2000 4001 snpe—

459 4029 566 4066 rtus
598 4014 893 4066 intituatum
923 4026 1022 4078 est,
1056 4016 1316 4082 perpetuis
1341 4018 1658 4081 temporibus
1685 4035 1777 4087 pro
1807 4037 1990 4074 eorum

458 4101 697 4153 mercede
736 4101 967 4166 agenda,
1011 4103 1134 4168 ipsis
1164 4101 1411 4155 fratribus
1443 4106 1528 4170 qui
1569 4107 1616 4156 in
1651 4108 1761 4172 ipso
1808 4123 2000 4160 mona-

455 4189 614 4241 sterio
643 4203 759 4242 esse
793 4189 1036 4242 videntur
1075 4203 1408 4254 conservent,
1437 4202 1488 4244 et
1511 4195 1577 4245 sit
1611 4195 1777 4261 ipsum
1808 4212 1992 4249 mona-

455 4279 669 4329 stcrium
709 4277 997 4343 subjectum
1026 4274 1050 4313 δ
1078 4281 1176 4330 sub
1207 4280 1556 4334 mandeburde
1614 4293 1663 4335 ct
1692 4285 1996 4339 defensione

457 4369 618 4416 tant-ti
647 4368 893 4432 Stephani
926 4368 1162 4420 ecclesia)
1205 4369 1472 4429 aleteusis.
1529 4374 1661 4422 sicut
1696 4375 1744 4424 in
1787 4375 1874 4426 illo
1911 4376 1996 4426 itt-

457 4462 746 4507 strutnento
790 4455 1108 4517 continetur,
1152 4460 1288 4522 quod
1329 4457 1395 4511 de
1427 4459 1538 4525 ipso
1584 4465 1898 4516 monasterio
1926 4465 1986 4517 ad

457 4544 727 4596 ecclesiam
759 4543 920 4596 sancti
955 4545 1204 4611 Stephani
1234 4545 1470 4606 fecimus,
1517 4559 1570 4598 ut
1599 4549 1752 4602 libeat
1787 4553 1863 4605 eis
1898 4569 1992 4621 pro

460 4640 560 4687 vita
593 4648 642 4687 et
688 4635 1040 4688 incolumitate
1080 4638 1216 4702 regis
1243 4646 1294 4689 ct
1323 4637 1606 4692 stabilitate
1638 4641 1780 4708 regni
1831 4643 1992 4696 Fran-

455 4739 658 4784 corum,
712 4736 762 4776 et
805 4740 898 4791 pro
943 4726 1277 4792 pontilicibus
1322 4727 1430 4778 suis
1478 4726 1688 4794 suisque
1737 4731 1992 4796 subjectis

458 4814 658 4868 Domini
716 4816 1130 4868 miscricordiam
1180 4831 1436 4880 exorare;
1471 4829 1518 4870 et
1543 4817 1688 4886 juxta
1723 4821 1992 4888 dispensa-

457 4908 648 4960 tioni-nt
677 4906 904 4960 divinam
930 4923 1046 4961 cum
1093 4909 1255 4961 abbas
1297 4910 1360 4962 de
1407 4912 1518 4975 ipso
1567 4915 1888 4965 monasterio
1929 4917 1990 4967 ad

459 4997 730 5050 Dominum
781 4999 1098 5064 migraverit,
1145 5014 1296 5068 quem
1352 4999 1667 5051 unanimiter
1695 5003 1864 5053 omnis
1909 5004 1990 5054 illa

460 5087 834 5137 monachorum
885 5089 1215 5151 congregatio
1257 5091 1468 5153 Optima:
1523 5087 1711 5152 regulae
1757 5103 1987 5154 comper-

461 5185 566 5225 tum
590 5184 640 5225 et
673 5175 792 5226 vita
822 5176 1018 5226 meritis
1044 5186 1412 5241 congruentem
1439 5177 1714 5243 elegerint,
1748 5193 1844 5229 una
1875 5193 1988 5229 cum

457 5275 718 5314 carisettsu
749 5271 801 5313 et
829 5264 1089 5313 voluntate
1117 5264 1257 5315 urbis
1285 5269 1540 5335 cpisc0pi,
1570 5267 1738 5334 ipsum
1768 5267 1866 5318 sibi
1895 5266 1987 5319 ita-

525 5449 546 5473 ο
580 5439 750 5496 Forte,
783 5439 920 5488 nobis
951 5449 992 5489 et
1018 5438 1138 5489 illis.
1167 5438 1329 5492 ΝΛΜ).

523 5507 548 5546 ι)
578 5509 748 5569 Forte,
783 5521 831 5557 ut
855 5524 1024 5572 neque.
1063 5510 1222 5560 Ilann.

527 5593 534 5612 <
579 5575 754 5630 Furlt‘,
787 5578 858 5625 re!
892 5578 1067 5629 Di'ltm.
1097 5579 1262 5628 ΙΙΛΙΠ).

525 5645 546 5677 ά
583 5645 707 5697 V'idc
759 5646 1096 5708 Ducattgium,
1145 5647 1195 5697 in
1242 5647 1522 5704 (ilossario,
1579 5647 1736 5700 verbo
1787 5645 1987 5697 Nundi-

462 5716 652 5762 Μινώα.
692 5715 851 5765 ΙΙΔΙιΙι.

2104 3217 2486 3284 tranquillitatis
2521 3217 2796 3277 tribuetur,
2830 3224 2852 3260 ε
2885 3227 2938 3266 ut
2974 3217 3040 3267 ob
3082 3215 3179 3266 hoc
3230 3213 3432 3266 ﬁrmius
3472 3215 3653 3266 subsi-

2100 3316 2202 3358 stat
2251 3307 2538 3372 vigoribus,
2581 3314 2632 3356 et
2663 3318 2756 3355 nos
2795 3313 2845 3354 et
2876 3312 3047 3368 patres
3086 3304 3248 3357 nostri
3297 3304 3487 3356 domini
3532 3304 3650 3366 epi-

2099 3398 2243 3459 scopi
2276 3396 2322 3444 in
2364 3395 2563 3461 synodo
2591 3393 3025 3458 subscriptionem
3053 3392 3300 3444 manibus
3328 3393 3514 3444 nostris
3545 3392 3643 3443 de-

2098 3484 2363 3536 crevimus
2387 3485 2654 3544 roborare,
2679 3490 2732 3534 et
2754 3481 2937 3534 fratres
2959 3482 3119 3533 nostri
3144 3481 3209 3533 de
3231 3482 3649 3548 congregatione

2098 3576 2260 3623 sancti
2287 3572 2539 3638 Stephani
2573 3571 2752 3624 ﬁdeles
2791 3573 2952 3638 ipsius
2981 3573 3374 3625 consentientes
3414 3575 3647 3626 subscric

2101 3668 2337 3725 pserunt.
3263 3711 3280 3730 ,

2168 3747 2574 3814 Chrodegangus
2624 3758 2869 3812 peccator
2914 3748 3192 3815 episcopus
3239 3750 3374 3802 hanc
3423 3750 3643 3803 ﬁrmita-

2101 3844 2205 3888 tem
2235 3849 2260 3885 a
2291 3851 2373 3887 me
2403 3836 2591 3886 factam
2623 3839 2780 3904 relegi
2805 3848 2857 3890 et
2885 3839 3193 3904 subscripsi.

2171 3923 2466 3975 Adall'ritlus
2497 3933 2737 3990 peccatur
2765 3926 3040 3991 episc0pus
3065 3928 3368 3991 subscripsi.

2173 4011 2345 4077 Lupus
2372 4022 2616 4077 peccator
2644 4013 2921 4080 episcopus
2949 4015 3164 4067 audiens
3195 4015 3500 4080 subscripsi.

2173 4102 2276 4165 Ego
2305 4099 2612 4152 Fttlcltarius
2659 4110 2870 4154 voratus
2913 4103 3156 4168 indignus
3195 4101 3470 4170 cpiscopus
3506 4103 3639 4155 ωδ.

2098 4192 2281 4256 scripsi
2314 4191 2573 4258 lt0thingo
2602 4193 2873 4244 advocato.

2180 4280 2493 4333 \‘ull’rannus
2525 4289 2737 4332 vocatus
2779 4281 3050 4348 cpisc0pus
3089 4281 3138 4334 in
3180 4280 3370 4334 Christi
3423 4279 3641 4333 nomine

2099 4371 2406 4436 subscripsi.

2174 4460 2426 4510 ller.neus
2452 4461 2727 4526 cpiscopus
2757 4461 3037 4529 subscripsi
3060 4461 3400 4528 Segimundo.

2167 4550 2276 4615 ligo
2307 4549 2622 4615 Mangaudus
2649 4551 2926 4616 episCopus
2949 4551 3259 4618 subscripsi.

2164 4639 2514 4690 Memorianus
2535 4639 2954 4691 Chorcbidianus
2976 4639 3282 4708 subscripsi.

2163 4735 2468 4788 DeOtmarus
2499 4750 2559 4788 ac
2580 4738 2620 4787 si
2650 4745 2891 4802 pem-ator
2921 4736 3191 4804 episcopus
3216 4735 3518 4804 subscripsi.

2165 4823 2498 4889 Rabigandus
2528 4825 2687 4875 abbas
2714 4823 3019 4889 subscripsi.

2161 4913 2322 4964 Jacob
2353 4921 2594 4979 peccator
2617 4911 2894 4978 episcopus
2917 4911 3219 4978 subscripsi.

2162 5001 2454 5054 Mensebius
2486 5011 2727 5066 peccator
2756 5002 3030 5067 episcopus
3052 5000 3369 5066 subscripsi.—

2161 5091 2306 5142 Audo
2338 5101 2576 5154 peccator
2598 5091 2874 5156 episcopus
2902 5087 3206 5155 subscripsi.

2157 5179 2583 5232 Chartlobachius
2625 5179 2860 5246 quamvis
2902 5189 3141 5243 peccator
3175 5179 3448 5247 episcopus
3491 5177 3626 5232 sub-

2089 5284 2295 5334 scripsi.

2163 5450 2182 5473 ο
2215 5440 2386 5512 Forte,
2418 5455 2506 5503 pro
2536 5439 2798 5498 lucrmtrla,
2833 5449 2885 5489 ttt
2918 5456 3035 5494 mox
3066 5442 3274 5512 legitur,
3301 5459 3389 5510 pro
3417 5443 3620 5496 lucra!-

2091 5512 2184 5561 dis.
2218 5510 2380 5559 Ilattn.

2163 5578 2178 5612 ί
2209 5577 2377 5637 Forte,
2404 5593 2432 5626 a
2456 5578 2782 5641 ponti/icilius.
2814 5578 2851 5630 li
2870 5593 2979 5631 \nn.

2159 5657 2181 5691 ε
2219 5645 2386 5706 Forte,
2420 5657 2469 5694 ut
2493 5656 2653 5694 autem
2681 5647 2788 5698 huc.
2825 5648 2988 5700 Nino.
