3914 6236
274 215 414 273 H37

1719 203 1755 257 Ε
1767 198 2094 257 ιιιδῑυιεε.

3383 209 3515 263 “58

269 324 640 383 benedictione
668 331 693 359 ι
738 324 984 378 illustrati
1034 306 1335 377 fuissemus.
1372 320 1438 374 Et
1468 308 1592 374 tunc.
1630 317 1837 388 plenius
1870 319 1919 375 Α
1946 333 2077 385 rtnu
2103 317 2338 384 piiucipc
2364 324 2519 386 atque
2544 318 2869 373 beatissima:
2900 318 3289 373 recordationis
3318 321 3515 376 domno

268 417 571 474 satislactus
597 415 665 470 de
694 426 874 470 natura
900 414 928 452 δ
974 414 1057 469 vel
1100 412 1280 468 cuncti
1325 425 1346 450 ι’
1379 412 1609 480 puritate
1634 417 1689 464 et
1716 409 1848 463 dile-

269 512 470 577 ctione,
493 523 649 579 quam
672 522 793 576 erga
822 516 964 559 tuam
989 504 1428 573 benignissimum
1457 500 1843 563 excellentiam,

270 609 327 654 et
370 610 614 654 cunctam
660 608 872 667 gentem
914 596 1237 651 Francorum
1286 596 1560 665 gerimus,
1618 608 1738 647 cum
1781 596 1846 645 ad

270 703 371 742 vos
396 686 752 755 repedandum
775 702 895 741 cum
924 686 1120 741 nostris
1150 686 1328 741 missis
1355 685 1665 754 apostolicis
1697 680 1724 719 ά
1756 683 1848 736 ah-

224 770 233 775 ’
269 780 622 833 solveremus.
663 779 923 846 Quoniam
973 796 1071 836 nos
1110 796 1207 850 pro
1249 790 1404 837 certo
1440 794 1723 849 agnoscas,
1754 795 1849 833 ex-

275 868 687 943 cellentissime,
718 879 772 925 et
806 886 837 924 a
868 870 979 926 Deo
1007 881 1243 942 protecta
1270 880 1475 939 noster,
1509 880 1628 941 post
1655 870 1847 937 Deum,

273 959 555 1015 auxiliator
600 970 656 1015 et
697 960 949 1016 defensor
996 978 1109 1027 rex,
1165 965 1305 1032 quod
1357 961 1493 1015 ﬁrmi
1545 972 1597 1017 et
1646 963 1881 1017 robusti.

278 1063 449 1117 usque
492 1048 560 1103 ad
592 1050 821 1104 animam
853 1060 909 1105 et
942 1052 1213 1121 sanguinis
1261 1052 1426 1104 nostri
1457 1051 1763 1105 effusionem
1794 1051 1847 1104 in

273 1153 340 1194 ea
376 1140 479 1194 title
509 1150 563 1194 et
589 1142 907 1207 dilectione,
944 1153 998 1199 et
1024 1144 1302 1199 charitatis
1342 1143 1660 1209 concordia,
1692 1154 1849 1213 atque

275 1227 422 1296 pacis
469 1229 709 1299 ledere,
753 1247 871 1301 qua:
917 1234 1163 1301 prmlalus
1209 1232 1529 1287 beatissima:
1578 1234 1847 1287 memoria:

274 1322 525 1374 dominus
573 1311 629 1377 et
673 1336 959 1392 germanus
1003 1339 1151 1379 meus
1193 1313 1570 1378 sanctissimus
1615 1324 1845 1392 pontifex

276 1411 552 1465 vobiscum
580 1412 937 1479 conﬁrmavit,
968 1422 1365 1483 permanentes,
1394 1423 1418 1449 ε
1442 1420 1497 1464 ει
1521 1426 1641 1466 cum
1669 1422 1849 1464 nostro

277 1499 481 1567 popqu
512 1501 942 1567 perinanebimus
970 1516 1135 1570 usque
1186 1501 1237 1554 in
1267 1501 1445 1555 linem.
1497 1499 1647 1554 Unde
1683 1509 1734 1554 et
1772 1501 1850 1553 in-

274 1588 588 1642 desinenter
632 1592 865 1655 extensis
906 1590 1095 1658 palmis
1127 1589 1191 1643 ad
1218 1590 1415 1644 omium
1460 1604 1557 1658 pro
1602 1590 1723 1643 vitai
1767 1590 1851 1642 in-

1947 416 1998 458 et
2025 421 2275 475 germano
2304 422 2424 460 nico
2450 408 2719 477 Stephano
2748 409 3088 463 sanctissimo
3116 424 3270 479 papa,
3302 412 3512 467 solliciti

1947 498 2109 562 estis,
2153 500 2331 553 omnia
2383 499 2658 569 adimplcri
2696 510 2750 554 et
2790 499 3166 554 inviolabiliter
3206 507 3516 558 conservati

1947 587 2291 650 afﬁrmantes,
2325 602 2443 653 qua:
2470 588 2639 641 eidem
2670 590 2759 644 Dei
2797 590 3042 658 apostolo
3089 590 3415 667 polliciti,,et
3446 597 3515 647 oh

1949 681 2155 732 veniam
2191 678 2513 734 delictorum
2554 690 2843 736 vestrorum
2889 681 3121 737 confessi
3160 683 3310 737 estis.
3367 684 3513 749 Quod

1948 769 2161 831 quidem
2193 783 2313 835 nos,
2364 769 2489 822 dum
2536 785 2627 823 cur
2671 772 2995 827 excellentia:
3034 782 3222 827 vestrae
3266 774 3317 827 in
3362 791 3517 828 ntaun

1952 856 2041 907 Di-i
2087 865 2201 917 est,
2246 868 2301 911 et
2343 858 2522 911 divina
2573 858 2937 913 benedictione
2999 863 3200 915 sanctae
3251 864 3527 917 unctionis.

1948 944 2130 1013 gratia,
2166 960 2261 1015 per
2289 949 2587 1017 apostolum
2618 952 2759 1017 ejus,
2791 961 2843 1003 ει
2883 954 3027 1021 tegui
3072 955 3327 1007 caelorum
3355 956 3517 1008 clavi-

1946 1051 2154 1103 gerum,
2203 1038 2416 1091 beatum
2459 1039 2672 1093 Petrum
2720 1040 2770 1093 in
2821 1055 3029 1110 regem,
3077 1045 3518 1099 CXCellcttll-sittte

1947 1136 2106 1195 atque
2132 1130 2616 1197 prtecellentissinte
2643 1147 2755 1197 rex,
2794 1147 2914 1186 osse
2945 1133 3273 1201 dignoscitur
3303 1146 3512 1200 unctus,

1948 1234 2133 1285 magna
2166 1220 2317 1274 nobis
2346 1221 2396 1274 id
2432 1232 2513 1275 cst
2543 1224 2843 1278 conlidcndi
2893 1239 3035 1291 spes.
3068 1225 3215 1292 quod
3239 1226 3289 1279 in
3317 1241 3377 1280 ea
3406 1228 3516 1295 ipsa

1947 1311 2209 1365 charitate
2256 1323 2309 1367 et
2355 1313 2638 1370 dilectione
2682 1319 2843 1384 atque
2912 1318 3304 1385 promissione,
3356 1336 3513 1387 quam

1948 1404 2177 1479 celestis
2217 1406 2360 1472 regni
2403 1406 2923 1475 janitori‘stiondere
2966 1410 3261 1472 studttistis,
3303 1427 3395 1464 vos
3432 1412 3517 1464 lir—

1952 1497 2104 1547 mitcr
2132 1509 2250 1550 esse
2291 1512 2724 1564 permansurum,
2760 1501 2882 1554 dum
2913 1509 2967 1554 et
3005 1503 3186 1568 procul
3235 1502 3419 1566 duhio,
3466 1514 3519 1556 et

1953 1599 2045 1649 per
2075 1585 2304 1652 litteras,
2339 1597 2391 1641 ct
2420 1600 2627 1644 vestros
2663 1593 2849 1645 sedulo
2876 1592 3171 1647 destinatos
3202 1593 3392 1648 missos
3422 1609 3519 1649 no-

274 1676 586 1732 eolutnitate
645 1678 975 1733 excellentia:
1040 1689 1145 1732 tum
1205 1689 1366 1747 atque
1418 1677 1846 1733 dulcissimorum
1887 1660 1926 1717 Β
1954 1675 2035 1728 bis
2062 1678 2359 1732 conlidendi
2389 1678 2412 1715 κ
2446 1682 2667 1734 materia
2698 1667 2999 1737 conferetis.

276 1765 539 1834 filiorum,
582 1776 637 1822 et
677 1768 1147 1823 excellentissima:
1197 1767 1393 1836 reginae
1438 1767 1711 1835 SOSpitate,
1748 1768 1849 1822 Do-

274 1858 410 1910 mirti
461 1855 552 1912 Dei
597 1860 763 1913 nostri
808 1873 1090 1914 exoramus
1138 1861 1474 1915 clementiam
1540 1857 1559 1895 ί
1595 1868 1758 1924 tuam,
1793 1871 1848 1913 nt

274 1960 494 2016 semper
535 1958 679 2003 tuum
722 1950 974 2005 auxilium
1017 1960 1069 2004 et
1109 1951 1404 2004 ﬁrmissima
1445 1952 1703 2019 protectio
1750 1966 1844 2007 ex-

274 2038 522 2091 tendatur
559 2052 718 2106 super
762 2054 876 2093 nos.
926 2040 1246 2095 incolumem
1295 2042 1661 2096 excellentiam
1705 2050 1843 2093 luant

252 2176 257 2183 ,
273 2126 450 2191 gratia
478 2142 706 2195 superna
734 2131 1015 2183 custodiat.
1534 2142 1540 2155 ’

842 2222 1165 2277 EPISTULA
1218 2223 1280 2275 ll.

276 2305 416 2377 Item
458 2308 718 2377 exemplar
767 2311 997 2373 epistola:
1036 2310 1193 2362 Pauli
1243 2320 1432 2363 sancte
1478 2312 1846 2363 recordationis

356 2376 574 2449 Romani
600 2380 841 2432 antistitis
862 2396 950 2449 per
972 2381 1227 2432 Andream
1251 2388 1297 2431 et
1317 2378 1636 2431 Gundricum
1658 2381 1843 2440 missa,

347 2447 405 2508 in
430 2461 531 2511 qua
558 2447 880 2517 continentur
912 2452 1193 2517 gratiarum
1225 2450 1445 2501 actiones
1477 2459 1523 2501 et
1552 2450 1847 2516 postulatio-

344 2510 452 2588 nes,
485 2510 698 2569 valendo
726 2510 1047 2585 adjutorium
1086 2519 1305 2571 obtinere
1345 2528 1520 2571 contra
1552 2510 1845 2588 Langobar-

347 2585 460 2637 dos.

349 2671 554 2727 Domno
619 2676 1063 2732 excellentissimo
1118 2679 1228 2733 lilio
1283 2689 1337 2733 et
1395 2688 1580 2734 nostro
1622 2679 1840 2748 spiritali

274 2764 540 2829 compatri
579 2764 799 2832 Pippino
852 2768 962 2836 regi
1012 2767 1333 2824 Francorum
1376 2777 1430 2823 et
1472 2770 1693 2838 patricio
1734 2769 1842 2822 lio-

280 2866 581 2919 ntanorum,
616 2854 808 2909 Paulus
855 2872 985 2925 papa
1016 2873 1135 2912 cum
1168 2860 1399 2915 maximo
1429 2857 1842 2914 bonorilicentizo

270 2952 467 2997 conatu
497 2953 551 2997 et
579 2944 877 3000 dilectionis
906 2946 1120 3002 allecto.

2025 1766 2173 1821 Unde
2202 1778 2254 1822 et
2281 1784 2378 1823 nos
2411 1770 2633 1825 firmiter
2672 1771 2723 1825 in
2768 1782 2943 1826 vestra
2986 1765 3263 1840 citaritate,
3298 1787 3351 1831 et
3389 1776 3519 1830 dile-

1948 1858 2147 1931 ctione,
2188 1862 2390 1913 cnnctis
2431 1862 2617 1919 diebus
2661 1862 2787 1929 vita;
2810 1872 3005 1917 nostra:
3049 1866 3249 1918 erimus
3277 1882 3519 1933 perman-

1946 1949 2077 2011 suri,
2106 1959 2160 2002 et
2190 1950 2367 2003 nullus
2396 1965 2493 2005 nos
2521 1953 2737 2020 poterit,
2776 1968 2867 2017 per
2897 1942 3187 2022 quamlibet
3220 1966 3517 2024 temporum

1950 2039 2407 2109 interruptionem,
2458 2057 2487 2095 a
2518 2054 2695 2098 vestro
2726 2059 2911 2099 amore
2961 2055 3015 2099 et
3061 2048 3321 2122 charitate
3359 2059 3516 2118 atque

1946 2126 2250 2190 dilectione,
2300 2128 2313 2166 ι
2363 2148 2519 2200 quem
2568 2141 2607 2168 ω
2656 2134 2833 2187 medio
2878 2146 3114 2188 nostrum
3160 2136 3365 2191 adnexa
3412 2150 3514 2202 est,

1947 2234 2212 2285 separare.
2262 2221 2362 2273 Pro
2405 2221 2761 2287 quo.0bnixis
2802 2222 3268 2290 deprecationihns
3311 2242 3511 2295 quicso,

1945 2314 1997 2357 et
2026 2319 2204 2359 coram
2229 2308 2446 2363 terribili
2473 2308 2647 2363 futuro
2669 2310 2866 2377 judicio
2894 2315 3259 2369 excellentiam
3282 2316 3539 2369 vostraiu'

1945 2396 2231 2463 canjuratts
2261 2399 2536 2464 deprecor,
2576 2407 2633 2452 ut
2670 2399 2822 2468 juxta
2852 2404 2991 2469 quod
3036 2418 3098 2456 ex
3138 2415 3316 2459 vestro
3348 2408 3517 2459 melli-

1946 2482 2051 2540 ﬂuo
2076 2501 2171 2541 ore
2199 2488 2421 2567 prolata,
2447 2498 2499 2544 et
2527 2490 2685 2546 beato
2710 2491 2867 2548 Petro
2897 2497 3155 2561 promissa
3186 2484 3333 2562 sunt,
3366 2500 3514 2553 lirma

1945 2580 2236 2633 constantia
2287 2595 2602 2648 permanere
2628 2592 2656 2619 ιι
2679 2584 2934 2653 iubeatis,
2987 2600 3299 2656 rcspuentes
3344 2589 3515 2646 inimi-

1944 2682 2124 2722 corum
2162 2682 2361 2725 sanctai
2388 2672 2488 2747 Dei
2533 2673 2785 2737 Ecclesia:
2814 2686 2866 2730 et
2895 2675 3014 2730 lidei
3053 2678 3366 2733 orthodoxa:
3414 2681 3514 2733 im-

1944 2758 2313 2826 pugnationum
2348 2762 2538 2829 impias
2569 2762 2847 2819 suasiones
2883 2773 2939 2818 et
2978 2766 3171 2820 inanes
3208 2770 3513 2834 promissio-

1944 2860 2057 2910 nes,
2104 2854 2159 2900 et
2185 2847 2295 2901 Deo
2338 2849 2528 2918 magis,
2559 2858 2613 2903 et
2654 2849 2811 2905 beato
2842 2852 3019 2916 Petro.
3063 2868 3274 2922 semper
3306 2856 3514 2920 placere

1946 2944 2241 3004 procurate,
2293 2938 2380 3006 qui
2431 2938 2579 2994 vobis
2628 2943 2907 3009 praesentis
2958 2945 3103 3011 regni
3153 2946 3506 3014 gubernacula

344 3033 489 3099 Quas
527 3038 784 3104 pt‘mclara
842 3040 1161 3094 excellentia
1212 3049 1388 3095 vestra
1433 3041 1591 3094 misit
1620 3040 1840 3104 litteras,

1950 3025 2163 3090 tribuit;
2207 3038 2232 3063 υ
2276 3038 2539 3095 quatenus
2579 3008 2637 3083 et
2678 3033 2983 3100 temporalis
3020 3008 3187 3103 regite
3242 3039 3515 3103 potestatis

268 3119 613 3179 aﬂerentihus
646 3128 853 3183 Andre:
899 3129 1272 3185 etGunderico
1320 3130 1683 3185 solertissimis
1721 3132 1844 3184 viris

269 3210 688 3272 Christianitatis
731 3229 917 3273 vestra:
944 3221 1147 3283 missis,
1188 3231 1525 3288 acceptantes
1554 3229 1579 3267 κ
1609 3221 1840 3288 suscepi-

274 3319 397 3359 mus
445 3302 473 3343 δ
528 3306 768 3375 litteras,
820 3311 1009 3379 quibus
1057 3311 1210 3365 solita
1255 3312 1623 3380 gratulatione,
1663 3312 1839 3364 ltetilia

269 3395 571 3464 relegentes
609 3410 662 3453 et
689 3409 886 3467 mente,
925 3410 979 3456 et
1005 3402 1186 3466 corde,
1215 3403 1409 3469 oppido
1439 3417 1622 3455 sumus
1654 3400 1837 3466 laetati,

266 3483 397 3539 dum
439 3500 533 3553 per
559 3501 650 3541 eas
679 3497 853 3557 Optata
887 3489 1041 3545 nobis
1067 3490 1330 3545 desideria
1349 3530 1365 3554 ,
1395 3490 1603 3544 allectio
1630 3500 1684 3545 et
1712 3491 1840 3545 laeti-

271 3572 342 3624 tia
385 3572 605 3626 multum
636 3575 702 3630 de
737 3574 752 3613 ί
790 3586 962 3645 vestra
1011 3580 1361 3646 prosperitate
1410 3578 1561 3633 nobis
1601 3593 1839 3647 comper:

240 3728 243 3731 Α
270 3658 380 3714 tulit
406 3672 508 3728 est,
552 3664 661 3719 Deo
684 3668 1035 3736 omnipotenti
1082 3668 1364 3722 immensas
1398 3666 1694 3723 referentes
1723 3684 1839 3738 gra-

270 3752 389 3818 tias,
422 3750 510 3822 qui
552 3770 649 3809 nos
692 3757 862 3825 juxta,
907 3769 964 3812 ut
1006 3761 1196 3814 crebro
1245 3768 1509 3828 Optamus,
1563 3760 1630 3813 de
1666 3768 1862 3814 vestra-

270 3842 534 3894 immensa
575 3846 832 3908 sosititate
864 3845 1012 3899 laetos
1042 3846 1265 3900 reddere
1296 3849 1499 3898 annuit.
1530 3846 1668 3901 Nihil
1697 3848 1835 3901 enim

266 3924 424 3980 nobis
474 3928 699 3994 dulcius,
752 3932 881 3984 niltil
932 3935 1167 3999 suavius,
1216 3936 1265 3986 in
1320 3934 1416 3986 hac
1462 3935 1585 3999 vita,
1635 3936 1837 3989 exstitit

266 4032 428 4085 quam
458 4029 648 4073 vestrce
690 4021 1064 4077 incolumitatis
1093 4024 1281 4093 gaudia
1327 4024 1540 4079 assidue
1571 4027 1833 4093 prosperis

265 4106 629 4162 relationibus
654 4108 962 4177 addiscere,
1002 4111 1126 4164 dum
1173 4112 1421 4165 nimirum
1467 4113 1833 4180 'proSperitatis

265 4204 461 4250 vestrte
506 4196 684 4251 laetitia
724 4208 929 4252 sanctas
970 4200 1061 4254 Dei
1110 4201 1359 4254 Ecclesiae
1405 4202 1417 4249 l
1460 4202 1741 4255 exsultatio
1783 4210 1837 4254 et

264 4286 505 4341 omnium
548 4287 967 4342 orthodoxorum
1016 4290 1220 4343 exstitit
1260 4291 1521 4344 uberrima
1570 4292 1829 4354 defensio,

259 4385 312 4427 et
342 4374 421 4429 eis
449 4376 675 4445 denique
697 4390 727 4430 a
756 4379 904 4433 Vobis
930 4379 1144 4433 directis
1174 4380 1410 4450 syllabis,
1446 4396 1541 4433 nos
1570 4392 1748 4436 certos
1779 4384 1829 4435 in

259 4463 509 4519 omnibus
535 4466 837 4522 reddidistis
868 4482 960 4522 vos
983 4482 1192 4537 paratos
1222 4472 1412 4524 adesse
1435 4473 1487 4524 in
1516 4471 1828 4537 adiutorium

258 4564 314 4609 et
340 4553 704 4611 defensionem
734 4570 934 4613 sancta:
975 4560 1065 4612 Dei
1106 4561 1379 4627 Ecclesiae,
1411 4564 1462 4615 in
1493 4564 1683 4630 quibus
1731 4579 1825 4618 ne-

258 4644 486 4699 cessitas
515 4645 792 4718 ingruerit,
825 4657 982 4717 atque
1018 4650 1066 4702 in
1100 4666 1166 4703 ea
1199 4665 1290 4703 vos
1320 4649 1422 4704 ﬁde
1468 4659 1522 4705 et
1546 4651 1827 4705 dilectione

259 4736 488 4791 tirmiter
513 4752 632 4793 esse
658 4753 1037 4808 permansuros
1064 4755 1181 4794 cum
1208 4740 1361 4796 beato
1386 4742 1539 4796 Petro
1565 4742 1822 4811 apostolo.

333 4893 355 4958 ξ’
390 4884 617 4958 [famch
646 4926 661 4958 ,
686 4888 928 4941 illustrati
951 4891 1213 4958 fuerimus.

330 4950 361 4988 ι)
386 4953 588 5027 grcia”
634 4957 768 5010 forte
798 4961 873 5011 uel
899 4950 1074 5027 populi
1102 4959 1287 5011 cuncti.

329 5036 351 5097 ξ
385 5022 656 5097 μωδθφτ.
680 5028 759 5097 vel
787 5022 952 5080 cuncti
968 5022 1152 5097 pepuli
1183 5036 1422 5095 puritate.

326 5085 351 5125 δ
383 5091 546 5163 idem,
572 5094 906 5163 dlisolvimus.
976 5085 987 5095 ’
1044 5085 1053 5097 ’
1183 5085 1193 5095 ’
1355 5159 1361 5163 _
1392 5156 1393 5163 η

329 5168 352 5236 ξ
385 5159 549 5236 idem,
585 5160 701 5236 Una
721 5180 834 5217 cum
858 5174 1027 5218 nostro
1058 5166 1251 5234 papula
1267 5159 1639 5236 permanenti“.

332 5226 351 5264 ¹
385 5229 550 5296 Idem,
580 5232 717 5287 deest
748 5242 906 5286 tuam.

328 5306 354 5372 ξ
384 5297 550 5372 idem,
577 5304 879 5370 accepimus,
903 5305 1103 5372 quibus.

327 5366 352 5402 δ
383 5365 558 5424 Grcis.
588 5388 600 5425 :
637 5365 850 5425 Videtur
870 5365 1173 5427 redundare
1201 5378 1257 5428 τὸ
1285 5375 1498 5427 tittrms.

334 5436 653 5511 ‘ALambccu
687 5441 762 5495 De
788 5453 946 5496 vestra
967 5444 1279 5508 amplissima
1306 5447 1638 5511 prosperitate
1670 5447 1811 5498 nobis

250 5508 536 5575 ranfertum
569 5522 659 5577 est,
704 5511 809 5567 Deo
852 5514 1180 5580 omnipotenti
1227 5508 1495 5566 immensas
1536 5517 1812 5581 (lt’fr‘l‘t‘lllt‘o

252 5586 440 5640 grates.

1946 3116 2024 3169 vel
2072 3117 2280 3170 culmen
2329 3117 2503 3186 largiri
2554 3119 2797 3188 dignatus
2844 3131 2966 3186 est,
3019 3123 3255 3178 cmlestia
3308 3142 3516 3192 quoque

1947 3204 2093 3257 vobis
2153 3219 2311 3271 regna
2365 3208 2671 3272 perenniter
2719 3208 2913 3262 tribuat
2962 3211 3315 3278 possidenda,
3363 3224 3417 3267 et
3463 3216 3509 3267 in

1942 3294 2228 3349 immensas
2259 3296 2327 3349 de
2353 3296 2597 3353 hostibus
2637 3301 3000 3367 apostolorum
3031 3304 3284 3374 princisz
3322 3308 3509 3358 sull‘ra-

1938 3384 2039 3452 giis
2068 3384 2245 3451 largiri
2274 3380 2523 3454 dignetur
2552 3376 2823 3442 victorias.

2010 3472 2087 3525 De
2112 3486 2177 3526 eo
2209 3486 2335 3526 vero
2360 3474 2499 3542 quod
2542 3475 2770 3531 innotuit
2810 3478 3125 3532 excellentia
3156 3490 3327 3535 vestra
3360 3485 3505 3537 vobis

1940 3575 1967 3612 a
2003 3561 2273 3617 Desiderio
2302 3562 2773 3632 Longobardorutn
2823 3581 2946 3634 rege
2994 3582 3114 3622 esse
3158 3568 3501 3637 insinuatum,

1941 3649 2136 3703 nullam
2180 3652 2434 3705 malitiam
2476 3654 2553 3706 vel
2601 3654 2926 3721 invasionetn
2968 3671 2997 3708 a
3041 3656 3403 3726 Langobartlis
3450 3662 3500 3712 in

1941 3739 2134 3791 nostris
2162 3739 2397 3807 partibus
2426 3740 2588 3795 fuisse
2614 3752 2642 3790 P
2671 3743 2870 3807 illatas,
2899 3744 3116 3799 omnino
3140 3748 3323 3800 credat
3354 3750 3507 3803 IlObiS

1939 3828 2179 3881 benivola
2245 3830 2554 3884 excellentia
2606 3842 2808 3898 vestra,
2880 3826 2983 3887 non
3029 3836 3259 3891 veridice
3308 3838 3361 3891 in
3408 3842 3506 3894 hoc

1940 3917 2084 3970 vobis
2118 3928 2144 3966 ιι
2176 3919 2473 3973 direxistis.
2517 3921 2749 3988 Etenim,
2784 3924 3160 3992 benignissime
3192 3928 3285 3994 lili,
3313 3938 3369 3983 et
3394 3933 3501 3997 spi-

1936 4010 2101 4064 ritalis
2148 4021 2331 4065 noster
2375 4023 2666 4079 compater,
2711 4015 3160 4073 Christianissime
3203 4036 3324 4087 rex,
3371 4023 3494 4076 dum

1939 4109 1959 4135 ι
1985 4109 2143 4153 tantae
2173 4102 2238 4154 ab
2276 4101 2473 4155 eisdem
2498 4103 2860 4172 Longobardis
2896 4108 3286 4164 devastationes
3319 4112 3369 4165 in
3399 4129 3497 4167 noo

1934 4193 2057 4243 stris
2088 4192 2278 4267 linibus
2308 4207 2369 4246 ac
2397 4195 2699 4250 civitatibus
2728 4197 2876 4252 lactte
2922 4198 3168 4267 fuissent,
3202 4213 3253 4255 ct
3288 4219 3316 4255 a
3348 4204 3499 4259 nobis

1935 4298 1995 4333 ex
2042 4283 2139 4335 hoc
2178 4284 2475 4337 adntonitus
2523 4286 2741 4351 fuisset,
2812 4292 3241 4346 comminationis
3279 4307 3387 4347 suze
3432 4297 3495 4349 ad

1936 4388 2030 4425 nos
2069 4374 2260 4426 direxit
2304 4376 2534 4442 litteras,
2573 4393 2736 4446 quas,
2778 4384 3096 4437 necessitate
3141 4384 3329 4449 coacti,
3368 4387 3499 4441 inl‘ra

1929 4472 2137 4518 nostras
2174 4468 2493 4532 apostolicas
2539 4470 2739 4525 litteras
2757 4473 2871 4528 hoc
2920 4479 3186 4541 praeterito
3231 4494 3371 4533 anno
3404 4495 3493 4535 ve-

1928 4564 2053 4607 stra:
2103 4556 2432 4611 excellentia:
2495 4560 2786 4615 direximus
2844 4564 3145 4619 intuendus.
3226 4568 3499 4624 liostiliter

1928 4645 2120 4711 quippe
2163 4646 2213 4698 in
2258 4649 2466 4702 civitate
2498 4657 2518 4683 '
2550 4650 2921 4719 Synodaliensi
2957 4670 3048 4721 per
3093 4667 3302 4724 gentes,
3354 4658 3492 4713 ferro

1927 4745 1977 4789 et
2013 4737 2161 4805 igne,
2203 4753 2319 4806 quae
2355 4748 2504 4791 extra
2546 4744 2788 4797 eamdem
2824 4746 3105 4800 civitatem.
3136 4750 3495 4805 consistebant

2001 4894 2014 4941 i
2054 4892 2255 4957 Grcis,
2287 4893 2545 4948 exultatio.

2004 4960 2026 4997 ¹ι
2064 4962 2245 5015 Murat.
2280 4964 2512 5030 legend.,
2542 4969 2825 5020 materiam.

2006 5030 2017 5065 ί
2052 5032 2253 5093 Grets.,
2283 5049 2392 5097 qua:
2415 5037 2464 5086 in
2490 5042 2677 5088 medie.

1995 5110 2031 5135 ἰο
2063 5101 2333 5163 Latttbec.,
2362 5119 2471 5170 qua:
2491 5106 2543 5157 in
2577 5108 2755 5157 medio.

1998 5178 2021 5202 ¹¹
2049 5171 2213 5234 Idem,
2244 5171 2475 5225 lubeatis.

1996 5240 2222 5321 °.ldetn,‘
2252 5249 2491 5321 quatenus
2520 5254 2572 5295 ut
2599 5248 2891 5313 (corporalis
2918 5250 3067 5317 regiae
3106 5254 3359 5315 potestatis
3402 5258 3483 5321 fa-

1922 5311 2126 5375 stigium
2147 5310 2222 5359 vel
2251 5311 2465 5364 culmen.

1997 5388 2019 5423 ρ
2054 5377 2214 5441 Idem,
2244 5378 2474 5439 iurertas.

1920 5491 1929 5501 ,
1992 5458 2016 5494 τι
2049 5445 2207 5510 Idem,
2234 5447 2433 5500 direxit.

1996 5526 2010 5549 τ
2054 5515 2212 5581 idem,
2247 5529 2397 5569 tanta?
2419 5522 2603 5573 sedulis
2630 5524 2689 5573 nl:
2716 5526 2895 5573 cistlmt

1994 5593 2011 5617 ³
2049 5584 2186 5637 ldcnt
2217 5596 2263 5640 et
2294 5588 2489 5656 Grcis,
2522 5593 2906 5660 .‘itnoqnlltensi.
