3914 6236
522 178 650 230 ι139

1776 185 1830 232 ὃ.
1876 182 2071 233 PAULI
2115 183 2310 235 I’AI’AS
2355 187 2368 234 Ι

3578 202 3713 250 Hi0

517 289 919 359 devaStaverunt
942 328 956 349 ,
1020 295 1073 340 et
1133 288 1404 365 plurimam
1456 289 1649 340 exinde
1693 298 1714 321 υ
1766 293 2063 342 auferentes
2093 299 2136 350 Α
2164 295 2500 358 absolvitttus,
2526 301 2853 362 perlicientes
2882 314 2932 355 et
2963 309 3168 354 causam
3199 310 3433 371 prmtltrti
3460 311 3710 374 Δηὼ-επ,

530 377 789 443 przcdam,
828 376 1122 439 aliquantos
1161 361 1359 451 ibidem,
1394 375 1766 431 interfecerunt
1803 378 2058 431 homines.

523 465 774 518 Similiter
814 471 871 518 et
908 464 961 517 in
998 475 1169 530 partes
1197 463 1515 538 Campaaite,
1550 467 1598 518 id
1636 476 1716 519 est
1740 467 1926 519 Castro
1969 482 2062 519 no-

520 562 631 604 stro
653 592 668 615 ,
717 553 854 629 quod
906 561 1117 616 vocatur
1147 553 1375 606 Valentis
1401 596 1415 618 ,
1466 556 1728 610 hostiliter
1761 558 2054 629 ﬁrruentes,

516 640 670 702 talia,
698 625 832 693 sicut
859 655 1067 707 pagana:
1095 652 1276 708 gentes
1294 682 1307 704 ,
1338 655 1554 709 egerunt
1580 645 1648 697 de
1676 625 1862 712 quibus
1893 659 2059 713 usque

516 729 769 783 hactenus
810 743 1133 797 nequaquam
1168 729 1419 795 justitiam
1464 731 1531 783 ab
1570 731 1648 785 eis
1691 733 1928 798 recipere
1969 747 2059 784 va-

516 818 731 872 luimus.
774 818 838 869 Et
878 818 994 870 ideo
1042 818 1371 871 excellentia:
1413 828 1602 872 vestra:
1645 819 1963 882 direximus,
2001 829 2055 871 ut

512 917 741 961 vestrum
772 906 1088 958 annuissetis
1125 907 1349 973 dirigere
1385 907 1621 969 missum,
1651 915 1908 974 quatenus
1941 905 2054 972 ejus

515 995 791 1060 praesentia
822 995 956 1046 inter
985 1002 1156 1060 partes
1182 992 1396 1058 justitire
1427 996 1820 1057 pervenissent.
1865 1001 1920 1047 ut
1949 1009 2053 1047 non

513 1096 579 1133 ex
627 1081 726 1134 hac
759 1081 930 1149 aliqua
981 1097 1014 1134 a
1057 1089 1232 1150 nostra
1273 1081 1351 1132 vel
1393 1080 1854 1149 Langobardorum
1910 1091 2053 1149 parte

515 1152 577 1225 ad
608 1172 816 1225 easdem
846 1170 1249 1238 perveniendum
1270 1171 1499 1239 justitias
1528 1173 1710 1224 dilatio
1735 1173 2047 1240 perveniret.

588 1248 737 1313 Unde
764 1274 857 1326 pro
892 1270 1062 1312 vestra
1104 1245 1424 1328 amplissima
1463 1261 1817 1316 satisfactione
1861 1278 2051 1330 appro-

507 1347 770 1402 bationem
804 1347 1039 1412 fecimus,
1071 1350 1122 1401 in
1150 1350 1422 1414 praesentia
1454 1350 1819 1416 prtedictorum
1849 1364 2050 1405 vestro-

513 1432 628 1487 rum
662 1436 889 1488 fidelium
920 1437 1196 1490 missorum
1219 1452 1337 1489 cum
1359 1438 1464 1505 jam
1488 1439 1640 1492 dictis
1668 1439 2046 1508 Longorhado—

514 1539 629 1576 rum
667 1523 824 1590 regiis
859 1525 1033 1576 missis
1053 1564 1067 1588 ,
1104 1535 1157 1577 et
1183 1523 1430 1578 satisfacti
1473 1535 1594 1578 sunt
1625 1529 1781 1580 vestri
1812 1527 1952 1581 missi
1983 1529 2049 1580 de

516 1608 671 1662 tantis
719 1610 1095 1677 iniquitatibus,
1126 1620 1178 1663 et
1207 1622 1564 1678 cognoverunt
1587 1612 1613 1648 δ
1660 1622 1885 1667 vestram
1914 1615 2049 1667 veri-

515 1707 674 1751 tatem
713 1709 758 1752 et
792 1713 972 1751 eorum
1019 1700 1367 1753 mendacium.
1419 1701 1483 1753 Et
1514 1701 1582 1753 ob
1613 1701 1712 1754 hoc
1741 1717 1841 1756 non
1871 1717 2047 1770 possu-

518 1803 630 1839 mus
662 1794 829 1839 tantas
858 1789 922 1840 ab
952 1789 1031 1840 eis
1062 1801 1080 1825 ε
1109 1789 1256 1841 nobis
1285 1788 1455 1840 illatas
1483 1789 1706 1842 malitias
1739 1800 1928 1855 tacere,
1958 1791 2048 1842 sed

510 1889 727 1928 necesse
773 1875 924 1927 nobis
971 1885 1146 1927 vestro
1191 1876 1350 1942 regali
1392 1876 1639 1940 culmini,
1696 1883 1874 1940 utpote
1930 1884 2050 1941 post

507 1965 669 2017 Deum
711 1961 866 2031 hujus
912 1963 1190 2029 provinciae
1240 1964 1544 2026 liberatori,
1599 1972 1789 2017 cuncta
1838 1964 2046 2017 innote-

503 2067 668 2115 scere,
706 2067 810 2120 quo
850 2067 941 2119 per
985 2066 1076 2104 eos
1123 2053 1291 2105 omnis
1339 2053 1490 2105 istius
1527 2053 1806 2119 provincia:
1842 2067 1870 2104 a
1897 2054 2045 2106 vobis

507 2143 789 2208 redempta:
834 2142 1050 2209 populus
1091 2143 1152 2194 atl
1183 2155 1329 2195 suam
1359 2145 1652 2211 pertingere
1684 2135 1851 2196 valeat
1889 2142 2043 2211 justi-

506 2239 648 2284 tiam.
1311 2239 1324 2252 ‘

581 2317 780 2369 Interea
807 2355 824 2377 ,
870 2311 1350 2382 pimcellentissime
1394 2332 1456 2370 ac
1500 2317 1874 2386 benignissime
1920 2334 2041 2382 rex,
2076 2382 2080 2386 ι

506 2404 948 2456 Christianissime
977 2405 1068 2466 ﬁli,
1098 2414 1150 2457 et
1192 2405 1444 2469 Spiritalis
1484 2415 1778 2474 compaler,
1815 2408 2044 2473 suscepi-

505 2506 620 2543 mus
651 2501 703 2544 et
736 2506 965 2543 mensam
995 2493 1135 2564 iltam
1163 2507 1317 2559 quam
1352 2495 1477 2545 olim
1503 2504 1696 2554 sancta:
1725 2497 2041 2549 recordatio—

508 2581 589 2631 nis
619 2579 833 2631 domino
874 2587 926 2630 et
958 2593 1208 2647 germano
1237 2589 1416 2634 nostro
1445 2582 1748 2636 beatissimo
1775 2585 2041 2652 Stephano

501 2682 667 2735 papae,
698 2674 754 2720 et
792 2682 884 2733 per
921 2681 1039 2720 eum
1068 2669 1220 2720 beato
1244 2667 1401 2722 Petro
1442 2671 1712 2736 apostolo,
1755 2672 2035 2737 obtulistis,

499 2770 656 2822 quam
684 2764 736 2808 et
762 2767 879 2808 cum
912 2754 1121 2822 hymnis
1148 2765 1200 2807 et
1224 2756 1445 2809 canticis
1469 2757 1811 2824 spiritalibus,
1843 2760 2038 2812 Iitania:

501 2844 680 2896 laudes
706 2833 1012 2898 solemniter
1040 2844 1144 2897 Deo
1173 2845 1484 2908 referentes,
1515 2847 1649 2899 infra
1674 2847 1846 2899 aulam
1875 2848 2036 2914 ipsius

2169 393 2223 432 ut
2250 383 2362 448 ejus
2387 383 2481 436 fuit
2509 387 2767 448 voluntas,
2791 399 2842 442 et
2865 401 3033 442 vestra
3065 394 3259 443 exstitit
3287 398 3598 461 prazceptio.

2234 471 2576 537 Omnipotens
2598 484 2768 527 autem
2807 476 3074 540 Dominus,
3109 478 3189 546 qui
3219 481 3362 533 dives
3392 493 3476 534 est
3527 485 3577 534 itt
3610 487 3711 536 nii-

2161 557 2488 624 sericordiis,
2538 575 2646 612 susc
2690 565 3012 618 extensionis
3050 567 3264 620 brachio
3313 583 3405 621 vos
3449 575 3704 624 continua

2159 646 2459 728 defensione
2491 659 2743 716 protegat,
2774 661 2838 730 eq
2863 668 3046 706 omnes
3072 639 3400 709 adversarios
3440 673 3503 710 ac
3537 661 3710 712 rebel-

2158 734 2233 786 les
2287 737 2472 788 vestris
2528 741 2788 806 regalibus
2836 743 3078 809 subjiciat
3140 747 3411 812 vestigiis,
3467 749 3708 800 tribuens

2157 821 2458 889 longatviter
2505 840 2567 878 ac
2613 828 2891 883 salubriter
2939 847 3040 886 una
3099 849 3216 887 cum
3260 840 3706 893 excellentissima

2109 968 2113 973 ,
2154 909 2260 962 filia
2289 920 2342 963 et
2369 913 2587 979 spiritali
2616 924 2789 968 nostra
2819 928 3110 973 commatre
3151 922 3527 987 benignissima
3563 929 3702 994 regi-

2152 1010 2244 1060 na,
2286 1007 2338 1050 et
2385 1002 2759 1055 amantissimis
2802 1004 2936 1058 natis
2965 1004 3156 1060 Carolo
3201 1021 3252 1062 et
3291 1011 3705 1077 Carolomanno,

2113 1083 2608 1168 excellentissimis
2656 1091 2883 1156 regibus,
2932 1102 3001 1146 etv
3035 1097 3265 1159 patriciis
3315 1097 3702 1174 Romanorum,

2151 1178 2307 1238 atque
2351 1161 2509 1225 Gisla'
2548 1175 2889 1254 nobilissima,
2946 1182 3087 1246 regni
3133 1184 3488 1248 gubernacula
3535 1169 3704 1254 possi-

2150 1258 2337 1324 denda,
2366 1269 2418 1313 et
2446 1271 2640 1315 aeterna
2675 1251 3006 1330 praemiorum
3035 1273 3220 1336 gaudia
3267 1288 3386 1326 cutn
3418 1251 3619 1328 sanctis
3649 1289 3702 1329 et

2150 1346 2329 1400 electis
2356 1349 2692 1416 perfruenda.
2718 1354 3037 1410 Incolumem
3063 1362 3440 1416 excellentiam
3467 1376 3698 1419 vestram

2148 1437 2311 1502 gratia
2339 1452 2562 1506 superna
2587 1445 2863 1498 custodiat.

2686 1554 3007 1611 EPISTOLA
3048 1559 3133 1613 111.

2081 1601 2123 1658 Β
2151 1632 2284 1716 Item
2324 1638 2578 1713 exemplar
2617 1642 2837 1716 epistola:
2875 1648 3098 1711 ejusdem
3148 1657 3291 1716 paptn
3333 1652 3407 1702 ad
3451 1654 3697 1705 dormtum

2219 1699 2491 1781 liippiuum
2528 1699 2692 1774 regein
2730 1699 2928 1764 directa:
2954 1731 3045 1779 pro
3073 1699 3367 1781 defensione
3394 1733 3582 1773 sancta'
3604 1723 3700 1776 Dei

2220 1769 2457 1856 Ecclesia:
2469 1814 2499 1856 ε’
2519 1786 2563 1826 et
2583 1769 2685 1856 pro
2723 1769 3020 1856 τηρηθειαίἰο
3042 1769 3174 1856 (μιοᾶ
3201 1788 3246 1838 ei
3273 1769 3516 1839 conc—assit

2218 1848 2431 1891 montem
2461 1842 2721 1910 Seraptem
2750 1848 2917 1912 situm,
2950 1842 3136 1916 gratias
3167 1870 3375 1921 magnas
3404 1842 3695 1922 referi'ndi).

2219 1944 2470 2000 BDomno
2517 1950 2956 2007 excellentissimo
3004 1957 3107 2010 tilio
3156 1970 3210 2012 et
3253 1972 3437 2015 nostro
3475 1965 3699 2030 spiritali

2144 2039 2396 2102 compatri
2427 2039 2644 2106 Pippiuo
2677 2044 2783 2110 regi
2814 2044 3132 2101 Francorum
3158 2059 3210 2103 et
3239 2054 3460 2117 patricio
3503 2053 3696 2106 Roma-

2145 2137 2328 2176 norum
2348 2163 2362 2187 ,
2394 2127 2581 2192 Paulus
2610 2144 2763 2196 papa.

2214 2212 2344 2265 Dum
2367 2213 2572 2268 divinas
2599 2218 2986 2284 Scripturarunt
3019 2223 3264 2276 historias
3298 2228 3348 2276 in
3371 2239 3557 2281 nostro
3585 2245 3697 2281 tm:-

2146 2301 2348 2353 moriali
2409 2305 2752 2370 revolvimus,
2785 2318 2836 2368 et
2880 2311 3209 2364 diversorum
3263 2313 3356 2366 Dei
3404 2320 3694 2368 electorum

2145 2387 2328 2440 merita
2360 2391 2749 2457 perpendimus,
2769 2391 2797 2429 ιι
2814 2403 2868 2447 et
2896 2407 3085 2449 vestrae
3109 2399 3302 2453 divinae
3329 2403 3694 2466 inspirationis

2142 2479 2314 2529 stutlia
2354 2480 2404 2531 in
2433 2477 2624 2538 nostri»
2651 2486 2838 2534 mentis
2869 2484 3054 2536 intuitu
3083 2486 3445 2551 conferentes,
3499 2505 3700 2544 novum

2146 2576 2194 2617 te
2231 2567 2246 2602 ί
2279 2571 2458 2632 gentes
2487 2569 2697 2638 Moysen
2727 2572 2778 2622 in
2809 2573 2891 2625 his
2917 2572 3099 2626 diebus
3147 2575 3435 2640 rcfulsisse,
3469 2584 3692 2645 praecel-

2141 2654 2432 2708 lentissime
2467 2657 2538 2708 fili
2579 2665 2631 2709 et
2673 2659 2926 2725 spiritalis
2970 2673 3266 2728 compater,
3310 2669 3688 2730 comperimus.

2139 2742 2232 2796 ille
2258 2745 2487 2811 quidem,
2522 2755 2576 2797 ut
2606 2747 2944 2801 lsraeliticum
2973 2752 3219 2816 populum
3243 2765 3308 2804 ex
3339 2754 3689 2821 amigentium

2139 2843 2352 2889 erueret
2379 2837 2826 2902 oppressionibus,
2858 2853 2886 2890 a
2919 2839 3095 2891 divina
3121 2843 3394 2910 majestate
3427 2859 3687 2912 precepts

504 2932 749 2996 principis
778 2932 1132 2999 apostolorum
1161 2932 1569 2995 introduximus,
1593 2947 1854 3000 quamque
1881 2934 2040 2986 vestri

2149 2925 2397 2990 suscepit.
2425 2926 2502 2977 Tu
2532 2941 2768 2994 quoque,
2799 2930 3281 2995 precellentissime
3312 2945 3470 3003 atque
3498 2940 3691 2991 eximie

503 3021 648 3074 missi
691 3021 741 3072 in
776 3034 974 3072 sacrant
1001 3021 1406 3082 confessionem,
1442 3037 1598 3088 super
1623 3037 1812 3089 corpus
1838 3024 2042 3078 scilicet

497 3107 733 3175 ejusdem
763 3110 1017 3160 caelorum
1056 3108 1197 3174 regni
1225 3108 1500 3173 janitoris,
1533 3125 1598 3162 ex
1632 3111 1789 3164 vestri
1819 3125 2040 3178 persona

493 3193 827 3256 obtulerunt,
873 3208 1035 3260 quam
1074 3205 1126 3245 et
1167 3195 1450 3249 chrismate
1495 3198 1756 3250 unctionis
1801 3198 2034 3250 sanctifi-

496 3290 698 3344 cantes,
736 3290 787 3333 et
828 3296 1028 3334 sacram
1073 3283 1389 3337 oblationem
1428 3297 1585 3352 super
1613 3299 1726 3338 eam
1768 3286 2037 3353 imponen-

496 3381 597 3434 tes,
641 3368 954 3422 sacrificium
1008 3371 1173 3422 laudis
1219 3371 1324 3424 Deo
1370 3373 1712 3439 omnipotenti
1757 3374 1784 3410 ἀ
1824 3384 2036 3440 paterna

494 3461 685 3512 animae
709 3471 893 3511 vestra:
922 3459 1345 3511 remuneratione
1371 3469 1425 3511 et
1467 3463 1611 3528 regni
1638 3462 1797 3514 vestri
1837 3463 2039 3514 stabili-

496 3555 605 3599 tate
646 3555 666 3580 ο
708 3545 1030 3605 olferuimus,
1075 3545 1420 3598 decernentes
1464 3547 1748 3612 apostolica
1796 3562 2034 3612 censura,

495 3633 596 3685 sub
629 3632 974 3684 anathematis
1012 3632 1428 3696 interpositione,
1459 3634 1585 3685 nulli
1623 3649 1847 3702 unquam
1879 3636 2037 3688 licere

495 3733 612 3773 eam
638 3719 703 3770 ab
731 3719 953 3772 ecclesia
985 3718 1118 3770 beati
1141 3718 1281 3770 Petri
1308 3719 1556 3772 alienare.
1588 3719 1653 3772 Et
1682 3735 1806 3774 ecce
1831 3737 2032 3776 metuo-

496 3809 626 3861 ria‘le
655 3816 885 3861 vestrum
918 3808 968 3858 in
1001 3807 1186 3860 eadem
1218 3809 1504 3874 apostolica
1524 3811 1643 3861 aula
1689 3810 1888 3877 l'ulgeus
1919 3827 2036 3878 per-
2065 3873 2076 3886 ο

496 3906 704 3948 maneat
735 3896 785 3947 in
823 3906 1104 3957 wtcraum,
1131 3895 1279 3963 cujus
1304 3901 1776 3951 remunerationem
1800 3915 1892 3951 vos
1921 3915 2036 3954 cre-

495 3984 602 4036 dite
644 4000 671 4037 η
697 3985 837 4051 justo
882 3987 1194 4039 retributore
1226 3986 1444 4040 Domino
1475 3988 1582 4040 Deo
1617 3998 1672 4042 et
1705 3990 1859 4042 beato
1907 4005 2033 4057 apo-

492 4075 746 4125 stolarum
790 4074 1021 4140 principe
1053 4075 1206 4126 Petro
1253 4075 1304 4126 in
1345 4075 1648 4129 coelestibus
1690 4077 1864 4143 regnis
1908 4079 2031 4130 ade-

493 4174 721 4231 νιιιτιηη.

2144 3028 2254 3074 rex,
2288 3015 2351 3066 ad
2379 3014 2700 3068 liberandam
2731 3029 2962 3073 sanctam
2991 3022 3340 3077 universalem
3366 3028 3692 3080 catholicam

2143 3110 2194 3156 et
2219 3104 2558 3169 apostolicam
2610 3106 2700 3158 Dei
2744 3107 3063 3174 Ecclesiam,
3093 3111 3343 3165 divinitus
3373 3129 3431 3165 es
3463 3117 3692 3182 inspira-

2141 3197 2247 3243 tus.
2283 3192 2379 3243 Per
2406 3191 2546 3242 illum
2579 3192 2801 3259 denique
2832 3195 3082 3250 Dominus
3110 3199 3162 3250 in
3190 3211 3368 3253 monte
3406 3203 3526 3254 Sina
3555 3204 3691 3272 legis

2138 3279 2385 3331 mandata
2407 3279 2576 3332 eidem
2603 3281 2860 3336 Hebraico
2884 3288 3073 3352 popqu
3095 3288 3426 3343 observanda
3450 3294 3696 3360 tradidit,

2138 3374 2192 3417 et
2221 3367 2412 3419 lumine
2437 3383 2554 3419 eum
2584 3370 2838 3423 claritatis
2867 3386 2991 3425 suae.
3017 3374 3313 3430 illustravit,
3351 3380 3448 3430 Per
3478 3377 3535 3433 te
3557 3395 3691 3446 quo-

2139 3467 2240 3517 que
2270 3454 2585 3521 Redemptor
2617 3457 2818 3520 noster,
2857 3459 2946 3512 Dei
2985 3460 3358 3528 hominumque
3406 3466 3686 3530 mediator,

2140 3539 2388 3593 Ecclesia:
2435 3556 2542 3593 sua:
2581 3553 2633 3595 et
2678 3544 2922 3596 universo
2963 3549 3151 3612 popqu
3198 3549 3518 3614 Christiano,
3568 3553 3687 3618 ejus

2141 3632 2369 3694 pretioso
2397 3630 2670 3698 redempta
2716 3636 2990 3701 sanguine,
3023 3651 3203 3704 pacem
3236 3640 3439 3706 tribuit,
3466 3654 3520 3695 et
3567 3633 3690 3710 ejus

2098 3712 2257 3766 'lidei
2313 3717 2620 3771 orthodoxa:
2683 3719 2967 3786 perfectam
3028 3710 3248 3778 contulit
3296 3729 3685 3787 defensionem.

2137 3803 2199 3856 Et
2225 3808 2358 3859 sicut
2392 3809 2526 3860 idem
2572 3809 2772 3878 Moyses
2801 3813 3065 3880 Iegislator
3105 3818 3520 3874 abominatimtes
3546 3840 3686 3890 gen-

2135 3892 2283 3956 tittnt,
2316 3903 2368 3946 et
2391 3895 2645 3947 culturam
2676 3898 2970 3952 daemonum
3001 3905 3388 3970 exterminavit,
3421 3909 3488 3959 ita
3518 3920 3572 3962 et
3601 3915 3682 3971 tri,

2133 3979 2575 4034 ChriStiauissime
2606 4000 2806 4052 regum,
2842 3987 3207 4045 haereticorum
3234 3995 3461 4048 scnisma
3491 4008 3545 4050 et
3580 4014 3684 4052 an-

2131 4075 2304 4120 ctores
2333 4068 2477 4135 impii
2507 4071 2764 4145 dogmatis
2804 4079 3075 4143 respuiSti.
3109 4078 3209 4132 Pro
3238 4096 3342 4147 quo
3379 4084 3567 4136 merito
3592 4087 3682 4138 di-

2133 4155 2268 4205 vinae
2318 4153 2512 4208 lumine
2561 4160 2744 4223 gratiae
2789 4172 2843 4213 et
2904 4163 3021 4216 oleo
3076 4168 3503 4222 sanetilicationis
3532 4155 3687 4225 inter

567 4252 639 4303 De
665 4252 810 4319 regio
838 4251 1011 4316 itaque
1043 4259 1095 4302 et
1116 4251 1268 4303 Petro
1293 4251 1430 4318 quod
1468 4252 1784 4314 innotuistis,
1815 4255 2031 4307 omnino

2149 4248 2315 4302 fideles
2343 4266 2491 4314 reges
2517 4252 2602 4316 qui
2629 4252 2752 4303 olim
2795 4252 2900 4304 Deo
2929 4253 3236 4318 placuerunt
3260 4267 3446 4310 unctus
3475 4273 3689 4313 connu-

491 4341 819 4409 aguovimus,
842 4341 935 4393 sed
962 4341 1058 4394 hoc
1076 4341 1125 4392 in
1150 4350 1334 4394 vestra:
1361 4341 1639 4394 voluntatis
1666 4342 1879 4394 arbitrio
1901 4345 2032 4395 rela.

490 4445 694 4493 xamus,
725 4439 783 4482 ut
810 4432 1034 4498 qualiter
1061 4431 1210 4482 vobis
1240 4432 1508 4495 placuerit,
1542 4432 1610 4483 ita
1636 4447 1701 4484 ex
1740 4429 1814 4484 eis
1842 4433 2026 4497 agatis,

495 4517 514 4555 ί
543 4521 652 4573 sive
689 4519 790 4571 illis
830 4525 963 4588 apud
1003 4534 1095 4570 vos
1130 4534 1220 4571 eos
1263 4519 1574 4582 tletinendo,
1623 4521 1734 4572 sive
1773 4521 1928 4571 etiam
1965 4523 2026 4571 ad

490 4622 583 4659 nos
621 4608 959 4665 absolvendo.
993 4608 1234 4671 quoniam
1273 4608 1489 4658 omnino
1519 4622 1634 4672 quae
1666 4605 1812 4657 vobis
1845 4605 2025 4671 placita

489 4703 632 4756 sunt,
678 4703 732 4747 et
773 4695 921 4746 nobis
967 4696 1179 4745 omnino
1225 4708 1474 4760 congrua,
1517 4703 1572 4746 et
1616 4709 1862 4760 prospera
1913 4710 2028 4747 esse

489 4783 750 4835 videntur.
788 4782 993 4833 Przefati
1036 4782 1261 4846 denique
1303 4780 1444 4833 missi
1488 4784 1646 4834 vestri
1688 4783 1864 4833 omnia
1913 4798 2026 4847 quae

491 4888 518 4922 a
556 4870 703 4922 vobis
748 4871 977 4934 injuncta
1019 4871 1337 4921 exstiterunt
1378 4871 1620 4937 liquidius
1661 4870 1808 4922 nobis
1836 4873 2024 4923 retule-

491 4969 635 5013 runt.
692 4959 766 5010 De
799 4960 987 5025 quibus
1032 4957 1096 5008 ad
1140 4959 1335 5025 singula
1380 4975 1684 5026 responsum
1735 4961 2020 5023 reddimus,

489 5061 684 5113 eosque
727 5045 793 5098 de
837 5046 1040 5095 cunctis
1083 5045 1403 5110 informatos,
1441 5049 1504 5099 ad
1545 5064 1637 5101 vos
1675 5049 2024 5102 enarrandum

561 5186 584 5211 ⁸
620 5173 886 5232 Lambec.,
917 5172 1203 5224 abstollrns.

556 5246 580 5281 δ
613 5244 784 5295 Grets.
817 5253 1058 5290 nostram.

562 5325 582 5349 ε
620 5312 778 5370 Idem,
808 5308 947 5359 nobis
971 5308 1135 5358 sedule
1157 5310 1365 5361 insertas
1395 5313 1625 5362 malitias.

560 5381 580 5415 ιι
604 5378 775 5444 Idem.
804 5393 893 5442 pro
928 5383 1185 5436 pateram;
1232 5389 1279 5429 ct
1304 5378 1573 5441 Lambecq
1603 5397 1689 5444 pro
1712 5390 1916 5432 teter-na.

568 5443 778 5501 "ltlctn.
814 5445 1094 5496 obtulimus.

2135 4349 2465 4404 meratusque
2486 4340 2862 4404 comprobaris.
2895 4339 3043 4392 Unde
3070 4341 3187 4393 libet
3222 4351 3367 4397 certe
3395 4345 3411 4391 ἱ
3447 4345 3688 4400 Psalmi-

2135 4429 2317 4495 graphi
2342 4443 2521 4481 vocem
2555 4439 2608 4480 et
2651 4430 2852 4481 Iaudem
2881 4430 3204 4484 excellentiae
3231 4442 3421 4486 vestra:
3443 4447 3680 4520 canere:

2129 4517 2335 4569 Invenit
2374 4526 2422 4569 te
2457 4517 2730 4581 Dominus,
2763 4517 3133 4585 benignissime
3160 4533 3273 4584 rex,
3315 4521 3522 4575 fidelem
3548 4517 3680 4586 sibi.

2128 4615 2180 4657 et
2210 4613 2463 4671 prrecepta
2505 4603 2620 4672 ejus
2668 4615 2999 4670 servantem,
3053 4616 3106 4660 et
3152 4607 3270 4660 ideo
3319 4610 3437 4662 oleo
3487 4619 3683 4666 sancto

2130 4693 2276 4744 unxit
2304 4702 2373 4753 te,
2399 4702 2450 4744 et
2468 4709 2591 4746 ecce
2622 4709 2808 4745 manus
2839 4695 2952 4759 ejus
2982 4697 3317 4748 auxiliabitur
3345 4700 3441 4760 tui,
3469 4709 3526 4751 et
3549 4700 3682 4754 bra-

2128 4784 2300 4835 chium
2326 4784 2491 4849 ipsius
2516 4782 2828 4834 conlortabit
2853 4791 2922 4833 te.
3183 4776 3189 4784 ”

2198 4871 2303 4923 Nec
2330 4871 2516 4922 mirum
2543 4880 2646 4922 tam
2679 4869 3107 4936 benignissimum
3133 4885 3308 4939 regem
3333 4882 3475 4924 tanto
3496 4873 3681 4944 divino

2129 4974 2342 5012 tnunere
2370 4973 2488 5011 esse
2518 4969 2889 5023 pratornatutn,
2916 4961 3190 5026 quoniam:
3223 4961 3444 5029 Spiritus
3464 4963 3680 5016 ubiut!

2127 5060 2170 5099 ct
2200 5050 2249 5099 in
2287 5049 2460 5114 quibus
2487 5047 2611 5109 vult,
2643 5047 2709 5098 ibi
2738 5049 2948 5114 inspirat
2984 5048 3159 5118 (Joan.
3193 5051 3293 5119 tu),
3326 5054 3412 5118 qui
3444 5052 3546 5120 piis
3571 5051 3672 5108 ful-

2203 5174 2220 5210 τ
2255 5174 2525 5232 Lambec.,
2553 5175 2653 5225 sive
2677 5175 2798 5226 illic.

2199 5244 2471 5304 K.Sttntrtt.,
2498 5241 2588 5300 ‘25},
2617 5245 2750 5306 apud
2777 5245 3054 5297 Itaronium
3086 5251 3130 5273 "‘
3169 5243 3593 5300 ﬂenturiatores.

2199 5310 2220 5344 ιι
2253 5310 2516 5368 Latnbec.,
2544 5321 2587 5360 et
2617 5321 2795 5363 vestra.

2201 5379 2212 5412 ί
2245 5379 2441 5438 lit-ets.,
2471 5377 2716 5445 gentibus.

2200 5454 2211 5493 t
2248 5447 2404 5510 ltlent,
2436 5449 2628 5512 psalmo
2662 5463 2909 5500 vaxvttt.
