3914 6236
181 245 303 301 HM

1623 193 1994 308 ιςιιιρτιὲως.

3404 197 3428 220 \

3289 231 3425 284 “t2

177 366 297 423 gent
325 353 594 418 operibus.
625 353 776 404 sicut
823 357 994 404 vestra
1045 349 1246 415 fulgere
1294 350 1617 415 dignoscitur
1647 364 1740 400 ex-
1771 354 1817 410 Α
1845 345 1990 412 quia,
2020 343 2305 410 inspiratus
2330 359 2358 395 a
2390 345 2519 407 Deo,
2545 346 2696 398 nobis
2721 345 3094 397 2:;onasterinm
3120 343 3243 396 illud
3269 359 3426 397 secus

175 444 440 496 ccllentia.
471 443 601 494 Nam
632 443 860 510 qualiter
883 441 1180 493 dilectionis
1216 451 1405 492 vestra:
1434 456 1579 491 amor
1618 454 1738 504 erga

172 539 382 589 beatum
442 533 657 586 Petrum
708 533 1071 599 apostolorum
1131 534 1457 600 principem,
1504 542 1556 584 et
1603 535 1739 583 circa

170 635 404 680 nostram
447 627 761 678 charitatem
796 625 1152 684 terve-sceret,
1198 623 1319 675 licet
1368 623 1521 676 solitc
1553 624 1742 676 vestris

169 717 410 783 apicibus
453 725 616 782 atque
645 711 1042 778 responsalibus
1085 713 1528 774 discurrentibus,
1561 711 1740 764 excel-

172 808 466 860 lentissima
489 807 864 859 Christianitas
909 814 1080 857 vestra
1130 804 1570 874 pronuntiaverit,
1605 818 1742 854 nunc

177 910 354 951 tamen
393 912 483 964 per
510 912 622 959 cas,
651 912 783 965 quas
829 898 879 948 in
908 900 1152 964 praesenti
1204 913 1297 964 per
1329 900 1513 949 harum
1547 897 1744 948 latores

170 988 409 1050 misistis,
427 969 659 1054 syllabas
678 986 1001 1056 amplissime
1028 987 1184 1040 nobis
1207 983 1537 1052 p'tternitatis
1553 991 1745 1035 vestrae

168 1076 414 1130 allectum
443 1074 754 1143 protulistis,
785 1075 1114 1144 signiﬁcans,
1137 1057 1275 1126 hanc
1297 1070 1748 1126 excellentissime

169 1167 241 1220 ﬁli
261 1207 277 1231 ,
321 1176 376 1220 et
405 1166 657 1234 spiritetis
686 1175 976 1235 compatcr,
1010 1175 1062 1218 ct
1093 1175 1272 1217 noster
1301 1173 1419 1230 post
1461 1163 1620 1214 Deum
1653 1162 1744 1214 dc-

167 1259 369 1321 fensor,
413 1267 468 1313 et
511 1259 789 1334 liberator,
840 1256 1414 1323 tirina‘pcrseverantia
1464 1255 1514 1307 in
1561 1268 1742 1334 amore

171 1348 342 1417 ipsius
397 1347 647 1417 principis
695 1348 1062 1412 apostolorum
1121 1357 1173 1398 et
1250 1355 1427 1397 nostra
1481 1339 1742 1395 charitatc

169 1451 596 1503 permansurum.
643 1437 794 1502 Quod
835 1437 1046 1501 quidem
1098 1449 1194 1486 nos
1226 1433 1399 1487 securi
1452 1433 1517 1485 de
1567 1440 1739 1484 vestra

165 1524 511 1579 immutabilis
542 1524 686 1575 verbi
716 1524 1132 1588 pollicitatione'I
1151 1521 1505 1584 cxistcrimns.
1534 1518 1744 1571 Scimus

163 1613 310 1665 enim
336 1613 418 1664 cui
441 1612 726 1672 credimus,
754 1621 805 1663 et
827 1613 954 1664 certi
984 1625 1165 1662 sunms
1188 1609 1362 1660 omnia
1396 1607 1568 1660 verbis
1594 1607 1742 1673 juxta

1846 446 2078 488 montem
2126 446 2144 466 ε
2178 434 2454 500 Seraptem
2507 436 2670 487 situm
2721 435 3010 489 concedere
3050 435 3297 503 dignatus
3341 449 3418 497 es,

1846 539 2068 592 magnas
2097 534 2254 593 atque
2288 519 2696 578 innumerabiles
2729 524 3016 593 gratiarum
3049 524 3284 578 actiones
3305 527 3420 578 exi-

1845 617 1961 666 mia:
1995 615 2369 682 prmeelleutia:
2398 624 2587 668 vestra:
2609 617 2916 668 referimus.
2949 613 3027 665 Sit
3049 614 3198 668 vobis
3226 630 3288 666 ex
3323 615 3422 668 hoc

1848 703 2100 758 ltotninus
2115 703 2422 764 rctrihutor,
2445 712 2497 756 et
2518 704 2727 770 dignam
2751 705 3054 779 cuzlcstium
3081 705 3418 770 praemiorum

1845 797 2328 849 remunerationem
2361 796 2410 846 in
2436 804 2634 848 :eterua
2666 796 2995 849 beatitudine
3023 795 3297 848 concedat.
3318 795 3420 847 Nos
3446 847 3450 854 ,

1846 887 2059 953 quidem
2097 885 2480 939 monasterium
2533 885 2657 937 illud
2691 887 2755 938 ad
2789 885 2992 939 laudem
3024 886 3138 949 Dei,
3167 895 3220 939 et
3262 887 3422 939 vestri

1849 977 2378 1042 memoriam,atque
2417 985 2668 1038 a-tcrnattt
2716 978 3039 1041 mercedem,
3095 988 3274 1029 nostro
3305 992 3420 1029 tnti-

1850 1064 2078 1116 nasterio
2133 1041 2493 1130 dignoseimur
2540 1065 2879 1128 subdidisse,
2962 1074 3020 1115 ut
3067 1067 3184 1131 quia
3239 1067 3419 1116 beatus

1845 1155 2131 1218 Silvester,
2188 1155 2610 1207 Christianorum
2670 1156 2996 1207 illuminator
3032 1155 3213 1223 ‘tnlei,
3268 1155 3418 1222 cujus

1846 1251 2086 1293 sanettuu
2129 1258 2320 1310 corpus
2355 1245 2403 1294 in
2438 1256 2616 1298 nostro
2645 1248 2970 1298 monasterio
2995 1261 3019 1297 a
3051 1246 3201 1298 nobis
3230 1261 3416 1298 recon-

1846 1333 2011 1384 duum
2035 1319 2335 1401 requiescit,
2362 1332 2612 1397 fibidem,
2641 1340 3064 1402 persecutionem
3089 1353 3414 1405 paganorum:

1849 1424 2070 1491 fugiens,
2097 1411 2446 1479 conversatus
2473 1438 2570 1490 est,
2597 1427 2797 1494 justum
2825 1429 3198 1496 prospexinms
3230 1439 3286 1482 ut
3314 1429 3415 1482 sub

1847 1518 2404 1584 cjushtissctditionc,
2435 1521 2521 1573 ubi
2549 1522 2720 1586 ipsunt
2745 1522 3092 1574 reverendum
3125 1522 3412 1588 requiescit

1848 1621 2057 1674 corpus.
2093 1607 2469 1676 Verumtamen
2504 1627 2598 1663 nos
2632 1613 2840 1678 penitus
2872 1630 3043 1681 neque
3071 1615 3139 1668 de
3171 1615 3270 1666 hoc
3303 1629 3415 1666 nio-

165 1710 222 1752 ut
250 1701 446 1752 asseris
479 1699 676 1765 perﬁci.
723 1699 858 1764 Quid
891 1699 1066 1766 itaque
1095 1715 1159 1752 ex
1203 1697 1302 1750 ltoc
1330 1708 1518 1750 vestra:
1548 1696 1742 1750 valebi-
1777 1677 1820 1735 Β
1849 1697 2098 1760 noster-io,
2152 1714 2322 1765 neque
2375 1701 2443 1772 de
2489 1702 2603 1752 aliis
2655 1704 2977 1768 quibuslibet
3023 1707 3216 1768 causis,
3266 1715 3415 1759 extra

165 1805 283 1844 mus
313 1791 611 1858 rependere
632 1791 997 1844 excellentiae?
1020 1802 1108 1844 aut
1134 1805 1292 1857 quam
1323 1788 1740 1843 vicissitudinem

167 1881 393 1937 rediture
413 1880 739 1949 potuerimus
762 1897 854 1948 pro
876 1883 1008 1934 tanti
1039 1882 1420 1933 beneﬁciorum
1450 1879 1738 1946 suffragiis,

164 1987 285 2040 qua
313 1983 514 2026 sanctre
564 1973 654 2026 Dei
689 1971 936 2028 Ecclesia:
967 1980 1020 2024 et
1057 1971 1482 2024 Christianorum
1509 1967 1629 2026 ﬁdei
1662 1969 1743 2021 in-

163 2063 302 2116 terre
333 2061 588 2130 pra-celsa
618 2061 894 2114 cximietas
925 2067 1095 2112 vestra
1135 2060 1344 2126 dignata
1377 2067 1488 2122 est,
1521 2057 1644 2111 dum
1674 2059 1739 2110 ad

164 2150 474 2205 referendas
504 2151 793 2217 gratiarum
826 2148 1010 2204 laudes
1041 2163 1192 2202 mens
1233 2157 1411 2204 nostra
1443 2149 1531 2203 die
1556 2157 1742 2202 noctu-

161 2256 265 2310 que
297 2250 634 2306 provocatur.

233 2331 618 2384 Admirandum
653 2330 780 2382 mihi
813 2330 986 2396 potius
1017 2339 1122 2408 est,
1143 2338 1195 2381 et
1223 2329 1374 2380 valde
1397 2329 1738 2394 ετιιίιαιιιιλιηιι,

161 2419 431 2488 quomodo
459 2420 568 2474 oris
599 2419 698 2474 uici
741 2420 1036 2488 loquacitas
1073 2429 1336 2472 tantorum
1374 2419 1620 2486 praesidia
1651 2420 1742 2473 be-

161 2510 468 2572 neﬁciorum
503 2509 745 2578 proferre
784 2520 963 2586 queat.
994 2510 1367 2566 Verumtamen
1410 2513 1620 2564 culicem
1661 2527 1744 2563 sa-

161 2601 348 2654 lutaris
367 2601 700 2667 accipiam,et
723 2618 902 2654 nomen
931 2602 1130 2653 Domini
1157 2603 1596 2672 invocabo.(l’sal.
1617 2618 1740 2668 cxv,
1777 2675 1780 2678 .

162 2691 291 2759 i5);
325 2701 378 2745 et
401 2691 592 2746 crebro
617 2693 838 2746 elevatis
879 2695 1046 2746 oculis
1071 2703 1126 2747 et
1176 2695 1365 2760 palmis
1392 2697 1630 2749 ertensis
1674 2696 1739 2772 ad
1781 2679 1788 2688 λ

161 2779 385 2843 :cthera,
435 2779 668 2834 divinam
713 2796 807 2850 pro
845 2784 992 2835 vobis
1042 2783 1402 2839 indesinenter
1452 2800 1737 2854 exposcam

160 2866 524 2932 clementiam,
555 2877 616 2922 ut
662 2870 774 2937 ipse
801 2885 963 2937 super
992 2886 1088 2925 vos
1115 2873 1180 2926 de
1199 2875 1406 2958 throno
1445 2875 1737 2944 majestatis

1847 1796 2075 1868 vestrapt
2109 1789 2438 1843 Voluntatem
2470 1807 2800 1860 nequaquam
2832 1796 3098 1862 quidpiam
3131 1813 3288 1863 agere
3318 1813 3410 1850 vos

1845 1880 2038 1943 lnmus,
2079 1880 2176 1933 sed
2233 1889 2287 1933 ut
2319 1891 2490 1935 vestra
2536 1881 2698 1936 fuerit
2745 1885 3009 1950 voluntas,
3061 1887 3131 1940 de
3178 1889 3422 1939 omnibus
3467 1949 3472 1952 _

1843 1984 2000 2036 agere
2038 1970 2334 2024 Studemus.
2370 1973 2552 2039 Itaque
2583 1985 2765 2052 noster
2789 1975 2996 2030 animus
3025 1977 3176 2029 lrctus
3203 1964 3422 2036 etTeetus

1843 2070 1945 2120 est,
1997 2068 2051 2112 et
2105 2061 2210 2112 Deo
2259 2063 2639 2128 omnipotenti,
2689 2074 2743 2118 et
2795 2075 2980 2120 vestra:
3027 2070 3418 2134 prmcelienti.r-,

1844 2150 2130 2200 immensas
2164 2151 2445 2203 retulimus
2474 2141 2684 2220 ﬁates,
2721 2155 2772 2208 iit
2816 2158 2863 2208 id
2897 2157 3034 2223 quod
3065 2167 3296 2210 nostram
3329 2160 3419 2211 de-

1848 2241 2202 2304 prcCutionrm
2255 2257 2282 2293 a
2320 2232 2427 2296 Deo
2458 2243 2742 2311 inspiratus
2769 2247 3022 2301 exaudire
3049 2248 3295 2317 dignatus
3325 2268 3382 2302 rs
3402 2228 3440 2311 ,’

1848 2327 2227 2396 benignissime
2256 2345 2372 2390 rex,
2419 2342 2474 2384 et
2527 2347 2846 2402 przeceptnm
2882 2340 3068 2406 regalis
3112 2342 3270 2392 vestri
3305 2342 3416 2393 cul-

1848 2417 2003 2471 minis
2036 2427 2220 2471 nostro
2259 2424 2586 2475 monasterio
2637 2425 2970 2494 dirigetulum
3018 2430 3416 2494 pronuntiastis,

1807 2515 1814 2524 '
1848 2506 2056 2560 ﬁrmam
2081 2507 2320 2574 ejusdem
2351 2521 2547 2566 sanctae
2571 2515 2862 2570 mansionis
2894 2529 3259 2586 procurantes,
3285 2536 3422 2573 nunc

1843 2607 1898 2652 et
1929 2607 2069 2653 retro
2101 2603 2305 2655 cunctis
2340 2607 2685 2672 temporibus.
2739 2607 2890 2662 Unde
2921 2611 3150 2676 petimus
3189 2611 3416 2664 divinam

1843 2691 2210 2758 clementiam,
2259 2705 2325 2748 ut
2375 2699 2513 2750 sicut
2559 2713 2652 2751 vos
2697 2709 2936 2752 nostrum
2988 2704 3372 2755 monasterium
3400 2743 3413 2763 ,

1843 2783 1981 2850 quod
2032 2785 2096 2838 ad
2141 2785 2348 2841 laudem
2403 2788 2497 2842 Dei
2544 2791 2884 2844 constitutum
2935 2800 3046 2855 est,
3099 2791 3414 2845 continuare

1840 2873 2104 2938 studetis,
2181 2877 2250 2929 ita
2308 2887 2540 2931 vestrum
2607 2895 2825 2948 regnum
2886 2881 3203 2934 conﬁrmare
3253 2896 3461 2946 super.

161 2970 274 3010 suae
306 2959 579 3026 respiciat,
612 2968 664 3013 et
694 2960 841 3028 regni
870 2963 1028 3015 vestri
1058 2960 1322 3030 fastigium
1349 2964 1551 3031 foveat,
1580 2977 1738 3035 atque
1770 3022 1808 3040 η
1845 2977 2028 3017 omnes
2055 2976 2238 3033 gentes
2268 2968 2536 3033 dignetur.
2584 2969 2648 3021 Et
2698 2985 2791 3035 pro
2833 2979 2978 3022 certo
3009 2979 3032 3015 ε
3059 2971 3193 3023 sciat
3239 2971 3415 3024 excel-

161 3047 454 3102 immensas
483 3049 632 3103 vobis
657 3049 722 3104 de
751 3053 889 3104 cmlo
920 3051 1116 3104 tribuat
1164 3052 1438 3121 victorias,
1469 3065 1522 3108 ct
1550 3069 1736 3110 omnes
1767 3025 1811 3081 Ο
1851 3051 2142 3106 lentissima
2198 3055 2567 3108 Christianitas
2639 3065 2810 3110 vestra
2874 3059 3010 3124 quod
3066 3072 3248 3110 omnes
3296 3059 3415 3142 illos

162 3136 417 3192 barbaras
445 3148 630 3206 gentes
663 3151 849 3193 vestris
880 3141 1127 3208 dignetur
1159 3143 1418 3210 vestigiis,
1454 3152 1508 3196 et
1557 3146 1743 3198 termi-

162 3241 262 3282 nos
289 3229 483 3295 regalis
513 3239 698 3282 vestra:
730 3233 979 3296 potentiae
1009 3233 1211 3283 dilatet.
1250 3232 1459 3287 Etenim
1511 3249 1631 3298 nos,
1665 3235 1740 3288 ﬁli

158 3321 640 3385 excellentissime,
671 3331 725 3377 et
764 3323 1016 3390 spiritalis
1065 3333 1372 3397 compatcr,_
1395 3336 1582 3380 testem
1612 3343 1743 3393 pro-

163 3409 390 3467 ferimus
416 3414 655 3466 veritatis
685 3413 869 3477 Deum,
900 3415 951 3467 in
984 3415 1135 3482 cujus
1159 3430 1316 3468 manu
1348 3431 1440 3471 cor
1466 3418 1742 3472 excellen-

165 3503 252 3556 tia:
297 3512 489 3556 vestra:
519 3503 545 3538 ι)
579 3506 892 3572 corrigatur,
942 3507 1079 3574 quod
1128 3508 1265 3560 sicut
1306 3509 1502 3575 saepius
1547 3519 1743 3564 nostra:

164 3593 878 3660 recordationis,dominum«
907 3607 961 3648 et
1001 3611 1310 3662 germanum
1333 3608 1578 3650 nosuum
1609 3612 1743 3650 san-

162 3681 460 3735 ctiSsimnm
487 3683 812 3750 Stephanum
836 3701 1045 3754 papam,
1065 3694 1118 3740 et
1149 3702 1240 3754 per
1263 3702 1382 3740 eum
1406 3685 1534 3741 cum
1558 3700 1742 3744 sancta

163 3769 258 3824 Dei
297 3771 531 3827 Ecclesia
582 3775 951 3827 conﬁrmatum
994 3785 1095 3840 est,
1130 3789 1501 3845 permanentes
1536 3793 1744 3846 perma-

162 3859 410 3912 nebimus
443 3862 635 3916 vestris
660 3864 1085 3931 obtemperantes
1114 3857 1489 3921 voluntatibus.
1508 3869 1572 3921 Et
1604 3870 1746 3926 absit

161 3963 191 4000 a
243 3952 400 4004 nobis
447 3954 586 4019 quod
644 3970 673 4005 a
730 3965 906 4007 vestro
955 3969 976 3994 ε
1009 3958 1379 4024 quoquomodo
1434 3975 1746 4027 separemur

163 4051 370 4092 amore.
415 4027 581 4094 Nulla
613 4044 806 4111 quippe
839 4044 1174 4110 prmmiorum
1217 4047 1362 4100 datio
1389 4089 1402 4111 ,
1453 4051 1592 4103 nulla
1623 4067 1744 4118 pro.

164 4127 440 4192 missionis
479 4131 730 4197 qualitas,
755 4133 1003 4198 nullaque
1030 4133 1510 4188 blandimentorum
1541 4141 1739 4203 suasio,

165 4230 286 4279 nos,
319 4218 454 4272 sicut
480 4220 672 4283 smpitts
697 4220 946 4282 diximus,
983 4235 1008 4271 a
1040 4233 1210 4275 vestra
1254 4223 1512 4277 eharitate
1552 4229 1744 4292 poterit

1848 3150 2126 3210 martyres,
2151 3143 2240 3210 qui
2273 3160 2367 3211 pro
2395 3145 2586 3199 Christi
2623 3149 2850 3198 nominis
2880 3148 3215 3200 confessione
3259 3163 3409 3199 suum

1847 3236 2096 3290 fuderunt
2122 3241 2460 3306 sanguinem,
2486 3248 2537 3293 et
2569 3241 2618 3291 in
2649 3241 2835 3293 eodem
2869 3250 3052 3292 saneto
3081 3241 3418 3308 requieSCunt

1845 3327 2206 3392 monasterio,
2240 3327 2575 3381 ﬁrmissimos
2618 3329 2755 3396 apud
2806 3329 3034 3380 divinam
3084 3327 3415 3383 clementiam

1846 3411 2107 3466 habebitis
2140 3415 2542 3469 intercessores.
3088 3407 3090 3409 ’

1917 3499 1992 3554 De
2019 3516 2086 3555 eo
2130 3517 2253 3555 vero
2291 3505 2432 3569 quod
2484 3506 2795 3559 innotuistis
2824 3507 2890 3559 de
2919 3515 3096 3558 nostra
3128 3521 3219 3560 vos
3248 3515 3420 3560 certes

1845 3587 1982 3641 efﬁci
2011 3591 2286 3657 sospitate,
2319 3607 2434 3653 nos,
2467 3593 2603 3646 bene
2640 3606 2692 3646 et
2745 3595 3194 3648 Christianissime
3225 3612 3336 3657 rex,
3369 3597 3418 3648 in

1847 3691 1911 3730 eo
1935 3691 2120 3748 sospes
2150 3678 2376 3731 latcmur
2399 3695 2536 3739 esse,
2566 3681 2689 3748 dum
2726 3683 2882 3734 vestri
2906 3685 3143 3750 corporis
3167 3667 3413 3751 sospitas,

1845 3775 1900 3821 et
1926 3769 2066 3820 salus
2088 3751 2306 3834 animae,
2337 3773 2632 3838 opitulante
2658 3775 2784 3839 Deo,
2803 3777 3216 3842 acerescit,quia
3246 3785 3418 3829 vestra

1848 3859 1992 3912 salus
2019 3869 2197 3912 nostra
2228 3869 2303 3912 est
2363 3866 2708 3932 prosperitas.
2753 3865 2843 3917 llis
2893 3865 3199 3932 prznlibatis,
3243 3869 3418 3920 omni-

1851 3960 2038 4017 potens
2071 3966 2247 4003 rcrtmt
2281 3953 2455 4018 opifex
2499 3963 2553 4006 et
2579 3957 2778 4008 arbiter
2810 3955 2947 4009 Deus
2992 3953 3084 4009 sua
3133 3973 3225 4009 vos
3253 3944 3417 4024 gratia

1850 4036 2046 4106 foveat,
2069 4049 2121 4091 et
2148 4040 2390 4106 longmvo
2410 4056 2471 4092 ac
2497 4056 2752 4108 prospero
2784 4045 2932 4096 senio
2955 4045 3142 4112 regalis
3173 4047 3416 4099 culminis

1848 4138 2082 4194 sceptra,
2114 4140 2450 4198 cum‘magna
2485 4133 2699 4187 victoria
2740 4129 2906 4198 vobis,
2959 4149 3075 4189 eum
3108 4136 3414 4190 dulcissima

1848 4226 2018 4266 vestra
2074 4211 2624 4286 conjuge,'pr:ecelsa
2678 4224 2819 4292 ﬁlia',
2863 4236 2914 4279 et
2965 4228 3190 4294 spiritali
3238 4240 3415 4283 nostra

162 4307 413 4358 avellere.
443 4308 544 4359 Sed
572 4317 712 4375 peto,
742 4318 790 4362 et
819 4318 1065 4378 tanquam
1092 4315 1493 4378 prmsentialiter
1513 4317 1737 4372 obsecro

1848 4317 2158 4372 corumatre,
2187 4308 2403 4362 domina
2437 4311 2685 4364 Bertrada
2712 4316 2907 4368 eximia
2941 4319 3140 4384 regina,
3165 4328 3216 4370 et
3245 4335 3419 4373 aman-
3472 4313 3474 4315 ’

163 4395 471 4476 melliﬁuam
523 4399 888 4452 excellentiam
936 4391 1162 4455 vestram
1191 4414 1311 4464 ,Iut
1358 4405 1736 4472 amplissimam

158 4486 270 4553 jam
307 4487 460 4540 factm
490 4491 742 4555 spiritalis
771 4502 962 4552 vestrae
1013 4495 1216 4547 matris
1239 4496 1493 4550 Ecclesia:
1533 4500 1742 4550 exalta-

109 4625 130 4637 ,,
164 4578 366 4640 tionem
402 4581 677 4645 perﬁcere,
709 4591 760 4634 et
793 4583 1126 4637 ﬁrmissimus
1159 4586 1578 4643 Christianorum
1620 4591 1739 4644 ﬁdei

161 4663 417 4718 defensor
472 4670 703 4722 existere
751 4669 777 4704 τι
821 4671 1036 4738 jubeas,
1097 4675 1474 4742 benignissime
1527 4693 1740 4748 regum,

162 4755 432 4822 quatenus
459 4773 520 4809 ex
569 4758 668 4810 hoc
711 4763 964 4813 meinoria
1021 4765 1246 4817 nominis
1291 4770 1452 4820 vestri
1498 4785 1664 4838 usque
1692 4774 1739 4824 in

166 4845 330 4897 tinem
359 4847 538 4898 mutuli
579 4845 630 4899 in
679 4849 838 4903 domo
871 4851 1076 4905 Domini
1124 4856 1439 4928 celebretur,
1473 4870 1522 4911 et
1553 4860 1740 4912 suﬁ‘ra-

161 4934 264 5001 giis
317 4935 702 5002 apostolorum,
758 4951 812 4993 et
863 4944 1141 5008 praesentis
1197 4947 1315 4997 vita:
1371 4963 1653 5014 prospera,
1689 4960 1742 5003 et

162 5033 381 5078 aeterna“.
413 5027 755 5083 beatitudinis
781 5031 931 5086 vobis
961 5033 1258 5088 tribuantur
1287 5038 1496 5104 gaudia.

237 5113 467 5179 interea,
492 5118 936 5175 excellentissime
966 5123 1061 5185 ﬁli,
1086 5134 1142 5177 ct
1165 5127 1418 5194 spiritalis
1440 5141 1702 5195 compath
1725 5173 1737 5191 .

239 5253 263 5319 ξι
297 5247 572 5319 Ιέιηιιιοοη
602 5253 903 5319 cxistiums;
934 5255 1134 5319 Crets.,
1163 5261 1526 5316 exstiterimus.

237 5313 496 5396 “prela,
523 5321 753 5396 regitur;
785 5313 1062 5376 Lamlter.:
1095 5313 1403 5392 Carrigitrtr,
1447 5313 1582 5396 quod
1613 5338 1738 5387 sirm

175 5391 353 5452 sepius
377 5391 534 5441 nostri
563 5391 730 5442 cordis
756 5399 1024 5460 puritatem
1056 5391 1466 5461 prapalovintns,
1498 5404 1546 5452 in
1578 5416 1735 5455 enim

171 5470 343 5507 «more
385 5461 732 5535 ct‘cltaritote,
775 5464 1201 5525 quemadmodum
1231 5468 1360 5520 inter
1402 5486 1507 5535 vos,
1541 5487 1584 5524 ct
1618 5491 1735 5526 smi-

169 5534 264 5575 (ηε
283 5527 644 5648 recqrdutionir
667 5531 925 5584 dominum
946 5543 988 5583 rt
1009 5551 1302 5601 germanum
1328 5527 1732 5608 ηιρηηίκιρριρη-

169 5607 311 5648 stum.
342 5608 374 5648 e
399 5609 447 5648 c.

169 5607 311 5659 stum,
342 5607 447 5648 etc.

1851 4396 2066 4449 tissimis
2100 4396 2308 4460 vestris,
2340 4402 2645 4468 nostrisque
2680 4403 2825 4467 ﬁliis,
2859 4407 3069 4460 CXilllliS
3102 4409 3331 4476 regibus,
3362 4420 3418 4464 et

1849 4484 2078 4548 patriciis
2109 4487 2489 4553 Romanorum,
2524 4487 2732 4546 domuis
2763 4495 2953 4549 Carolo
2983 4506 3036 4548 et
3065 4495 3414 4552 Caroloman?

1847 4588 1951 4635 no,
2003 4590 2100 4626 nec
2143 4591 2244 4628 non
2276 4589 2329 4630 et
2380 4580 2572 4632 domua
2620 4582 2760 4634 Gisla
2812 4583 3164 4647 nobilissima,
3216 4591 3412 4654 perfrui

1846 4661 2132 4722 concedat,
2176 4674 2227 4715 et
2256 4666 2487 4720 cmlestis
2533 4670 2677 4734 regni
2710 4671 2896 4736 gaudia
2941 4687 3059 4724 cum
3107 4676 3308 4728 sanotis
3362 4689 3416 4728 et

1846 4752 2028 4806 electis
2061 4755 2371 4821 possidenda
2403 4774 2495 4826 per
2524 4761 2724 4813 inﬁnita
2775 4764 2971 4816 tribuat
3015 4767 3229 4818 sarcula.
3265 4767 3413 4820 inco-

1849 4841 2041 4894 lumem
2101 4846 2465 4899 excellentiam
2530 4861 2758 4903 restrain
2816 4857 2980 4918 gratia
3032 4868 3261 4920 superna
3313 4874 3414 4911 eu-

1846 4932 2060 4984 stodiat.

1919 5293 1939 5351 'j
1968 5281 2211 5337 Lambec.
2226 5327 2238 5345 ,
2268 5293 2520 5351 quomodo

1915 5349 1937 5383 ⁴¹
1977 5352 2111 5401 idem
2130 5392 2142 5414 ,
2177 5349 2366 5408 lubens.

1918 5428 1937 5446 θ’
1972 5421 2172 5485 tirets.,
2204 5425 2470 5482 Soracte".

1919 5487 1934 5523 τ
1974 5488 2215 5544 Latubec.
2230 5533 2244 5553 ,
2278 5497 2489 5557 pridem.

1916 5566 1937 5598 2
1973 5559 2133 5619 ldum,
2171 5563 2342 5613 κιττία(
