3914 6236
452 262 586 313 £145

1015 376 1030 423 i
1063 373 1339 427 i‘lS'l'OLA
1384 373 1469 426 IV.

453 509 581 561 Item
615 511 873 572 exemplar
906 509 1129 574 episton
1155 509 1221 557 ad
1262 507 1506 556 damnum
1545 503 2025 574 Pippinum_regern

523 595 613 644 per
644 569 953 631 Witnmrmu
985 589 1029 629 et
1072 577 1359 629 (ierbertmn
1390 575 1592 625 abb'ntes
1614 569 1767 635 atque
1794 569 1839 620 11
1848 572 2001 644 ugbrtl
2013 597 2026 603 -

524 638 648 699 dum
689 651 912 706 Αἰνείεω,
947 650 997 698 in
1027 664 1125 709 qua
1171 646 1492 696 continentur
1533 645 1815 708 gratiarum
1844 638 2025 709 tortiles

526 735 618 783 pro
642 719 979 769 exsultatione
1001 707 1184 765 sanctae
1214 713 1303 763 Dei
1330 707 1593 773 Erclesiir,
1616 722 1659 761 et
1686 707 1949 774 postulans
1976 714 2026 757 ut

524 804 719 852 semper
745 790 796 837 in
825 788 878 835 id
907 790 1166 836 decertare
1191 783 1385 834 debeat.

499 894 551 952 ."
586 919 785 987 Dnntno
827 914 1279 967 excellentissimo
1314 914 1447 977 filio,
1487 921 1537 962 ‹·ι
1587 920 1770 963 nostra
1800 904 2023 973 spiritali

453 1010 709 1076 compatri
741 1007 963 1075 Pippino
994 1007 1103 1074 regi
1132 1006 1455 1058 Francorum
1487 1014 1538 1056 et
1562 1000 1785 1070 patricio
1832 1001 2026 1052 liotna-

451 1116 664 1163 nomm,
698 1099 895 1161 Paulus
924 1112 1084 1165 papa.

486 1232 497 1242 .
525 1192 657 1242 Dum
690 1200 793 1242 tam
846 1190 1078 1242 maxima
1130 1188 1282 1241 nobis
1326 1185 1631 1257 dilectionis
1661 1181 1869 1237 affectio
1895 1196 2020 1251 erga

414 1284 679 1333 ‘vestram
709 1295 737 1345 a
774 1280 883 1334 Deo
909 1278 935 1314 δ
963 1280 1271 1345 inspiratam
1304 1272 1675 1328 excellentiam
1706 1272 1923 1335 insistit,
1956 1271 2025 1322 ob

450 1373 549 1423 huc
580 1343 726 1424 sicut.
744 1380 880 1424 terra
915 1368 1102 1422 sitiens
1128 1366 1454 1421 imbriferam
1484 1366 1756 1419 desiderat
1799 1362 2024 1427 inunda—

440 1462 671 1528 tionem,
735 1459 807 1513 ita
860 1475 1075 1529 quoque
1131 1468 1321 1511 vestra:
1372 1455 1736 1525 prosperitatis
1782 1455 2021 1525 cupimus

454 1554 735 1607 addiscere
765 1554 970 1616 nuntia,
1002 1550 1140 1604 etde
1171 1550 1360 1602 vestris
1401 1546 1724 1613 profectibus
1749 1543 2018 1612 gratulari.

447 1645 505 1697 lo
555 1645 654 1698 hoc
684 1644 879 1713 quippe
910 1642 1075 1694 nostri
1127 1640 1304 1693 cordis
1335 1648 1416 1691 est
1464 1623 1676 1691 devmio
1700 1634 2019 1696 exsultandi,

447 1736 576 1788 dum
624 1736 869 1787 nimirum
906 1735 1048 1786 salus
1088 1741 1261 1784 vestra
1305 1739 1483 1781 nostra
1515 1727 1696 1779 existit
1742 1727 2021 1779 securitas.

450 1829 654 1880 Interea
687 1826 911 1879 duarum
958 1822 1299 1890 epistolarum
1345 1820 1532 1897 series,
1575 1831 1707 1884 quas
1736 1825 1907 1870 vestna
1939 1815 2023 1866 di-
2091 1881 2095 1886 η

430 1918 591 1972 -ῐεκὶι
633 1916 971 1977 excellentia,
1021 1928 1138 1965 cum
1186 1924 1377 1977 magno
1422 1908 1755 1972 suscepimus
1802 1917 2019 1955 amore:

451 2024 609 2061 unam
643 2008 852 2074 quidem
896 1986 1138 2072 primitus
1190 2016 1283 2068 per
1318 2000 1526 2051 Petrum
1572 1996 1803 2064 primum
1836 1993 2024 2046 defen-

446 2110 623 2149 sorem
658 2095 873 2146 missmn
904 2100 1162 2153 vestrum,
1212 2097 1266 2141 et
1308 2086 1463 2163 aliam
1500 2100 1593 2153 per
1639 2091 1930 2151 praesentes
1963 2082 2023 2132 fio

445 2183 748 2237 delissimos
801 2188 1010 2233 vestros
1078 2178 1271 2229 missos
1326 2172 1660 2227 Widmarum
1718 2171 1923 2223 scilicet
1973 2177 2026 2223 et

448 2264 1055 2331 Gerbertum‘abbates,
1112 2275 1269 2334 atque
1324 2263 1655 2331 llugbaldum
1704 2262 1873 2314 virum
1908 2260 2027 2312 illu-

447 2378 632 2418 strem.
673 2364 908 2429 Quarum
958 2360 1204 2429 paginam
1261 2358 1609 2427 indagantes,
1660 2370 1782 2408 mox
1831 2353 2028 2419 liquido

447 2464 637 2509 cuncta
668 2454 719 2506 in
763 2454 842 2507 eis
870 2462 1083 2505 exarata
1116 2450 1433 2511 didicimus,
1464 2447 1758 2500 immensas
1787 2445 2027 2513 protinus

450 2543 559 2597 Deo
582 2553 763 2595 nostro
786 2540 1079 2596 referentes
1103 2540 1307 2607 laudes,
1326 2540 1411 2608 qui
1439 2553 1537 2592 nos
1560 2539 1624 2593 de
1645 2547 1818 2592 vestra
1842 2536 2027 2589 annuit

448 2638 708 2702 sospitate
747 2634 1019 2703 gratulari.

526 2724 578 2773 ln
638 2722 765 2786 ipsis
822 2722 1054 2787 denique
1100 2721 1292 2773 vestris
1346 2714 1693 2772 relationibus
1745 2731 1764 2755 ε
1800 2718 2024 2769 sollicita

450 2813 648 2864 nobisa
684 2812 789 2863 Deo
821 2811 1098 2863 illustratze
1130 2812 1323 2864 mentis
1356 2822 1546 2863 vestra:
1572 2809 1866 2862 constantia
1898 2823 2023 2876 pro-

448 2905 560 2955 tulit
592 2904 702 2971 spei
733 2902 1001 2969 fiduciam,
1036 2904 1088 2956 in
1120 2903 1169 2957 id
1202 2904 1341 2972 quod
1374 2903 1666 2970 impensius
1694 2903 2023 2966 innotuistis,

1724 253 1782 315 s,
1827 246 2026 307 PAtiLl
2069 244 2266 297 ιιΑιιτιε
2298 245 2315 296 t

2059 363 2103 415 Α
2138 358 2336 419 ιηᾶεδίε,
2369 370 2469 408 nec
2498 370 2598 408 non
2630 338 2683 407 et
2728 353 3231 420 Gentapolensium,
3266 367 3344 404 »ac
3384 350 3739 420 singularum

3582 233 3740 289 ηιι

2132 456 2431 497 nostrarum
2479 445 2752 497 civitatum
2801 443 3129 505 hominibus,
3178 442 3742 507 assistentes,,wm-

2134 536 2373 600 probatio
2395 550 2574 588 coram
2600 538 2678 589 eis
2702 537 2836 588 facta
2866 543 2949 588 est
2978 535 3047 587 de
3076 533 3269 587 habitis
3288 534 3433 586 inter
3459 543 3743 601 utrasque

2130 636 2309 692 partes
2339 624 2603 690 aliquibus
2642 624 2894 690 justitiis,
2946 624 3195 678 videlicet
3222 627 3291 677 tle
3314 624 3547 689 peculiis
3577 626 3738 681 inter

2130 722 2309 781 partes
2323 731 2336 764 ι
2350 715 2604 767 estitutis.
2621 713 2749 767 Nam
2764 715 2828 766 de
2844 714 3035 767 finibus
3050 715 3322 767 civitatum
3341 724 3651 769 nostrarum
3669 726 3738 770 et

2132 803 2468 869 patrimoniis
2500 804 2636 859 beati
2680 805 2843 869 Petri,
2875 805 2943 857 ab
2985 804 3186 859 eisdem
3236 803 3603 872 Longobardis
3628 810 3736 859 re—

2132 894 2293 948 tentis
2320 904 2480 963 atqoe
2522 895 2742 960 invasis,
2774 894 2904 959 nihil
2939 910 3107 963 usque
3140 895 3432 960 hactenus;
3462 896 3625 949 etiam
3658 911 3735 949 ea

2130 1001 2251 1053 quae
2282 986 2527 1053 primitus
2579 986 2923 1041 reddiderant
2964 984 3140 1040 denuo
3188 986 3520 1040 invaserunt.
3564 986 3733 1042 Unde

2129 1077 2369 1131 constitit
2396 1087 2454 1132 ut
2482 1078 2675 1140 nostri,
2705 1092 2766 1131 ac
2810 1077 3139 1145 singularum
3190 1087 3496 1130 nostrarum
3522 1077 3731 1130 civita-

2130 1176 2239 1220 tum
2288 1162 2469 1233 missi,
2519 1168 2586 1221 ad
2620 1168 2951 1221 Desideriutn
3003 1167 3479 1238 Langobardorum
3510 1181 3731 1236 regem,

2127 1274 2248 1311 cum
2281 1260 2476 1314 vestris
2529 1260 2774 1328 progredi
2821 1259 3054 1313 debeant
3095 1260 3306 1324 missis,
3340 1270 3399 1313 ut
3443 1260 3497 1312 in
3526 1261 3731 1314 eorum

2126 1358 2286 1417 atque
2306 1351 2545 1418 praedicti
2579 1352 2718 1419 regis
2751 1352 3054 1416 prarsentia,
3079 1366 3173 1419 pro
3199 1352 3403 1405 eisdem
3435 1352 3635 1407 finibus
3657 1369 3733 1407 ae

2131 1441 2465 1508 patrimoniis
2501 1442 2873 1509 comprobatio
2913 1443 3023 1505 flat,
3063 1442 3324 1511 nobisque
3352 1443 3535 1497 omnia
3566 1446 3732 1512 juxta

2131 1532 2433 1599 pactionem
2464 1530 2481 1569 ¹
2510 1533 2879 1588 restituantur.
2928 1531 2994 1587 Et
3035 1533 3303 1588 nescimus
3331 1535 3461 1603 quid
3511 1550 3584 1589 ex
3622 1535 3739 1592 hoc

2133 1623 2546 1688 proveniendum
2578 1623 2688 1689 sit;
2745 1634 2973 1679 attamen
3017 1640 3112 1694 per
3162 1627 3405 1693 prafatos
3452 1638 3479 1675 κ
3509 1637 3731 1683 vestros

2132 1712 2323 1765 missos
2350 1712 2429 1766 rei
2462 1728 2756 1781 agnoscere
2786 1715 3012 1784 potestis
3051 1717 3321 1772 meritum.

2201 1803 2539 1870 Quapropter
2567 1819 2874 1872 qumsumus
2905 1822 2933 1859 a
2966 1807 3073 1860 Deo
3100 1816 3397 1877 protectam
3442 1810 3730 1865 excellen—

2129 1889 2254 1943 tiam
2297 1900 2553 1959 vestram,
2587 1901 2644 1945 ut
2685 1893 2760 1946 ita
2805 1894 3095 1959 disponere
3144 1897 3330 1964 iubeat
3360 1906 3416 1952 ut
3448 1899 3732 1965 plenarias

2127 1981 2195 2033 de
2240 1982 2485 2036 omnibus
2530 1984 2770 2059 recipere
2817 1986 3086 2038 valeamus
3127 1986 3399 2053 justitias,
3451 1994 3732 2053 quatenus

2130 2074 2269 2129 idem
2302 2076 2488 2128 beatus
2519 2075 2707 2129 Petrus
2740 2076 2988 2144 princeps
3018 2077 3409 2145 apostolorum,
3439 2091 3543 2145 pro
3568 2076 3733 2145 cuius

2128 2166 2478 2220 restituendis
2508 2166 2803 2245 luminariis
2847 2168 3159 2231 decertatis,
3193 2168 3537 2222 ﬁrmissimus
3567 2168 3731 2223 vobis

2129 2257 2199 2309 sit
2248 2255 2569 2321 auxiliator,
2611 2270 2675 2310 ac
2718 2258 2951 2323 optimus
2999 2267 3390 2312 remunerator.
3446 2258 3593 2311 Nam
3629 2273 3730 2327 pro

2130 2355 2279 2399 certo
2307 2355 2562 2414 agnoscat
2603 2347 3052 2401 excellentissima
3079 2347 3682 2404 ChriStianitas-vestra
3710 2394 3730 2417 ,

2134 2434 2253 2502 quia
2300 2435 2341 2487 si
2376 2434 2529 2488 nobis
2558 2435 2760 2502 prmfati
2810 2438 3089 2490 civitatum
3136 2449 3446 2492 nostrarum
3480 2440 3551 2491 ab
3578 2438 3729 2513 ejus-

2094 2518 2251 2577 dem
2316 2524 2681 2592 Longobardis
2737 2525 2903 2576 invasi
2961 2524 3137 2589 fines,
3189 2534 3349 2591 atque
3396 2528 3727 2593 patrimonia

2132 2615 2336 2668 reddita
2365 2629 2469 2667 non
2498 2613 2714 2675 fuerint,
2748 2615 2906 2666 etiam
2952 2629 3011 2667 ea
3044 2630 3164 2681 qua:
3192 2614 3441 2683 primitus
3469 2615 3729 2672 reddide-

2131 2712 2255 2758 runt
2284 2704 2535 2761 invadere
2577 2703 2993 2757 insidiabuutur.
3026 2703 3363 2772 Quapropter
3390 2706 3595 2759 obnixe
3623 2722 3723 2774 pe-

2132 2798 2291 2850 timus
2335 2795 2787 2851 Christianitatetn
2841 2790 3111 2861 vestram]
3152 2792 3185 2833 ¹ι
3230 2806 3287 2850 ιιι
3334 2809 3513 2852 vestra
3560 2798 3724 2853 solita

2131 2888 2481 2957 diSpositione
2517 2887 2769 2944 exaltatio
2799 2898 2999 2943 sancta:
3030 2888 3120 2942 Dei
3152 2888 3409 2944 Ecclesia
3430 2930 3447 2956 ,
3478 2899 3533 2944 et
3562 2891 3729 2946 istius

447 3007 604 3061 atque
657 2997 842 3051 sedulo
897 3011 960 3048 ex
1019 2996 1268 3063 operibus
1302 2995 1730 3058 dcmonstrastis,
1767 3009 1858 3047 vos
1901 2996 2022 3047 totis

2145 2980 2341 3034 nobis
2376 2980 2666 3046 redempta:
2709 2993 2828 3031 cum
2864 2978 2955 3032 Dei
3000 2979 3194 3033 virtute
3243 2978 3531 3048 provincia:
3573 2982 3726 3036 salus

449 3089 649 3142 viribus
684 3105 775 3155 pro
803 3088 1124 3142 exaltatione
1151 3095 1350 3140 sancta:
1384 3086 1472 3139 Dei
1522 3086 1773 3139 Ecclesia:
1809 3094 1861 3139 et
1905 3087 2023 3139 fidei

450 3181 762 3233 orthodoxa!
787 3178 1098 3231 defensione
1124 3192 1242 3230 esse
1265 3178 1653 3239 decertaturos,
1678 3186 1731 3228 et
1756 3174 1807 3229 in
1840 3191 1899 3230 ea
1933 3190 2027 3248 vos

450 3248 573 3323 ﬁdei
616 3269 991 3337 po‘licitatione
1040 3280 1437 3335 permansuros,
1487 3282 1643 3333 quant
1678 3266 1833 3319 beato
1867 3267 2027 3319 Petro

448 3360 670 3427 principi
704 3359 1086 3425 apostolorum,
1125 3344 1416 3423 noStroque
1444 3358 1825 3423 praedecessori
1856 3356 2026 3410 domi-

449 3464 518 3503 no
543 3458 595 3501 et
638 3462 894 3517 germano
940 3446 1250 3500 beatissimo
1281 3447 1556 3515 Stephano
1595 3462 1743 3513 papa:
1794 3461 2026 3515 spopon-

448 3540 619 3590 distis.
652 3537 801 3590 Unde
831 3549 881 3588 ct
927 3536 975 3589 iu
1019 3548 1194 3589 nostra
1229 3538 1316 3588 fixi
1366 3537 1639 3589 charitatis
1668 3537 2022 3591 connexione.

448 3625 745 3695 Ideajuxta
777 3627 826 3678 id
858 3625 993 3691 quod
1019 3626 1247 3693 petendo
1277 3625 1589 3689 direximus,
1623 3624 1646 3662 ἀ
1685 3626 1932 3693 prtcfatos
1959 3627 2023 3679 ad

449 3735 549 3772 nos
594 3727 799 3771 vestros
858 3704 1108 3770 videmini
1159 3718 1418 3771 direxisse
1472 3719 1693 3779 missos,
1751 3719 1839 3786 qui
1888 3720 2025 3785 apud

454 3810 918 3878 Langobardorum
955 3807 1295 3859 imminerent
1323 3823 1499 3875 regem
1537 3823 1630 3874 pro
1656 3808 1879 3861 diversis
1903 3823 1995 3862 san
2016 3839 2027 3847 -

447 3910 549 3953 (tu:
600 3900 689 3951 Dei
737 3897 989 3967 Ecclesia:
1034 3895 1211 3949 cau~is
1258 3911 1318 3949 ac
1357 3896 1575 3964 justiuis
1625 3912 1687 3950 ac
1742 3898 1793 3950 in
1847 3908 2030 3951 nostro

450 3991 765 4043 assistereut
794 3987 1005 4041 solatio.
1038 3987 1137 4041 l'ro
1167 4002 1269 4054 quo
1314 3987 1733 4042 innmnrrabiles
1764 3988 1913 4041 vobis
1946 4004 2032 4041 te-

449 4082 672 4134 ferimus
696 4078 978 4147 gratiarum
1012 4080 1271 4140 actiones,
1300 4082 1422 4146 quia
1457 4094 1583 4133 \cte
1605 4082 1742 4133 sicut
1771 4081 2031 4151 benignus

448 4191 539 4228 rex
572 4183 625 4226 ct
673 4184 877 4226 amator
922 4172 1175 4240 spiritalis
1223 4171 1404 4225 matris
1444 4180 1638 4225 vestrae
1683 4184 1882 4227 sancta:
1934 4174 2028 4230 Dei

450 4265 707 4318 Ecclesia:
763 4278 954 4331 agere,
1021 4261 1479 4317 Christianissime
1531 4262 1604 4315 fili
1658 4274 1705 4316 et
1776 4265 2033 4329 Spiritalis

2134 3068 2411 3139 proﬁciat,
2443 3078 2497 3123 et
2525 3083 2586 3123 ea
2626 3067 2639 3105 ί
2675 3068 2855 3121 omnia
2879 3109 2894 3134 ,
2923 3084 3041 3138 quae
3070 3070 3233 3124 vestri
3268 3070 3417 3124 missi
3450 3072 3671 3125 sibimet
3694 3088 3725 3123 a

2133 3171 2308 3217 vestra
2360 3160 2789 3231 prmexcellentia
2826 3162 3075 3228 *injuncta
3118 3159 3440 3226 habuerunt,
3472 3162 3629 3216 nobis
3660 3164 3729 3215 li-

2134 3252 2341 3321 quidius
2372 3248 2687 3313 referentes,
2720 3248 2785 3301 ad
2826 3248 3033 3317 singula
3078 3250 3157 3303 eis
3185 3264 3507 3317 responsum
3536 3250 3729 3305 reddi-

2131 3344 2329 3405 dimus,
2361 3352 2415 3396 et
2441 3341 2510 3395 de
2538 3340 2786 3394 oninibus
2817 3356 2911 3395 eos
2943 3339 3353 3396 informavimus
3378 3357 3497 3409 qua:
3520 3350 3725 3395 vestra:

2131 3433 2461 3488 excellentim
2510 3429 2715 3486 referre
2762 3432 3031 3497 debeant,
3060 3439 3379 3500 nostrasque
3428 3431 3729 3500 petitiones

2132 3526 2325 3578 vestris
2356 3525 2605 3578 studeant
2634 3521 2882 3577 intimare
2907 3523 3143 3578 auribus.
3574 3595 3583 3598 ἢ

2205 3611 2298 3669 llis
2328 3616 2505 3683 itaque
2538 3614 2849 3683 praemissis,
2880 3614 2971 3669 Dei
2999 3614 3167 3668 nostri
3211 3614 3602 3683 omnipotentis
3629 3628 3728 3671 ex-

2131 3720 2347 3760 oramus
2376 3703 2741 3771 clementiam,
2769 3714 2825 3758 ut
2847 3718 2940 3757 sua
2971 3718 3064 3757 vos
3092 3704 3271 3759 fovere
3298 3713 3502 3759 annuat
3524 3708 3726 3774 gratia,

2132 3807 2185 3849 et
2229 3796 2477 3863 prmsenti
2521 3795 2801 3863 temporali
2846 3809 3010 3864 regno
3053 3795 3105 3849 in
3154 3794 3315 3864 longo
3357 3794 3560 3851 senioi
3600 3811 3727 3852 cum

2135 3887 2492 3956 prosperitate
2538 3886 2780 3952 corporis
2820 3897 2872 3939 et
2915 3886 3086 3941 salute
3124 3887 3318 3941 anima:
3362 3886 3561 3956 perfrui
3591 3904 3728 3944 con-

2136 3984 2311 4048 cedat,
2342 3998 2441 4036 una
2474 3997 2594 4035 cum
2625 3982 2937 4035 dulcissima
2966 3981 3195 4051 conjuge
3238 3990 3418 4036 vestra
3450 3980 3733 4039 excellat-

2141 4062 2343 4130 tissima
2394 4080 2599 4144 regina,
2630 4075 2736 4128 tilia
2778 4084 2835 4129 et
2873 4074 3097 4143 Spiritali
3150 4082 3332 4129 nostra
3382 4087 3729 4141 commatre,

2138 4180 2296 4235 atque
2348 4166 2925 4235 prmexcelleutissimis
2975 4165 3168 4219 vestris
3198 4166 3369 4229 natis;
3401 4174 3456 4221 et
3482 4168 3729 4221 crete-stin

2139 4274 2349 4330 quoque
2381 4258 2529 4312 vobis
2558 4273 2652 4327 per
2682 4258 2889 4312 infinita
2932 4257 3133 4311 tribuat
3160 4256 3505 4325 prtemiorum
3528 4240 3728 4327 gaudia

452 4363 991 4424 compater,_semper
1012 4352 1215 4418 studes,
1241 4362 1295 4405 et
1325 4352 1557 4420 profecto
1588 4355 1684 4406 erit
1716 4354 1806 4406 tibi
1842 4355 2022 4409 Domi-
2056 4361 2109 4419 D
2138 4352 2476 4423 possidenda.
2511 4351 2832 4404 Incolumem
2879 4348 3247 4404 excellentiam
3283 4359 3522 4402 ve5tram
3549 4348 3727 4419 gratia

453 4460 578 4509 nus,
602 4455 654 4499 et
682 4446 732 4498 io
768 4444 1041 4511 przesenti,
1082 4453 1134 4495 et
1163 4442 1360 4503 futuro,
1390 4442 1581 4511 dignus
1611 4446 1921 4498 retributor.

523 4538 630 4592 Nos
677 4538 871 4604 itaque,
902 4535 1354 4591 excellentissime
1395 4545 1446 4587 et
1485 4552 1511 4585 a
1546 4534 1653 4587 Deo
1694 4547 1923 4603 protecte
1954 4536 2024 4589 fili

446 4642 500 4685 et
530 4628 783 4696 Spiritalis
810 4638 1103 4694 compatcr,
1154 4626 1291 4676 firmi
1336 4626 1383 4677 in
1428 4636 1615 4677 vestrae
1646 4626 1920 4679 cltaritatis
1949 4627 2027 4679 di-

448 4725 675 4777 |ectione
709 4734 1139 4788 permaneamus,
1176 4733 1271 4769 nec
1303 4726 1384 4769 est
1419 4716 1519 4769 ulla
1557 4732 1735 4769 rerum
1764 4726 1853 4769 aut
1886 4727 2024 4770 tem-

450 4832 637 4883 porum
686 4814 911 4880 qualitas
961 4827 1077 4878 qme
1132 4825 1225 4862 nos
1264 4825 1291 4860 a
1327 4818 1499 4862 vestra
1550 4810 1812 4862 charitate
1866 4812 2029 4875 possit

450 4918 720 4970 Separate,
752 4903 868 4965 quia
904 4911 957 4951 tu
993 4913 1114 4951 vere
1162 4907 1363 4959 noster,
1410 4906 1525 4961 post
1577 4897 1763 4961 Deum,
1815 4908 2027 4952 constas

452 5012 569 5046 “se
602 4994 867 5054 defensor,
900 5001 949 5042 et
984 4990 1282 5042 auxiliator.
1322 4998 1343 5023 ε
1376 4990 1583 5041 Prtefati
1623 4990 1851 5058 denique
1879 4991 2024 5044 missi

452 5083 646 5140 \estri,
705 5083 754 5129 in
814 5089 989 5129 nostra
1049 5077 1325 5143 praesentia
1384 5094 1501 5129 cum
1556 5079 2027 5146 Longobardorutn

524 5223 546 5247 υ
585 5214 785 5271 tirets.,
818 5210 1022 5260 Summ.
1051 5208 1139 5271 24,
1178 5210 1311 5275 apud
1345 5209 1623 5263 Baronimu
1659 5211 2025 5265 ct’Centuria—

450 5293 612 5333 tores.

521 5354 543 5387 εν
575 5351 849 5413 Lambee,
884 5350 999 5400 inin
1029 5359 1183 5399 utam.

523 5432 542 5455 σ
584 5421 745 5481 itlttn,
773 5423 944 5471 solita.

517 5492 538 5523 ά
570 5492 730 5549 Idem,
758 5508 847 5556 pro
867 5491 1016 5539 latos.

518 5559 535 5576 τ
573 5560 729 5619 Idem,
766 5562 987 5627 prin/uti.

521 5627 532 5660 ί
572 5628 736 5689 idem,
772 5634 910 5691 insta
945 5628 1302 5693 [9(1C.l.‘,t’l'it';ll.

2133 4458 2362 4515 superna
2394 4442 2678 4496 custodiat.

2703 4539 3031 4597 EPISTULA
3082 4539 3144 4593 V.

2134 4637 2267 4690 Item
2294 4633 2553 4699 exemplar
2582 4630 2813 4695 epistola:
2855 4636 2919 4683 ad
2950 4633 3192 4684 damnum
3224 4630 3502 4700 Pippinum
3528 4644 3725 4693 regem,

2211 4722 2298 4772 per
2330 4703 2379 4756 11
2387 4704 2665 4755 aribertum
2705 4702 2934 4754 abbatem
2959 4711 3005 4755 et
3032 4702 3294 4754 Dodonem
3324 4710 3560 4772 tantum
3585 4700 3729 4765 dire-

2207 4771 2321 4836 erce,
2353 4776 2405 4823 in
2442 4789 2541 4839 qua
2574 4774 2896 4824 continentur
2937 4773 3207 4823 nterrimtr
3252 4771 3653 4839 benedictionm,
3678 4776 3727 4839 et

2204 4837 2489 4917 gratiarum
2535 4844 2753 4917 laudes,
2808 4844 2869 4892 de
2922 4842 3070 4906 ﬁrmo
3120 4850 3272 4905 atque
3318 4837 3726 4917 iitrotuntutabit’

2206 4908 2589 4983 pollicitationis
2619 4915 2790 4973 verbo,
2822 4920 3080 4983 (tritagna
3110 4909 3485 4978 perseverantia
3512 4908 3569 4959 in
3602 4923 3723 4975 ρντο

2206 4978 2438 5053 )‘iciendis
2468 4983 2633 5033 causis
2661 4980 2974 5047 apostolicis.
3732 4978 3743 4987 ·

2207 5078 2230 5114 ιι
2275 5076 2479 5129 Domno
2526 5072 2980 5127 excellentissimo
3034 5071 3144 5125 filio
3174 5078 3230 5125 et
3266 5081 3452 5123 nostro
3490 5066 3727 5139 spiritali

2209 5221 2229 5254 tt
2256 5200 2534 5268 Lambcc.,
2561 5211 2816 5270 pra’latos.

2207 5278 2233 5315 ιι
2268 5277 2431 5337 Idem,
2463 5287 2513 5326 ut
2544 5278 2689 5327 solita
2717 5276 2902 5327 nostris
2944 5274 3269 5343 petitionibus
3318 5290 3379 5326 ea
3422 5276 3539 5343 ipsa
3581 5273 3729 5331 nobis

2133 5347 2333 5403 restitui
2374 5345 2747 5414 disponendum
2783 5347 3164 5397 accommodare
3180 5346 3429 5413 jubentis,
3456 5353 3514 5397 ut
3553 5356 3730 5402 usus

2136 5420 2311 5482 solita,
2342 5426 2445 5469 etc.

2217 5490 2227 5524 ί
2270 5487 2437 5547 ldetn,
2467 5485 2649 5537 etenim
2681 5499 2759 5537 ea.
3148 5541 3157 5548 ὓ

2214 5560 2224 5606 ἑ
2271 5556 2334 5607 Et
2357 5569 2577 5619 praesens
2617 5554 2897 5618 temporale
2924 5570 3136 5622 regnum
3158 5553 3210 5605 in
3235 5555 3389 5622 longo
3413 5556 3588 5610 lenio.

2212 5630 2229 5661 ιι
2268 5626 2471 5688 Grets.,
2506 5624 2712 5677 Summ.
2748 5624 2818 5677 ‘23
2843 5662 2856 5687 ,
2891 5624 3024 5693 apud
3052 5623 3173 5679 bar.
3205 5634 3258 5678 et
3281 5622 3589 5681 (ienuit-ill.
3648 5644 3661 5649 ‘
