3908 6368
271 308 418 366 SHE

1720 298 2096 353 El’lSTOLAS.

3391 300 3527 358 1186

270 417 542 485 compatri
576 415 794 483 Pippino
823 414 929 481 regi
963 412 1286 466 Francorum
1318 421 1366 465 et
1400 412 1621 477 patricio
1654 411 1851 463 Roma-
1880 414 1926 467 Α
1955 424 2144 468 vestra:
2176 416 2424 482 potentiae
2453 430 2705 468 enarrare
2736 414 2985 468 debeant.
3013 416 3116 468 Sed
3147 424 3199 468 et
3231 424 3529 481 prmseates

266 527 473 566 norunt
506 507 697 562 Paulus
720 522 784 575 pa
793 521 873 572 pa.
1702 565 1705 568 ⁴

359 588 587 668 Explere
618 596 789 650 verbis
821 611 1024 659 nequeo
1052 636 1066 657 ,
1099 606 1152 649 et
1182 597 1393 662 penitus
1423 608 1729 647 sermonum
1760 606 1855 646 ro-

272 693 369 758 pia
420 702 747 758 nequaquam
796 684 1076 751 complecti
1120 687 1289 748 valeo,
1320 682 1766 737 ercellentissime
1804 690 1859 735 et

271 795 466 834 revera
519 793 626 846 prae
674 776 877 829 cunctis
926 764 1139 841 regibus
1192 773 1647 828 Christianissime
1696 780 1857 839 atque

270 869 586 925 orthodoxe
614 882 813 937 regum,
842 877 1095 933 quantum
1125 868 1313 919 vestris
1335 864 1539 919 meritis
1564 872 1724 929 atque
1757 861 1860 929 piis

267 961 653 1030 operationum
701 956 893 1011 studiis
946 958 1128 1009 intima
1181 956 1358 1009 cordis
1415 958 1580 1008 nostri
1645 950 1860 1005 alfemio

272 1052 707 1121 eongratulatur;
737 1046 861 1100 dum
892 1046 1129 1116 profecto
1164 1055 1342 1100 vestro
1384 1044 1695 1098 certaminis
1724 1057 1861 1109 υττε-

272 1122 468 1205 eiilio,
515 1147 573 1193 et
616 1137 879 1192 laborioso
930 1137 1234 1199 conamine,
1266 1143 1448 1188 sancta
1498 1134 1759 1187 catholica
1805 1138 1860 1182 et

272 1231 581 1300 apostolica
640 1229 946 1283 universalis
1006 1235 1177 1280 mater
1238 1234 1411 1279 vestra
1465 1224 1718 1293 spiritalis
1768 1219 1857 1273 Dei

276 1321 553 1386 Ecclesia,
587 1330 740 1388 atque
784 1317 1083 1371 orthodoxa
1137 1314 1561 1369 Christianorum
1610 1311 1760 1374 fides,
1794 1309 1862 1361 ab

271 1413 603 1468 aemulorum
632 1410 1113 1479 impugnationibus
1139 1414 1337 1474 erepta;
1360 1405 1682 1465 consistunt,
1711 1410 1766 1455 et
1794 1412 1859 1453 ex

274 1506 387 1559 hoc
415 1504 777 1560 indeSinenter
800 1504 867 1557 ab
895 1504 1037 1555 omni
1072 1500 1269 1569 populo
1288 1495 1592 1551 Christiano
1618 1493 1857 1545 Redem-

277 1596 426 1661 ptori
456 1595 640 1650 nostra
667 1595 893 1648 Domino
922 1594 1056 1656 Deo,
1093 1594 1162 1644 ob
1209 1576 1414 1663 tantum
1446 1596 1678 1640 vestrum
1707 1584 1861 1636 adhi-

275 1686 455 1739 bitum
474 1684 711 1741 beneficii
735 1680 1141 1746 adminiculum,
1159 1681 1466 1734 referuntur
1488 1675 1691 1730 laudes.
1713 1673 1865 1729 Unde

1950 509 2169 559 nostras
2193 506 2382 559 missos
2407 546 2420 567 ,
2454 507 2503 558 id
2532 516 2612 558 est
2641 506 2900 559 Joannem
2931 501 3312 557 subdiaconuxn
3345 513 3397 557 et
3423 505 3491 556 ab
3510 531 3523 543 -

1958 596 2157 660 batetn,
2197 604 2353 664 atque
2404 597 2616 650 Petrum
2651 596 2876 664 primum
2924 593 3257 647 defensorem
3297 609 3415 648 cum
3446 596 3526 646 eis

1962 688 2155 753 pariter
2184 690 2250 740 ad
2280 698 2451 741 vestra
2503 688 2695 756 regalia
2726 688 3017 753 direximus
3061 684 3279 752 vestigia
3314 684 3361 750 δ,
3395 698 3530 750 quos

1961 778 2189 847 petimus
2228 776 2454 842 benigne
2498 779 2650 830 solite
2679 793 2706 827 a
2742 777 2891 831 vobis
2919 775 3115 844 suscipi
3144 816 3159 835 ,
3187 785 3242 829 et
3269 775 3527 843 quidquid

1964 872 2115 925 vobis
2168 887 2236 925 ex
2288 880 2467 925 nostra
2523 871 2896 924 informatione
2927 870 3339 935 enarraverint,
3370 868 3447 919 eis
3480 868 3532 917 in

1963 962 2209 1018 Omnibus
2247 972 2268 1000 ε
2320 960 2541 1014 credere
2593 959 2867 1029 jnbeatis,
2914 970 2971 1013 ut
3018 963 3260 1027 perfecta.
3293 958 3538 1014 liheratio

1964 1062 2122 1120 atque
2148 1051 2399 1105 exaltatio
2426 1060 2624 1104 sanctae
2673 1049 2764 1104 Dei
2797 1050 3069 1115 Ecclesiae,
3102 1060 3156 1104 et
3186 1048 3307 1103 fidei
3339 1050 3521 1103 ortho-

1930 1143 2116 1203 doxa:
2147 1141 2405 1209 proficiat.
2440 1152 2496 1195 et
2536 1140 2728 1193 merito
2766 1139 3057 1207 repositam
3105 1140 3253 1193 vobis
3296 1140 3347 1193 in
3394 1138 3532 1193 cmlo

1963 1230 2362 1298 consequamini
2394 1230 2657 1285 nterccdis
2686 1243 2960 1282 coronam.

2038 1322 2175 1375 Deus
2201 1328 2377 1376 autem
2409 1322 2771 1387 omnipotens,
2805 1320 2892 1386 qni
2922 1319 2975 1371 in
3004 1318 3233 1372 excelsis
3262 1318 3455 1372 habitat
3480 1329 3536 1371 et

1966 1410 2181 1463 humilia
2215 1410 2447 1479 respicit,
2473 1410 2560 1479 qui
2586 1411 2762 1478 palmo
2790 1411 3104 1463 universum
3133 1410 3383 1461 mundum
3408 1424 3534 1462 con-

1964 1501 2151 1566 cludit,
2182 1501 2233 1553 in
2261 1500 2415 1569 cujus
2446 1516 2603 1554 manu
2647 1502 2825 1554 omnia
2873 1514 3162 1567 regnorum
3200 1501 3317 1567 jura
3362 1502 3541 1554 consi—

1967 1601 2138 1657 stunt,
2164 1605 2259 1644 sua
2286 1605 2382 1642 vos
2405 1601 2643 1658 protegat
2668 1591 2930 1658 gratia,et
2953 1605 2983 1643 e
3010 1591 3151 1645 caelo
3172 1592 3318 1643 vobis
3347 1591 3540 1643 tribuat

1969 1678 2254 1742 victorias,
2299 1678 2587 1745 subjiciens
2644 1690 2821 1731 vestro
2871 1679 3029 1746 regali
3085 1679 3305 1732 culmini
3355 1693 3540 1732 omnes

276 1776 513 1840 merito,
558 1775 1008 1831 Christianissime
1056 1774 1127 1826 fili
1173 1782 1227 1825 ct
1270 1771 1521 1838 spiritalis
1564 1775 1858 1834 compater,
1898 1747 1942 1805 Β
1968 1768 2314 1823 adversantes
2347 1770 2609 1829 nationes,
2645 1770 2879 1835 mvisquc
2919 1784 2980 1823 ac
3026 1771 3290 1836 prosperis
3335 1781 3540 1840 tempo-

278 1881 411 1921 cum
456 1867 670 1938 egregio
698 1867 790 1921 illo
819 1877 977 1933 atque
1009 1864 1279 1933 praecipuo
1310 1861 1473 1915 David
1506 1874 1631 1929 rege
1659 1868 1712 1912 et
1743 1857 1860 1911 exi-
1900 1882 1911 1892 ο

276 1958 399 2014 mlo
429 1951 842 2030 prophetarum,-
872 1958 926 2011 in
971 1955 1279 2045 coelestibus
1332 1953 1509 2022 regnis
1552 1951 1860 2020 participem

277 2059 339 2106 te
386 2064 510 2105 esse
559 2052 792 2104 omnium
848 2048 1081 2102 ﬁdelium
1139 2040 1345 2101 meptes
1390 2040 1876 2112 Opinantur,quia

276 2140 426 2195 sicut
466 2143 725 2195 honorum
774 2138 953 2193 infulis
976 2180 989 2201 ,
1014 2138 1087 2190 ita
1120 2152 1331 2205 quoque
1361 2141 1415 2186 cl.
1458 2131 1709 2200 operibus
1739 2145 1859 2184 eum

277 2243 569 2297 coaequare
596 2229 963 2281 Christianitas
995 2236 1103 2290 tua,
1135 2235 1192 2277 ut
1221 2228 1333 2291 ipsa
1365 2223 1441 2276 rei
1484 2220 1725 2288 Operatio
1766 2221 1862 2272 de-

283 2327 577 2382 monstrat,
601 2312 946 2386 dignoscitur.
971 2316 1065 2368 llle
1084 2310 1226 2368 enim
1252 2319 1431 2376 erepta
1464 2314 1530 2362 ab
1561 2308 1863 2377 Allophylis

282 2422 414 2462 arca
448 2406 676 2469 Domini,
700 2420 818 2460 cum
846 2405 1063 2476 hymnis
1093 2411 1148 2457 et
1178 2402 1401 2456 canticis
1431 2399 1783 2467 spiritalibus,
1806 2413 1869 2451 ac

282 2498 526 2569 psalterii
553 2497 912 2551 modulatione
962 2494 1279 2559 exsultans,
1324 2480 1733 2559 jocundabatur.
1786 2487 1865 2540 Tn

284 2605 504 2660 quoque
546 2589 942 2642 fundamentum
980 2596 1036 2641 et
1085 2591 1241 2652 caput
1269 2582 1508 2635 omnium
1537 2580 1863 2633 Christiano-

288 2698 453 2748 rum,
502 2690 737 2737 sanctam
800 2678 1091 2732 Romanam
1151 2675 1421 2741 redimens
1470 2672 1764 2727 Ecclesiam
1814 2680 1869 2723 et

285 2773 598 2827 universum
628 2770 676 2825 ei
706 2772 1070 2837 subiacentem
1114 2767 1392 2834 populum,
1423 2763 1663 2833 gaudens
1706 2771 1867 2829 atque

285 2864 446 2935 laetus
469 2861 818 2927 omnipotenti
839 2860 1061 2914 Domino
1086 2861 1195 2911 Deo
1218 2858 1404 2909 nostro
1426 2856 1622 2908 offerre
1644 2851 1860 2922 satagis,

288 2952 446 3022 cujus
475 2962 580 3007 tam
610 2951 683 3020 pii
713 2951 891 3018 operis
920 2949 1302 3017 perfectionem
1335 2946 1593 3001 adhibere
1621 2939 1863 3014 bénigni-
1904 2989 1907 2992 .

287 3056 376 3101 tas
402 3044 759 3109 tua‘anbelat,
788 3044 855 3096 de
884 3057 989 3109 quo
1016 3039 1125 3109 jam
1165 3039 1451 3106 repositam
1493 3037 1593 3092 sibi
1626 3037 1677 3090 in
1705 3035 1867 3090 cmic-

284 3137 462 3193 stibus
484 3126 695 3190 arcibus
731 3135 1067 3204 praemiorum
1100 3130 1283 3186 credat
1323 3127 1577 3199 consequi
1617 3142 1869 3183 remune—

288 3228 578 3282 rationem.
1642 3228 1643 3231 ‘

362 3316 718 3384 Properantes
760 3314 1019 3382 siquidem
1052 3312 1116 3366 ad
1145 3328 1239 3366 vos
1288 3320 1581 3380 prmsentcs
1626 3311 1869 3365 solertis-

283 3406 410 3461 simi
440 3405 560 3473 viri,
596 3405 905 3459 Haribertus
932 3404 1135 3458 scilicet
1162 3404 1330 3457 abbas
1360 3446 1373 3468 ,
1408 3412 1462 3456 et
1491 3401 1640 3456 Dodo
1666 3414 1866 3469 comes,

281 3498 626 3553 excellentia:
647 3505 836 3551 vestrae
864 3493 1164 3550 fidelissimi
1192 3493 1370 3559 missi,
1393 3490 1694 3548 detulerunt
1716 3491 1869 3546 nobis

289 3588 582 3643 mellifluas
620 3596 675 3641 et
718 3587 876 3641 nimis
924 3570 1305 3640 desiderabiles
1348 3584 1579 3654 syllabas
1624 3600 1653 3637 a
1693 3591 1866 3638 vestra

287 3678 546 3747 pmlam
590 3677 985 3732 Christianitate
1032 3676 1280 3731 directas.
1326 3674 1379 3729 ln
1424 3676 1615 3745 quibus
1643 3673 1871 3729 sollicite

288 3783 393 3825 uos
416 3768 484 3824 de
507 3781 685 3823 vestro
706 3770 861 3841 tirmo
883 3775 1044 3836 atque
1082 3766 1494 3837 incommutabili
1526 3764 1867 3830 pollicitatio-

285 3861 379 3917 nis
404 3859 592 3923 verbo,
619 3868 671 3913 et
685 3874 897 3927 magnae
926 3859 1338 3927 perseverantia:
1364 3846 1684 3919 constantia,
1708 3869 1867 3923 quam

285 3951 345 4007 in
393 3949 705 4019 apostolicis
754 3950 1088 4017 perficiendis
1134 3946 1311 4001 causis
1360 3960 1544 4013 gerere
1591 3946 1865 4009 videmini,

286 4054 469 4097 certos
498 4041 722 4095 reddere
750 4039 1045 4094 studuisiis.
1092 4039 1244 4107 Quod
1275 4039 1487 4108 quidem
1520 4053 1615 4094 nos
1648 4037 1782 4091 firmi
1814 4046 1868 4090 et

287 4134 513 4186 omnino
540 4130 665 4186 freti
696 4134 746 4187 in
777 4142 956 4186 vestro
999 4133 1229 4200 benigno
1280 4129 1559 4199 proposito
1594 4128 1868 4185 existima-

286 4237 431 4285 mus,
461 4222 567 4276 line
616 4231 769 4276 tenus
819 4237 912 4276 vos
956 4235 1355 4289 permansuros,
1389 4230 1548 4289 atque
1579 4219 1867 4287 perfectius

284 4320 628 4380 Operaturos,
651 4312 701 4365 id
730 4326 941 4380 quoque
963 4310 1117 4364 beato
1141 4310 1302 4365 Petro
1328 4310 1694 4378 apostolorum
1724 4309 1867 4376 priu-

283 4399 427 4467 cipi,
458 4410 512 4455 et
556 4400 932 4469 praedecessori
988 4399 1204 4452 domino
1258 4408 1315 4452 et
1364 4413 1618 4468 germano
1677 4406 1860 4450 nostro
1892 4426 1941 4482 υ

283 4491 599 4549 beatissimo
627 4492 903 4560 Stephano
933 4504 1082 4560 papa:
1104 4530 1119 4554 ,
1144 4488 1365 4559 polliciti
1397 4489 1542 4543 estis.

358 4584 565 4638 interea
588 4582 851 4636 ferebatur
871 4590 925 4636 et
947 4583 1046 4634 hoc
1069 4582 1120 4634 in
1143 4580 1346 4634 eisdem
1370 4581 1563 4633 vestris
1591 4578 1858 4646 apicibus,

283 4677 411 4745 quia
442 4675 493 4728 id
524 4673 661 4743 quod
690 4679 744 4726 et
773 4682 1062 4740 praesentes
1106 4671 1174 4726 de
1204 4681 1351 4739 parte
1382 4682 1560 4725 vestra
1595 4671 1730 4725 velle
1762 4670 1859 4723 ha-

287 4762 484 4818 buistis
527 4776 624 4817 nos
671 4761 870 4817 debere
909 4762 1156 4829 cognosci
1189 4776 1252 4814 ex
1285 4761 1496 4829 scriptis
1528 4775 1859 4828 nequaquam

290 4853 570 4925 propalare
598 4851 855 4905 maluistis
877 4891 891 4915 ,
921 4852 1013 4904 sed
1062 4850 1363 4903 informatis
1392 4851 1458 4903 de
1487 4850 1709 4919 singulis
1738 4864 1860 4901 can-

292 4956 471 4997 sarum
511 4941 713 4995 meritis
756 4940 986 5008 praefatis
1031 4943 1221 4994 vestris
1269 4940 1464 5002 miSsis,
1506 4956 1625 5007 qua!
1669 4941 1860 4993 nostris

285 5034 550 5096 gleberent
572 5043 605 5091 ρ
638 5034 971 5087 innotescere
1001 5031 1237 5095 auribus,
1270 5039 1324 5083 et
1346 5030 1414 5082 ita
1440 5030 1593 5098 juxta
1627 5042 1683 5085 nt
1704 5046 1732 5084 a
1770 5046 1861 5083 vo-

290 5122 375 5175 bis
420 5130 683 5188 praecepta
728 5132 871 5185 sunt,
918 5129 1179 5190 egerunt,
1212 5121 1349 5188 quod
1397 5122 1612 5189 quidem
1664 5137 1756 5176 nos
1796 5123 1861 5176 de

289 5211 519 5279 singulis
546 5226 664 5279 qua:
693 5212 848 5265 nobis
874 5210 1015 5264 allati
1043 5219 1168 5264 sunt
1198 5209 1451 5278 liquidius
1476 5226 1570 5265 eos
1602 5211 1860 5265 informa-

288 5303 493 5369 vimus,
521 5305 750 5374 qualiter
779 5316 1014 5360 nostram
1042 5307 1201 5360 vitam
1224 5321 1251 5358 a
1280 5307 1389 5360 Deo
1415 5306 1669 5362 institutae
1697 5308 1858 5376 regali

360 5422 387 5487 ξ
420 5414 629 5487 Ιέαπὼη
660 5415 954 5483 pra’lntis...
984 5435 1097 5487 qua?
1139 5419 1320 5471 nostris
1346 5420 1541 5487 debent,
1572 5431 1671 5475 ctc.

361 5483 387 5522 δ
416 5482 673 5555 Fastigt’a.

363 5565 385 5591 π
414 5553 624 5623 ωιτη,
654 5558 858 5609 credere
886 5560 1096 5620 iubeatis
1128 5574 1145 5610 :
1178 5568 1224 5609 et
1266 5560 1336 5610 im
1366 5563 1427 5611 dc
1466 5564 1633 5613 causis
1674 5573 1860 5614 smn'tn'

290 5623 388 5678 Ι)εὲ
414 5623 674 5691 Ecclesiw,
705 5628 834 5678 sicut
865 5644 1094 5696 umquam
1137 5638 1245 5694 post
1281 5628 1437 5679 [lenm
1464 5633 1513 5681 in
1546 5636 1675 5684 totus
1707 5633 1858 5689 habt"

287 5712 401 5753 tunc
429 5695 683 5758 ﬁduciam,
710 5697 978 5758 disponere
1003 5700 1166 5760 iubmt
1189 5713 1243 5759 s;
1272 5708 1344 5762 nt,
1374 5709 1471 5752 εις,

1969 1858 2117 1928 ribus
2139 1858 2285 1926 regni
2318 1857 2673 1924 gubernacula
2706 1857 2867 1910 faciat
2912 1857 3184 1924 possidere
3208 1852 3333 1911 cum
3357 1860 3536 1912 excel-

1926 1974 1929 1977 ν
1968 1951 2263 2004 lentissima
2294 1950 2397 2003 filia
2443 1962 2498 2003 et
2542 1960 2719 2003 nostra
2773 1950 2997 2016 Spiritali
3046 1960 3356 2015 et-mmatre,
3391 1951 3542 2004 beni-

1964 2029 2217 2110 gnissima
2269 2041 2484 2109 regina,
2518 2042 2825 2095 dulcissima
2876 2048 3052 2094 vestra
3102 2041 3349 2111 conjuge,
3381 2049 3542 2111 atque

1965 2134 2347 2187 amantissimis
2379 2135 2515 2187 natis
2544 2134 2737 2187 Carolo
2757 2143 2811 2187 et
2834 2132 3249 2197 Carolomanno,
3272 2134 3541 2188 excellen-

1969 2226 2187 2277 tissimis
2213 2225 2446 2293 regibus,
2477 2233 2529 2279 et
2551 2225 2881 2279 nobilissima
2913 2236 3071 2294 atque
3093 2222 3537 2279 excellentissima

1971 2316 2110 2368 Gisia
2161 2327 2340 2370 nostra
2389 2319 2611 2382 spiritali
2666 2319 2888 2373 filiazet
2933 2319 3093 2373 vitam
3142 2329 3395 2374 mternam
3445 2332 3539 2384 per

1971 2406 2364 2477 inlinita'vobis
2397 2409 2596 2460 tribuat
2644 2408 3037 2473 possidendam.
3088 2410 3406 2463 Incolumem
3445 2422 3541 2462 ex-

1972 2497 2270 2551 cellentiam
2299 2511 2529 2553 vestram
2560 2497 2726 2568 gratia
2762 2494 2990 2567 superna
3011 2499 3290 2553 custodiat.

2527 2590 2855 2646 EPISTULA
2901 2590 2983 2644 Vl.

1971 2678 2099 2731 Item
2141 2684 2398 2746 exemplar
2441 2682 2669 2750 epistola:
2711 2684 2937 2750 ejusdem
2987 2698 3136 2748 papa:
3179 2682 3249 2733 ad
3297 2680 3541 2733 domuum

2048 2752 2322 2821 (’ippiuum
2359 2767 2525 2803 recent
2573 2769 2663 2819 per
2709 2751 3015 2806 Wilharium
3061 2752 3352 2821 episcopum
3390 2760 3542 2818 atque

2043 2819 2303 2873 Dodonem
2326 2830 2373 2873 et
2401 2821 2737 2875 Wichardum
2759 2825 2982 2886 directae,
3007 2823 3059 2874 in
3080 2838 3182 2889 qua
3219 2819 3539 2873 eontineulur

2038 2891 2316 2963 gratia-rum
2360 2894 2604 2956 actiones,
2631 2893 2858 2963 ejusdem
2889 2909 3034 2958 papa
3073 2892 3191 2956 fidei
3235 2890 3540 2963 constantia,

2040 2971 2092 3012 ut
2119 2960 2287 3012 nul/ns
2304 2963 2448 3028 favor
2477 2972 2562 3015 aut
2586 2959 2744 3014 terror
2772 2963 2832 3015 ab
2854 2964 2963 3031 ejus
2990 2978 3160 3015 amore
3180 2971 3269 3013 aut
3293 2959 3543 3013 charitate

2046 3032 2150 3082 ulla
2182 3035 2329 3083 modo
2353 3033 2507 3100 possit
2535 3048 2791 3102 separare.

2048 3120 2073 3157 ι¹
2118 3122 2319 3174 Domno
2360 3124 2808 3177 excellentissimo
2847 3126 2977 3183 lilio.
3010 3135 3059 3177 et
3093 3133 3274 3177 nostro
3317 3119 3541 3190 spiritali

1976 3202 2237 3279 co'tnpatri
2268 3211 2493 3279 Pippino
2538 3214 2645 3280 regi
2693 3212 3018 3266 Francorum
3063 3223 3118 3267 et
3175 3210 3393 3279 patricio
3434 3208 3543 3262 lio-

1976 3317 2278 3366 manorum,
2309 3301 2502 3356 Paulus
2536 3318 2689 3370 papa.

2043 3392 2120 3445 Ad
2174 3391 2479 3446 referendas
2522 3394 2813 3462 gratiarum
2878 3395 3114 3448 actiones
3169 3392 3437 3460 prazclarte
3477 3404 3540 3445 ac

1973 3485 2366 3554 benignissima:
2410 3485 2750 3539 excellentia:
2799 3493 2990 3538 vestra:
3018 3484 3087 3537 ob
3125 3494 3267 3539 tanta
3302 3481 3541 3535 beneficii

1975 3576 2215 3642 praesidia
2242 3584 2442 3658 sancite
2475 3575 2566 3629 Dei
2600 3575 2851 3630 Ecclesia:
2877 3618 2892 3641 ,
2927 3585 2982 3631 et
3012 3575 3212 3644 p0pulo
3244 3575 3482 3629 liomano
3513 3586 3542 3626 a

1974 3666 2124 3719 vobis
2171 3668 2422 3735 irrogata,
2469 3667 2664 3731 nullus,
2694 3676 2751 3720 ut
2799 3668 3016 3736 opinor,
3069 3667 3333 3720 humanus
3363 3678 3542 3719 sermo

1973 3755 2218 3811 sufficere
2246 3757 2464 3811 valebit.
2493 3756 2672 3827 Neque
2702 3758 2917 3826 praemia
2946 3756 3102 3826 hujus
3132 3755 3318 3809 mundi
3349 3754 3414 3807 ad
3447 3753 3543 3806 ho-

1972 3864 2089 3901 rum
2136 3850 2618 3904 remunerationem
2646 3845 2991 3919 digna'vobis.
3030 3860 3251 3917 possunt
3298 3846 3542 3917 rependi.

1971 3939 2346 3993 Verumtamen
2369 3949 2452 3994 est
2481 3957 2637 4007 illitis,
2679 3943 2823 3995 solus
2848 3951 2901 3994 et
2931 3955 3096 3995 verus.
3128 3942 3178 3993 in
3217 3939 3383 3993 tribus
3412 3938 3543 3992 sub-

1969 4033 2181 4086 stantiis
2210 4041 2232 4069 °
2259 4032 2556 4086 consistens
2591 4033 2765 4099 Deus,
2795 4034 2882 4101 qui
2929 4033 3068 4101 jnsta
3118 4031 3266 4098 regni
3304 4028 3323 4068 τ
3353 4030 3541 4098 gaudia

1968 4132 2020 4176 et
2052 4122 2285 4177 victoria:
2332 4125 2652 4187 triumphum
2696 4124 2969 4190 impertire
3012 4137 3073 4175 ac
3119 4122 3415 4176 retribuere
3450 4135 3543 4175 ex-

1968 4215 2227 4268 cellentia:
2276 4209 2465 4269 vestra:
2493 4209 2704 4282 potest.
2766 4215 2968 4269 Interea
3021 4213 3424 4284 properantibus
3465 4213 3532 4266 ad

1970 4324 2087 4375 nos,
2136 4308 2427 4362 Wilchario
2482 4309 2726 4375 scilicet,
2777 4307 3227 4366 reverendissimo
3277 4306 3438 4363 fratre
3487 4317 3544 4358 et

1968 4403 2315 4471 coepiscopo,
2346 4412 2503 4468 atque
2528 4402 2765 4466 Dodone,
2798 4399 3106 4454 Witchardo
3132 4409 3182 4464 ε,
3214 4397 3542 4453 fidelissimis

1971 4493 2160 4547 vestris
2188 4493 2384 4557 missis,
2414 4492 2717 4545 obtulerunt
2752 4491 2904 4544 nobis
2926 4490 3209 4545 melliﬂuas
3230 4490 3295 4543 ad
3326 4488 3529 4544 deside-

1968 4586 2299 4639 rantissimos
2340 4584 2536 4651 apices,
2569 4601 2595 4636 a
2632 4592 2805 4637 vestra
2845 4583 3141 4637 destinatos
3188 4580 3537 4636 Christianis-

1966 4678 2097 4739 sima
2140 4677 2474 4731 excellentia.
2525 4677 2670 4741 Quos
2724 4676 3025 4751 intuentes,
3078 4675 3315 4739 protinus
3360 4674 3537 4742 agnita

1969 4769 2314 4837 prosperitate
2338 4777 2526 4820 vestra:
2552 4767 2747 4819 laetitia:
2769 4764 2927 4819 solito
2948 4764 3317 4820 exsultationis
3344 4763 3537 4834 gaudio

1964 4862 2170 4913 interna
2207 4860 2434 4928 pectoris
2466 4858 2631 4912 nostri
2665 4859 2865 4911 viscera
2905 4858 3352 4919 redundaverunt,
3374 4854 3535 4908 Crea-

1968 4956 2132 4999 torem
2164 4956 2405 4999 nostrutn
2458 4961 2519 5000 ac
2572 4946 2981 5014 Redemptorcm
3035 4946 3313 4997 Dominum
3372 4943 3535 4996 Deum

1966 5039 2231 5092 continuis
2263 5040 2506 5105 precibus
2538 5039 2880 5106 implorantes
2917 5048 2972 5089 ut
3019 5038 3107 5089 ditt
3131 5051 3235 5089 ‘nos
3262 5050 3322 5088 ac
3348 5036 3535 5089 sedulo

1966 5131 2031 5182 de
2054 5140 2223 5182 vestra
2248 5130 2488 5198 amplieti
2515 5129 2866 5199 jucunditate,
2892 5137 2943 5181 et
2974 5128 3182 5181 coalitus
3200 5128 3265 5181 de
3286 5125 3528 5181 hostibus

1966 5220 2233 5273 concessis
2273 5218 2422 5271 vobis
2467 5214 2701 5271 victoriis
2744 5226 2940 5270 annuat
2985 5216 3260 5286 gratulari.
3313 5219 3378 5269 At
3405 5231 3531 5270 vero

1966 5309 2417 5367 excellentissime
2447 5308 2518 5361 fili
2544 5349 2557 5373 ,
2590 5318 2641 5362 ct
2671 5308 2925 5375 spiritalis
2956 5317 3256 5376 compater,
3288 5322 3379 5375 per
3408 5318 3528 5359 eas-

2038 5418 2060 5452 ιι
2091 5415 2285 5480 Grets.,
2316 5418 2519 5470 Summ.
2545 5416 2636 5481 9|,
2664 5416 2799 5481 apud
2831 5417 2945 5469 liar.
2982 5427 3035 5470 et
3063 5414 3356 5471 Centuriat.

2043 5502 2062 5517 "
2094 5488 2255 5548 Idem,
2302 5490 2552 5549 personis.
2820 5548 2821 5551 η

2045 5559 2059 5594 ί
2096 5557 2361 5616 L:ttnbcc.,
2396 5559 2489 5609 cur!
2520 5560 2609 5609 stis
2648 5560 2806 5626 regni.

2041 5640 2060 5671 ν
2095 5628 2289 5685 tirets.,
2321 5626 2664 5680 iVuIc/mnlo.

1954 5710 1963 5716 “
2041 5701 2060 5731 θ’
2097 5698 2276 5761 ιτύειο,
2310 5699 2579 5765 nulli/Inus
2602 5715 2683 5764 nr,
2714 5707 2816 5752 etc.
2854 5698 3011 5756 [$011.
