3914 6236
396 273 528 326 1147

1828 254 2024 310 PAULI
2072 255 2270 307 l’Al'xlS
2311 255 2341 335 l7

3489 261 3635 315 H43

394 381 516 435 dem
545 378 880 433 honorabiles
924 388 1124 430 vestras
1152 377 1381 443 syllabas
1413 374 1759 425 certissimam
1802 368 1949 420 nobis
1977 368 2024 422 Δ
2057 366 2193 418 Deus
2225 377 2273 419 lc
2302 367 2617 421 incolumem
2648 368 2907 418 custodiat
2935 408 2948 426 .
3011 368 3461 425 excellentissime
3526 370 3631 426 ﬁli.

397 472 569 527 solita:
602 456 995 537 pollicitationis
1045 468 1283 518 ﬁduciam
1313 464 1644 524 contulistis;
1676 476 1769 512 vos
1800 461 1948 510 lirtna

395 562 784 628 perseverantia
814 562 1174 612 decertaturos
1204 556 1314 607 fore
1340 554 1403 605 ad
1432 552 1798 605 defensionem
1830 564 1952 601 san-

392 663 496 706 ctze
525 650 616 704 Dei
647 649 894 703 Ecclesia:
918 687 931 707 ,
959 656 1012 699 et
1040 644 1268 696 universi
1314 643 1490 718 populi
1523 640 1743 693 llomani
1793 650 1953 705 atque

398 744 560 794 toti'us
594 741 872 808 provincia:
898 780 910 798 ,
939 736 1086 803 juxta
1117 734 1164 785 id
1192 732 1331 800 quod
1374 733 1589 799 polliciti
1621 729 1748 784 estis
1799 730 1957 780 beato

403 830 560 884 Petro
589 839 640 881 et
662 829 776 895 ejus
800 826 1017 889 vicario,
1044 824 1418 889 prmdecessori
1449 832 1658 885 nostro,
1682 820 1879 872 domno
1902 830 1956 870 ct

399 931 648 987 germano
678 929 796 968 meo
840 924 1036 965 sanctrc
1062 910 1439 965 recordationis
1481 908 1755 975 Stephano
1787 922 1956 974 papze,

401 1008 528 1061 etin
560 1006 619 1059 ea
654 1021 746 1058 vos
792 1005 1093 1073 sponsionis
1122 1004 1223 1056 [ide
1252 995 1648 1069 permansuros.
1693 999 1759 1051 Et
1786 997 1958 1063 profe-

399 1105 507 1155 cto,
536 1096 672 1147 bone
692 1092 1153 1155 ‘Cltristiattissitne
1180 1100 1335 1157 atque
1362 1103 1389 1141 a
1428 1088 1536 1141 Deo
1564 1086 1801 1139 institute
1844 1101 1955 1146 rex,
1994 1130 2007 1141 ,

404 1198 588 1251 magna
637 1183 790 1241 nobis
835 1182 885 1233 in
928 1182 1025 1233 hac
1066 1178 1315 1231 credendi
1346 1176 1567 1228 materia
1599 1174 1883 1227 conteritur
1908 1180 1956 1224 ⁸.

402 1271 509 1325 Nec
552 1272 690 1323 enim
731 1270 883 1321 aliter
912 1268 1141 1320 tideliunt
1190 1275 1394 1318 mentes
1433 1266 1698 1317 aistimare
1743 1272 1959 1328 possunt

400 1374 558 1426 quam
590 1357 639 1410 id
683 1358 822 1424 quod
853 1357 1041 1411 crebro
1078 1370 1107 1407 a
1142 1355 1287 1407 vobis
1319 1356 1405 1420 pio
1446 1353 1641 1406 intuittt
1683 1361 1957 1417 apemtum

404 1450 687 1508 cernimus,
715 1454 769 1500 et
799 1446 874 1499 rei
910 1447 1273 1513 experimento
1302 1441 1603 1495 didicimus.

469 1537 573 1590 Sed
606 1538 757 1598 bene,
792 1532 1158 1602 patentissime
1190 1548 1370 1595 regem
1396 1573 1412 1597 ,
1446 1546 1571 1585 ecce
1601 1546 1740 1585 nunc
1765 1546 1959 1597 Oppor-

403 1630 599 1682 tuuitas
628 1670 641 1691 ,
669 1642 795 1681 ecce
842 1627 1172 1681 necessitatis
1225 1625 1339 1677 dies
1390 1610 1622 1691 cogunt,
1653 1634 1704 1675 et
1752 1635 1960 1687 tempus

2604 448 2932 528 cetsrom
2977 476 3079 529 vn.

2060 562 2188 637 Item
2215 562 2724 637 exentplarfjusdem
2754 564 2991 637 partienti
3027 566 3263 637 domuum
3287 582 3462 635 regem
3499 567 3633 637 Pip-

2126 636 2301 699 pinum
2346 648 2432 695 per
2465 629 3117 696 Fluvinumrapcllanum,
3147 629 3466 686 "Joannem
3506 629 3635 688 διίδ-

2128 702 2400 751 ttiuronum
2427 712 2473 751 ct
2498 702 2722 763 abbptcin
2744 712 2897 769 ﬁatque
2943 701 3263 764 Pamphilum
3302 705 3632 769 defensorem

2128 771 2467 838 regionurinm
2492 780 2677 821 sancta:
2710 768 2951 821 Ecclesia:
2980 773 3183 822 directa:
3211 781 3266 821 ετ
3298 774 3350 823 in
3370 768 3474 840 qua
3508 789 3635 827 can-

2132 842 2354 889 tinentur
2385 840 2663 917 gratiarum
2688 840 2941 917 actiones,-
2961 841 3021 890 de
3045 840 3169 917 ipsis
3198 842 3380 917 missis,
3405 843 3633 909 qualiter

2092 924 2231 958 'una
2287 908 2407 958 cum"
2449 908 2615 959 missis
2667 909 3013 972 imperialibus
3070 910 3340 980 honoriﬁce
3401 908 3632 978 suscepti

2130 989 2265 1038 sunt,
2294 986 2396 1029 clc.

2139 1087 2152 1123 ί
2194 1088 2397 1141 Domno
2429 1079 2878 1140 excellentissimo
2910 1089 3015 1141 tilio
3036 1129 3051 1151 ,
3078 1100 3133 1142 et
3175 1099 3353 1145 nostro
3396 1092 3634 1156 spiritali

2061 1177 2312 1242 contpatri
2347 1174 2569 1242 Pippino
2602 1178 2709 1244 regi
2741 1176 3067 1231 Francorum
3092 1187 3147 1231 et
3178 1180 3400 1246 patricio
3438 1180 3624 1232 linum

2062 1279 2271 1327 norum,
2297 1264 2491 1318 Paulus
2519 1281 2673 1332 papa.

2131 1355 2260 1405 Cum
2306 1356 2496 1421 regalis
2547 1358 2791 1421 potentia:
2836 1357 3047 1410 culmen
3079 1358 3195 1424 plus
3250 1358 3363 1413 ﬁdei
3409 1359 3636 1420 virtute,

2063 1458 2217 1509 quam
2276 1444 2587 1496 bellatorum
2620 1446 2779 1498 armis
2809 1445 3047 1499 videatur
3076 1449 3313 1515 przesidio
3340 1460 3391 1501 et
3426 1449 3634 1501 fortitu-

2062 1532 2185 1581 dine
2214 1534 2537 1599 circumtegi,
2569 1534 2689 1611 quid
2734 1536 2945 1599 mirum,
2972 1546 3098 1589 vere
3129 1546 3183 1611 et
3223 1537 3523 1591 otthodoxe
3552 1553 3641 1591 re-

2066 1634 2208 1685 gum,
2239 1619 2283 1670 si
2313 1620 2607 1672 studiorum
2657 1631 2948 1674 vestrorum
2998 1602 3222 1678 conaius
3250 1626 3312 1678 ad
3344 1635 3639 1691 protegen-

402 1717 695 1789 iqgrueplis
738 1718 1050 1785 quantocius
1099 1715 1463 1768 Christiauims
1518 1723 1688 1767 vestra
1736 1723 1958 1782 satagal,
2065 1709 2188 1761 dum
2231 1707 2393 1775 ιι)ίεί
2451 1710 2867 1775 institutionem,
2922 1728 2985 1765 ac
3042 1715 3159 1765 lidei
3214 1714 3640 1767 Christianorum

406 1803 514 1859 Nos
551 1806 746 1874 quippe
797 1814 916 1873 post
962 1806 1126 1859 Deum
1158 1814 1213 1857 et
1251 1802 1365 1871 ejus
1408 1811 1647 1856 sanctam
1678 1802 1962 1869 gloriosam

404 1894 712 1962 genitricem
739 1905 896 1961 atque
918 1893 1306 1946 sacratissimos
1336 1895 1498 1957 ipsius
1518 1892 1805 1957 apostolos.
1836 1891 1967 1943 [idu—
2004 1908 2009 1911 ·

409 1983 545 2037 ciam
593 1993 826 2036 nostram
874 1983 997 2035 alibi
1047 1998 1150 2035 non
1194 1980 1445 2035 habemus
1473 2019 1487 2042 ,
1520 1981 1618 2032 nisi
1652 1980 1704 2031 in
1737 1987 1962 2032 vestram

407 2071 712 2137 praclaram
742 2072 1125 2124 excellentiam.
1169 2072 1246 2123 Tu
1273 2070 1412 2122 enim
1441 2080 1556 2137 post
1595 2071 1784 2135 Deum,
1816 2070 1965 2123 nobis

409 2159 686 2228 refugium,
718 2160 1187 2225 Christianissimc,
1216 2171 1267 2213 tu
1294 2177 1415 2215 cum
1451 2162 1542 2215 Dei
1576 2160 1789 2214 brachio
1818 2163 1963 2216 ﬁrma

396 2248 592 2307 existis
636 2251 933 2318 cpitulatio,
962 2260 1016 2305 et
1062 2251 1223 2304 vestri
1274 2266 1301 2302 a
1349 2251 1457 2304 Deo
1478 2251 1769 2303 'contortati
1824 2252 1968 2315 regni

412 2339 689 2403 securitas,
713 2332 889 2391 nostra
911 2347 990 2392 est
1016 2338 1273 2392 immensa
1294 2339 1470 2391 Ιιηιίιίυ
1502 2355 1515 2389 :
1541 2355 1644 2404 quo
1674 2348 1779 2391 tant
1805 2353 1897 2392 nos
1917 2335 1967 2402 ι’,

413 2443 679 2496 quamque
706 2430 981 2484 universus
1016 2440 1195 2483 noster
1245 2432 1469 2495 populus
1504 2430 1656 2499 istius
1687 2430 1973 2496 provincia:

413 2514 610 2585 (divina
639 2532 733 2570 vos
762 2517 1048 2571 satisfaciat
1076 2519 1349 2585 utajestas)
1383 2520 1705 2585 lirmi’atque
1732 2518 1973 2571 immobi-

416 2608 496 2660 les
523 2608 575 2660 in
608 2618 783 2660 vestra
825 2609 1081 2660 cliaritate
1109 2624 1170 2659 ac
1198 2608 1480 2660 dilectione
1502 2650 1515 2670 ,
1544 2616 1598 2659 et
1627 2608 1768 2672 rcgni
1814 2606 1970 2659 vestri

413 2713 445 2748 a
479 2697 587 2751 Deo
631 2698 852 2762 protecti
900 2698 1245 2762 Francorum,
1277 2699 1477 2751 amoris
1507 2698 1803 2750 constantia
1848 2712 1966 2761 per-

415 2795 690 2842 manentes
731 2790 1175 2853 permanebimns,
1202 2797 1255 2841 et
1300 2789 1475 2841 nullus
1506 2803 1605 2841 nos
1648 2789 1838 2855 poterit
1873 2791 1971 2842 liu-

416 2892 604 2929 manus
632 2880 780 2930 lavor
820 2891 909 2930 aut
939 2891 1109 2934 terror
1138 2891 1158 2918 ε
1186 2896 1216 2933 a
1248 2881 1405 2933 vestri
1438 2868 1634 2932 amoris
1675 2879 1973 2943 dulcedine,

2065 1812 2360 1861 censuram,
2389 1798 2676 1864 impensius
2718 1802 2997 1857 imminere
3049 1819 3153 1869 non
3202 1796 3445 1865 desistat,
3482 1814 3540 1859 et
3569 1808 3643 1856 ob

2068 1888 2168 1941 huc
2210 1900 2263 1939 et
2301 1890 2535 1941 cmlestis
2583 1890 2727 1941 vobis
2774 1891 2992 1943 victoria
3024 1874 3198 1957 datur,
3232 1903 3288 1948 et
3326 1909 3585 1963 prospera
3612 1912 3641 1945 a

2068 1977 2421 2045 lledemptore
2450 1986 2632 2029 nostro
2661 1978 2863 2041 credite
2895 1981 3267 2045 prmcellentiae
3297 1993 3493 2036 vestra:
3523 1982 3645 2034 fore

2070 2068 2339 2135 largitura.
2390 2065 2765 2120 Remeantibus
2790 2067 3050 2135 siquidem
3088 2071 3151 2121 ad
3185 2084 3283 2124 nos
3328 2069 3512 2124 missis
3545 2086 3646 2124 no-

2067 2159 2211 2217 stris,
2242 2170 2375 2223 quos
2397 2156 2458 2207 ad
2490 2164 2715 2208 vestram
2750 2157 3056 2223 praeclaram
3084 2159 3455 2212 excellentiam
3484 2159 3636 2213 dire-

2070 2259 2184 2299 ctus
2208 2247 2506 2306 ltabnimus,
2522 2246 2722 2297 Joanne
2743 2245 2990 2299 videlicet
3010 2232 3333 2300 shbdiacono
3346 2256 3403 2301 et
3422 2250 3653 2313 abbate,

2074 2345 2232 2402 atque
2254 2335 2526 2401 Pamphilo
2549 2334 2827 2387 delensore
2852 2337 3150 2403 regionario
3175 2338 3429 2402 Spiritalis
3452 2339 3645 2391 matris

2076 2436 2261 2480 vestrze
2310 2442 2507 2481 sanctas
2560 2424 2754 2482 nostra:
2810 2429 3236 2492 Ecclesizeutna
3286 2443 3405 2482 cum
3461 2438 3647 2481 vestro

2080 2520 2237 2570 misso
2265 2518 2485 2569 Flavino
2511 2519 2807 2583 capellano,
2840 2520 3128 2569 attulerunt
3157 2519 3308 2571 nobis
3341 2519 3646 2572 honorabi-

2077 2603 2152 2656 les
2180 2614 2231 2655 et
2257 2605 2416 2656 nimis
2444 2605 2819 2656 desiderabiles
2843 2604 3259 2658 Christianitatis
3284 2614 3385 2657 tua:
3410 2607 3639 2669 litteras,

2076 2705 2204 2757 quas
2246 2707 2364 2743 cum
2412 2692 2575 2745 nimio
2617 2692 2961 2760 jucunditatis
2991 2694 3183 2760 gaudio
3208 2696 3560 2762 suscipientes
3582 2712 3647 2747 ac

2079 2783 2395 2848 relegentes,
2427 2784 2665 2850 protinus
2694 2798 2875 2835 earum
2907 2786 3155 2846 assertio,
3186 2796 3438 2851 tanquam
3470 2786 3646 2837 suavi-

2081 2872 2202 2923 tatis
2229 2870 2511 2938 fragrantia
2540 2885 2635 2922 nos
2665 2870 2921 2933 alliciens,
2943 2886 3006 2925 ac
3028 2872 3273 2927 salutaris
3299 2870 3660 2942 providentia:-

416 2967 792 3033 cbaritatisque
818 2966 1008 3019 all'cclu
1049 2982 1327 3034 separare;
1358 2970 1449 3023 sed
1482 2984 1583 3021 una
1612 2968 1763 3022 nobis
1792 2970 1891 3021 erit
1921 2968 1970 3019 in
2004 3006 2050 3065 Ο
2085 2960 2317 3014 fomento
2352 2960 2591 3025 medens,
2624 2960 2771 3013 laetos
2800 2960 2993 3014 cll‘ecit.

420 3052 649 3107 vestrotl
680 3070 860 3109 amore
889 3058 1014 3121 vita,
1047 3070 1109 3110 ac
1138 3072 1301 3110 mors.

490 3138 621 3208 Quia
655 3160 780 3197 vero
827 3146 1127 3198 innotuistis
1157 3147 1222 3198 ob
1267 3148 1365 3197 hoc
1402 3159 1494 3197 vus
1527 3153 1813 3210 pra~setites
1840 3145 1979 3199 dire-

423 3236 567 3288 xisse
594 3235 805 3297 missos,
831 3245 887 3287 ut
932 3249 1219 3302 agnoscere
1249 3250 1342 3301 per
1362 3251 1454 3287 eos
1486 3236 1783 3289 voluissetis
1805 3246 1978 3289 utrum

424 3326 578 3376 nobis
598 3340 625 3375 a
653 3335 799 3390 parte
823 3326 1286 3394 bongobardornm
1310 3326 1556 3392 plenaria:
1579 3326 1734 3379 facta:
1757 3327 1981 3380 fuissent

418 3413 659 3481 jllSllllJ‘,
688 3430 752 3465 an
785 3428 918 3475 non;
956 3415 1050 3481 ipsi
1094 3414 1309 3467 omnino
1338 3428 1512 3467 causa:
1563 3416 1807 3468 meritum
1834 3427 1980 3467 com-

423 3503 557 3569 perti
588 3509 728 3565 sunt,
752 3512 804 3554 et
834 3502 1076 3553 callidam
1109 3503 1390 3555 versutiam
1419 3543 1434 3567 ,
1465 3504 1806 3570 atquegolite
1834 3501 1980 3555 falsi-

425 3589 638 3655 loqnam
664 3590 1071 3661 propositionem
1095 3590 1401 3643 earumdem
1426 3580 1745 3650 vestroruin,
1775 3597 1983 3651 nostro-

428 3695 650 3747 rumque
676 3681 984 3735 :cmulorum
1013 3692 1361 3749 agnoverunt,
1388 3684 1570 3747 eisque
1598 3683 1660 3734 ad
1688 3697 1780 3735 vos
1809 3698 1987 3737 rever-

430 3770 701 3833 tentibus,
765 3770 875 3822 Deo
946 3772 1211 3836 propitio,
1274 3771 1463 3823 chtris
1537 3771 1885 3837 propalabunt
1932 3773 1983 3826 in

430 3858 669 3913 auribus.
703 3857 794 3913 Eis
815 3857 1038 3927 denique
1064 3859 1129 3911 de
1149 3858 1370 3925 singulis
1392 3873 1509 3925 quin
1529 3874 1554 3909 a
1579 3860 1727 3913 vobis
1750 3860 1984 3927 iniuncta

433 3947 745 4009 habuerunt,
776 3946 927 3999 nobis
960 3946 1311 4000 referentibus
1331 3985 1345 4010 ,
1378 3948 1683 4017 singillatim
1714 3948 1782 4001 de
1810 3948 1985 4004 omni-

432 4037 526 4089 bus
572 4051 878 4103 responsum
923 4037 1204 4092 redilentes
1230 4078 1245 4100 ,
1275 4037 1326 4089 iit
1375 4050 1558 4090 eorum
1594 4039 1869 4105 posuimus
1898 4052 1990 4095 ore

431 4142 545 4189 qua:
575 4136 763 4181 vestra:
791 4127 1124 4182 excellentiae
1166 4142 1448 4193 suggerere
1474 4127 1722 4191 debeant,
1748 4129 1989 4185 cll‘ectum

432 4231 492 4268 ex
524 4220 620 4267 hoc
648 4232 677 4267 a
710 4225 880 4268 vestra
907 4216 1126 4277 adipisci
1150 4226 1393 4281 optantes
1421 4217 1754 4273 excellentia.

2151 3070 2346 3133 Porro,
2378 3071 2829 3128 Christianissime
2872 3090 2996 3138 rex,
3041 3075 3408 3131 amantissime
3450 3078 3557 3145 liii,
3596 3094 3658 3135 ec

2084 3160 2335 3229 spiritalis
2362 3173 2657 3229 contpater,
2690 3163 2918 3215 innotuit
2961 3165 3258 3232 benignitas
3295 3177 3469 3219 vestra
3519 3184 3651 3234 qua-

2083 3250 2205 3303 liter
2249 3252 2413 3303 nostri
2464 3265 2527 3304 ac
2573 3251 2913 3318 imperatoris
2957 3254 3101 3306 missi
3148 3270 3176 3306 a
3226 3256 3376 3307 vobis
3421 3258 3661 3325 suscepti

2081 3348 2235 3403 sunt,
2273 3348 2325 3392 et
2354 3339 2802 3406 quemadmodum
2838 3341 2940 3393 illis
2980 3341 3047 3395 de
3087 3343 3327 3417 singulis_
3350 3360 3471 3412 qua:
3514 3360 3653 3412 pras-
3740 3386 3743 3389 ι

2082 3430 2226 3482 claro
2256 3428 2466 3483 culutini
2499 3439 2678 3481 vestro
2716 3426 2862 3482 atrati
2903 3439 3028 3483 sunt
3069 3434 3401 3498 respondere
3441 3436 3652 3489 studui-

2083 3518 2200 3579 stis,
2226 3530 2321 3572 eos
2349 3530 2444 3583 pro
2465 3530 2645 3570 amore
2670 3516 2893 3571 fautoris
2914 3522 3075 3572 vestri
3108 3522 3249 3573 beati
3274 3522 3421 3574 Petri
3450 3539 3658 3592 nequa-

2085 3621 2247 3672 quam
2296 3606 2524 3674 suscipi,
2577 3616 2669 3660 aut
2724 3607 2826 3661 illis
2882 3611 3194 3677 responderi
3250 3615 3659 3680 acquiescantes

2088 3695 2283 3762 absque
2314 3706 2617 3753 nostrorum
2658 3696 2944 3751 missorum
2987 3704 3286 3773 praesentia.
3330 3704 3435 3757 Sed
3467 3708 3655 3773 «ξε-ἰρδὶ
3724 3738 3735 3743 -

2088 3784 2254 3839 nostri
2282 3784 2445 3853 legati
2465 3799 2526 3837 ea
2557 3787 2665 3851 ipsa
2697 3786 2849 3839 nobis
2882 3768 3197 3843 retulerunt.
3233 3790 3381 3855 Unde
3407 3794 3530 3845 licet
3557 3768 3658 3848 nos

2088 3873 2156 3927 ob
2182 3882 2376 3925 tantam
2407 3872 2584 3927 cordis
2614 3874 2770 3927 vestri
2800 3874 3063 3930 sinceram
3090 3877 3450 3943 afﬂuentiam,
3494 3897 3681 3948 quam.

2088 3976 2211 4030 erga
2244 3962 2531 4030 spiritalem
2574 3972 2796 4017 matrem
2827 3974 3054 4019 vestram
3100 3966 3192 4021 Dei
3235 3970 3557 4033 Ecclesiam,
3600 3983 3663 4025 et

2090 4061 2323 4104 nostram
2355 4049 2685 4120 fragilitatem
2715 4054 2913 4107 habere
2940 4056 3223 4121 videmini,
3261 4059 3418 4123 digna
3461 4075 3660 4125 repen-

2089 4140 2215 4194 dere
2243 4142 2495 4194 valentius.
2540 4141 2631 4195 Est
2658 4152 2832 4196 tamen
2879 4155 3146 4210 protector
3187 4155 3366 4199 vester
3398 4148 3661 4201 Dominus

2094 4230 2231 4283 Deus
2276 4238 2473 4293 noster,
2522 4230 2611 4299 qui
2658 4246 2753 4283 vos
2803 4245 3024 4298 regnare
3067 4232 3262 4299 jussit,
3312 4244 3367 4287 et
3414 4250 3657 4291 sanctam

507 4306 641 4355 Deus
669 4312 841 4356 autem
869 4306 1201 4370 omnipotens
1227 4306 1293 4357 de
1325 4306 1518 4357 throno
1560 4322 1671 4359 sua:
1701 4303 1989 4389 maiestatis
2018 4328 2070 4387 Β
2097 4332 2242 4374 suam
2270 4318 2556 4373 Ecclesia."
2578 4319 2643 4371 ad
2670 4318 3052 4372 defundendum
3078 4321 3224 4374 vobis
3246 4326 3533 4392 commisit.
3565 4328 3659 4392 ηυξ

435 4411 593 4459 super
618 4411 731 4460 vos,
764 4410 1085 4463 regnumque
1109 4408 1369 4462 vestrum,
1394 4407 1553 4463 atque
1577 4384 1987 4454 amantissimam

434 4489 709 4554 mnjugem
739 4488 1038 4553 praecelsum
1071 4490 1322 4556 reginam,
1357 4487 1649 4554 spiritalem
1684 4505 1806 4543 vero
1836 4505 1988 4546 com-

434 4586 653 4630 uiatrem
684 4589 933 4640 nostram,
965 4586 1120 4645 atque
1162 4579 1496 4630 dulcissimos
1546 4589 1749 4633 vestros
1780 4582 1988 4647 quidem

435 4668 670 4719 carnales
717 4677 885 4729 natos,
918 4676 1125 4723 nostros
1176 4676 1351 4719 autem
1396 4667 1662 4731 spiritales
1714 4670 1866 4736 ﬁlios,
1898 4688 1993 4725 nec

440 4773 540 4807 non
572 4766 624 4808 et
649 4772 809 4820 super
836 4757 1132 4809 universum
1164 4756 1485 4809 Francorum
1516 4760 1759 4825 populum
1783 4801 1799 4826 ,
1830 4764 1994 4829 respi-

441 4859 559 4897 cere
606 4847 880 4913 dignetur,
915 4855 963 4896 et
1017 4846 1097 4897 sui
1145 4844 1341 4895 brachii
1389 4845 1659 4900 dexteram
1700 4866 1858 4917 super
1902 4868 1992 4905 vos

443 4941 707 5001 extendat,
740 4952 895 5005 atque
944 4941 1185 4995 victorias
1236 4937 1383 4990 vobis
1427 4940 1491 4991 dc
1536 4944 1673 4994 malo
1700 4949 1988 5009 concedat,

444 5043 733 5095 omnesque
773 5029 1099 5081 adversarios
1127 5038 1250 5079 ante
1280 5028 1462 5080 faciem
1507 5040 1735 5084 restrain
1765 5043 1993 5098 proster—

445 5125 557 5178 nat,
598 5126 649 5167 ct
683 5123 992 5181 prmscntetn
1043 5118 1198 5167 vitam
1249 5116 1403 5184 longo
1449 5118 1635 5181 senio,
1665 5129 1720 5173 et
1765 5121 1992 5179 futuram

448 5206 820 5258 beatitudinem
852 5204 995 5255 vobis
1044 5208 1231 5258 tribuat
1274 5208 1568 5272 perenniter
1606 5212 1995 5271 possidendam.

524 5395 543 5419 ι
579 5385 778 5443 tirels.,
808 5384 1068 5450 confertur

519 5453 543 5489 δ
579 5454 846 5515 |.atnbcc.,
878 5456 1115 5515 quoniam
1145 5463 1239 5502 tum
1268 5473 1353 5506 nos

524 5534 537 5551 τ
576 5523 903 5583 lclcttt,,fnrur
933 5534 1077 5583 atque
1104 5533 1277 5573 terror.

525 5588 545 5620 (δ
584 5589 742 5651 idem,
773 5592 903 5644 nobis
937 5596 984 5643 tn
1016 5604 1191 5643 t'esftl‘.

2091 4412 2299 4477 dignam
2337 4410 2667 4476 praemiorum
2704 4408 2754 4461 in
2795 4410 3037 4474 przcseuti
3079 4425 3141 4463 ac
3172 4411 3344 4463 futura
3378 4414 3491 4465 vita
3514 4431 3658 4483 [πε.

2090 4499 2346 4561 cetlentiae
2374 4504 2563 4564 vestrm
2593 4497 2883 4562 rependere
2928 4506 3100 4562 potest
3141 4502 3652 4557 remunerationem.

2162 4590 2344 4657 Itaque
2374 4596 2426 4641 et
2453 4588 2653 4642 litteras
2680 4603 2809 4653 quas
2840 4590 3017 4652 vobis,
3044 4590 3399 4646 simulationis
3429 4608 3494 4647 ac
3528 4596 3655 4649 illu-

2094 4683 2255 4735 sionis
2284 4695 2462 4744 musa,
2496 4681 2591 4749 ipsi
2618 4681 2917 4749 imperiales
2944 4681 3089 4734 missi
3118 4684 3428 4745 attulerunt,
3468 4686 3658 4739 uobis-

2092 4786 2193 4839 que
2224 4788 2251 4823 a
2286 4771 2433 4825 vobis
2460 4770 2689 4825 directas
2719 4774 3090 4839 suscipientes,
3123 4788 3303 4827 earum
3334 4779 3661 4842 agnovimus

2092 4862 2281 4913 seriem
2335 4871 2389 4913 ct
2436 4864 2649 4915 omnino
2698 4862 2747 4915 in
2796 4864 2894 4915 hoc
2941 4864 3279 4931 benignitatis
3330 4876 3520 4918 vestra:
3570 4869 3665 4933 pia

2095 4951 2448 5003 consideratio
2468 4952 2832 5006 exsultationis
2854 4955 3091 5007 lanitium
3122 4946 3273 5006 nobis
3301 4954 3504 5019 intulit,
3531 4959 3661 5023 quia

2097 5055 2218 5094 vere
2244 5048 2455 5094 constat
2480 5056 2583 5095 non
2613 5060 2707 5109 pro
2736 5044 2960 5097 humano
2988 5045 3189 5109 favore,
3219 5045 3310 5097 sed
3341 5061 3436 5111 pro
3472 5046 3563 5100 Dei
3595 5048 3667 5101 ti-

2097 5144 2260 5193 more,
2295 5130 2365 5182 ita
2396 5145 2487 5181 vos
2520 5134 2804 5200 peregisse.
2825 5132 2927 5186 Sed
2955 5144 3009 5185 et
3033 5147 3091 5185 ca
3116 5114 3230 5197 quae
3257 5133 3460 5200 praefati
3488 5137 3667 5191 nostri

2097 5218 2241 5271 missi
2271 5235 2388 5271 cum
2422 5219 2783 5288 imperialibus
2826 5220 2999 5273 missis
3030 5220 3097 5272 de
3126 5220 3503 5277 observatione
3528 5221 3664 5281 ﬁdei
3702 5270 3705 5273 Α

2168 5402 2190 5426 ⁸
2224 5392 2491 5452 l.:ttultcc.,
2519 5395 2746 5448 dircctw.

2172 5462 2187 5495 ί
2221 5463 2420 5532 Creta,
2449 5463 2650 5516 Summ.
2678 5464 2809 5532 apud
2846 5462 3032 5516 llaron.
3066 5476 3116 5517 ct
3142 5462 3418 5518 (irntnriat

2166 5541 2186 5571 κ
2223 5530 2424 5588 lman
2454 5534 2519 5583 ad
2545 5530 2935 5602 proﬂigandam.
