3914 6236
194 234 336 294 ttae

1617 229 1962 283 El'lSTt.‘l./E

3274 242 3419 293 “at.

187 353 535 411 orthodoxe,
567 361 619 401 et
654 352 731 413 pia
769 350 978 399 l’atram
1010 347 1308 406 traditione,
1340 348 1390 397 in
1422 350 1582 397 vestri
1616 360 1749 409 prat-
1783 347 1825 399 Λ
1858 346 1992 394 [tunc
2021 345 2336 407 orthodoxe,
2367 354 2456 398 tuo
2485 347 2640 399 solito
2670 348 2973 400 certaminis
3009 346 3273 413 pricsidio,
3308 363 3405 403 eo-

190 444 365 494 sentia
397 441 724 505 disputantes
755 437 990 487 altercati
1023 445 1176 497 sunt,
1210 436 1359 488 nobis
1391 433 1635 499 liquidius
1665 448 1756 497 per

188 528 382 578 eadem
411 537 587 577 vestra
616 522 813 587 scripta
846 522 1173 581 innotuistis,
1205 520 1467 585 simulque
1494 528 1547 572 et
1574 534 1754 570 exem-

190 619 312 680 plar
343 617 664 672 litterarum,
705 611 1085 678 quas’tpra-fato
1124 611 1425 677 imperatori
1466 610 1750 672 direxistis,

191 701 559 769 responsionis
594 700 786 766 quippe
818 702 1029 751 modum
1058 709 1082 734 ι
1112 709 1164 751 ct
1207 698 1523 750 solutionem
1554 699 1757 763 petitio-

191 804 345 847 num,
375 788 440 851 de
477 788 561 838 his
602 804 718 853 qua:
749 787 814 839 ab
844 802 908 838 eo
951 788 1097 838 vobis
1141 787 1375 837 intiniata
1418 798 1538 837 sunt
1562 826 1573 844 ,
1607 788 1755 837 nobis

189 876 426 941 dirigere
467 890 496 929 a
540 877 647 927 Deo
688 875 946 925 illuslrata
988 871 1299 927 excellentia
1332 884 1505 925 veStra
1537 872 1749 934 annuit;

191 975 382 1015 verum
408 963 589 1023 etiam,
613 970 669 1013 et
695 960 1137 1028 quemadmodum
1168 959 1364 1012 eisdem
1396 959 1754 1026 imperialibus

192 1051 372 1102 missis
411 1065 719 1114 responsum
759 1048 1084 1113 reddidistis,
1129 1058 1179 1100 et
1223 1063 1381 1099 unum
1423 1062 1487 1099 ex
1526 1048 1600 1099 eis
1644 1051 1753 1097 An-

192 1141 273 1191 un
312 1138 339 1177 ιι
382 1154 568 1205 nempe
611 1137 899 1205 spatariinn
949 1151 1066 1188 cum
1112 1136 1302 1187 vestris
1341 1135 1516 1187 missis
1558 1134 1752 1199 regiam

190 1230 464 1283 direxistis
497 1230 701 1288 urbem,
732 1238 785 1279 et
810 1227 971 1279 alium
1003 1226 1245 1279 videlicet
1275 1225 1555 1293 Syncstum
1587 1238 1755 1275 eunu-

189 1324 353 1373 chum
385 1320 519 1385 apud
561 1333 653 1370 vos
683 1317 980 1370 detinuistis
1015 1333 1027 1367 :
1060 1315 1220 1369 simili
1259 1314 1419 1366 modo
1459 1312 1609 1363 nobis
1653 1310 1756 1360 mi-
1785 1342 1789 1351 ι

191 1412 378 1463 nut‘ius
420 1409 721 1462 intimastis.
768 1407 1077 1475 Agnitisque
1113 1405 1358 1465 omnibus
1400 1418 1427 1454 a
1473 1401 1623 1453 vobis
1664 1415 1758 1466 pro

190 1489 517 1552 exaltatione
546 1508 738 1550 sanctae
773 1498 861 1549 Dei
898 1496 1178 1556 Ecclesiae,
1214 1502 1275 1546 et‘
1298 1493 1417 1544 tidei
1447 1491 1757 1545 orthodoxa:

188 1587 524 1648 delensione,
548 1588 804 1651 peractis,
841 1582 1002 1659 limati
1031 1595 1212 1633 sumus
1242 1582 1433 1646 gaudio
1464 1595 1673 1644 magno,
1705 1590 1755 1629 ct

1862 449 1973 484 rum
2002 448 2117 484 cum
2150 434 2237 485 Dei
2270 434 2457 486 virtute
2492 436 2643 488 stude
2674 436 3006 504 confringere
3036 436 3326 499 malitiam.
3352 443 3416 488 ιιι

1858 530 2035 573 sancta
2082 521 2170 572 Dei
2214 522 2443 573 Ecclesia
2472 534 2525 574 et
2555 527 2775 591 populus
2820 525 2934 589 ejus
2975 520 3257 590 peculiaris
3293 532 3414 589 μα’-

1861 611 2043 661 fectius
2087 612 2151 661 ali
2198 610 2525 662 inimicorum
2569 615 2767 664 s:evilia
2816 615 3083 675 liberetur,
3129 620 3183 663 et
3220 607 3410 662 merito

1856 698 2117 761 sutl‘ragiis
2156 700 2513 764 apostolorum
2544 702 2909 766 circmnsepti,
2957 699 3214 751 mercedis
3257 696 3407 748 vobis

1859 786 1907 837 in
1955 790 2089 837 cwlo
2141 785 2421 849 repositam
2472 800 2723 839 coronam
2773 789 3019 852 consequi
3073 784 3402 838 tuereamini.

1859 874 2157 925 bireximns
2197 876 2370 941 itaque
2398 876 2727 928 excellentia:
2755 883 2962 936 vestrm,
2998 872 3144 940 juxta
3185 883 3240 926 ut
3280 872 3405 925 inti-

1858 966 2036 1015 mistis
2059 1004 2072 1025 ,
2105 965 2311 1029 signum
2341 963 2576 1033 nostrum
2611 980 2702 1029 per
2726 974 3036 1032 prmsentcm
3068 965 3284 1017 missum
3315 976 3409 1015 ve»

1854 1064 2041 1105 strum.
2076 1055 2275 1107 Interea
2305 1065 2357 1106 et
2385 1055 2482 1105 hoc
2511 1055 2888 1107 inuotescimus
2914 1052 3292 1120 Christianitati
3320 1066 3411 1102 ve-

1857 1152 1978 1193 strm
1999 1182 2012 1201 ,
2047 1140 2183 1207 quod
2221 1142 2329 1207 jam
2359 1144 2547 1208 saepius
2577 1158 2672 1194 nos
2700 1141 2895 1205 pcliSse
2922 1139 3247 1207 dignoscitur
3273 1138 3406 1191 Tas-

1858 1229 1954 1278 silo
1986 1228 2322 1280 [lavarioruni
2351 1230 2451 1280 dux
2478 1240 2525 1292 ο,
2550 1240 2604 1282 ιιι
2634 1241 2840 1282 nostros
2869 1232 3056 1281 missos
3085 1227 3149 1281 ad
3181 1238 3409 1281 vestram

1860 1320 2165 1383 przrclaram
2208 1318 2575 1371 excellentiam
2616 1320 2768 1386 dirigi
2815 1321 3229 1391 annuissemus,
3257 1327 3312 1368 ιιι
3348 1329 3410 1368 ea

1860 1408 1995 1459 inter
2025 1422 2118 1459 vos
2149 1409 2485 1473 provenirent
2514 1426 2628 1474 qua:
2655 1409 2796 1471 pacis
2819 1418 2961 1460 sunt.
2995 1406 3141 1460 Unde
3165 1422 3259 1457 nos
3288 1405 3407 1456 data

1858 1496 2137 1548 occasione
2168 1496 2513 1548 libentissime
2542 1507 2751 1548 uostios
2780 1497 2990 1559 missos,
3021 1495 3070 1546 id
3103 1504 3185 1547 est
3214 1494 3411 1558 Philip-

1864 1600 1983 1650 pum
2009 1584 2256 1635 dilectum
2286 1585 2446 1637 lilium
2475 1596 2710 1636 nostrum
2744 1584 3103 1652 preslivtcrmn
3136 1593 3291 1647 atque
3315 1579 3415 1634 Ur-

191 1676 268 1727 ila
306 1674 457 1725 "nbis
502 1673 779 1739 Plarabilia
817 1673 1070 1731 existunt,
1125 1672 1259 1722 sicut
1304 1677 1467 1731 certe,
1513 1682 1615 1719 non
1656 1668 1754 1720 bne
1789 1652 1832 1710 Β
1861 1689 1975 1725 sum
2019 1682 2253 1725 nostrum
2287 1676 2443 1726 etiam
2483 1675 2694 1737 ﬁdelem
2731 1674 2747 1710 ί
2782 1676 2844 1724 ad
2887 1675 3043 1725 vestri
3084 1672 3416 1740 praesentiam

190 1760 425 1813 humano
465 1760 709 1823 consilio,
754 1759 845 1811 sed
891 1758 981 1831 Dei
1025 1757 1369 1825 providentia:
1411 1757 1623 1820 intuitu,
1667 1770 1756 1806 vos

193 1850 320 1903 talia
359 1850 530 1916 egisse
560 1864 621 1901 ac
651 1847 986 1915 respondisse
1014 1847 1319 1917 ambiguum
1351 1858 1455 1896 non
1485 1854 1585 1896 est.
1626 1844 1757 1896 Vere

186 1938 367 2001 enim,
398 1936 621 1988 Domine
652 1950 740 1988 rex
761 1976 775 1997 ,
807 1935 876 1986 lili
906 1933 1386 1999 Christianissime,
1427 1942 1480 1984 et
1506 1929 1757 1997 spiritalis

190 2036 489 2094 compater,
512 2026 724 2093 spiritus
749 2025 839 2077 Dei
864 2025 1030 2076 intimi
1059 2024 1236 2076 cordis
1268 2022 1337 2074 tui
1363 2022 1592 2075 illustrat
1621 2021 1757 2088 piam

190 2113 699 2173 mnsideratimiem,
728 2124 779 2165 et
807 2114 895 2180 qui
925 2112 1143 2179 spiritus
1172 2114 1336 2163 sancti
1367 2112 1534 2178 gratia
1566 2111 1760 2163 redun-

188 2202 310 2267 dat,
334 2216 439 2254 non
462 2202 578 2253 aliis
605 2202 705 2254 nisi
729 2216 846 2267 quin
870 2201 1123 2268 spiritalia
1156 2210 1297 2261 sunt,
1322 2202 1605 2265 exuberat,
1632 2217 1759 2267 quo-

193 2295 343 2345 niam
369 2306 462 2345 cor
492 2292 737 2358 potentia:
765 2300 951 2344 vestite
982 2291 1032 2341 iu
1062 2305 1217 2342 manu
1248 2292 1351 2342 Dei,
1366 2291 1681 2353 consistens,
1708 2291 1759 2342 in

186 2395 295 2436 suo
326 2381 516 2449 procul.
534 2381 691 2433 dubio
722 2380 846 2431 illud
875 2379 1093 2432 inclinat
1119 2377 1466 2445 beneplacito.

272 2486 554 2539 Direxistis
578 2485 837 2552 siquidem
868 2484 1020 2536 nobis
1046 2497 1138 2549 per
1158 2483 1340 2535 eadem
1370 2484 1537 2534 vestra
1567 2482 1759 2548 scrip'a

195 2575 557 2642 signiﬁcantes
587 2573 725 2639 quOd
756 2570 897 2625 nulla
928 2573 1234 2623 suasionum
1272 2570 1648 2632 blandimenta,
1680 2571 1758 2620 vel

199 2662 618 2732 promissionum
640 2662 814 2727 cepia,
847 2676 940 2712 vos
964 2661 1129 2726 possit
1156 2660 1386 2711 avellere
1414 2660 1479 2711 ab
1502 2662 1683 2710 amore
1708 2667 1761 2709 et

198 2756 325 2808 ﬁdei
357 2752 706 2821 promissione
735 2765 891 2816 quam
923 2752 1076 2801 beato
1109 2736 1264 2802 l‘etro
1297 2746 1518 2815 principi
1546 2756 1756 2811 aposto-

197 2844 408 2907 lorum,
439 2852 491 2893 et
519 2840 633 2907 ejus
664 2840 858 2890 vicario
891 2837 1266 2903 praedeceSsori
1298 2848 1349 2888 ct
1378 2842 1633 2902 germano
1663 2850 1760 2887 tto-

201 2944 317 2985 stro
340 2924 537 2984 sanctae
558 2927 939 2981 recordationis
964 2926 1157 2978 domno
1179 2925 1445 2985 Stephano
1470 2939 1615 2985 papze
1644 2923 1758 2985 pol-

1644 2937 1758 2989 μοι.
1790 2958 1831 3012 Γ
1870 2937 1961 2975 νιν
1989 2937 2168 2961 ιιιιιυισ
2194 2937 2330 2961 υυαιι
2362 2937 2378 2958 ι
2401 2937 2498 2960 ειη
2523 2937 2683 2959 ΙιΙΙΙιυΙ
2701 2937 2741 2960 Ιδ
2771 2937 2946 2969 νυδιιι,
2971 2937 3196 2971 υιιιδιῑισ
3219 2937 3419 2971 vosuos:

1276 3014 1410 3064 male
1438 3020 1491 3064 ει
1520 3010 1761 3065 δυοιιεῑυ-
1820 2996 1833 3011 ’
1869 3000 2017 3063 estis,
2054 2999 2333 3065 repetimus
2371 2999 2417 3051 ei
2458 3000 2751 3059 adnexum,
2784 3000 2923 3062 quod
2954 2995 3111 3047 vestri
3154 3009 3215 3047 ac
3252 2995 3420 3047 nostri

199 3020 331 3073 liciti
373 3019 500 3072 estis
531 3034 543 3068 :
574 3016 667 3069 sed
700 3015 751 3067 in
783 3030 843 3065 ea
877 3017 987 3079 ipsa
1021 3010 1116 3065 vos
1154 3014 1410 3065 cliaritate
1438 3020 1491 3064 et
1520 3010 1761 3077 sponsio-

204 3110 291 3163 nis
334 3108 437 3162 tide
480 3115 631 3159 tenus
676 3106 788 3157 fore
838 3118 1231 3170 permansuros.
1284 3104 1346 3155 Et
1390 3082 1601 3169 quidem
1647 3116 1763 3163 nos,

200 3195 692 3263 praecellentissimo
731 3176 941 3258 regum,
986 3191 1349 3256 experimento
1386 3190 1762 3253 comperimus,

201 3294 257 3339 et
284 3285 535 3350 operibus
567 3280 1059 3346 comprobavimus,
1103 3292 1193 3329 vos
1227 3280 1397 3328 lii-ina“
1418 3286 1575 3339 atque
1605 3276 1764 3326 robu-

201 3371 434 3424 stissima
474 3367 765 3421 constantia
817 3367 869 3417 in
919 3379 979 3418 ea
1023 3366 1133 3432 ipsa
1184 3366 1468 3431 sponsione
1510 3363 1561 3415 in
1604 3361 1760 3413 tinem

206 3469 553 3525 permanere;
585 3462 639 3505 et
667 3453 718 3504 in
750 3452 898 3503 vobis
928 3448 1263 3515 conﬁdimus,
1293 3450 1428 3515 quod
1462 3449 1505 3501 si
1535 3448 1761 3499 universi

209 3546 389 3600 mundi
417 3546 783 3597 thesaurorum
812 3542 962 3609 copia
990 3545 1038 3592 in
1063 3551 1349 3605 conspectu
1383 3548 1555 3611 vestro
1576 3536 1765 3589 otl‘era-

208 3648 293 3691 tur
325 3648 348 3675 ε
378 3650 441 3689 ac
478 3635 757 3697 tribuatur,
793 3633 936 3699 nullo
968 3630 1124 3683 modo
1168 3630 1219 3682 in
1261 3631 1413 3682 aliain
1446 3639 1646 3697 partem
1678 3644 1766 3683 ve-

205 3734 371 3777 stram
421 3725 647 3784 lirtnani,
673 3732 725 3774 et
746 3736 774 3771 a
803 3720 911 3772 Deo
938 3719 1217 3786 impulsam
1249 3730 1475 3773 mentem
1499 3718 1768 3771 declinare

209 3814 586 3877 intlectereque
628 3810 654 3846 εί
708 3809 935 3869 valebit,
992 3807 1239 3874 quoniam
1294 3821 1388 3859 vos
1436 3806 1768 3875 omnipotens

209 3903 465 3957 Durniuus
490 3916 594 3967 pra:
616 3889 821 3953 cunctis
843 3900 1051 3966 regibus
1075 3898 1253 3951 saeculi
1276 3899 1454 3971 elegit,
1472 3898 1596 3950 etin
1620 3897 1769 3951 vobis

208 3990 557 4057 complaCuit,
602 3998 657 4041 ut
696 3996 873 4041 vestro
912 3988 1199 4040 certamine
1238 3997 1414 4040 sancta
1461 3987 1769 4040 universalis

212 4077 308 4130 Dei
333 4076 564 4129 Ecclesia
592 4076 848 4137 Romana,
874 4084 927 4125 et
948 4084 1105 4139 caput
1124 4073 1357 4125 omnium
1388 4074 1767 4136 Ecclesiarum,

211 4181 276 4220 ac
304 4166 690 4219 ﬁrmamentum
725 4162 843 4214 tldei
875 4160 1218 4223 Christianae,
1253 4162 1319 4213 ab
1348 4161 1766 4227 impugnatorum

2592 1740 2599 1749 κ

1862 1764 1955 1817 visi
1987 1778 2175 1815 sumus
2198 1762 2485 1829 direxisse,
2519 1771 2783 1817 transacto
2824 1762 2956 1816 Maio
2987 1777 3196 1824 mense;
3237 1744 3300 1813 eo
3332 1761 3412 1811 vi-

1858 1852 2048 1903 deliret
2079 1851 2256 1914 modo,
2291 1860 2347 1903 ut
2378 1851 2608 1917 qualiter
2637 1866 2683 1901 vi
2703 1866 2809 1901 svra
2840 1850 3025 1901 luisset
3055 1850 3312 1906 voluntas,
3344 1848 3414 1898 ita

1861 1952 2109 2006 peragere
2137 1939 2473 1991 debuissetis.
2523 1940 2585 1991 tit
2629 1940 3027 2004 properantibus
3066 1937 3192 1999 ipsis
3220 1926 3423 1988 nostris
3468 1998 3473 2001 _

1860 2029 2035 2080 missis
2076 2043 2239 2095 usque
2269 2029 2541 2088 'l'icinum,
2584 2027 2806 2080 adversa
2843 2026 3143 2089 suspicione
3172 2032 3415 2090 arreptus

1864 2116 2161 2169 Desiderius
2188 2116 2649 2182 Langobardorum
2680 2129 2798 2177 rex,
2822 2116 3035 2167 minime
3061 2127 3153 2164 eos
3178 2110 3416 2177 permisit

1860 2204 1924 2256 ad
1967 2216 2191 2259 vestram
2242 2219 2272 2255 a
2320 2204 2426 2255 Deo
2469 2212 2831 2255 conservatam
2879 2200 3250 2252 excellentiam
3296 2212 3418 2262 per-

1866 2295 2119 2356 transire;
2163 2302 2336 2345 tamen
2370 2302 2394 2337 Β
2426 2300 2479 2345 et
2509 2293 2719 2344 easdem
2747 2292 2967 2351 litteras,
2996 2303 3122 2354 quas
3154 2288 3302 2339 vobis
3332 2286 3415 2337 di-

1866 2386 2192 2448 rigebamus,
2238 2383 2371 2434 inl’ra
2418 2384 2530 2434 lucc
2577 2391 2751 2435 nostra
2801 2380 2994 2447 scripta
3039 2378 3417 2443 Christianitati

1865 2484 2052 2523 vestra:
2085 2472 2492 2525 transmisimus.
2530 2470 2711 2537 Itaque
2740 2479 2793 2521 et
2823 2468 2922 2521 hoc
2960 2484 2988 2520 a
3020 2467 3127 2520 Deo
3167 2476 3417 2534 protecta:

1863 2560 2245 2611 Christianitati
2298 2570 2483 2610 vestrae
2533 2566 2707 2621 aptum
2754 2558 2999 2608 duximus
3048 2554 3416 2606 intimandum.

1863 2649 2008 2711 Quod
2056 2648 2261 2699 retectis
2296 2645 2667 2712 imperialibus
2709 2645 2896 2696 litteris
2936 2644 3184 2708 vobisque
3237 2642 3412 2694 defer;

1858 2737 1929 2813 tis
1957 2732 1980 2769 ι·
2016 2749 2121 2807 ιιριῄ
2153 2735 2396 2800 praelatos
2444 2733 2599 2785 Antlii
2650 2734 2935 2799 Spataiium
2978 2730 2992 2766 ί
3039 2740 3091 2783 et
3137 2731 3415 2797 Synesium

1864 2828 2192 2883 ειιηιιεεωιιι,
2235 2838 2363 2887 quas
2394 2822 2546 2873 nobis
2570 2821 2639 2873 ob
2669 2822 2848 2873 ea'um
2880 2824 3071 2871 seriem
3111 2818 3414 2871 intuendam

1870 2925 1961 2975 pro
1989 2925 2168 2961 amore
2194 2908 2330 2961 beati
2362 2909 2498 2960 Petri
2523 2906 2741 2960 fautoris
2769 2906 2946 2969 vestri,
2971 2906 3196 2971 dirigere
3219 2904 3419 2971 dignati

1869 3092 2136 3155 homines,
2181 3091 2265 3156 qui
2310 3091 2448 3155 ipsas
2485 3089 2783 3159 imyriales
2823 3088 3083 3156 syllabas,
3126 3101 3242 3152 qua:
3271 3085 3422 3139 vobis

1869 3181 2121 3246 uobisque
2143 3179 2359 3230 directa:
2379 3188 2522 3241 sunt,
2548 3178 2632 3231 vel
2660 3178 2975 3245 diriguntur,
3006 3176 3418 3243 interpretantur

1866 3286 1967 3319 non
2007 3271 2174 3332 juxta,
2225 3276 2280 3318 ut
2322 3270 2513 3319 ibidem
2554 3280 2819 3318 exaratum
2863 3277 2963 3330 est,
3011 3266 3100 3317 sed
3142 3266 3281 3317 aliud
3323 3280 3419 3331 pro

1865 3357 1968 3405 alio
1999 3354 2128 3405 false
2170 3346 2501 3419 interpretari
2541 3354 2762 3413 audent;
2808 3354 2821 3401 i
2873 3363 2927 3405 et
2967 3354 3237 3421 missi-qui
3280 3354 3421 3407 inter

1868 3454 2039 3507 partes
2074 3449 2356 3507 pmpeiant
2378 3481 2391 3503 ,
2424 3455 2527 3492 non
2558 3442 2694 3493 sicut
2729 3440 2837 3493 illis
2865 3441 3176 3508 iujuugitur,
3207 3441 3299 3494 sed
3328 3455 3417 3494 ac-

1865 3531 2217 3597 ceptilationis
2241 3531 2456 3597 pr:l‘t||l0
2486 3532 2738 3596 corrupti,
2763 3531 2863 3582 alia
2892 3545 2985 3597 pro
3014 3531 3130 3583 aliis
3150 3529 3420 3584 deferunt.

1868 3620 1931 3672 Et
1962 3621 2012 3669 in
2056 3619 2152 3670 hoc
2181 3621 2470 3683 perpendat
2509 3628 2681 3669 vestra
2723 3621 3064 3683 excellentia,
3104 3629 3296 3686 quanta
3340 3631 3423 3675 est

1870 3708 2202 3759 inimicorum
2230 3708 2449 3770 malitia,
2480 3708 2604 3759 dum
2634 3708 3049 3781 contraanimas
3077 3722 3285 3772 eorum,
3317 3723 3423 3761 non

1870 3814 1986 3864 qua:
2016 3797 2249 3861 veritatis
2287 3806 2440 3859 sunt,
2474 3797 2565 3850 sed
2610 3812 2703 3863 per
2744 3799 2876 3851 hanc
2915 3797 3209 3851 occasionis
3238 3812 3423 3851 versus

1873 3889 1995 3939 tiam
2028 3887 2202 3954 iniqua
2233 3886 2501 3953 proferunt
2533 3887 2798 3938 mendacia
2830 3887 2881 3939 in
2915 3888 2962 3938 id
2993 3886 3129 3953 quod
3172 3902 3269 3939 nec
3298 3889 3409 3939 suis

1874 3987 1968 4025 nec
2006 3957 2212 4037 vestris,
2255 3986 2317 4023 ac
2355 3972 2547 4024 nostris
2578 3973 2796 4024 credant
2832 3973 3026 4026 missis.
3069 3973 3201 4025 Dum
3239 3981 3295 4025 et
3328 3989 3421 4028 vos

1870 4063 2122 4116 satistactl
2151 4064 2279 4115 estis
2307 4064 2372 4115 de
2400 4062 2587 4116 vestris
2625 4056 2946 4126 hominibus,
2989 4063 3146 4116 simili
3186 4064 3342 4116 modo
3370 4073 3424 4116 et

1872 4169 1968 4209 nos
1996 4155 2062 4209 de
2100 4155 2312 4219 nostris,
2342 4155 2482 4223 quod
2512 4155 2652 4208 nullo
2692 4156 2848 4208 modo
2890 4155 2989 4208 hoc
3018 4168 3174 4222 agere
3217 4149 3425 4220 penitus

212 4255 422 4309 insidiis
449 4254 664 4306 liberata
696 4251 1020 4312 exstitisset,
1056 4259 1109 4300 et
1136 4250 1256 4301 illud
1286 4251 1421 4315 quod
1454 4265 1482 4301 a
1509 4250 1767 4302 constitu—
1798 4269 1850 4326 D
1874 4252 2211 4313 prmsumant.

212 4345 357 4396 tione
385 4342 560 4393 szeculi
604 4341 856 4393 Dominus
886 4355 978 4405 per
1009 4354 1102 4391 vos
1137 4340 1313 4405 perlici
1346 4339 1615 4404 decrevit,
1646 4352 1769 4392 ecce

212 4428 524 4503 mirabiliter
552 4442 827 4495 operatum
855 4437 955 4478 est.

289 4538 436 4589 [inde
464 4549 703 4604 magnam
736 4543 855 4601 post
886 4533 1047 4587 Deum
1075 4533 1123 4584 in
1152 4544 1327 4585 vestro
1353 4534 1513 4601 regali
1542 4534 1770 4585 culmine

212 4628 326 4694 spei
362 4626 603 4678 ﬁduciam
638 4624 921 4687 habemus,
953 4622 1088 4690 quod
1121 4621 1406 4689 perfectius
1450 4623 1559 4687 ipsa
1591 4634 1769 4675 sancta

216 4716 305 4767 Dei
341 4714 592 4775 Ecclesia,
635 4722 791 4778 atque
832 4713 943 4763 haec
984 4710 1279 4762 miserrima
1318 4719 1372 4761 et
1409 4706 1600 4762 amicta
1650 4725 1773 4776 pro—

215 4804 442 4857 vinciola
479 4818 509 4855 a
551 4802 769 4871 perﬁdia
803 4802 1136 4853 inimicorum
1180 4797 1452 4862 liberetur,
1486 4799 1606 4866 quia
1635 4800 1772 4851 auti-

216 4904 352 4959 quus
382 4890 595 4947 humani
629 4891 836 4956 generis
878 4888 1044 4941 liostis
1076 4902 1179 4940 non
1209 4887 1402 4939 desinit
1441 4887 1773 4941 inimicorum

217 4976 379 5032 corda
411 4976 643 5043 pulsare,
669 4986 725 5029 ut
752 4991 873 5029 suas
894 4976 1192 5043 iaculentur
1216 4975 1371 5027 solite
1398 4974 1637 5028 insidias.
1670 4975 1777 5029 Sed

292 5158 318 5184 ⁸
356 5148 625 5208 l.ambec.,
654 5150 824 5200 modo.

290 5216 319 5255 δ
358 5218 522 5281 Ideni,
541 5219 833 5269 Anthiuum.
859 5216 1057 5279 Grets.,
1077 5217 1227 5271 Forte
1254 5219 1531 5283 Antimum,
1554 5235 1640 5273 seu
1667 5222 1772 5273 An-

214 5284 465 5355 thymum.

292 5369 312 5392 θ
356 5354 521 5418 Idem,
553 5353 839 5420 a/feratur.‘

286 5420 312 5457 δ
348 5422 511 5490 Idem,
542 5424 939 5490 conficeret-eque.

290 5501 315 5527 υ
356 5489 516 5551 Idem,
554 5489 720 5542 Toxilo
748 5489 1104 5556 anuuriorum
1134 5491 1256 5544 dux.

1942 4356 2239 4409 Satislaciat
2266 4355 2601 4422 omnipotens
2631 4356 2767 4428 Deus
2787 4396 2800 4417 ,
2840 4357 2935 4427 qui
2955 4357 3127 4408 θυι-(ἰῆς
3152 4371 3213 4407 ac
3243 4356 3421 4408 renum

1815 4491 1823 4501 ,
1872 4454 2133 4494 scrutator
2179 4450 2292 4505 est,
2341 4442 2650 4494 tnellilluum
2694 4458 2787 4494 cor
2831 4432 3179 4496 excellentize
3206 4456 3421 4507 vestrie,

1873 4530 2011 4597 quod
2056 4544 2382 4596 nequaquam
2430 4539 2663 4581 nostrum
2711 4531 2988 4597 quispiam,
3036 4540 3091 4581 ut
3138 4530 3233 4596 ipsi
3280 4546 3417 4586 asse-

1877 4630 2027 4682 runt,
2059 4620 2178 4671 talia
2206 4633 2363 4684 agere
2396 4619 2736 4685 perpetravit.
2780 4619 2881 4671 Sed
2913 4621 2964 4671 in
3007 4619 3106 4671 hoc
3147 4622 3428 4672 vehemen-

1878 4719 1958 4761 ter
1989 4708 2013 4744 ¹ί
2047 4708 2183 4760 idem
2226 4706 2513 4774 imperator
2544 4708 2807 4771 irascitur,
2846 4718 2899 4761 et
2924 4708 3216 4762 occasionis
3244 4722 3427 4761 versu-

1878 4792 1976 4849 tias
2020 4796 2254 4858 adhibet,
2304 4810 2399 4861 pro
2438 4810 2503 4847 eo
2542 4796 2678 4861 quod
2727 4811 3055 4865 nequaquam
3102 4796 3339 4849 siluimus
3380 4797 3427 4849 ei

1879 4883 2264 4951 pnedicanduui
2313 4884 2382 4935 ob
2420 4868 2857 4937 conetitutionem
2905 4895 3201 4939 sanctarum
3250 4886 3472 4952 iniagi-‘

1880 4989 2004 5025 num
2041 4982 2095 5026 et
2144 4973 2261 5024 lidei
2290 4972 2601 5025 orthodoxa:
2637 4972 3012 5041 integritatem.
3045 4975 3173 5028 Nam
3214 4974 3340 5026 illud
3379 4976 3432 5026 in
3511 4976 3515 4980 ’

1953 5141 1971 5179 ί
2016 5141 2286 5207 Lambec.,
2315 5143 2658 5195 consiliarium
2682 5154 2908 5195 nostrum
2934 5155 2981 5196 et
3003 5145 3222 5209 fidelem.

1949 5220 1974 5279 β
2014 5210 2174 5275 Ideni,
2207 5213 2505 5278 pertransire
2526 5212 2878 5279 gradiendum,
2905 5222 3089 5277 tamen,
3116 5226 3216 5266 otc.

1947 5277 1974 5313 ³³
2014 5277 2213 5341 Grcis,
2238 5279 2436 5331 delatis.
2492 5284 2497 5291 ’
2527 5277 2542 5279 “
2912 5286 2915 5287 ⁷

1955 5347 1968 5383 ί
2015 5346 2288 5409 l.ambec.,
2322 5348 2670 5416 per-pra’lalos
2699 5349 2975 5402 Antliinum
3003 5349 3339 5413 spat/larium.

1951 5418 1965 5462 l
2016 5416 2117 5468 Sed
2150 5416 2305 5467 missi.
3277 5439 3281 5444 -

1951 5483 1973 5519 ³⁸
2016 5484 2174 5549 Idem,
2210 5483 2386 5537 isdem.
