3914 6236
496 234 623 284 1151

495 350 625 414 ipsis
663 361 775 399 suis
812 342 1047 408 apicibus
1085 342 1109 366 '
1154 341 1429 392 asserunt,
1475 328 1612 394 quod
1649 329 1871 380 dilectus
1913 325 2048 373 filius
2085 322 2128 377 Α

500 413 682 491 noster
706 434 1112 496 Citrislophurus
1135 421 1466 490 primicerius
1488 428 1540 470 et
1561 413 1916 472 consiliarius,
1942 415 2056 464 sine

501 535 680 581 nostr
715 520 1045 578 auctoritate,
1081 513 1230 564 nobis
1258 509 1406 576 quasi
1436 503 1818 574 ignorantibus,
1862 516 2050 568 suggeo

502 616 702 671 stiones
733 611 845 661 illas
872 621 1002 672 quas
1039 602 1232 667 smpius
1271 601 1318 651 ei
1361 597 1674 654 direximus,
1717 591 1960 651 fecisset,
2006 595 2059 640 ct

505 703 635 756 alias
661 714 757 768 pro
787 698 903 749 aliis
930 696 1044 761 ejus
1071 708 1129 743 ac
1159 690 1345 742 vestris
1375 686 1546 738 missis
1589 683 1877 748 relegisset.
1914 679 1976 731 Et
2006 677 2057 728 in

504 793 603 843 hoc
640 798 828 842 testem
865 795 916 838 et
953 782 1184 851 judicent
1224 777 1540 847 proferimus
1580 774 1777 837 Deum,
1811 768 1948 838 quod
1989 769 2060 820 ita

503 891 835 949 nequaquam
875 884 978 928 est.
1019 872 1158 926 Nihil
1187 870 1328 921 enim
1373 871 1484 936 ipse
1523 876 1702 919 noster
1729 861 2063 916 consiliarius

469 1019 474 1025 .
502 982 650 1024 extra
689 979 920 1021 nostram
961 965 1287 1015 voluntatem
1313 959 1597 1027 aliquando
1624 955 1761 1022 egit,
1794 953 1876 1006 vel
1907 965 2064 1017 agere

505 1055 871 1126 prmsumpsit;
915 1053 1163 1120 quoniam
1209 1049 1371 1102 nostri
1415 1042 1820 1114 prteolet'essoris
1851 1054 1912 1092 ac
1939 1053 2061 1107 ger-

507 1146 644 1199 mani
674 1144 852 1197 domui
878 1141 1131 1208 Stephani
1165 1153 1333 1206 papae,
1357 1134 1514 1188 simul
1541 1145 1591 1186 et
1619 1143 1798 1185 noster
1825 1131 2066 1182 sincerus

508 1248 666 1304 atque
708 1233 1108 1302 probatissimus
1153 1230 1325 1283 ﬁdelis
1364 1228 1591 1292 exstitit,
1636 1236 1688 1279 ct
1732 1225 1784 1278 in
1825 1220 2066 1275 omnibus

507 1330 702 1380 existit.
744 1327 806 1378 Et
841 1325 1091 1378 satisfacti
1129 1338 1308 1375 sumus
1354 1322 1420 1374 de
1457 1320 1572 1386 ejus
1604 1317 1932 1370 immaculata
1968 1311 2068 1365 fide

510 1428 564 1471 et
585 1416 744 1471 firma
775 1416 948 1467 cordis
977 1414 1270 1466 constantia
1304 1432 1316 1461 :
1361 1419 1414 1464 et
1453 1410 1520 1462 ob
1561 1410 1659 1460 hoc
1696 1405 1960 1459 crrdimus
2008 1403 2069 1454 il-

513 1507 634 1572 iud,
664 1508 801 1573 quod
847 1507 996 1558 nobis
1025 1503 1158 1557 false
1201 1501 1485 1570 profertur,
1527 1515 1628 1551 non
1670 1493 2068 1562 impmperium,

515 1596 609 1650 sed
651 1596 816 1648 bravii
859 1609 1050 1648 corona
1094 1594 1245 1645 nobis
1285 1606 1312 1642 a
1357 1591 1465 1643 Deo
1505 1595 1858 1652 computatur,
1897 1593 1950 1636 et
1996 1581 2072 1632 id-

517 1686 657 1738 circo
704 1687 937 1753 utrisque
987 1684 1138 1736 nobis
1182 1683 1435 1734 Dominus
1473 1678 1680 1746 adjutor
1721 1685 1829 1739 est,
1877 1685 1926 1726 et
1969 1687 2070 1724 non

517 1773 817 1827 timebimus
847 1775 967 1839 quid
1002 1773 1155 1825 nobis
1185 1773 1336 1823 faciat
1369 1770 1548 1823 homo.
1586 1766 1904 1819 Habebimus
1933 1763 2068 1815 enim

520 1871 641 1928 post
670 1857 832 1914 Deum
863 1870 917 1912 et
944 1861 1184 1929 clypeum
1227 1854 1590 1922 protectionis,
1632 1861 1687 1906 et
1725 1865 1868 1902 arma
1912 1851 2072 1901 virtu-

519 1952 607 2012 tis,
641 1940 866 2003 vestram
894 1968 921 2001 a
957 1951 1065 2002 Deo
1109 1949 1419 2000 illttstratam
1464 1944 1765 2008 prarclaram
1806 1939 2074 1994 excellen-

519 2043 662 2095 tiam.
705 2042 772 2092 At
817 2053 939 2092 vero
980 2037 1350 2090 Christianitas
1394 2043 1564 2085 vestra
1599 2045 1732 2091 suos
1769 2030 1948 2096 jubcat
1989 2027 2071 2080 in-

521 2132 729 2198 quirere
753 2131 963 2192 missis,
995 2140 1046 2180 et
1088 2129 1138 2180 in
1167 2126 1416 2179 omnibus
1438 2138 1531 2178 vos
1556 2119 1913 2184 satisfaciatis,
1941 2133 2072 2187 quo-

524 2219 1011 2293 niammendacium
1033 2227 1218 2270 contra
1240 2229 1338 2268 nos
1359 2214 1499 2267 idem
1521 2211 1747 2264 asseruit
1808 2216 2074 2276 operator,

527 2326 596 2374 eo
622 2311 758 2377 quod
787 2324 901 2370 eam
932 2310 1219 2362 direximus
1244 2305 1655 2373 suggestionem,
1688 2301 1765 2353 eis
1788 2301 2078 2367 relegentes

529 2404 725 2470 pariter
753 2418 870 2454 cum
901 2400 1029 2467 ipsis
1058 2415 1171 2468 qum
1201 2397 1490 2450 direximus
1519 2388 1964 2454 confirmavimus,
2001 2398 2083 2440 ta-

533 2508 653 2547 tneo
683 2503 734 2546 et
772 2493 884 2560 ejus
924 2491 1197 2558 exemplar
1237 2504 1266 2541 a
1308 2487 1458 2541 nubis
1483 2484 1632 2538 vobis
1659 2481 1913 2536 directum
1945 2477 2080 2545 apud

531 2599 624 2636 vos
651 2583 844 2636 habere
874 2582 1134 2634 videmini.
1891 2626 1900 2635 ,

602 2677 692 2729 llis
719 2677 1022 2744 praemissis,
1061 2674 1210 2725 flexis
1246 2669 1530 2737 poplitibus
1561 2673 1662 2717 una
1690 2678 1806 2716 cum
1840 2662 2080 2712 universa

531 2766 681 2832 plebe
729 2764 821 2817 Dei
868 2763 892 2801 δ
937 2764 1172 2831 polorum
1219 2762 1475 2813 caalorum
1519 2745 1759 2819 Opificem
1804 2747 2080 2802 Dominum

529 2853 692 2907 Deum
723 2859 904 2905 verum
933 2863 1233 2912 exoramus,
1268 2858 1322 2898 ut
1350 2841 1499 2897 nobis
1527 2840 1798 2910 prtcsentis
1828 2837 1944 2887 vita:
1972 2835 2090 2887 lou-

529 2942 824 3008 gaevitatem
855 2954 972 2993 cum
1003 2953 1188 3004 magna
1211 2935 1278 2989 de
1303 2932 1542 2986 hostibus
1570 2928 1783 2981 victoria
1805 2923 2081 2981 concedat.

532 3037 587 3081 et
615 3038 809 3080 aeterna
850 3027 1034 3094 gaudia
1075 3033 1178 3076 tam
1224 3017 1555 3076 excellentiae
1595 3024 1783 3068 vestra:
1826 3025 2085 3078 quamque

534 3115 995 3169 Christianissimzc
1019 3114 1233 3181 reginae,
1261 3111 1378 3162 filia:
1401 3120 1452 3162 et
1473 3106 1696 3173 spiritali
1724 3112 1918 3155 nostrae
1941 3107 2086 3152 coni-

539 3207 722 3272 matri,
753 3205 1126 3259 amantissima:
1163 3210 1346 3254 vestrm
1382 3197 1624 3266 conjugi,
1665 3205 1820 3259 atque
1849 3189 2088 3244 dulcissi-

535 3298 635 3352 mis
663 3296 798 3349 natis
824 3292 1281 3348 excellentissimis
1308 3289 1496 3342 Carolo
1518 3297 1567 3338 et
1592 3285 1976 3337 Carolomanno
2007 3290 2090 3328 re-

535 3383 686 3452 gibus
733 3383 1074 3446 Francorum,
1124 3391 1177 3433 et
1226 3376 1458 3446 patriciis
1505 3375 1860 3427 Romanorum
1909 3369 2085 3436 largiri

539 3471 800 3541 dignetur.
828 3470 1142 3522 Incolumem
1168 3464 1533 3532 excellentiam
1565 3469 1786 3514 vestram
1813 3457 1978 3526 gratia
2001 3471 2087 3510 su-

536 3575 697 3630 perna
723 3549 1002 3614 custodiat.

1065 3645 1383 3701 EPISTULA
1429 3642 1558 3696 Vlil.

542 3739 671 3791 Item
712 3733 966 3804 exemplar
1013 3735 1500 3804 spistolwiejusdent
1550 3744 1695 3804 popa:
1739 3729 1803 3777 ad
1853 3726 2092 3804 domuum

613 3795 891 3876 Pippinum
919 3795 1091 3873 regem
1115 3819 1198 3870 per
1227 3795 1435 3876 licitum
1469 3801 1815 3876 presbyterum
1839 3795 2092 3873 directa;

612 3881 662 3928 in
683 3865 793 3941 qua
819 3865 1153 3927 contt'nuetur'c
1185 3871 1416 3941 abboscia
1445 3881 1566 3941 tum,
1590 3865 1815 3941 lientedii
1849 3865 2088 3941 episeepi,

613 3945 639 3983 ά
667 3930 719 3996 εί
743 3945 1010 3996 Audecan'i
1040 3942 1264 4001 comitis,
1297 3939 1513 4007 qualitvr
1540 3937 1764 4007 justitias
1795 3934 1922 3984 beati
1954 3930 2095 4007 Petri

613 4010 1248 4081 Apostoloruurprincipis
1296 4004 1432 4076 apud
1477 4005 1795 4081 Desideriunt
1842 4004 2095 4081 quondam

612 4070 774 4151 regem
803 4099 865 4135 ea:
893 4070 1034 4146 parte
1065 4089 1086 4115 θ
1116 4070 1381 4146 τεὶεριτίι,
1427 4085 1470 4128 ει
1500 4077 1719 4144 reliquas
1749 4072 1976 4142 justitias
2011 4070 2092 4135 [a-

613 4142 843 4205 cie—udum
870 4142 1120 4222 pollicitus
1146 4142 1235 4200 est.
1622 4142 1624 4144 ’

622 4241 639 4277 ί
679 4243 878 4293 Domno
906 4236 1352 4293 excellentissimo
1393 4234 1523 4295 filio,
1555 4241 1609 4284 et
1648 4238 1827 4283 nostro
1869 4227 2097 4306 epititali

546 4332 798 4396 compatri
830 4330 1047 4396 Pippino
1077 4329 1185 4395 regi
1220 4315 1535 4379 Francorum
1569 4333 1619 4377 et
1649 4321 1869 4391 patricio
1907 4319 2100 4373 Roma-

547 4435 756 4483 norum,
779 4417 970 4470 Paulus
1000 4432 1151 4484 papa.

618 4509 717 4576 Qui
760 4507 1065 4562 excellentia
1105 4517 1276 4557 vestra
1324 4499 1511 4552 merito
1559 4497 1814 4550 bonorum
1859 4507 2100 4560 operum,

547 4614 777 4667 superno
823 4597 1084 4656 examine,
1139 4593 1295 4645 fuerit
1341 4587 1712 4654 comprobata,
1755 4581 1853 4650 ipsi
1896 4583 2002 4648 jam
2053 4581 2102 4633 in

553 4687 832 4742 manifesto
862 4699 1037 4736 rerqu
1074 4681 1423 4733 exhibitarum
1461 4675 1649 4727 elfectu
1686 4673 2106 4724 demonstratum

553 4794 663 4840 est;
695 4777 819 4828 dum
851 4774 1118 4832 nimirum,
1150 4769 1337 4833 adepta
1365 4765 1595 4830 desuper
1622 4761 1811 4814 divinze
1835 4757 2106 4825 sapientiae

555 4867 977 4935 participatione,
1024 4862 1214 4928 regulis
1244 4857 1433 4924 fastigii
1476 4867 1678 4920 sceptra
1709 4851 1908 4905 Ctelesti
1944 4850 2104 4900 bene-

630 5076 650 5100 ⁸
698 5063 940 5116 Lantbcc.
953 5101 966 5120 ,
997 5058 1236 5109 adseruit.

631 5134 655 5169 δ
696 5115 858 5195 idem,
908 5115 1137 5194 polorum
1177 5141 1234 5174 nc
1283 5123 1512 5176 tellurum
1557 5119 1783 5185 opificem
1837 5115 2112 5167 Demittunt

555 5205 718 5257 Deum
750 5210 994 5250 nostrum.

627 5280 652 5310 ε
693 5271 889 5334 Grets.,
922 5264 1118 5332 legatio.

629 5342 654 5376 ⁸³
699 5331 934 5398 Ιάεῐῐι,,ἐι
965 5331 1254 5398 Andcgarii.

629 5419 652 5446 ⁶
683 5407 898 5468 'Lamb.,
928 5413 1236 5467 receperunt.

633 5477 648 5513 '
695 5463 895 5536 Grcis”,
923 5463 1151 5528 Sunitn.,
1185 5469 1270 5526 ‘20,
1309 5468 1424 5516 lim.
1458 5476 1500 5515 ct
1537 5463 1681 5513 (ient.

628 5557 650 5590 ε
695 5546 850 5604 Idem,
881 5540 1158 5608 efﬁcacius.

1789 211 1846 264 s.
1889 206 2086 263 l‘.\t’Ll
2133 184 2329 255 Initia:
2369 201 2384 252 ι

3581 185 3738 240 ηεξ

2157 314 2385 365 dictione
2423 315 2681 361 constet!
2712 305 2949 358 cﬂectius
2991 303 3363 372 promeruisse.
3408 300 3563 356 Uude
3597 312 3736 351 cum

2157 404 2257 455 sibi
2303 401 2438 472 hanc
2479 398 2546 474 ab
2574 395 2934 460 omnipotente
2966 395 3072 446 Deo
3101 392 3320 461 gratiam
3357 391 3577 443 missam
3607 389 3740 442 exi-

2161 491 2344 542 mietas
2378 495 2550 540 vestra
2589 498 2694 536 non
2737 482 2987 548 ambigit,
3032 482 3267 548 profecto
3295 481 3342 533 e‘i
3387 480 3602 546 placere
3628 478 3732 544 qui

2158 595 2274 633 eam
2301 577 2526 630 contulit
2553 575 2677 628 totis
2703 572 2929 627 intendit
2967 570 3190 633 nisibus,
3219 579 3273 623 et
3297 583 3392 636 pro
3415 568 3536 634 ejus
3564 582 3732 633 quam

2159 681 2256 723 suo
2301 668 2461 731 eruit,
2509 667 2687 718 divino
2734 673 2883 726 nutu,
2927 662 3235 722 certamine,
3277 659 3480 713 scilicet
3527 665 3737 712 sancta

2161 757 2472 810 universalis
2493 753 2767 817 Ecclesia,
2791 762 2844 806 et
2862 751 3198 806 exaltationis
3222 748 3422 817 vigore,
3447 749 3739 804 decertare

2163 862 2264 900 non
2294 846 2502 899 desistit
2528 845 2708 898 cordis
2743 845 2824 901 sui
2856 845 3029 896 oculis
3053 859 3084 896 τι
3120 840 3227 896 Deo
3263 841 3585 907 protegenda
3614 842 3740 892 exi-

2164 935 2346 987 ntietas
2383 943 2590 1000 vestra,
2635 932 2891 986 adhibens
2929 930 3016 983 illa
3045 946 3161 997 qua:
3198 928 3299 983 sibi
3346 944 3441 993 pro
3481 928 3743 994 hujusce-

2165 1025 2302 1074 modi
2348 1023 2541 1076 laboris
2590 1023 2758 1074 fructu
2800 1036 2828 1072 a
2878 1022 3034 1072 beato
3079 1018 3445 1084 apostolorum
3489 1015 3745 1082 principe

2161 1099 2346 1172 'Petrd,
2391 1109 2754 1175 cmlorumque
2799 1107 2943 1174 regni
2990 1106 3283 1172 clavigero,
3327 1101 3565 1157 aetherea
3613 1117 3745 1169 pru-

2165 1200 2323 1250 missa
2363 1205 2486 1249 sunt
2521 1196 2763 1263 praemia.
2798 1194 2892 1250 Ubi
2928 1195 3037 1262 jam
3069 1208 3173 1246 non
3211 1193 3437 1245 humana
3469 1195 3613 1245 inter
3639 1191 3745 1242 hor

2167 1290 2336 1342 mines
2383 1287 2588 1356 gloria,
2637 1287 2730 1339 sed
2772 1286 2908 1339 inter
2964 1286 3184 1352 angelos
3231 1282 3407 1336 divina
3465 1296 3761 1348 nunquam

2169 1378 2456 1430 amittenda
2496 1375 2745 1429 felicitate
2773 1373 3050 1442 gaudetur.
3095 1373 3415 1440 Exsultaque
3446 1382 3503 1424 et
3531 1372 3750 1434 laetare,

2173 1467 2476 1521 felicissime
2513 1481 2629 1528 rex,
2669 1465 2788 1533 quia
2821 1475 2930 1528 tuo,
2967 1473 3234 1516 annuente
3275 1461 3403 1524 Deo,
3445 1463 3752 1515 certamine

2172 1565 2352 1609 sancta
2390 1556 2644 1622 spiritalis
2684 1563 2851 1607 mater
2891 1564 3105 1628 vestra,
3143 1553 3457 1605 universalis
3499 1550 3592 1603 Dei
3635 1550 3756 1604 Ec-

2106 1644 2146 1700 B
2177 1647 2354 1707 clesia,
2396 1646 2462 1697 ab
2501 1647 2811 1699 :cmulorum
2853 1643 3056 1698 insidiis
3094 1653 3274 1710 erepta
3313 1653 3475 1708 atque
3513 1643 3754 1694 exaltata

2175 1733 2482 1799 triumphat.
2523 1733 2790 1800 Fidesque-
2810 1731 3101 1801 orthodoxa
3131 1741 3220 1784 tuo
3247 1732 3360 1783 zelo
3385 1739 3442 1784 et
3472 1729 3752 1782 fortitudi-

2176 1825 2258 1875 nis
2289 1822 2505 1874 brachio
2537 1823 2739 1874 illibata
2766 1822 2831 1874 ab
2862 1821 3229 1873 haereticorum
3253 1819 3447 1886 jaculis
3476 1818 3751 1870 consistit.

2243 1909 2346 1963 Pro
2387 1925 2498 1976 quo
2531 1911 2713 1963 beatus
2753 1919 2804 1981 et
2839 1907 3012 1981 justus
3048 1907 3266 1959 effectus
3302 1920 3364 1958 es
3400 1906 3454 1957 in
3497 1905 3782 1957 omnibus-

2175 1999 2425 2065 operibus
2466 2001 2602 2064 tuis,
2639 1998 2708 2050 fili
2748 1979 3050 2049 dulcissime
3087 1997 3140 2047 c't
3177 1993 3426 2058 spiritalis
3468 1998 3756 2058 Compater

2175 2090 2624 2151 victoriosissime,
2653 2089 2949 2155 eximieque
2978 2102 3089 2139 rex.
3121 2085 3509 2138 lnnotescitnus
3532 2081 3558 2118 δ
3585 2082 3756 2150 siqui-

2177 2178 2296 2229 dem
2327 2176 2593 2244 prtecelszc
2616 2175 3006 2228 Christianitati
3026 2181 3216 2225 vestrae
3245 2171 3386 2238 quod
3418 2185 3594 2238 nuper
3623 2171 3763 2221 dum

2178 2265 2242 2317 ad
2283 2281 2378 2316 nos
2425 2263 2446 2319 ί,
2482 2262 2876 2331 conjunxissent
2927 2261 3211 2315 fidelissimi
3254 2260 3434 2323 vestri,
3476 2259 3681 2311 scilicet
3725 2276 3756 2308 a

2186 2356 2292 2409 Deo
2337 2354 2579 2407 amabilis
2628 2353 2910 2406 llemedius
2959 2362 3150 2419 vester,
3201 2361 3358 2415 atque
3400 2348 3414 2396 i
3459 2347 3759 2401 Autbarius

2182 2445 2591 2512 gloriosissimus
2617 2444 2752 2509 dux,
2784 2443 3019 2498 constitit
3050 2444 3185 2494 inter
3207 2456 3298 2494 eos
3327 2450 3382 2493 et
3412 2433 3752 2492 Desideriunt

2185 2533 2650 2600 Longobardorunt
2707 2548 2922 2599 regem,
2981 2541 3037 2583 ut
3091 2545 3185 2597 per
3240 2538 3404 2581 totum
3461 2517 3753 2582 instantem

2182 2619 2413 2686 Aprilem
2453 2619 2648 2672 mensis
2686 2618 2837 2672 istius
2881 2616 2907 2660 ll
2951 2617 3166 2670 decimae
3209 2619 3378 2670 tertia:
3415 2618 3753 2684 iudieiionis,

2183 2723 2366 2762 omnes
2393 2709 2622 2776 justitias
2657 2707 2892 2778 fautoris’
2912 2707 3104 2768 vestri,
3135 2707 3274 2761 beati
3306 2707 3448 2762 Petri
3479 2705 3755 2772 apostolo-

2185 2815 2301 2852 rum
2354 2799 2637 2870 principis,
2695 2797 2872 2850 omnia
2925 2797 3166 2850 videlicet
3215 2797 3568 2863 patrimonia,
3628 2795 3752 2862 jura

2188 2889 2344 2940 etiam
2384 2900 2438 2941 et
2476 2889 2611 2949 loca,
2650 2895 2809 2953 atque
2847 2887 2994 2945 fines.
3029 2897 3080 2939 et
3121 2885 3389 2938 territoria
3413 2885 3754 2938 diversarum

2191 2979 2457 3030 civitatum
2497 2986 2795 3029 nostrarum
2837 2975 3138 3044 réipublica:
3169 2972 3560 3038 Romanorum,
3598 2974 3754 3026 nobis

2188 3052 2492 3132 plenissime
2546 3065 2881 3117 restituisset.
2935 3060 2956 3099 ι
3013 3062 3163 3115 Unde
3216 3076 3282 3114 ex
3336 3069 3484 3129 parte
3533 3060 3755 3128 quidem

2187 3159 2396 3212 easdem
2434 3157 2664 3224 justitias
2693 3156 2842 3209 nobis
2871 3156 3005 3208 idem
3045 3154 3513 3221 Langobardorum
3542 3169 3642 3207 rex
3669 3153 3756 3206 fe-

2186 3249 2322 3300 cisse
2347 3245 2697 3314 dignoscitur,
2729 3253 2785 3298 et
2815 3245 3042 3310 reliquas
3069 3257 3252 3296 omnes
3278 3241 3512 3308 justitias
3537 3255 3602 3293 se
3630 3254 3756 3308 pro-

2188 3335 2385 3401 fitetur,
2413 3345 2572 3402 atque
2607 3335 2823 3388 omnino
2862 3333 3084 3401 spondet
3125 3332 3276 3386 nobis
3305 3343 3426 3384 esse
3463 3329 3757 3383 factumm-

2189 3426 2520 3493 Quapmpter
2558 3440 2653 3479 nos
2709 3424 2997 3492 impensius
3042 3432 3081 3458 ω
3137 3422 3390 3491 praefatus
3445 3418 3759 3474 Desiderins

2189 3514 2659 3588 Longobardorum
2712 3529 2803 3568 rex
2854 3516 3159 3568 obsecratus
3207 3521 3323 3579 est,
3374 3517 3430 3564 ut
3480 3521 3681 3564 vestra:
3730 3528 3760 3562 a

2182 3608 2302 3669 Deo
2334 3617 2583 3676 protectae
2613 3605 2944 3661 excellentiae
2973 3613 3169 3661 nostris
3197 3602 3503 3669 apostolicis
3540 3600 3758 3654 relatio—

2192 3700 2349 3754 nibus
2387 3701 2632 3752 intimare
2669 3697 3055 3752 debuissemus.
3099 3695 3168 3748 Et
3204 3708 3330 3747 ecce
3369 3691 3505 3744 sicut
3541 3700 3756 3756 nostro,

2194 3800 2313 3860 post
2338 3791 2502 3846 Deum
2542 3790 2838 3856 liberatori,
2880 3787 2982 3841 hoc
3021 3787 3190 3854 ipsum
3220 3782 3428 3837 eximite
3468 3789 3634 3851 atque
3668 3793 3760 3834 su-

2195 3880 2522 3933 blimissimze
2552 3893 2581 3932 a
2613 3880 2721 3931 Deo
2749 3883 2998 3944 protectae
3025 3869 3407 3926 Christianitati
3440 3878 3636 3922 vestra:
3663 3879 3759 3934 per

2196 3958 2294 4024 has
2332 3970 2646 4036 apostolicas
2687 3978 2899 4020 nostras
2945 3962 3268 4015 inuntttimus
3316 3959 3569 4026 syllabas.
3623 3955 3762 4010 Diri.

2197 4068 2380 4127 gentes
2435 4068 2755 4123 magnopere
2799 4052 2864 4104 ad
2917 4060 3147 4103 vestram
3197 4062 3226 4099 a
3282 4045 3389 4098 Deo
3443 4045 3760 4109 inspiratam

2197 4148 2501 4218 przecelsam
2539 4144 2920 4200 sublimitatem
2960 4148 3276 4209 praesentem
3307 4135 3557 4189 dilectum
3591 4132 3759 4186 filium

2203 4250 2436 4292 nostrum
2479 4237 2688 4292 Petrum
2731 4235 3091 4301 presbyterum
3115 4268 3130 4292 ,
3169 4241 3324 4296 quem
3365 4226 3617 4294 petimus,
3657 4224 3759 4277 be-

2205 4330 2361 4395 nigno
2389 4328 2544 4380 solite
2572 4333 2790 4391 aspectu
2818 4338 2846 4373 a
2875 4321 3024 4374 vobis
3063 4317 3290 4384 suscipi,
3331 4326 3385 4368 et
3421 4329 3551 4368 cum
3570 4312 3762 4366 effectu

2203 4431 2362 4484 atque
2392 4429 2643 4484 prospero
2682 4411 2888 4474 nuntio,
2929 4410 2996 4463 de
3026 4408 3265 4476 perfecta
3296 4404 3643 4473 plenariaque
3669 4401 3760 4470 iu.

2204 4511 2344 4564 stitia
2376 4510 2702 4561 diversarum
2747 4516 3024 4557 causarum
3054 4500 3271 4553 fautoris
3303 4497 3464 4550 vestri
3495 4494 3636 4548 beati
3667 4493 3762 4547 Pe-

2207 4600 2270 4651 tri
2301 4597 2653 4666 apostolorqu
2697 4594 2969 4664 principis,
2995 4592 3058 4644 ad
3091 4605 3188 4644 nos
3219 4587 3562 4642 remeandnm
3591 4584 3764 4640 absol-

2211 4693 2334 4740 vere
2376 4685 2692 4754 dignemini;
2727 4685 2769 4737 si
2802 4697 2928 4737 vero
2957 4681 3008 4734 in
3045 4696 3108 4734 ea
3137 4694 3256 4748 qua:
3285 4687 3312 4714 η
3343 4679 3591 4744 prtcfalus
3619 4675 3765 4728 Desi-

2207 4776 2384 4830 derius
2407 4791 2520 4838 rex,
2540 4775 2620 4827 vel
2644 4773 2760 4841 ejus
2786 4769 3255 4839 Longobardorun:
3278 4781 3429 4832 gens,
3454 4765 3768 4828 proﬁtentes

2209 4867 2538 4933 pollicentur,
2575 4862 2964 4931 permanserint
3004 4857 3319 4924 Sponsione,
3359 4851 3624 4918 nobisque
3659 4863 3770 4901 0m-

2282 5058 2306 5095 ι·
2348 5058 2552 5114 Latnb.,
2587 5052 2898 5102 lndicantus.

2286 5140 2298 5163 ι
2340 5129 2539 5186 Grets,
2575 5123 2932 5186 pervenissmt.

2284 5201 2307 5245 i.
2349 5196 2512 5254 Idem,
2541 5191 2869 5256 Andegatius.

2284 5269 2306 5301 κ
2352 5261 2555 5321 l.anib.,
2589 5275 2656 5311 xu
2685 5273 2794 5308 mw.

2290 5334 2305 5370 ι
2349 5315 2513 5390 idem,
2545 5315 2694 5381 Unde
2721 5342 2828 5377 cccc
2867 5335 2907 5376 et
2950 5339 3009 5376 ea:
3052 5329 3189 5387 parte
3218 5316 3422 5384 quidem
3451 5315 3667 5369 easdem
3697 5316 3758 5384 ᾖ.

2214 5405 2374 5457 stitias
2404 5398 2544 5453 nobis
2573 5397 2749 5455 isdem,
2780 5405 2879 5446 etc.

2285 5481 2322 5506 ω
2358 5469 2515 5527 Idem,
2549 5467 2804 5530 prefuit”.

2289 5547 2313 5573 ¹¹
2341 5539 2535 5596 Grels.,
2560 5551 2727 5602 quam.
