3914 6236
169 305 325 359 1153

1616 297 1984 350 Ιῗῐίςτσξῐηηΐ.
2476 320 2501 332 ν

3292 296 3425 351 H54

173 420 271 471 uia
296 462 311 483 ,
354 416 645 470 secundum
686 426 741 469 ut
786 414 1059 478 constitit,
1103 421 1153 466 et
1188 422 1210 447 ι
1250 421 1521 481 pactorum
1563 408 1763 461 .mdera
1796 414 1841 468 Α
1878 406 1985 457 oris
2028 407 2270 468 assertio,
2303 415 2565 471 protensm
2596 405 2909 458 laudationis
2952 409 3309 467 attestatinne,
3336 422 3425 459 ve-

172 510 490 573 eoniinent,
524 509 761 562 restituta
791 507 858 559 ab
883 506 961 557 eis
988 503 1140 555 nobis
1172 501 1403 566 fuerint,
1434 508 1560 552 tunc
1586 512 1616 550 a
1648 498 1757 550 Deo

174 596 572 649 conservanda.-
601 593 930 649 excellentize
960 600 1152 645 vestra
1177 590 1419 644 meritum
1450 588 1757 641 intimantes

178 685 588 739 innotescemus
618 687 665 737 ei
694 682 745 735 δ.

267 774 418 827 Unde
440 774 783 826 obsecrantes
812 773 1057 839 petimus,
1082 780 1135 825 et
1160 771 1355 823 obnixe
1382 769 1758 835 deprecamur,

181 865 303 916 imo
330 874 378 915 et
405 862 742 929 conjuramus
774 874 824 915 te
846 862 1292 916 excellentissime
1315 869 1475 928 atque
1506 859 1763 912 Christia-

185 952 418 1003 siissitne
458 966 572 1015 rex,
607 952 968 1003 amantissime
999 950 1070 1003 illi
1098 959 1152 1003 et
1181 951 1435 1018 spiritalis
1462 958 1759 1018 compater,

189 1055 294 1106 per
322 1040 738 1107 omnipotentem
772 1039 939 1093 Deum
968 1049 1020 1091 et
1068 1038 1278 1091 beatum
1310 1037 1546 1097 Petrum,
1574 1038 1661 1104 qui
1709 1047 1761 1088 te

190 1130 251 1181 in
283 1142 462 1195 regem
509 1128 679 1188 unxit,
714 1138 771 1179 ut
802 1128 1086 1193 perfectius
1112 1140 1174 1178 ea
1217 1140 1334 1192 qua:
1383 1129 1653 1193 pertinent
1698 1123 1762 1177 ad

186 1216 577 1269 exaltationem
610 1224 665 1268 et
702 1225 722 1249 ε
755 1210 819 1267 ad
850 1214 1152 1281 ampliatam
1179 1213 1765 1266 liberationemsancta:

194 1305 293 1356 Dei
346 1303 609 1365 Ecclesia,
637 1295 690 1356 et
720 1304 870 1356 istius
898 1317 925 1354 a
957 1300 1104 1355 vobis
1134 1302 1423 1367 redempta:
1455 1300 1760 1367 provincize,

190 1396 343 1446 sicut
377 1393 528 1444 beato
573 1390 735 1445 Petro
776 1398 830 1445 et
872 1400 1057 1443 nostro
1101 1390 1480 1455 praedecessori
1532 1387 1764 1455 pontifici

194 1470 401 1535 sancite
428 1480 816 1535 recordationis
844 1482 1040 1533 domno
1066 1487 1119 1533 et
1149 1492 1405 1546 germano
1433 1487 1614 1531 nostro
1646 1478 1769 1529 bes-

199 1574 413 1626 tissimo
447 1571 721 1639 Stephano
752 1585 900 1638 papae
943 1570 1158 1634 polliciti
1200 1571 1352 1630 estis,
1379 1577 1567 1643 cuncta
1614 1570 1770 1635 perli-

196 1676 331 1716 cere
354 1671 406 1713 et
433 1660 726 1724 adimplere
758 1658 1018 1727 jubeatis;
1064 1670 1326 1727 quatenus
1365 1660 1677 1722 promissam
1716 1668 1771 1711 et

1862 503 1988 545 strre
2016 494 2305 547 eximietati
2332 505 2612 563 giatzarum
2644 494 2925 547 reddentes
2953 493 3209 552 actiones.
3242 504 3420 559 aptum

1863 586 2227 651 prospeximus
2260 592 2573 649 pr:esentem
2618 584 3010 637 sanctissimum
3061 593 3224 652 atque
3269 599 3421 637 reve-

1862 676 2227 729 reudissimum
2262 674 2479 727 fratrem
2512 676 2793 745 Georgium
2837 688 2890 731 et
2916 677 3292 743 coepisctipum
3325 691 3419 731 no-

1861 775 2024 818 strum
2056 767 2182 819 illuc
2225 780 2391 832 usque
2428 767 2492 816 ad
2534 777 2707 817 vestra
2741 766 2992 831 prmclara
3029 767 3134 819 Deo
3166 775 3204 801 ω
3235 766 3424 818 invita-

1864 855 1985 908 bilia
2036 856 2503 910 transmittendum
2556 855 2804 923 vestigia,
2837 857 2916 907 cui
2957 857 3261 924 singillatim
3306 872 3423 911 om-

1864 947 2008 998 nium
2052 946 2311 1011 spiritalis
2360 945 2543 998 matris
2568 954 2757 998 vestra.-
2787 955 2985 997 sancte
3020 946 3107 998 Dei
3153 947 3422 1011 Ecclesiae,

1850 1033 1919 1086 ‘et
1949 1034 2099 1087 istius
2125 1050 2156 1087 a
2184 1035 2332 1086 vobis
2360 1036 2650 1101 redempta:
2683 1035 2967 1101 provincim
3013 1036 3298 1088 utilitatum
3330 1051 3427 1088 ne-
3518 1020 3521 1029 ’

1864 1125 2171 1185 cessitates,
2196 1138 2224 1174 a
2259 1124 2366 1177 Deo
2398 1123 2728 1192 protegenda!
2761 1124 3070 1177 sublimitati
3106 1135 3290 1178 vestrae
3336 1139 3428 1179 ex-

1864 1210 2129 1264 cellentia:
2161 1212 2465 1265 referendas
2491 1212 2873 1264 commisimus.

1934 1320 2037 1371 Sed
2070 1320 2293 1385 petimus
2318 1335 2345 1371 a
2378 1320 2504 1385 Deo,
2525 1328 2734 1373 servate
2765 1321 2833 1371 llli
2864 1328 2916 1372 ιιι
2940 1321 3190 1388 spiritalis
3213 1337 3427 1390 compa-

1870 1417 1971 1473 ter,
2003 1409 2379 1477 benignissime
2408 1424 2522 1472 rex,
2548 1419 2835 1477 nosterque
2880 1419 2998 1476 post
3045 1410 3206 1465 Deum
3236 1412 3424 1466 libera-

1870 1508 1974 1564 tor,
2003 1510 2055 1555 et
2092 1503 2285 1554 obnixe
2332 1501 2696 1569 deprecamur,
2729 1512 2782 1553 ut
2815 1501 3003 1569 jubeas
3046 1503 3288 1556 eumdem
3330 1519 3426 1556 no-

1868 1600 2033 1644 strum
2058 1592 2275 1643 missum
2301 1591 2528 1658 benigno
2548 1591 2810 1658 solitoque
2830 1592 3189 1660 gratulationis
3210 1606 3422 1660 aspecm

1870 1679 2297 1733 commendatum
2326 1680 2616 1748 suscipere,
2642 1682 2941 1749 nostrisque
2967 1682 3425 1748 postulationibus,

194 1747 496 1818 expdsitam
528 1750 969 1803 vobislmerce'dis
995 1764 1245 1801 coronam
1290 1749 1355 1801 de
1387 1764 1543 1799 manu
1589 1749 1762 1800 omni-
1800 1737 1845 1795 Β
1873 1784 1989 1834 αυτ
2019 1769 2083 1820 ad
2114 1737 2487 1822 culminum;
2516 1737 2712 1823 san'cm
2746 1770 2834 1824 Dei
2856 1737 3149 1835 'Ecélesia,
3182 1782 3233 1825 et
3263 1737 3427 1824 ma“;

202 1838 439 1907 potentis
468 1838 563 1891 Dei
595 1838 762 1892 nostri
793 1837 1173 1898 misericordis,
1201 1845 1259 1888 ut
1290 1852 1382 1888 sua
1409 1851 1502 1889 vos
1539 1838 1768 1889 circum-

203 1933 352 1994 tegat
389 1928 579 1994 gratia,
609 1941 709 1979 una
741 1940 864 1978 cum
893 1926 1201 1978 dulcissima
1241 1925 1465 1993 conjuge
1495 1925 1765 1977 excellen-

204 2013 411 2067 tissima
458 2013 657 2082 regina,
698 2012 825 2076 lilia,
857 2020 911 2067 et.
955 2008 1178 2079 spiritali
1222 2018 1401 2064 nostra
1453 2021 1768 2073 commatre,

208 2114 371 2173 atque
396 2104 774 2158 amantissimis
803 2103 963 2166 natis,
990 2098 1016 2167 ti
1041 2102 1093 2154 id
1128 2110 1210 2155 est
1240 2102 1509 2169 pmcelsis
1535 2102 1769 2169 regibus,

206 2204 266 2248 et
319 2195 591 2261 praesentis
635 2194 783 2262 regni
828 2195 1037 2247 culmen
1066 2202 1120 2246 et
1174 2194 1495 2261 triumphum
1538 2193 1772 2248 victoria:

208 2284 507 2350 possidere,
535 2292 590 2338 et
615 2293 811 2338 aeterna
835 2283 1021 2353 gaudia
1047 2284 1098 2335 in
1126 2284 1427 2337 caelestibus
1456 2286 1633 2352 regnis
1652 2299 1771 2338 cum

208 2374 419 2426 sanctis
447 2371 645 2442 perfrui
691 2375 968 2427 concedat.
1030 2375 1347 2428 Incolumem
1405 2374 1769 2429 excellentiam

206 2473 442 2517 vestram
467 2467 633 2532 gratia
659 2479 887 2533 superna
917 2464 1196 2517 custodiat.

762 2592 1088 2648 EPISTULA
1129 2594 1221 2647 IX.

206 2698 350 2773 Item
398 2704 658 2773 exemplari
695 2703 919 2772 epistola
963 2705 1189 2773 ejusdem
1234 2720 1381 2773 papa:
1425 2707 1491 2757 ad
1534 2708 1773 2759 domuum

293 2770 565 2843 Pippinum
607 2770 884 2840 gloriosum
926 2770 1109 2839 regem,
1144 2770 1535 2843 per'G'eorgium
1580 2778 1772 2840 episco-

288 2855 408 2906 pum
461 2842 682 2900 αἰτείτω,
714 2844 768 2893 in
816 2858 917 2909 qua
956 2844 1269 2910 continentur
1304 2842 1582 2910 gratiarum
1611 2848 1770 2894 actio-

282 2924 375 2960 nes
414 2925 506 2973 pro
535 2912 827 2961 liberatione
868 2921 1054 2962 sanctw
1096 2911 1188 2964 Dei
1217 2909 1477 2969 Ecclesiae,
1506 2920 1550 2963 et
1580 2912 1633 2962 in
1661 2927 1771 2962 em-

291 2980 404 3028 bolo
432 2978 677 3047 postulat,
704 2988 755 3029 ut
784 2979 947 3044 ﬁlium
973 2983 1104 3047 ejus,
1130 2979 1215 3046 qui
1245 2991 1362 3030 tunc
1391 2992 1535 3031 natus
1563 2984 1679 3047 fuit,
1711 2996 1773 3032 ex

283 3062 433 3097 sacro
457 3044 767 3113 baptismatis
800 3051 933 3115 {ante
961 3044 1188 3115 ea'ct'pere
1216 3058 1502 3100 mereretur.

298 3166 321 3191 ο
352 3158 555 3210 Domni)
582 3158 1029 3211 excellentissimo
1053 3157 1160 3211 lilio
1190 3167 1369 3211 nostro
1392 3158 1614 3223 Spiritali
1640 3172 1784 3210 com-

212 3249 357 3313 patri
395 3246 620 3314 Pippino
650 3248 760 3316 regi
790 3246 1136 3311 Francorum,
1169 3256 1223 3299 et
1247 3247 1465 3312 patricio
1511 3247 1777 3301 Romano-

214 3350 363 3398 rum,
389 3336 582 3388 Paulus
614 3351 768 3402 papa.

290 3422 438 3476 Solet
478 3423 779 3490 epistolaris
812 3418 829 3459 τ
864 3423 991 3475 latio
1041 3432 1268 3477 mentem
1296 3434 1321 3469 ις
1346 3438 1560 3491 semper
1593 3426 1640 3477 vi
1686 3440 1778 3479 sua

216 3509 460 3572 reﬁcere,
489 3522 540 3563 et
565 3511 788 3564 materia
814 3511 1206 3577 quodammodo
1229 3511 1505 3565 charitatis
1528 3514 1778 3569 existere.

214 3599 354 3674 Quia
384 3614 510 3668 ergo
536 3600 850 3667 spiritalium
876 3598 1094 3655 dilectio
1120 3600 1328 3653 sincera
1357 3600 1581 3653 filiorum
1612 3613 1785 3667 pater-

226 3706 329 3743 nos
356 3693 585 3744 sustinet
624 3690 987 3744 desideranter
1021 3689 1262 3754 aﬂ'ectus,
1294 3706 1494 3744 summa
1529 3708 1626 3746 nos
1664 3709 1785 3747 cum

221 3780 501 3835 alacritate
543 3782 763 3847 implere
801 3782 1049 3833 convenit
1072 3782 1212 3847 quod
1260 3796 1407 3848 purse
1448 3783 1786 3838 conscientiae

218 3868 455 3934 deposcit
486 3868 725 3934 affectus;
755 3878 808 3921 et
839 3870 960 3922 licet
988 3869 1054 3921 ad
1084 3869 1355 3923 reddenda
1388 3878 1623 3937 paternte
1654 3874 1784 3926 cha-

220 3956 395 4009 ritalis
422 3956 618 4019 ofﬁcia,
654 3957 958 4023 prolixitate
989 3956 1195 4010 itineris
1233 3957 1563 4021 imminente,
1596 3960 1785 4013 raritas

225 4048 544 4115 portitorum
579 4047 850 4114 impediat.
882 4047 1100 4117 Quoties
1122 4056 1296 4100 autem
1329 4048 1616 4101 necessitas
1647 4050 1788 4102 inci-

224 4135 368 4189 derit
410 4118 734 4197 occasionis,
788 4135 1291 4189 excellentissimam
1336 4134 1785 4190 Cliristianitatem

150 4280 151 4283 η
225 4231 457 4283 vestram
488 4238 591 4277 non
624 4224 927 4277 desistimus
964 4225 1176 4290 scriptis
1206 4223 1630 4279 discurrentibus
1662 4227 1788 4281 visi-

228 4324 361 4378 tare,
388 4323 442 4367 et
470 4314 671 4368 honore
700 4314 858 4368 solito
888 4313 913 4350 ιι
943 4316 1324 4383 amplectentes
1356 4313 1371 4351 ί
1408 4316 1631 4371 utilitate
1659 4334 1787 4386 qua-

1871 1872 1952 1908 ine
1974 1857 2037 1908 ad
2072 1868 2171 1909 tune
2194 1858 2384 1909 animre
2412 1859 2734 1918 mercedem,
2759 1867 2811 1911 et
2841 1869 3091 1911 :rternam
3117 1859 3425 1919 memoriam

1873 1944 2171 2011 respicitur,
2198 1962 2225 1997 a
2259 1945 2367 1998 Deo
2394 1947 2646 2011 impulsas
2672 1946 3012 2014 benignitatis
3040 1955 3144 2000 tute
3169 1963 3344 2008 aures,
3379 1958 3432 2001 et

1870 2048 2158 2100 congruum
2191 2049 2351 2102 atque
2395 2034 2714 2088 velociorem
2745 2034 2811 2088 de
2835 2036 3042 2088 cunctis
3072 2038 3322 2091 adbibere
3348 2036 3432 2100 di-

1871 2124 2049 2192 gneris
2108 2121 2393 2188 allectum;
2447 2128 2724 2195 quoniam,
2785 2127 3159 2181 sublimissime
3213 2143 3427 2196 regum,

1871 2212 2232 2266 amantissime
2283 2212 2354 2265 ﬁli
2400 2223 2454 2266 et
2501 2215 2751 2281 spiritalis
2795 2226 3089 2283 compater,
3126 2215 3190 2270 ad
3241 2216 3349 2307 boq
3383 2227 3433 2270 te

1871 2304 2206 2373 omnipotens
2251 2303 2389 2358 Deus
2436 2313 2633 2357 sanctte
2681 2318 2791 2357 sua:
2837 2305 3083 2359 Ecclesiae
3127 2306 3310 2370 voluit,
3334 2303 3435 2373 per

1873 2405 2060 2444 manus
2092 2392 2226 2444 beati
2258 2390 2396 2443 Petri
2450 2393 2786 2445 liberatorem
2818 2393 3027 2457 adesse,
3054 2404 3111 2447 ut
3143 2403 3230 2446 tuo
3274 2395 3434 2447 solito

1876 2479 2121 2544 praesidio
2166 2480 2471 2546 plenissima
2522 2482 2665 2531 salus
2694 2489 2749 2533 et
2776 2482 3073 2548 redemptio
3101 2493 3295 2536 sanctae
3321 2497 3434 2538 sure

1875 2567 1970 2621 Dei
2013 2569 2287 2633 Ecclesize,
2319 2580 2371 2622 et
2413 2569 2562 2622 istius
2594 2570 2878 2647 provincia:
2901 2571 3183 2637 -prolieiat.
3210 2573 3437 2627 Orantes

1878 2657 2156 2712 Dominum
2188 2659 2353 2714 Deum
2384 2670 2624 2713 nostrum
2654 2661 2775 2728 quia
2803 2672 2953 2716 actus
2990 2672 3199 2717 vestros
3238 2666 3306 2717 ita
3336 2681 3431 2718 sua

1877 2750 2070 2815 pietate
2099 2752 2365 2817 disponat,
2398 2758 2658 2819 quatenus
2684 2754 3021 2807 excellentia;
3060 2765 3250 2808 vestra:
3290 2771 3427 2823 pra:-

1873 2842 2040 2895 sentis
2072 2843 2191 2896 vitae
2217 2845 2383 2909 spatia
2418 2858 2536 2897 cum
2571 2844 2922 2912 prosperitate
2952 2846 3241 2912 disponatn
3274 2849 3431 2900 victo-

1876 2928 1955 2980 ria
1986 2938 2011 2963 ο
2041 2931 2187 2999 regni
2232 2932 2581 2999 gubernacula
2628 2934 2901 2998 perfruens
2944 2934 3250 3001 lougmviter
3280 2952 3431 2991 exse-

1803 3060 1851 3123 C
1878 3028 2087 3086 quatur,
2114 3026 2169 3072 et
2204 3020 2268 3072 ad
2300 3020 2662 3086 promissionis
2694 3030 2903 3077 reterns:
2934 3025 3146 3091 praemia
3172 3041 3290 3080 cum
3317 3028 3434 3090 duL

1884 3110 2093 3163 cissima
2137 3112 2380 3178 conjuge,
2404 3113 2851 3167 excellentissima
2884 3118 3086 3182 regina,
3121 3128 3297 3181 nostra
3325 3122 3436 3185 spi-

1883 3198 2023 3253 ritali
2070 3210 2382 3266 commatre,
2417 3211 2472 3255 et
2517 3203 2725 3257 eximiis
2772 3206 2936 3268 natis,
2978 3204 3031 3259 id
3075 3214 3158 3259 est
3201 3207 3432 3275 regibus,

1882 3281 2004 3343 cum
2048 3293 2330 3345 securitate
2375 3293 2666 3362 pertingat,
2714 3306 2766 3349 et
2818 3294 2871 3346 in
2918 3290 3221 3355 celestibus
3262 3299 3435 3364 regnis

1880 3392 2003 3432 cum
2039 3382 2238 3432 sanctis
2266 3390 2320 3433 et
2348 3382 2528 3435 electis
2556 3383 2685 3446 suis,
2728 3394 2976 3451 utrosque
3020 3388 3248 3437 vestrum
3296 3386 3434 3439 idem

1880 3464 2216 3531 Omnipotens
2270 3468 2407 3521 Deus
2465 3469 2621 3522 faciat
2672 3472 2973 3537 perenniter
3020 3475 3289 3541 gratulari.
3347 3475 3435 3530 ln-

1882 3552 2145 3611 columem
2186 3560 2552 3613 excellentiam
2602 3571 2826 3613 vestram
2869 3562 3034 3629 gratia
3082 3576 3310 3631 superna
3346 3578 3435 3618 cu~

1886 3648 2095 3702 slodiat.

2541 3750 2800 3793 ERBULIJM.

1959 3864 2196 3926 Interea,
2246 3867 2622 3921 sublimissime
2672 3884 2882 3936 regum,
2944 3880 3137 3924 nostrae
3183 3872 3434 3939 perlatum

1883 3962 1967 4004 est
1997 3954 2194 4005 notioni
2223 3957 2363 4021 quod
2401 3956 2490 4007 Dei
2525 3967 2672 4019 nutu,
2707 3974 2899 4011 novum
2929 3968 3107 4027 regem
3136 3977 3199 4014 ex
3250 3969 3439 4019 vestris

1889 4040 2179 4094 visceribus
2224 4041 2292 4105 ad
2351 4044 2721 4097 exultationem
2770 4054 2966 4099 sanctas
3019 4062 3129 4101 sua:
3185 4035 3439 4105 Ecclesia:

1888 4131 2223 4196 omnipotens
2270 4141 2295 4179 εδ
2344 4132 2481 4185 Deus
2546 4134 2787 4187 cmitolit.
2836 4134 2914 4187 De
2962 4134 3111 4203 cujus
3170 4138 3441 4194 nativitate

1889 4221 2075 4287 gaudio
2104 4224 2331 4273 maximo
2369 4234 2554 4273 sumus
2585 4223 2823 4275 relevati.
2854 4220 3003 4277 Unde
3036 4234 3085 4277 te
3112 4224 3302 4283 obnixe
3343 4242 3435 4293 pe-

1894 4314 2050 4365 timus
2081 4322 2139 4365 ut
2164 4329 2192 4365 a
2222 4306 2578 4367 sacratissiiito
2607 4314 2931 4380 baptismatis
2962 4315 3170 4368 lavacro
3196 4318 3439 4371 eumdem

224 4413 382 4456 tenus
409 4402 509 4455 hoc
541 4405 555 4451 l
601 4404 739 4470 quod
770 4404 935 4457 oculis
956 4404 1253 4457 carnalibus
1280 4410 1305 4442 κ
1337 4406 1671 4471 praesentiam
1704 4409 1782 4458 vi-
1818 4379 1867 4435 D
1891 4410 1919 4449 (ι
1953 4404 2235 4454 maximum
2284 4410 2517 4459 vestrum
2579 4403 2739 4455 filium
2798 4401 3065 4471 suscipere
3123 4400 3441 4469 ηιεῒθθηιυνο

224 4494 357 4548 dere
385 4507 488 4547 non
519 4509 821 4562 possumus,
852 4512 945 4550 eos
992 4498 1327 4565 aliquatenus
1370 4498 1582 4565 scriptis
1612 4498 1785 4549 valea.

228 4598 351 4635 ntus
399 4585 777 4639 alternantibus
826 4587 1037 4641 intueri.
1078 4589 1257 4653 Itaque
1299 4591 1369 4643 ita
1410 4590 1602 4656 ubique
1632 4586 1651 4624 ι
1681 4588 1787 4642 Dco

228 4670 549 4736 illustrante,
575 4675 906 4728 excellentia:
947 4686 1141 4729 vestra:
1170 4679 1356 4732 merita
1396 4678 1582 4731 diffusa
1618 4679 1785 4730 divul-

227 4763 379 4831 gavit
410 4762 609 4828 opinio,
638 4771 694 4815 ut
721 4778 782 4815 ex
819 4765 975 4835 rebus
1004 4766 1069 4817 ab
1097 4780 1155 4817 ea
1184 4769 1368 4833 gestis,
1402 4767 1647 4820 omnibus
1676 4766 1785 4817 lau—

225 4853 476 4908 dabititer
497 4855 913 4909 demonstretur.
940 4854 1090 4910 Unde
1112 4858 1162 4909 in
1186 4867 1438 4926 quantum
1460 4859 1599 4911 valet
1621 4857 1785 4909 nostri

296 5012 321 5075 β
349 5005 557 5075 Lami»,
581 5014 816 5073 portuum
843 5008 1031 5075 foedera
1055 5010 1389 5061 continentur.

297 5072 325 5109 δ
353 5073 495 5125 Idem
510 5114 528 5138 ,
558 5072 652 5126 rei.

298 5154 320 5180 ε
348 5142 545 5205 Grets.,
568 5142 885 5206 antpliorem.

295 5208 323 5246 ἀ
352 5212 562 5275 Lamb.,
588 5216 729 5262 iterat.

298 5290 322 5315 ⁸
354 5280 562 5333 Summ.
587 5280 676 5342 i9,
702 5282 838 5347 apud
868 5282 989 5332 Bar.
1019 5290 1074 5334 et
1099 5279 1252 5334 Cent.

301 5348 319 5385 ί
355 5350 496 5400 Idem
512 5386 529 5411 ,
558 5349 759 5399 relatio.

293 5427 320 5463 tt
352 5416 565 5481 Lamb.,
596 5432 788 5481 semper
814 5418 1091 5469 uisitatione
1119 5418 1347 5483 reficere.

294 5483 319 5519 ³³
352 5484 526 5544 Idem,
556 5484 907 5552 amplectentes
945 5489 1197 5549 salutare,
1228 5484 1470 5550 quatenus
1513 5485 1624 5548 Iros,
1659 5499 1781 5550 quas

218 5553 386 5621 oculis
409 5554 699 5603 carnalibus
726 5558 994 5621 praesentes
1020 5555 1184 5605 videre
1208 5572 1308 5605 nou
1341 5570 1628 5618 possumus.

293 5621 309 5657 ⁵
348 5618 553 5686 Crem,
579 5618 783 5673 videtur
810 5621 893 5673 hic
922 5619 1078 5672 etiam
1111 5624 1489 5687 reponendum,
1524 5624 1736 5673 i‘isilat't.

1886 4490 2153 4555 Quatenus
2187 4491 2378 4557 duplex
2427 4491 2651 4557 Spiritus
2702 4493 2870 4545 sancti
2918 4492 3136 4560 gratia"
3166 4494 3217 4547 in
3267 4496 3444 4550 medio

1888 4589 2157 4644 nostrum,
2201 4590 2254 4635 et
2304 4584 2531 4649 gemina:
2574 4577 2871 4636 festivitatis
2920 4582 3072 4637 nobis
3116 4584 3318 4638 oriatur
3350 4586 3440 4638 Ιεηε

1888 4671 2019 4724 tilia.

1962 5013 1975 5081 _l
2014 5010 2215 5081 Grets.,
2246 5012 2336 5065 Iros
2362 5025 2507 5081 quos.

1957 5076 1981 5115 ι
2016 5080 2156 5132 idem
2175 5120 2189 5142 ,
2220 5076 2502 5146 praesentes.

1960 5147 1976 5184 ¹
2013 5149 2224 5213 Lamb.,
2251 5168 2281 5202 a
2315 5151 2419 5202 Deo
2442 5154 2708 5205 illustrauit
2725 5150 3048 5204 excellentia.

1955 5227 1993 5252 ω
2023 5220 2185 5285 Idem,
2212 5220 2497 5274 imitabilia.

1956 5294 1982 5320 ¹¹
2015 5288 2154 5339 [deus
2172 5327 2186 5350 ,
2216 5300 2271 5338 ut
2298 5304 2411 5339 cum
2439 5291 2667 5343 uictoria.

1957 5364 1980 5388 ι’
2010 5359 2183 5415 Grets.
2196 5396 2209 5418 ,
2232 5358 2507 5408 victoriam.

1959 5434 1984 5470 Ρ
2016 5424 2221 5483 Lamb.,
2254 5425 2515 5475 Dominus.

1957 5501 1982 5538 ιι
2017 5492 2154 5542 Idem
2186 5506 2287 5542 neu
2321 5489 2477 5543 liabet
2503 5493 2800 5544 niaximum.

1933 5570 1979 5593 ’τ
2014 5560 2180 5609 Ide-It.
2213 5562 2297 5615 ﬁat
2329 5562 2378 5610 in
2413 5561 2575 5611 medio
2604 5574 2833 5613 nostrum
