3914 6236
499 336 636 392 H55
1112 336 1113 339 “
1474 382 1475 385 η

538 450 539 453 “
1056 444 1371 498 EPISTULA
1417 444 1454 495 .\'
1470 484 1481 494 .

499 534 633 607 Item
678 538 933 607 exemplar
971 529 1208 607 epistola:
1235 534 1768 607 ejusdempapmod
1801 534 2039 607 domuum

569 600 843 672 Pippinum
872 600 1030 669 regem
1061 608 1148 669 per
1180 600 1630 667 LangobardOrum
1660 601 1774 667 (sic)
1818 600 2037 672 dircotm,

563 689 615 723 tn
636 667 748 737 ’σιω
787 667 1099 737 continentur
1149 673 1427 736 gratiarum
1454 674 1674 720 actiones
1704 677 1748 719 et
1781 667 2040 737 uberrima:

478 784 479 787 η
563 734 921 791 benrdictiortcs
954 756 1042 805 pro
1073 734 1168 789 vita
1200 750 1245 789 et
1272 740 1613 790 incolumitate
1635 736 1813 805 ipsius.
1845 737 1920 805 cel
1945 734 2041 805 tio-

561 810 683 863 mitti
704 804 896 868 Caroli,
918 803 962 859 et
989 808 1333 869 Carlommmi,
1358 806 1679 873 nobilissimis
1709 803 1884 853 litteris
1906 803 2036 868 ejus,

561 877 732 929 volens
760 879 1068 946 adjtttorittm
1114 878 1351 946 obtinere,
1382 889 1495 923 cum
1542 872 1708 946 multis
1751 872 2039 946 ndjurotio-

563 947 707 997 nibus
748 938 922 997 contra
962 943 1334 1009 Langobardos,
1366 952 1411 991 ct
1456 946 1506 990 in
1549 939 1794 991 embolum
1825 938 2039 1009 "conti-

562 1027 709 1067 nctttr
744 1006 1224 1077 prrrceptuquuod
1265 1007 1467 1059 Marino
1495 1011 1777 1075 presbytero
1822 1006 2036 1067 direxit,

563 1083 625 1133 de
671 1076 819 1133 titulo
860 1078 1198 1145 Chrysogoni,
1237 1087 1281 1129 et
1325 1078 1388 1127 de
1432 1077 1571 1128 libris
1620 1090 1742 1143 quos
1773 1076 1818 1126 ei
1869 1084 2040 1125 trans-

563 1151 715 1202 misit.
1720 1192 1723 1195 .
1872 1152 1877 1157 ”

510 1280 511 1283 η
562 1231 588 1277 ει
620 1239 824 1290 Domno
865 1234 1313 1289 excellentissimo
1347 1234 1477 1295 lilio,
1507 1241 1559 1284 et
1608 1241 1791 1285 nostro
1820 1229 2041 1297 spiritali

492 1308 744 1393 compatri
791 1325 1011 1392 Pippino
1055 1327 1163 1392 regi
1212 1323 1533 1375 Francctrum
1585 1330 1639 1374 et
1679 1323 1899 1387 patricio
1936 1320 2043 1373 Ro-

494 1432 791 1477 manorum,
827 1416 1016 1467 Paulus
1048 1430 1197 1481 papa.
1302 1410 1309 1415 ’
1390 1472 1400 1481 ,
1526 1420 1527 1423 “

564 1508 855 1573 l’rnperans
881 1506 944 1558 ad
975 1519 1071 1557 nos
1103 1507 1390 1558 litterarum
1447 1513 1801 1566 transvectnr,
1834 1503 2040 1571 Lango-

494 1597 641 1651 bard.
664 1599 885 1657 scilicet,
918 1593 1139 1649 illustris
1177 1594 1277 1659 vir,
1315 1588 1481 1647 lidelis
1509 1594 1825 1647 eximietatis
1848 1606 2041 1646 vesmc

494 1690 705 1750 missus,
733 1686 921 1739 detulit
948 1686 1098 1738 nobis
1142 1694 1441 1737 nectaream
1483 1693 1643 1751 atque
1688 1684 1982 1751 ﬂorigeratn
2010 1698 2038 1735 a

1786 337 1842 388 S.
1887 334 2082 388 PAULI
2122 332 2317 389 PAP/E

2080 444 2119 497 Λ
2146 450 2198 492 et
2236 440 2537 506 longzeviter
2579 445 2723 510 regni
2767 444 3116 511 gubernacula
3167 448 3321 501 faciat
3369 448 3701 515 promereri,

3572 337 3711 393 “56

2145 546 2243 582 una
2275 546 2391 583 cum
2436 531 2734 584 dulcissima
2782 536 3001 602 conjuge
3032 546 3201 588 vestra
3248 537 3700 592 excellentissima

2144 618 2340 687 regina,
2371 620 2609 686 spiritale
2638 636 2825 674 nosmr
2844 634 3151 686 commatre,
3181 633 3235 678 et
3262 628 3453 678 vestris
3481 629 3704 681 nostris-

2142 724 2242 776 que
2261 710 2636 761 amantissimis
2662 714 2815 772 natis,
2840 714 3034 765 domno
3055 713 3243 768 Carolo
3266 724 3317 766 et
3336 714 3701 769 Carlomanno

2143 798 2525 865 potentissimis
2572 800 2806 871 regibus,
2845 809 2899 853 et
2945 803 3136 854 domita
3180 802 3320 855 Gisla
3362 802 3707 856 excellentis-

2142 886 2312 950 sima,
2366 898 2418 939 et
2472 888 2593 941 vita:
2646 898 2859 942 aeterna:
2904 904 3023 945 cum
3067 892 3249 944 electis
3295 891 3387 945 Dei
3444 891 3708 945 concedat

2142 974 2347 1039 gaudia.

2214 1062 2345 1115 Peto
2391 1063 2567 1130 itaque
2624 1074 2678 1117 et
2722 1065 2978 1131 deprecor
3009 1075 3079 1129 te,
3109 1065 3557 1120 excellentissime
3597 1064 3702 1129 ﬁli,

2142 1150 2391 1216 spiritalis
2419 1163 2715 1216 compater,
2738 1165 2894 1222 atque
2933 1156 3024 1221 per
3062 1154 3478 1221 omnipotentem
3535 1154 3704 1215 Deum

2142 1248 2195 1289 et
2223 1236 2415 1305 corpus
2442 1241 2579 1293 beati
2611 1242 2769 1303 Petri.
2794 1243 2943 1311 cujus
2964 1252 3010 1295 et
3042 1242 3273 1309 optimus
3300 1240 3471 1293 lidelis
3492 1239 3702 1301 existis,

2145 1328 2366 1393 conjuro
2393 1336 2447 1381 et
2489 1332 2731 1384 maximis
2772 1318 3542 1399 supplicationibus“deposco,
3570 1344 3708 1397 qua-

2147 1425 2298 1469 tenus
2320 1417 2504 1483 jubeas
2530 1420 2711 1471 sedule
2738 1412 2792 1473 in
2819 1428 2908 1471 tuo
2937 1429 3117 1471 sancto
3154 1429 3207 1473 et
3233 1434 3262 1472 a
3294 1421 3401 1472 Deo
3432 1406 3697 1482 inspirata

2144 1504 2397 1557 mellilluo
2423 1504 2579 1557 eordc
2606 1515 2631 1551 Β
2656 1506 2950 1559 confertum
2985 1508 3237 1560 retinere.
3274 1506 3400 1558 Illud
3432 1505 3577 1574 quod
3609 1519 3708 1558 vos

2144 1604 2339 1645 saneta:
2382 1594 2765 1646 recordationis
2814 1593 3040 1647 domnus
3080 1605 3134 1647 et
3177 1609 3466 1663 germanus
3517 1604 3706 1647 noster

2149 1685 2482 1738 beatissimus
2536 1685 2832 1749 Stephanus
2862 1698 2995 1752 papa
3034 1684 3127 1738 Dei
3156 1696 3283 1738 nutu
3315 1684 3593 1738 admonuit
3620 1691 3706 1736 at-

494 1776 600 1828 Deo
632 1784 879 1841 protectae
904 1774 1228 1828 excellentia:
1259 1786 1444 1824 vestrae
1472 1774 1793 1840 syllabarum
1827 1768 2044 1825 relatio-
2075 1752 2122 1810 Β
2151 1788 2252 1841 que
2296 1775 2606 1839 deprecatus
2631 1782 2713 1825 est
2743 1773 3118 1840 peragendum,
3151 1781 3206 1827 et
3242 1774 3294 1826 in
3338 1787 3400 1827 ea
3438 1773 3707 1827 charitate

495 1879 637 1918 nem.
666 1861 828 1931 Cuius
855 1863 1114 1916 adnexam
1168 1863 1406 1929 paginam
1439 1861 1764 1913 enucleatius
1807 1875 2047 1926 perscru-

493 1960 683 2015 tantes,
705 1966 823 2018 qua:
855 1960 1029 2003 textus
1055 1947 1170 2015 ejus
1197 1948 1539 2015 loquebatur,
1573 1949 1635 1998 ad
1666 1932 1866 2015 singula
1896 1963 2047 2000 com-

493 2043 746 2108 perimus.
789 2040 842 2092 ln
885 2040 1011 2104 ipsis
1059 2039 1253 2106 quippe
1302 2037 1641 2098 sublimitatis
1684 2020 1869 2089 vestra:
1916 2038 2047 2088 atla-

491 2128 632 2181 tibus
672 2127 1073 2181 desiderabilem
1123 2124 1293 2189 nobis,
1341 2136 1395 2177 et
1438 2137 1598 2190 Super
1634 2128 1805 2175 omnia
1860 2123 2048 2189 hujus-

493 2218 635 2270 ntodi
658 2218 1044 2271 delectamento
1074 2214 1480 2281 amplexabilem
1516 2223 1538 2279 φ
1563 2212 1832 2278 so'spitatis
1859 2221 2047 2264 vestra:

492 2307 725 2361 ketitiam
770 2313 1131 2373 agnoscentes,
1162 2302 1406 2359 uberiore
1434 2301 1599 2352 nostri
1630 2301 1793 2351 animi
1851 2310 2044 2353 ovante

488 2392 701 2460 gaudio,
729 2396 954 2445 maxime
1000 2404 1181 2443 sumus
1212 2388 1450 2449 relaxati,
1484 2388 1536 2440 in
1560 2387 1630 2439 id
1680 2378 1816 2454 quod
1869 2395 2042 2452 optata

492 2480 659 2535 nostri
707 2481 1091 2548 protneruitnus
1140 2460 1436 2546 comperire
1474 2478 1668 2530 cordis.
1701 2478 1758 2529 Et
1811 2462 2044 2543 posttnoé

489 2571 614 2629 dum
648 2572 837 2622 nostris
861 2584 889 2618 a
916 2568 1103 2621 vestris
1143 2553 1251 2620 Deo
1298 2565 1635 2619 imitabilibus
1676 2566 1910 2632 vestigiis
1951 2579 2041 2618 re-

490 2659 813 2714 vertentibus
854 2658 1048 2719 missis,
1085 2664 1136 2709 et
1181 2669 1241 2708 ea
1291 2655 1402 2721 ipsa
1444 2664 1634 2708 vestra:
1678 2654 2043 2721 prosperitatis

489 2748 677 2818 gaudia
728 2746 1025 2799 deterentes
1063 2742 1090 2778 ά
1124 2759 1153 2795 a
1206 2745 1356 2797 nobis
1410 2740 1483 2795 in'
1518 2743 1783 2809 responsis
1835 2742 2041 2807 gemina

487 2833 823 2901 exaltationis
844 2832 1147 2899 jucunditas
1172 2844 1352 2882 nostro
1378 2831 1575 2882 inserta
1604 2838 1685 2881 est
1713 2828 1878 2880 cordi.
1910 2828 2041 2879 Nam

489 2933 547 2981 et
574 2924 696 2978 dum
742 2923 793 2975 itt
842 2921 1057 2973 auribus
1098 2916 1270 2972 omnis
1316 2918 1643 2971 sacerdotum
1703 2916 1851 2979 cleri,
1880 2915 2037 2968 etiam

489 3013 827 3079 optimatum,
860 3017 912 3061 et
953 3007 1135 3074 reliqui
1169 3003 1371 3072 pepuli,
1398 3004 1645 3069 ampliata
1676 3010 1867 3067 vestra,
1898 3002 2033 3052 inso-

2147 1870 2302 1927 atque
2341 1860 2570 1912 amicitia
2616 1875 2947 1927 permanere,
2989 1860 3281 1928 coneteque
3326 1860 3564 1927 qualiter
3611 1873 3711 1912 vos

2151 1949 2367 2003 terribili
2406 1949 2776 2003 adhortatione
2804 1948 2834 1985 ιι
2863 1951 3011 2017 petiit
3036 1952 3100 2001 ad
3131 1950 3180 2003 id
3225 1951 3462 2017 implere,
3488 1960 3545 2002 et
3573 1936 3709 2001 cire-

2147 2039 2253 2091 c‘tui
2281 2039 2582 2104 mancipare
2610 2039 2864 2105 jubeatis,
2896 2048 2953 2090 ut
2981 2038 3265 2106 perfectam
3296 2039 3620 2099 mercedem,
3652 2047 3715 2093 et

2145 2127 2429 2192 repositam
2460 2128 2779 2192 plenissimae
2816 2125 3196 2192 redemptionis
3225 2135 3422 2180 nostra
3449 2140 3711 2181 coronam

2144 2227 2173 2264 a
2205 2212 2345 2278 justo
2384 2213 2565 2279 judice
2604 2214 2841 2267 omnium
2868 2213 3161 2280 conditore,
3194 2212 3417 2267 Domino
3442 2214 3555 2268 Deo
3600 2231 3715 2268 no-

2143 2304 2273 2361 stro,
2302 2300 2391 2367 qui
2423 2314 2514 2353 vos
2544 2302 2595 2353 itt
2626 2315 2802 2368 regem
2848 2301 3016 2363 unxit,
3054 2301 3307 2367 consequi
3336 2303 3711 2379 intercamini,

2150 2384 2166 2422 ί
2195 2395 2249 2439 et
2274 2388 2460 2455 gaudia
2487 2398 2698 2443 attenta:
2722 2389 3060 2442 beatitudinis
3082 2402 3198 2441 cum
3222 2390 3417 2442 sanctis
3440 2398 3495 2442 et
3522 2391 3713 2445 electis

2149 2476 2264 2538 Dei.
2316 2478 2438 2530 dum
2493 2478 2699 2546 plebem
2742 2478 3058 2532 dominicam
3108 2479 3390 2548 perfectius
3431 2480 3712 2545 'liberans,

2146 2578 2303 2633 atque
2359 2578 2595 2620 sanctam
2650 2567 2743 2621 Dei
2798 2569 3085 2622 Ecclesiam
3135 2568 3462 2634 defendens,
3509 2571 3710 2623 divinae

2146 2654 2407 2719 maiestati
2452 2656 2466 2702 i
2519 2656 2739 2708 illaesum
2787 2670 2818 2707 a
2864 2655 3192 2707 satvientium
3237 2656 3433 2707 malitia
3477 2671 3710 2725 praeser-
3762 2688 3779 2691 —

2144 2742 2369 2793 vaveris.
2404 2740 2505 2792 l’ro
2524 2750 2719 2817 quoet
2766 2756 3008 2808 magnam
3040 2750 3168 2809 post
3212 2744 3398 2807 Deum,
3429 2744 3709 2813 benignis—

2141 2828 2277 2879 sime
2326 2841 2447 2891 rex,
2493 2813 3142 2894 itt‘tukpollicitationis
3187 2832 3493 2898 sponsione,
3542 2850 3707 2901 quam

2142 2913 2293 2967 beato
2330 2913 2487 2967 Petro
2526 2915 2815 2980 contulisti,
2859 2915 2972 2984 spei
3010 2918 3240 2984 gerimus
3284 2907 3562 2982 ﬁduciam,
3600 2936 3709 2973 una

2143 3016 2262 3055 cum
2309 3002 2453 3054 oumi
2507 3003 2720 3069 populo
2768 3003 2919 3057 istius
2979 3006 3264 3079 provincia:
3312 3022 3345 3059 a
3398 3008 3551 3061 vobis
3610 3023 3710 3062 re-

491 3056 699 3153 nbisset
725 3056 1083 3163 prosperitatis
1122 3094 1321 3154 laetitia,
1349 3100 1401 3144 et
1440 3106 1502 3143 ex
1535 3091 1633 3142 hoc
1660 3090 1823 3142 nimio
1856 3088 2038 3154 repleti
2070 3056 2114 3116 Ο
2147 3089 2382 3155 dempto.

488 3185 1046 3256 gaudio-gratulantes,
1074 3182 1375 3234 exnltarunt
1403 3195 1502 3231 una
1551 3180 1824 3230 nobiscum
1853 3176 1904 3229 in
1942 3177 2043 3228 Do-

493 3276 659 3339 mino,
691 3274 864 3343 agnita
897 3272 1146 3324 nimirum
1180 3268 1373 3337 proorii
1405 3276 1522 3334 post
1548 3266 1710 3321 Deum
1746 3266 2041 3320 defensoris

486 3367 761 3433 sospitate.

556 3453 738 3516 Porro,
779 3448 1223 3504 excellentissime
1269 3456 1321 3498 et
1363 3461 1392 3496 a
1442 3444 1554 3497 Deo
1602 3451 1808 3497 servate
1858 3442 1953 3506 fili,
1983 3449 2038 3495 et

482 3539 735 3611 spiritalis
774 3547 1062 3603 compaler,
1099 3523 1393 3585 vehementi
1440 3532 1719 3584 dilectione
1771 3544 1864 3583 vos
1911 3546 2034 3596 erga

483 3644 717 3684 amorem
765 3628 1120 3695 apostolorum
1175 3622 1423 3689 principis
1477 3623 1613 3674 beati
1680 3620 1819 3675 Petri
1872 3628 2034 3689 atque

483 3721 627 3775 circa
650 3726 881 3770 nostram
912 3720 934 3747 ⁶
962 3713 1267 3766 citaritatem
1300 3724 1393 3761 vos
1420 3710 1640 3775 ﬂagrare
1665 3709 2032 3775 experimento

484 3807 787 3868 didicimus,
815 3802 1106 3871 praesertim
1151 3802 1277 3855 dum
1321 3802 1430 3868 ipsa
1477 3802 1800 3853 excellentiae
1844 3808 2031 3854 vestra:

486 3872 712 3971 epistola
738 3893 1005 3949 ebaritatis
1031 3892 1238 3944 calamo
1274 3892 1509 3945 cernitur
1555 3905 1672 3943 esse
1711 3890 2028 3956 censeripta.

406 4012 419 4017 ν·
482 3989 691 4045 Etenim
731 4002 796 4040 ex
834 3985 993 4040 corde
1023 3984 1193 4050 lingua
1226 3983 1446 4034 tinxerat
1475 3981 1611 4048 quod
1647 3981 1696 4031 in
1722 3980 1919 4031 chartae
1948 3972 2030 4031 re-

480 4080 727 4133 fundebat
777 4078 1035 4144 paginam.
1082 4074 1432 4139 Quamobrem
1479 4084 1693 4137 magnas
1738 4071 2026 4137 gratiarum

481 4168 739 4229 actiones,
768 4180 796 4214 a
827 4165 931 4214 Deo
979 4156 1234 4227 protecte,
1262 4156 1589 4212 excellentia:
1620 4166 1809 4209 vestrm
1850 4156 2027 4207 referi-

484 4269 621 4325 mus,
646 4252 889 4320 quoniam
922 4249 1043 4300 dum
1073 4250 1317 4300 nimirum
1348 4246 1522 4298 divina
1554 4254 1604 4298 te
1630 4245 1904 4297 clementia
1936 4258 2032 4309 per

482 4346 830 4396 interventum
862 4337 939 4390 sui
973 4337 1217 4404 principis
1254 4334 1634 4402 apostolorum,
1670 4334 2023 4395 defensorem,

481 4441 641 4497 atque
684 4427 1066 4493 Opitulatoreut,
1118 4424 1491 4491 benignissime
1536 4437 1647 4482 rex.
1679 4429 1873 4474 sancta:
1915 4433 2025 4472 Suae

427 4556 433 4566 .
482 4517 755 4571 constituit
795 4515 1059 4573 Ecclesitc,
1086 4527 1210 4564 cura
1243 4521 1427 4564 vestra:
1456 4512 1739 4565 eximietati
1771 4510 1789 4547 ί
1822 4512 2028 4564 insistat

489 4606 776 4675 perfectam
846 4603 1258 4665 redemptionem
1326 4602 1471 4652 istius
1530 4602 1810 4667 provincia:
1874 4610 2027 4665 atque

480 4690 1032 4756 exaltationem'bujns
1054 4701 1248 4741 sancta:
1278 4690 1521 4741 Ecclesia:
1553 4703 1852 4756 procurare.
1880 4688 2027 4740 Unde

462 4784 689 4838 Domini
738 4782 826 4833 Dei
860 4780 1045 4842 nostri,
1075 4796 1174 4831 una
1204 4794 1321 4832 eum
1357 4782 1601 4831 uiiiverso
1632 4774 1845 4845 populo’
1874 4780 2023 4830 nobis

478 4872 777 4932 commisso,
811 4869 1149 4933 imploramus
1185 4868 1535 4934 cletttcntiatn,
1564 4878 1616 4919 ttt
1652 4882 1742 4920 sua
1769 4880 1862 4917 vos
1907 4882 2023 4931 prn-

480 4976 616 5033 tegat
641 4964 833 5029 gratia;
861 4971 914 5014 et
944 4961 1212 5013 victoriam
1258 4962 1403 5012 vobis
1430 4963 1494 5014 de
1530 4962 1663 5013 cmlo
1695 4962 2018 5021 ministram,

478 5062 693 5107 cunctas
723 5053 967 5104 barbaras
999 5055 1231 5103 nationes
1262 5054 1448 5103 vestris
1490 5052 1727 5103 subiiciat
1763 5053 2019 5116 vestigiis,

544 5214 565 5239 ι·
600 5206 798 5266 Grets.,
828 5214 872 5254 et
904 5219 953 5253 m
989 5203 1205 5265 embolo;
1239 5205 1444 5263 Latnb.,
1472 5217 1513 5256 et
1544 5208 1594 5255 in
1639 5208 1829 5258 cmbolo
1862 5208 2018 5256 mnti-

476 5284 615 5325 σιειυν
640 5273 700 5323 de
735 5282 981 5335 pt‘tl’ceplt)
1011 5275 1159 5334 quod.

542 5344 566 5377 δ
597 5339 795 5403 Grets.,
822 5341 1026 5391 Summ.
1061 5342 1140 5398 ιδ,
1170 5340 1302 5399 apud
1337 5340 1451 5390 thr.
1487 5355 1534 5391 ct
1566 5342 1779 5392 Cuntur.

542 5419 563 5444 ε
595 5409 800 5467 Lamb.,
830 5409 1242 5473 antplcctabilcm.

537 5474 562 5511 ά
599 5478 819 5536 ldetn.(t
848 5480 1004 5527 vobis.

542 5551 563 5610 ξ
594 5544 753 5605 ldettt,
784 5544 1075 5593 clmrt'tntmt
1103 5548 1341 5610 ﬂagrum“.

541 5608 562 5645 ‘
594 5610 753 5675 Idem,
787 5612 987 5663 insistit.

2214 3177 2455 3232 Salutant
2500 3178 2676 3246 itaque
2725 3193 3061 3235 communem
3120 3181 3454 3237 excellentia:
3504 3196 3709 3239 vestra

2142 3269 2593 3323 Christianitatem
2637 3270 2814 3321 cuncti
2868 3270 3195 3336 sacerdotes,
3222 3280 3275 3325 et
3319 3275 3492 3327 clerus
3544 3275 3708 3327 istius

2139 3369 2335 3413 sancta:
2362 3359 2641 3411 catholicae
2669 3367 2743 3410 et'
2767 3359 3073 3426 apostolica:
3116 3359 3366 3414 Romana:
3414 3361 3701 3417 Ecclesiae.

2137 3446 2380 3500 Salutant
2426 3458 2520 3498 vos
2563 3454 2618 3499 et
2664 3456 2890 3500 cunctus
2934 3450 3211 3521 procerum
3257 3459 3490 3515 senatus,
3536 3465 3709 3517 alme

2138 3538 2331 3590 diversi
2366 3538 2540 3604 populi
2581 3538 2939 3606 congregatio,
2971 3534 3215 3604 optantes
3245 3554 3345 3592 una
3388 3541 3702 3607 nobiseum,

2137 3625 2205 3679 de
2235 3634 2406 3678 vestra
2448 3625 2773 3692 amplissima
2814 3626 3162 3695 prosperitate
3196 3635 3249 3680 et
3289 3629 3556 3683 uberrima
3602 3632 3703 3683 '1'-

2139 3714 2246 3768 titia
2285 3715 2372 3767 diu
2418 3717 2667 3781 gaudere,
2697 3724 2748 3767 et
2776 3715 2828 3768 in
2857 3714 3078 3771 Domino
3110 3716 3219 3769 Deo
3256 3718 3469 3771 salutari
3502 3731 3725 3783 nostro_

2136 3804 2421 3857 exsultare.
2471 3804 2789 3857 Incolumem
2840 3803 3204 3860 excellentiam
3254 3815 3482 3859 vestram
3521 3811 3700 3877 gratia

2134 3907 2359 3959 superna
2389 3894 2672 3946 custodiat.

2782 3997 3021 4037 EMBOLUI
3032 4022 3043 4035 .

2204 4071 2301 4124 Per
2325 4071 2479 4123 aliam
2512 4072 2703 4138 quippe
2731 4072 3002 4139 epistolam
3048 4084 3193 4124 suam
3233 4084 3273 4125 ι.
3300 4071 3415 4125 Deo
3444 4082 3690 4140 protecta

2134 4157 2411 4211 eximietas
2456 4166 2626 4210 vestra
2667 4159 2804 4211 sicut
2827 4166 2970 4212 certe
2996 4171 3092 4211 suo
3120 4160 3255 4212 bene
3286 4159 3517 4225 cupienti
3552 4164 3694 4226 patri

2108 4247 2355 4312 direxit,
2401 4256 2660 4315 quatenus
2706 4246 2910 4300 titulum
2969 4248 3281 4314 protectoris
3324 4247 3485 4300 vestri
3541 4247 3693 4302 beati

2132 4334 2326 4395 Christi
2358 4342 2602 4411 martyris
2642 4339 2970 4407 Chrysogoni
3014 4354 3130 4391 cum
3161 4339 3404 4393 omnibus
3431 4339 3532 4391 sibi
3564 4355 3696 4407 per-

2134 4429 2417 4481 tinentibus
2458 4426 2802 4480 dilectissimo
2830 4436 2984 4493 atque
3026 4424 3332 4477 ﬁdelissimo
3372 4425 3526 4477 vobis
3573 4425 3691 4478 Mi-

2130 4517 2247 4570 rino
2277 4516 2586 4581 presbytero
2610 4513 2897 4566 concedere
2917 4511 3251 4575 deberemus.
3276 4510 3350 4566 De
3374 4527 3479 4579 quo
3502 4510 3529 4549 ε
3553 4527 3693 4583 pra»

2129 4617 2338 4671 ceptum
2367 4602 2692 4671 nobis’dirigi
2722 4602 2949 4669 petistis,
2972 4601 3110 4670 quod
3139 4615 3325 4669 nempe
3347 4601 3417 4653 ob
3446 4612 3687 4654 vestram

2130 4696 2487 4758 dilectionem,
2521 4702 2573 4745 et
2604 4694 2653 4744 itt
2682 4707 2747 4745 eo
2774 4691 2911 4760 quod
2958 4691 3126 4743 ﬁdelis
3168 4698 3344 4743 vester
3390 4698 3688 4759 nosterque.

2132 4784 2269 4837 idem
2298 4784 2654 4835 sanctissimus
2679 4791 2834 4848 atque
2862 4779 3234 4833 dilectissimus
3264 4777 3491 4830 Marinus
3518 4792 3653 4846 pres

2131 4875 2282 4939 byter
2321 4873 2522 4933 existit,
2556 4870 2754 4938 prchati
2801 4869 2937 4921 tituli
2978 4874 3322 4934 prmceptum,
3354 4852 3689 4918 cumoan-

2129 4964 2223 5014 bus
2246 4961 2374 5014 locis
2392 4971 2443 5015 et
2468 4959 2885 5026 possessionibus
2907 4957 3001 5008 sibi
3027 4969 3106 5021 pet
3124 4952 3433 5017 tinentibus,
3457 4946 3689 5008 urbanis

2130 5054 2207 5106 vel
2236 5054 2446 5105 rusticis
2481 5052 2628 5102 vobis
2666 5058 2955 5106 exaratum.
2986 5054 3138 5111 atque
3169 5058 3325 5101 manu
3368 5052 3554 5098 nostra
3596 5059 3711 5119 τοοῇ

2196 5215 2218 5250 8
2252 5207 2447 5267 Grels.,
2479 5213 2802 5267 contpemmt.
2864 5202 2867 5205 ’
3151 5265 3158 5267 A
3258 5265 3264 5267 ἒ
3422 5252 3425 5253 ν

2196 5272 2217 5307 ¹¹
2250 5260 2454 5325 Lamb...
2486 5260 2829 5321 adhortatione
2851 5267 3119 5333 atljttrut'it,
3145 5265 3370 5329 implere,
3396 5274 3451 5316 et
3476 5260 3695 5331 electu

2122 5343 2406 5405 titanripare
2428 5339 2670 5406 jttbentis,
2705 5347 2776 5388 nt.

2197 5410 2212 5447 ί
2251 5400 2408 5464 Idem,
2428 5400 2479 5457 ἐι
2508 5408 2692 5470 gaudia
2720 5414 2768 5455 in
2791 5413 2972 5457 (eterna
2999 5400 3321 5453 beatitudine.

2194 5480 2205 5524 t
2245 5477 2414 5535 ldetn,
2462 5475 2673 5524 illazsnm
2719 5490 2749 5521 (ι
2795 5473 3093 5525 εαυυὶεηιὶιιηι
3138 5470 3337 5532 malitia
3397 5482 3690 5537 prmum-

2121 5548 2261 5597 t'oris.
2990 5590 2993 5597 ,
3032 5556 3045 5564 ⁷·

2135 5611 2142 5619 ’
2195 5616 2215 5647 ιι
2252 5612 2411 5673 Ιιιυιιι,
2445 5622 2488 5662 ct
2518 5618 2812 5675 prn'reptttm
2840 5608 2970 5659 vobis
