3908 6326
263 329 386 386 lli»?

1650 310 2020 367 El’lS'l'UluE.

3326 301 3462 358 “58

261 441 516 496 boratum,
547 447 636 500 per
697 433 876 483 liartnn
919 431 1133 480 latorem
1185 423 1467 476 direximus
1514 422 1798 475 eximietati
1830 424 1873 477 Α
1905 420 2136 471 tulerttnt
2186 416 2334 467 nobis
2382 414 2715 467 honorandus
2769 411 3027 480 nimisque
3078 410 3452 466 desideranda:

258 533 439 576 vestra:
471 519 878 585 deportandum.
914 517 1208 567 Diresitnus
1247 514 1399 565 etiam
1437 512 1800 576 praecellentia:

258 621 440 664 vestrm
475 619 527 661 et
573 608 755 667 libros,
787 615 1007 670 quantos
1040 603 1270 670 reperire
1314 601 1597 666 potuimus,
1639 599 1685 650 id
1725 606 1805 649 est

261 696 607 762 Antiplionale
631 707 681 745 et
717 694 1057 759 Responsalc,
1094 692 1296 743 insimul
1338 702 1501 742 artem
1533 689 1808 740 Gramma-

260 786 405 836 ticam
435 781 752 840 Aristotelis,
791 779 1022 846 Dionysii
1055 781 1346 845 Areopagiti
1380 780 1562 836 libros,
1589 777 1810 827 Geome-

261 874 460 934 tricam,
487 871 952 938 Orthograpltiatn,
988 871 1412 930 Grantrnaticain,
1445 882 1630 920 omnes
1661 867 1806 919 Grut-

259 974 315 1010 co
345 959 557 1027 eloquio
599 961 903 1025 scriptores,
947 972 1042 1011 nec
1083 973 1184 1008 non
1226 968 1278 1008 ct
1326 956 1652 1020 horologium
1711 967 1806 1004 no-

260 1058 524 1099 cturnutn.
975 1055 977 1058 ’

809 1132 1126 1186 EPISTULA
1169 1131 1254 1184 ΧΙ.

261 1225 380 1279 item
413 1225 669 1292 exemplar
690 1227 907 1292 epistola:
930 1224 1153 1291 ejusdem
1176 1238 1319 1290 papa:
1335 1223 1402 1273 ad
1423 1224 1658 1272 damnum
1689 1221 1809 1292 l’ip-

326 1297 500 1358 pinum
533 1290 696 1360 regim
720 1290 808 1356 per
834 1301 857 1325 "
889 1290 1210 1358 W'nlfrtrdum
1242 1302 1285 1343 et
1330 1295 1488 1342 socios
1531 1295 1635 1358 ejus
1678 1290 1809 1339 dirc-

320 1375 442 1424 ctic;
487 1364 536 1412 in
577 1359 676 1428 qua
721 1363 1038 1411 continentur
1086 1362 1346 1411 uberrima:
1392 1359 1698 1428 [emicaret
1748 1361 1810 1407 (le

321 1433 486 1481 missis
534 1425 852 1498 apostolicis,
898 1432 970 1479 vel
993 1429 1282 1498 Crwcoruut
1307 1427 1330 1463 ι)
1363 1430 1412 1478 in
1443 1425 1664 1478 Francia
1705 1443 1810 1476 mo-

321 1497 575 1564 rantibus,
607 1515 693 1550 seu
713 1498 774 1550 de
797 1497 1012 1565 Georgio
1043 1510 1062 1535 ε
1093 1509 1137 1548 ει
1167 1497 1338 1547 Petro.

324 1586 347 1622 ⁶¹
379 1588 588 1639 Domno
617 1587 1062 1640 excellentissimo
1107 1587 1235 1647 lilio,
1284 1594 1336 1654 et
1380 1594 1561 1657 nostro
1591 1582 1810 1646 soit'itali

259 1675 512 1741 Compatti
546 1675 767 1741 Pippino
799 1675 1120 1727 Francorum
1153 1675 1260 1741 regi
1293 1684 1345 1726 et
1375 1672 1590 1739 patricio
1617 1672 1810 1722 Roma-

259 1777 440 1813 norum
475 1761 674 1826 Paulus
701 1775 853 1829 papa.

332 1861 354 1885 ε
388 1849 581 1903 V'otiva
607 1851 782 1903 cordis
806 1851 971 1902 nostri
998 1851 1280 1912 desidet-ia,
1309 1858 1361 1902 et
1384 1850 1552 1902 intimi
1585 1847 1812 1916 pecteris

258 1940 523 2005 affectum,
555 1950 607 1991 ut
641 1950 824 1993 vestra:
849 1941 1173 1994 excellentia:
1220 1941 1592 1994 beneliciornm
1622 1938 1811 1993 sull'ra-

261 2033 342 2097 g.‘a
372 2028 388 2065 ι
425 2038 618 2082 sancta:
638 2030 726 2082 Dei
754 2029 998 2083 ECClCSlCC
1021 2039 1137 2083 vota
1157 2032 1507 2096 prolerentes,
1530 2030 1810 2095 Optabilem

261 2121 517 2184 nimisque
542 2121 820 2183 amabilem
859 2121 1081 2173 salutem
1127 2120 1390 2187 praecelsa:
1421 2118 1810 2194 Cbristianitatl

257 2220 471 2278 vestrae,
498 2221 656 2278 atque
681 2212 1159 2276 excellentissima},
1183 2221 1236 2264 et
1266 2220 1458 2264 nostr:B
1497 2211 1813 2280 benignissi-

258 2315 358 2354 mze
403 2301 555 2364 ﬁliae,
597 2309 650 2353 et
677 2302 982 2364 commatri,
1023 2302 1234 2367 optimze
1275 2302 1505 2368 reginas,
1554 2301 1812 2368 simulque

258 2390 636 2442 amantissimis
653 2403 712 2442 ac
729 2390 995 2456 praeclaris
1014 2391 1200 2441 vestris
1223 2389 1519 2457 nostrisque
1536 2391 1586 2441 ln
1603 2387 1812 2442 CbriSto

257 2480 572 2532 amabilibus
601 2478 720 2542 ﬁliis
749 2477 903 2532 Cario
935 2488 989 2531 et
1026 2478 1380 2531 Carlomanno
1425 2479 1812 2532 excellentissi-

261 2568 360 2619 mis
391 2568 597 2635 regibus
626 2567 946 2620 Francorum
975 2577 1028 2618 et
1053 2568 1280 2634 patriciis
1303 2567 1686 2632 Romanorum,
1717 2583 1814 2622 nec

260 2670 364 2709 non
389 2665 444 2707 et
471 2656 713 2709 omnibus
745 2642 1186 2709 reverentissimis
1235 2656 1481 2709 fratribus
1529 2659 1724 2711 nostris
1755 2672 1815 2711 ac

259 2743 616 2798 dilectissimis
651 2745 800 2797 nobis
830 2745 1112 2812 episcopis,
1147 2742 1504 2814 presbyteris;
1547 2748 1703 2798 etiam
1738 2761 1819 2798 re-

262 2835 464 2903 ligiosis
493 2833 788 2896 abbatibus,
820 2835 1079 2901 simulque
1108 2845 1162 2887 et
1190 2835 1391 2888 cunctis
1438 2837 1778 2902 optimatibus
1798 2879 1812 2900 ,

258 2921 542 2990 iudicibus.
571 2921 791 2975 ducibus
824 2922 1070 2974 videlicet
1100 2933 1152 2973 et
1182 2924 1484 2985 comitibus,
1512 2939 1606 2976 nec
1635 2939 1737 2977 non
1763 2934 1819 2978 et

263 3013 513 3064 universo
540 3027 566 3060 a
597 3011 806 3064 Christo
836 3011 1056 3078 proteci
1083 3010 1404 3062 Francorum
1429 3004 1572 3076 regni
1597 3004 1814 3078 populo,

263 3103 414 3155 vobis
444 3101 863 3169 subiacentibus,
900 3101 1224 3153 destinamus
1255 3115 1538 3166 perennem
1568 3101 1810 3154 salutem.

264 3189 614 3243 Persistcntes
642 3189 798 3241 etiam
829 3203 926 3240 una
957 3189 1228 3241 nobiscum
1260 3198 1312 3240 et
1343 3191 1392 3240 in
1425 3190 1607 3240 osculo
1638 3189 1816 3242 chari-

266 3277 391 3335 tatis
420 3290 510 3328 vos
537 3275 940 3341 amplectentes,
995 3276 1222 3327 universi
1269 3276 1586 3327 sanctissimi
1631 3278 1819 3330 [ratres

265 3364 431 3415 nostri
461 3362 688 3430 episcopi
711 3401 727 3426 ,
762 3364 1051 3430 presbyteri
1079 3364 1235 3416 etiam
1258 3408 1271 3428 ,
1303 3375 1357 3416 et
1383 3373 1599 3417 cunctus
1623 3373 1818 3418 sancta:

263 3463 319 3503 et
345 3450 594 3518 spiritalis
625 3453 803 3503 matris
834 3461 1023 3503 vestrze
1048 3453 1297 3503 “ornante
1326 3453 1571 3506 Ecclesia:
1599 3453 1820 3508 clerici».

266 3552 384 3590 rum
434 3537 599 3596 ordo.
643 3547 696 3590 et
740 3553 1047 3604 procerum,
1091 3541 1400 3605 Optimatum
1425 3549 1474 3603 Β,
1509 3549 1562 3593 et
1589 3537 1816 3598 universi

269 3624 494 3677 Romani
523 3628 692 3690 magni
718 3625 795 3678 vel
829 3624 1048 3678 minoris
1084 3630 1425 3696 congregatio
1448 3667 1462 3691 ,
1512 3628 1707 3684 sedulis
1736 3631 1816 3683 in-

269 3713 688 3766 terventionibus
720 3729 811 3778 pro
840 3720 939 3765 vita
972 3723 1024 3766 et
1052 3714 1420 3768 incolumitatis
1458 3722 1647 3768 vestrae
1686 3714 1822 3774 laeti-

269 3801 366 3863 tia,
393 3799 702 3866 cmlitusqne
732 3801 875 3852 vobis
903 3802 1255 3855 concede-udis
1283 3799 1516 3857 victoriis
1538 3843 1552 3869 ,
1593 3804 1819 3879 divinam

271 3886 545 3940 nobiscum
571 3888 909 3952 deprecantes
937 3888 1288 3941 clementiam.
1323 3889 1384 3942 Et
1417 3906 1540 3944 vere
1582 3891 1820 3945 debitum

270 3977 424 4029 vobis
452 3987 555 4038 εει,
584 3978 1031 4030 excellentissime
1063 3979 1153 4040 ﬁli,
1182 3991 1468 4046 nosterque
1500 3995 1615 4046 pou
1657 3979 1819 4035 Deum

271 4067 522 4118 defensor
541 4079 602 4116 ac
635 4061 899 4126 liberator,
930 4067 1095 4116 solittn
1129 4067 1544 4120 ltonoriﬁcenti:e
1573 4066 1820 4122 allectum

273 4153 602 4219 persolvere,
631 4160 684 4205 et
707 4153 991 4215 impensius
1020 4141 1349 4207 salutationis
1372 4157 1528 4207 verba
1560 4170 1815 4219 promere,

273 4251 330 4295 et
358 4257 419 4294 ea
447 4257 563 4307 quae
593 4240 656 4292 ad
699 4242 844 4307 regni
870 4242 1030 4293 vestri
1075 4243 1378 4296 imtnensam
1405 4241 1432 4280 ³
1462 4244 1822 4296 exsultationis

1849 507 1852 510 ’
1907 506 2133 575 syllabas
2169 504 2534 569 praccllentize
2562 514 2768 556 vestrm.
2794 503 2937 568 Quas
2967 516 3085 552 cum
3115 501 3165 553 in
3194 512 3452 553 conventu

1909 596 2123 647 fratrum
2155 593 2690 659 consacerdotttmq-tc
2720 607 2957 646 tttcorttm
2978 632 2990 650 ,
3040 599 3088 642 et
3119 591 3247 644 clcri
3295 599 3453 657 atque

1906 685 2077 737 cuncti
2124 683 2375 734 laicornm
2427 683 2623 733 ordinis
2651 694 2788 735 thlll
2818 684 3124 750 legissemus
3147 723 3161 743 ,
3195 683 3360 734 nostri
3391 697 3453 734 ac

1908 775 2062 825 vestri
2110 773 2285 834 missi,
2318 787 2378 822 ea
2409 774 2611 837 sibique
2651 789 2677 822 a
2713 775 2857 825 vobis
2887 774 3112 840 injnneta
3141 814 3155 835 ,
3186 774 3252 827 de
3280 781 3454 827 Vestra

1909 862 2251 914 immutabilis
2286 861 2475 912 mentis
2504 860 2822 922 constantia,
2873 871 2923 911 et
2974 863 3211 927 pnri'atis
3240 860 3454 929 integri.

1909 961 2032 1009 tate,
2066 964 2220 1014 quam
2271 963 2366 1014 pro
2412 963 2506 1015 spe
2555 956 2749 1001 sancta:
2804 950 2890 1000 Dei
2946 951 3214 1014 Ecclesiae,
3242 961 3294 1004 et
3333 951 3453 1004 ﬁdei

1911 1027 2212 1091 orthodoxa:
2245 1038 2439 1090 habere
2470 1037 2737 1098 videmini,
2771 1039 3092 1095 retnl'ssent.
3126 1038 3262 1090 illico
3288 1038 3453 1091 nimio

1910 1129 2096 1196 gaudio
2128 1113 2332 1192 repleti.
2363 1127 2586 1179 elevatis
2616 1128 2678 1178 ad
2714 1127 2909 1180 mtbera
2959 1125 3156 1190 oculis,
3191 1118 3457 1179 extensise

1908 1231 2009 1281 que
2058 1216 2242 1281 palmis
2295 1215 2579 1268 immensas
2621 1214 2968 1282 omnipotenti
3023 1214 3129 1265 Deo
3182 1223 3360 1268 nostro
3407 1221 3462 1269 et

1911 1314 2097 1357 vestra:
2125 1305 2447 1358 excellentia:
2479 1302 2499 1339 ¹ι
2532 1303 2744 1355 tulimus
2769 1313 2968 1371 grates,
2994 1303 3283 1372 angelicam
3316 1304 3458 1357 illam

1914 1410 2006 1461 pro
2047 1396 2235 1447 vestris
2284 1394 2483 1447 meritis
2526 1393 2716 1446 divina:
2763 1393 2877 1460 ejus
2927 1394 3170 1458 potentiae
3210 1401 3463 1445 canentes

1859 1514 1865 1520 -
1913 1484 2120 1537 laudem
2150 1483 2167 1519 ι
2196 1481 2401 1536 :Gloria
2429 1484 2480 1535 in
2507 1484 2714 1536 excelsis
2740 1482 2863 1544 Deo,
2885 1489 2930 1533 et
2958 1483 3006 1534 in
3030 1493 3161 1533 terra
3181 1498 3280 1546 pax
3302 1483 3463 1534 hami-

1915 1572 2058 1623 nibus
2087 1572 2226 1622 bona:
2273 1571 2563 1622 voluntatis.
2605 1570 2783 1635 Neque
2824 1569 2963 1620 enim
2996 1569 3129 1620 bone
3179 1585 3266 1622 rex
3309 1570 3464 1622 aliter

1915 1665 2121 1708 mentes
2153 1655 2378 1708 ﬁdelium
2428 1640 2644 1709 credere
2674 1665 2948 1722 poterant,
2983 1664 3017 1690 ιη
3047 1670 3204 1722 quam
3238 1657 3376 1722 quod
3411 1659 3460 1710 in

1841 1740 1884 1797 Β
1914 1757 2091 1795 earum
2137 1757 2200 1794 ex
2246 1744 2490 1807 operibus
2539 1753 2814 1794 cernentes
2856 1743 3206 1809 comperimus
3244 1757 3270 1793 a
3317 1744 3464 1796 vobis

1855 1841 1858 1844 ‘
1914 1835 2216 1898 peractum,
2268 1829 2355 1896 qui
2403 1845 2496 1897 pro
2547 1832 2731 1882 intuitu
2788 1831 3041 1883 humanas
3088 1833 3361 1885 suasiones
3413 1842 3466 1885 et

1913 1921 2098 1972 inanes
2133 1920 2507 1984 promissiones
2535 1929 2842 1984 respuentes
2865 1960 2881 1983 ,
2914 1920 3042 1972 nihil
3071 1922 3238 1973 amori
3271 1931 3322 1974 et
3350 1937 3466 1975 cer-

1911 2009 2112 2070 tamini,
2143 2016 2167 2042 η
2197 2010 2337 2076 quod
2361 2024 2482 2075 erga
2515 2009 2723 2061 beatum
2757 2009 2967 2062 Petrum
2998 2009 3201 2076 geritis,
3251 2027 3460 2080 [πτερο-

1911 2113 2037 2153 nere
2066 2099 2345 2152 maluistis.
2377 2099 2477 2154 Sed
2507 2103 2679 2153 omnia
2713 2110 2920 2154 terrena
2952 2102 3090 2154 lucra
3117 2105 3258 2155 velut
3290 2103 3456 2156 lutunt

1910 2186 2049 2255 quod
2072 2186 2296 2253 pedibus
2323 2188 2655 2241 conculcatur
2687 2197 3016 2257 reputantes.
3047 2192 3093 2242 ei
3125 2206 3218 2241 vos
3252 2191 3460 2257 placere

1909 2277 2126 2343 ejusque
2156 2275 2412 2329 mandatis
2455 2279 2576 2332 t0tis
2621 2278 2823 2330 nisibus
2871 2278 3238 2345 obtemperare
3271 2290 3462 2334 vestra:

1912 2366 2149 2428 imminet
2193 2379 2352 2419 curm.
2383 2365 2448 2419 Et
2494 2366 2686 2420 idcirco
2708 2408 2722 2430 ,
2753 2382 2878 2420 ecce
2904 2367 3039 2420 bone
3071 2384 3184 2431 rex,
3218 2371 3467 2436 prmcelse

1902 2448 2006 2519 illi,
2037 2465 2088 2507 et
2115 2458 2361 2522 spiritalis
2389 2451 2676 2523 compater,
2711 2459 3076 2512 tbesaurizasti
3128 2461 3222 2514 tibi
3253 2465 3465 2514 thesau-

1914 2561 2002 2598 ros
2030 2547 2260 2598 inllnitos
2291 2547 2342 2598 in
2373 2547 2592 2601 sidereis
2622 2547 2853 2610 arcibus,
2881 2548 2966 2599 ubi
2996 2563 3174 2616 aerugo
3202 2566 3304 2600 non
3330 2565 3469 2617 prae-

1917 2635 2071 2698 valet,
2096 2648 2191 2688 nec
2217 2635 2352 2688 tinea
2377 2649 2437 2687 ea
2457 2651 2572 2703 qua:
2596 2635 2752 2703 justi:
2777 2636 3048 2688 tribuenda
3075 2646 3195 2689 sunt
3223 2641 3469 2691 consumi

1918 2736 2165 2792 possunt,
2199 2727 2324 2780 dum
2355 2726 2424 2779 ita
2471 2728 2782 2780 mirabiliter
2830 2726 3094 2794 prmcelsa:
3142 2729 3468 2783 excellentia:

1919 2826 2108 2869 vestrae
2130 2830 2287 2883 opera
2311 2819 2543 2878 rutilant,
2567 2818 2686 2885 quis
2705 2819 2769 2871 de
2793 2817 2941 2870 vobis
2961 2820 3332 2886 quoquomodo
3355 2834 3470 2873 am-

1919 2906 2097 2974 bigere
2115 2907 2297 2973 possit,
2319 2907 2446 2959 dum
2467 2920 2528 2959 ea
2550 2922 2664 2974 qua:
2689 2905 2840 2959 beato
2863 2908 3020 2960 Petro
3043 2907 3279 2974 polliciti,
3313 2917 3367 2960 et
3396 2907 3466 2962 ob

1919 2993 2118 3046 veniam
2151 3001 2439 3048 vestrorum
2467 2996 2760 3049 concedere
2789 2996 3061 3048 studuistis
3100 2997 3419 3049 delictorum
3444 3037 3459 3058 ,

1919 3079 2116 3132 illibato
2158 3082 2269 3145 ejus
2309 3081 2425 3147 jure
2456 3083 2756 3150 perenniter
2804 3082 3214 3150 permanendum
3248 3097 3469 3136 conser-

1920 3181 2041 3220 vare
2067 3167 2300 3234 satagitis
2320 3208 2334 3229 ,
2364 3177 2415 3220 et
2444 3171 2631 3222 vestris
2660 3186 2687 3220 ιι
2716 3170 2861 3222 vobis
2890 3179 2941 3222 et
2966 3187 2993 3220 a
3019 3170 3128 3223 Deo
3152 3185 3470 3224 conservau-

1918 3258 2000 3312 dis
2025 3258 2228 3326 magnis
2255 3259 2716 3313 exhortationibus
2757 3261 3107 3314 committitis.
3139 3260 3200 3314 Et
3230 3261 3346 3314 ideo
3375 3277 3468 3314 no—

1917 3344 1998 3399 bis
2025 3347 2203 3411 nimis,
2225 3346 2306 3400 vel
2333 3359 2528 3401 cuncto
2553 3351 2742 3416 populo
2769 3357 2947 3403 nostro
2969 3350 3336 3403 conﬁdendum
3359 3361 3467 3419 est,

1913 3431 1967 3488 In
2019 3434 2312 3502 huiusmodi
2358 3452 2455 3506 pro
2503 3441 2773 3511 proposito
2804 3441 3139 3495 immutabilis
3168 3444 3467 3498 constantia

1918 3529 2246 3604 mentisgvos
2279 3536 2582 3596 vestrasque
2597 3529 2827 3589 soboles,
2852 3540 2904 3583 et
2925 3531 3226 3583 universum
3243 3547 3462 3599 regnum

1918 3610 2238 3666 Francorum
2304 3614 2522 3668 ﬁrmiter
2575 3631 2696 3671 esse
2747 3633 3120 3687 permansuros
3149 3659 3163 3681 ,
3218 3622 3466 3688 quoniam

1913 3699 2083 3766 juxta,
2114 3711 2172 3780 ut
2216 3703 2368 3754 nobis
2397 3704 2709 3758 excellentia
2737 3716 2910 3760 vestra
2941 3710 3209 3774 innotuit,
3241 3712 3467 3778 scimus,

1919 3789 2001 3841 cui
2033 3790 2322 3856 credimus,
2353 3799 2410 3845 et
2436 3793 2566 3845 certi
2593 3809 2796 3849 sumus.

1991 3895 2066 3949 De
2094 3895 2272 3951 nostra
2301 3898 2474 3966 itaque
2502 3900 2722 3967 puritate
2743 3911 2795 3956 et
2820 3903 3118 3968 dilectione,
3146 3921 3304 3974 quam
3334 3891 3460 3975 erga

1925 4000 2030 4049 vos,
2054 3996 2108 4039 et
2126 3998 2370 4040 cunctum
2391 4002 2421 4039 a
2445 3988 2551 4041 Deo
2579 4000 2869 4054 protectum
2896 4005 3118 4060 regnum
3138 3991 3461 4050 Francorum

1919 4074 2113 4128 habere
2148 4075 2523 4142 dignoscimur,
2565 4078 2828 4130 credimus
2868 4081 2975 4147 jam
3020 4095 3113 4134 vos
3164 4085 3469 4147 plenissime

1920 4175 2040 4214 esse
2092 4161 2566 4216 satisfactum-Pro
2596 4179 2724 4239 _ouo
2775 4167 3013 4232 ampliori
3081 4171 3466 4229 certiﬁcatione

1922 4248 2082 4310 Deum
2110 4248 2228 4300 coeli
2261 4258 2446 4302 testem
2481 4251 2826 4316 proferentes,
2867 4254 2919 4306 iu
2962 4270 3021 4306 ea
3065 4271 3158 4309 nos
3194 4258 3467 4315 cbaritatis

272 4329 509 4391 laudem,
539 4337 592 4380 et
615 4327 801 4380 anima:
825 4337 1012 4381 vestrae
1039 4331 1260 4382 salutent
1283 4331 1586 4398 respiciunt,
1611 4330 1824 4400 amplis-
1852 4363 1908 4422 Β
1928 4335 2206 4389 dilectione
2225 4376 2243 4401 ,
2275 4352 2427 4404 quam
2457 4353 2574 4390 cum
2603 4349 2797 4394 sanctae
2837 4337 3217 4402 recordationis
3267 4349 3464 4405 donwo

272 4417 410 4469 sime
430 4415 462 4453 ’ί
505 4418 769 4484 prolatari.
1676 4415 1679 4417 ’
1730 4486 1736 4493 ·

351 4505 808 4572 Igitur-regressis
861 4515 1053 4560 nostris
1101 4510 1303 4572 missis,
1353 4524 1486 4576 quos
1535 4520 1597 4562 att
1638 4517 1828 4564 vestra)

273 4593 472 4658 regalis
499 4592 788 4644 clementia:
817 4595 1029 4660 vestigia
1058 4594 1348 4649 destinatos
1380 4598 1676 4663 habuimus,
1725 4601 1826 4652 Pe-

276 4691 364 4732 tro
389 4679 596 4733 scilicet
625 4681 830 4734 notario
860 4685 1156 4750 regionario
1180 4697 1375 4740 sanctzc
1417 4697 1611 4742 nostrae
1650 4688 1829 4744 Eccle-

276 4767 378 4820 sia:
428 4776 482 4820 et
525 4766 730 4821 Joanne
783 4772 1139 4825 mansionario
1197 4773 1548 4829 confessionis
1602 4776 1829 4832 basilica

278 4856 502 4908 Iautoris
530 4858 688 4910 vestri
739 4858 874 4916 beati
919 4861 1081 4924 Petri,
1112 4863 1546 4930 conjungentibus
1585 4867 1743 4918 etiam
1778 4877 1829 4921 et

279 4943 475 5001 veStris
505 4947 676 5004 missis
705 4947 1025 5003 iWulhai-do
1054 4967 1242 5020 nempe
1264 4954 1481 5022 ejusque
1500 4956 1686 5021 sociis,
1710 4970 1829 5025 pro-

356 5062 381 5125 ξ
412 5054 619 5125 Lamb”
651 5072 750 5125 pet:
769 5056 1113 5125 Wlfhardum.

356 5120 383 5157 ³³
414 5123 575 5185 Idem,
603 5124 682 5175 Ii‘ic
707 5120 946 5178 Francia.

361 5198 383 5264 ξ
417 5181 572 5264 β-τθιξ
588 5191 737 5264 Cent.
750 5230 766 5256 ,
792 5192 1036 5262 Gregorio
1059 5181 1316 5264 episcopo.

358 5256 385 5294 εἴ
416 5259 578 5330 idem.
605 5256 949 5315 Summariuin
985 5267 1048 5316 lli
1078 5256 1211 5330 apud
1233 5256 1364 5318 'Bar.
1387 5272 1442 5318 el.
1464 5261 1680 5320 Centuri.

361 5326 616 5405 “Lamb”
649 5332 805 5382 votivo
833 5334 992 5385 cordis
1022 5326 1180 5385 nostri
1211 5334 1456 5388 desiderio
1485 5347 1528 5388 ct
1557 5336 1722 5390 intimi
1742 5353 1826 5405 pe-

285 5396 438 5447 ctoris
466 5395 671 5460 a/Tectu.

368 5461 385 5497 ί
419 5464 581 5534 idem,
609 5465 868 5534 suffragio.

322 5607 337 5647 ι
361 5538 387 5574 Ι
416 5530 580 5609 idem,
614 5530 900 5600 apiimotum
921 5547 965 5587 e!
995 5542 1207 5592 universi
1228 5544 1399 5608 pepuli
1427 5543 1634 5596 Romani
1661 5543 1828 5608 magni

359 5613 584 5647 minoris.

289 5613 337 5648 ει
359 5613 584 5654 minoris.

1929 4437 1978 4479 et
2007 4440 2258 4493 germano
2288 4436 2466 4480 nostro
2491 4429 2794 4482 beatissimo
2822 4431 3088 4500 Stepbano
3118 4450 3270 4505 papa,
3297 4448 3348 4494 et
3377 4455 3472 4506 per

1926 4529 2044 4569 cum
2093 4530 2214 4570 cum
2257 4517 2500 4573 omnibus
2548 4522 2939 4577 successoribus
2985 4527 3332 4593 pontiﬁcibus
3373 4545 3472 4588 vos

1928 4614 2220 4674 vestraque
2236 4606 2463 4670 soboles.
2494 4618 2547 4663 et
2569 4619 2754 4665 cuncta
2776 4623 2944 4666 vestra
2969 4615 3163 4681 proles,
3187 4618 3340 4688 atque
3357 4623 3472 4675 uni-

1925 4695 2116 4748 versim
2147 4709 2360 4761 regnum
2408 4694 2724 4751 Francorum
2773 4716 2936 4769 usque
2980 4705 3030 4755 in
3083 4705 3238 4761 ﬁnem
3285 4696 3468 4767 amuli

1927 4795 2235 4837 conservare
2263 4786 2650 4852 spopondistis,
2686 4800 2737 4841 et
2769 4804 2863 4842 uos
2892 4792 3050 4844 etiam
3078 4805 3232 4860 atque
3261 4806 3466 4854 nostros

1926 4885 2258 4927 successores
2288 4877 2560 4938 pontiﬁces
2589 4879 2900 4933 conﬁtemur
2950 4896 3067 4937 esse
3100 4899 3470 4952 permansuros

1928 4973 2021 5026 pro
2045 4960 2372 5015 exultatione
2400 4976 2595 5017 sancta:
2641 4967 2731 5020 Dei
2773 4968 3021 5024 Ecclesia:
3046 4981 3098 5026 et
3127 4973 3246 5028 ﬁdei
3276 4978 3460 5030 ortho-

1997 5066 2022 5146 ι)
2051 5068 2232 5146 bamb.
2259 5080 2309 5123 el
2342 5072 2537 5146 Grcis"
2569 5078 2901 5130 exaltationis.

2005 5135 2019 5212 ξ
2055 5138 2213 5212 μάθω.
2243 5135 2528 5212 ρξ’φίῑίᾰανίέ

1997 5208 2014 5275 t'
2054 5209 2210 5269 Idem,
2253 5208 2536 5275 Wlfﬁbrdo.

1997 5274 2018 5345 ’ξ
2053 5275 2214 5345 idem,
2248 5274 2524 5345 referimus.

2002 5341 2018 5378 ¹
2049 5344 2214 5414 ςτοι..
2251 5341 2398 5399 Luca:
2425 5363 2533 5414 cap.
2567 5364 2621 5398 ti.

1991 5419 2030 5448 ⁸η
2052 5413 2269 5484 _Latnb.,
2296 5430 2444 5478 quam
2470 5418 2600 5476 quod
2629 5434 2687 5467 ea:
2710 5418 2960 5484 operibus.

1993 5489 2018 5515 η
2052 5482 2206 5539 Idem.
2239 5497 2367 5546 qum.
