  <div class='ocr_page' id='page_1' title='image "/cluster/home/n/w/nwhite01/storage/ocr_20150623/89/uva.x000827074/585.png"; bbox 0 0 3910 6234; ppageno 0'>
   <div class='ocr_carea' id='block_1_1' title="bbox 396 228 3657 307">
    <p class='ocr_par' dir='ltr' id='par_1_1' title="bbox 396 228 3657 307">
     <span class='ocr_line' id='line_1_1' title="bbox 396 228 3657 307; baseline 0.005 -19"><span class='ocrx_word' id='word_1_1' title='bbox 396 228 535 290; x_wconf 75' lang='lat' dir='ltr'><strong>usis</strong></span> <span class='ocrx_word' id='word_1_2' title='bbox 874 302 877 307; x_wconf 34' lang='grc'><strong><em>,</em></strong></span> <span class='ocrx_word' id='word_1_3' title='bbox 1707 240 1765 293; x_wconf 80' lang='lat' dir='ltr'><strong>s.</strong></span> <span class='ocrx_word' id='word_1_4' title='bbox 1807 238 2007 293; x_wconf 63' lang='lat' dir='ltr'><strong>cum</strong></span> <span class='ocrx_word' id='word_1_5' title='bbox 2054 237 2298 293; x_wconf 68' lang='lat' dir='ltr'><strong>PAF/El</strong></span> <span class='ocrx_word' id='word_1_6' title='bbox 3507 249 3657 303; x_wconf 78' lang='lat' dir='ltr'><strong>nso</strong></span> 
     </span>
    </p>
   </div>
   <div class='ocr_carea' id='block_1_2' title="bbox 388 346 3652 419">
    <p class='ocr_par' dir='ltr' id='par_1_2' title="bbox 388 346 3652 419">
     <span class='ocr_line' id='line_1_2' title="bbox 388 346 3652 419; baseline 0.004 -23"><span class='ocrx_word' id='word_1_7' title='bbox 388 346 545 399; x_wconf 67' lang='lat' dir='ltr'><strong>doxae</strong></span> <span class='ocrx_word' id='word_1_8' title='bbox 592 346 922 402; x_wconf 84' lang='lat' dir='ltr'><strong>defensione.</strong></span> <span class='ocrx_word' id='word_1_9' title='bbox 956 357 1003 393; x_wconf 73' lang='grc' dir='ltr'>ι.</span> <span class='ocrx_word' id='word_1_10' title='bbox 1024 349 1175 401; x_wconf 79' lang='lat' dir='ltr'><strong>Nulla</strong></span> <span class='ocrx_word' id='word_1_11' title='bbox 1230 362 1328 401; x_wconf 86' lang='lat' dir='ltr'><strong>nos</strong></span> <span class='ocrx_word' id='word_1_12' title='bbox 1379 363 1554 402; x_wconf 90' lang='lat' dir='ltr'><strong>rerum</strong></span> <span class='ocrx_word' id='word_1_13' title='bbox 1606 351 1830 417; x_wconf 72' lang='lat' dir='ltr'><strong>qualitas</strong></span> <span class='ocrx_word' id='word_1_14' title='bbox 1885 349 1951 399; x_wconf 79' lang='lat' dir='ltr'><strong>ab</strong></span> <span class='ocrx_word' id='word_1_15' title='bbox 1985 354 2026 406; x_wconf 89' lang='grc' dir='ltr'><strong>Λ</strong></span> <span class='ocrx_word' id='word_1_16' title='bbox 2058 361 2166 400; x_wconf 85' lang='grc' dir='ltr'>ιιιιη</span> <span class='ocrx_word' id='word_1_17' title='bbox 2199 348 2397 401; x_wconf 83' lang='lat' dir='ltr'><strong>habere</strong></span> <span class='ocrx_word' id='word_1_18' title='bbox 2423 358 2550 415; x_wconf 91' lang='lat' dir='ltr'><strong>puto</strong></span> <span class='ocrx_word' id='word_1_19' title='bbox 2584 359 2605 393; x_wconf 77' lang='grc' dir='ltr'><strong>ς</strong></span> <span class='ocrx_word' id='word_1_20' title='bbox 2640 350 2985 417; x_wconf 78' lang='lat' dir='ltr'><strong>conjunxisse</strong></span> <span class='ocrx_word' id='word_1_21' title='bbox 3009 350 3107 404; x_wconf 71' lang='grc' dir='ltr'>1ιιιε</span> <span class='ocrx_word' id='word_1_22' title='bbox 3137 355 3409 419; x_wconf 67' lang='lat' dir='ltr'><strong>praeterito</strong></span> <span class='ocrx_word' id='word_1_23' title='bbox 3432 362 3652 409; x_wconf 83' lang='lat' dir='ltr'><strong>auttum</strong></span> 
     </span>
    </p>
   </div>
   <div class='ocr_carea' id='block_1_3' title="bbox 390 433 1957 504">
    <p class='ocr_par' dir='ltr' id='par_1_3' title="bbox 390 433 1957 504">
     <span class='ocr_line' id='line_1_3' title="bbox 390 433 1957 504; baseline 0.002 -21"><span class='ocrx_word' id='word_1_24' title='bbox 390 433 578 487; x_wconf 85' lang='lat' dir='ltr'><strong>eadem</strong></span> <span class='ocrx_word' id='word_1_25' title='bbox 623 434 897 489; x_wconf 85' lang='lat' dir='ltr'><strong>cbaritatis</strong></span> <span class='ocrx_word' id='word_1_26' title='bbox 942 437 1346 488; x_wconf 85' lang='lat' dir='ltr'><strong>confirmatione</strong></span> <span class='ocrx_word' id='word_1_27' title='bbox 1394 447 1581 504; x_wconf 76' lang='lat' dir='ltr'><strong>potens</strong></span> <span class='ocrx_word' id='word_1_28' title='bbox 1634 437 1822 503; x_wconf 86' lang='lat' dir='ltr'><strong>poterit</strong></span> <span class='ocrx_word' id='word_1_29' title='bbox 1869 450 1957 486; x_wconf 82' lang='lat' dir='ltr'><strong>sc-</strong></span> 
     </span>
    </p>
   </div>
   <div class='ocr_carea' id='block_1_4' title="bbox 390 532 1588 595">
    <p class='ocr_par' dir='ltr' id='par_1_4' title="bbox 390 532 1588 595">
     <span class='ocr_line' id='line_1_4' title="bbox 390 532 1588 595; baseline 0.005 -22"><span class='ocrx_word' id='word_1_30' title='bbox 390 535 616 595; x_wconf 55' lang='lat' dir='ltr'><strong>parare.l</strong></span> <span class='ocrx_word' id='word_1_31' title='bbox 1584 532 1588 538; x_wconf 81' lang='grc'><strong>“</strong></span> 
     </span>
    </p>
   </div>
   <div class='ocr_carea' id='block_1_5' title="bbox 462 610 1959 680">
    <p class='ocr_par' dir='ltr' id='par_1_5' title="bbox 462 610 1959 680">
     <span class='ocr_line' id='line_1_5' title="bbox 462 610 1959 680; baseline -0.003 -16"><span class='ocrx_word' id='word_1_32' title='bbox 462 612 667 665; x_wconf 84' lang='lat' dir='ltr'><strong>Direxit</strong></span> <span class='ocrx_word' id='word_1_33' title='bbox 694 610 867 680; x_wconf 82' lang='lat' dir='ltr'><strong>itaque</strong></span> <span class='ocrx_word' id='word_1_34' title='bbox 905 612 1060 667; x_wconf 80' lang='lat' dir='ltr'><strong>nobis</strong></span> <span class='ocrx_word' id='word_1_35' title='bbox 1103 611 1437 667; x_wconf 62' lang='lat' dir='ltr'><strong>excellentia:</strong></span> <span class='ocrx_word' id='word_1_36' title='bbox 1468 624 1660 665; x_wconf 80' lang='lat' dir='ltr'><strong>vestra:</strong></span> <span class='ocrx_word' id='word_1_37' title='bbox 1700 612 1959 665; x_wconf 75' lang='lat' dir='ltr'><strong>CIII’ISlizt-</strong></span> 
     </span>
    </p>
   </div>
   <div class='ocr_carea' id='block_1_6' title="bbox 388 693 1958 767">
    <p class='ocr_par' dir='ltr' id='par_1_6' title="bbox 388 693 1958 767">
     <span class='ocr_line' id='line_1_6' title="bbox 388 693 1958 767; baseline 0.001 -16"><span class='ocrx_word' id='word_1_38' title='bbox 388 693 543 763; x_wconf 87' lang='lat' dir='ltr'><strong>nitas,</strong></span> <span class='ocrx_word' id='word_1_39' title='bbox 576 700 875 767; x_wconf 84' lang='lat' dir='ltr'><strong>significans</strong></span> <span class='ocrx_word' id='word_1_40' title='bbox 897 701 964 755; x_wconf 90' lang='lat' dir='ltr'><strong>de</strong></span> <span class='ocrx_word' id='word_1_41' title='bbox 996 702 1177 756; x_wconf 87' lang='lat' dir='ltr'><strong>missis</strong></span> <span class='ocrx_word' id='word_1_42' title='bbox 1209 706 1430 766; x_wconf 75' lang='lat' dir='ltr'><strong>nostris,</strong></span> <span class='ocrx_word' id='word_1_43' title='bbox 1455 702 1771 767; x_wconf 73' lang='lat' dir='ltr'><strong>vestrisque,</strong></span> <span class='ocrx_word' id='word_1_44' title='bbox 1800 711 1958 767; x_wconf 87' lang='lat' dir='ltr'><strong>atque</strong></span> 
     </span>
    </p>
   </div>
   <div class='ocr_carea' id='block_1_7' title="bbox 388 785 1953 861">
    <p class='ocr_par' dir='ltr' id='par_1_7' title="bbox 388 785 1953 861">
     <span class='ocr_line' id='line_1_7' title="bbox 388 785 1953 861; baseline 0.003 -23"><span class='ocrx_word' id='word_1_45' title='bbox 388 785 716 854; x_wconf 62' lang='lat' dir='ltr'><strong>(ineorum,</strong></span> <span class='ocrx_word' id='word_1_46' title='bbox 748 792 833 859; x_wconf 90' lang='lat' dir='ltr'><strong>qui</strong></span> <span class='ocrx_word' id='word_1_47' title='bbox 865 807 895 844; x_wconf 89' lang='lat' dir='ltr'><strong>a</strong></span> <span class='ocrx_word' id='word_1_48' title='bbox 926 794 1069 861; x_wconf 85' lang='lat' dir='ltr'><strong>regia</strong></span> <span class='ocrx_word' id='word_1_49' title='bbox 1109 795 1240 846; x_wconf 80' lang='lat' dir='ltr'><strong>urbe</strong></span> <span class='ocrx_word' id='word_1_50' title='bbox 1272 792 1471 855; x_wconf 79' lang='lat' dir='ltr'><strong>reversi</strong></span> <span class='ocrx_word' id='word_1_51' title='bbox 1503 801 1627 843; x_wconf 90' lang='lat' dir='ltr'><strong>sunt</strong></span> <span class='ocrx_word' id='word_1_52' title='bbox 1653 831 1667 855; x_wconf 89' lang='lat'><strong>,</strong></span> <span class='ocrx_word' id='word_1_53' title='bbox 1696 806 1789 844; x_wconf 91' lang='lat' dir='ltr'><strong>eos</strong></span> <span class='ocrx_word' id='word_1_54' title='bbox 1818 794 1953 857; x_wconf 84' lang='lat' dir='ltr'><strong>apud</strong></span> 
     </span>
    </p>
   </div>
   <div class='ocr_carea' id='block_1_8' title="bbox 384 870 1956 950">
    <p class='ocr_par' dir='ltr' id='par_1_8' title="bbox 384 870 1956 950">
     <span class='ocr_line' id='line_1_8' title="bbox 384 870 1956 950; baseline 0 -18"><span class='ocrx_word' id='word_1_55' title='bbox 384 892 482 932; x_wconf 78' lang='lat' dir='ltr'><strong>vos</strong></span> <span class='ocrx_word' id='word_1_56' title='bbox 512 870 648 935; x_wconf 82' lang='lat' dir='ltr'><strong>esse</strong></span> <span class='ocrx_word' id='word_1_57' title='bbox 695 881 973 945; x_wconf 80' lang='lat' dir='ltr'><strong>detentus,</strong></span> <span class='ocrx_word' id='word_1_58' title='bbox 1007 884 1218 936; x_wconf 76' lang='lat' dir='ltr'><strong>interim</strong></span> <span class='ocrx_word' id='word_1_59' title='bbox 1265 882 1406 949; x_wconf 84' lang='lat' dir='ltr'><strong>quod</strong></span> <span class='ocrx_word' id='word_1_60' title='bbox 1438 883 1736 950; x_wconf 70' lang='lat' dir='ltr'><strong>aggregutis</strong></span> <span class='ocrx_word' id='word_1_61' title='bbox 1767 884 1956 934; x_wconf 84' lang='lat' dir='ltr'><strong>vestris</strong></span> 
     </span>
    </p>
   </div>
   <div class='ocr_carea' id='block_1_9' title="bbox 384 969 1954 1041">
    <p class='ocr_par' dir='ltr' id='par_1_9' title="bbox 384 969 1954 1041">
     <span class='ocr_line' id='line_1_9' title="bbox 384 969 1954 1041; baseline 0.004 -21"><span class='ocrx_word' id='word_1_62' title='bbox 384 969 749 1024; x_wconf 82' lang='lat' dir='ltr'><strong>sacerdotibus</strong></span> <span class='ocrx_word' id='word_1_63' title='bbox 774 982 933 1039; x_wconf 82' lang='lat' dir='ltr'><strong>atque</strong></span> <span class='ocrx_word' id='word_1_64' title='bbox 960 972 1323 1039; x_wconf 83' lang='lat' dir='ltr'><strong>Optimatibus,</strong></span> <span class='ocrx_word' id='word_1_65' title='bbox 1344 974 1613 1038; x_wconf 83' lang='lat' dir='ltr'><strong>conjicere</strong></span> <span class='ocrx_word' id='word_1_66' title='bbox 1641 988 1734 1025; x_wconf 89' lang='lat' dir='ltr'><strong>seu</strong></span> <span class='ocrx_word' id='word_1_67' title='bbox 1769 987 1954 1041; x_wconf 56' lang='lat' dir='ltr'><strong>perpeo</strong></span> 
     </span>
    </p>
   </div>
   <div class='ocr_carea' id='block_1_10' title="bbox 386 1062 1957 1130">
    <p class='ocr_par' dir='ltr' id='par_1_10' title="bbox 386 1062 1957 1130">
     <span class='ocr_line' id='line_1_10' title="bbox 386 1062 1957 1130; baseline 0.003 -19"><span class='ocrx_word' id='word_1_68' title='bbox 386 1067 528 1112; x_wconf 86' lang='lat' dir='ltr'><strong>trare</strong></span> <span class='ocrx_word' id='word_1_69' title='bbox 572 1062 810 1125; x_wconf 75' lang='lat' dir='ltr'><strong>valeatis,</strong></span> <span class='ocrx_word' id='word_1_70' title='bbox 861 1062 987 1130; x_wconf 85' lang='lat' dir='ltr'><strong>qui‘d</strong></span> <span class='ocrx_word' id='word_1_71' title='bbox 1036 1063 1103 1115; x_wconf 86' lang='lat' dir='ltr'><strong>de</strong></span> <span class='ocrx_word' id='word_1_72' title='bbox 1133 1063 1215 1115; x_wconf 80' lang='lat' dir='ltr'><strong>IIIS</strong></span> <span class='ocrx_word' id='word_1_73' title='bbox 1262 1078 1379 1129; x_wconf 80' lang='lat' dir='ltr'><strong>qnte</strong></span> <span class='ocrx_word' id='word_1_74' title='bbox 1409 1063 1566 1116; x_wconf 81' lang='lat' dir='ltr'><strong>vobis</strong></span> <span class='ocrx_word' id='word_1_75' title='bbox 1605 1062 1805 1117; x_wconf 90' lang='lat' dir='ltr'><strong>directa</strong></span> <span class='ocrx_word' id='word_1_76' title='bbox 1835 1072 1957 1116; x_wconf 92' lang='lat' dir='ltr'><strong>sunt</strong></span> 
     </span>
    </p>
   </div>
   <div class='ocr_carea' id='block_1_11' title="bbox 384 1146 1954 1220">
    <p class='ocr_par' dir='ltr' id='par_1_11' title="bbox 384 1146 1954 1220">
     <span class='ocr_line' id='line_1_11' title="bbox 384 1146 1954 1220; baseline 0.003 -20"><span class='ocrx_word' id='word_1_77' title='bbox 384 1149 806 1215; x_wconf 84' lang='lat' dir='ltr'><strong>respondendum</strong></span> <span class='ocrx_word' id='word_1_78' title='bbox 837 1152 927 1205; x_wconf 87' lang='lat' dir='ltr'><strong>sit.</strong></span> <span class='ocrx_word' id='word_1_79' title='bbox 961 1153 1027 1205; x_wconf 85' lang='lat' dir='ltr'><strong>Et</strong></span> <span class='ocrx_word' id='word_1_80' title='bbox 1056 1146 1270 1220; x_wconf 79' lang='lat' dir='ltr'><strong>quidem</strong></span> <span class='ocrx_word' id='word_1_81' title='bbox 1300 1153 1401 1207; x_wconf 82' lang='lat' dir='ltr'><strong>hac</strong></span> <span class='ocrx_word' id='word_1_82' title='bbox 1440 1153 1509 1207; x_wconf 90' lang='lat' dir='ltr'><strong>de</strong></span> <span class='ocrx_word' id='word_1_83' title='bbox 1540 1168 1598 1207; x_wconf 89' lang='lat' dir='ltr'><strong>re</strong></span> <span class='ocrx_word' id='word_1_84' title='bbox 1628 1154 1790 1213; x_wconf 77' lang='lat' dir='ltr'><strong>aliter</strong></span> <span class='ocrx_word' id='word_1_85' title='bbox 1827 1169 1954 1205; x_wconf 90' lang='lat' dir='ltr'><strong>con-</strong></span> 
     </span>
    </p>
   </div>
   <div class='ocr_carea' id='block_1_12' title="bbox 385 1235 1953 1309">
    <p class='ocr_par' dir='ltr' id='par_1_12' title="bbox 385 1235 1953 1309">
     <span class='ocr_line' id='line_1_12' title="bbox 385 1235 1953 1309; baseline 0.005 -21"><span class='ocrx_word' id='word_1_86' title='bbox 385 1235 651 1290; x_wconf 69' lang='lat' dir='ltr'><strong>fidendum</strong></span> <span class='ocrx_word' id='word_1_87' title='bbox 684 1255 789 1292; x_wconf 91' lang='lat' dir='ltr'><strong>non</strong></span> <span class='ocrx_word' id='word_1_88' title='bbox 818 1252 899 1292; x_wconf 82' lang='lat' dir='ltr'><strong>est</strong></span> <span class='ocrx_word' id='word_1_89' title='bbox 929 1256 957 1292; x_wconf 93' lang='lat' dir='ltr'><strong>a</strong></span> <span class='ocrx_word' id='word_1_90' title='bbox 999 1241 1150 1294; x_wconf 81' lang='lat' dir='ltr'><strong>vobis</strong></span> <span class='ocrx_word' id='word_1_91' title='bbox 1197 1241 1545 1309; x_wconf 84' lang='lat' dir='ltr'><strong>responderi,</strong></span> <span class='ocrx_word' id='word_1_92' title='bbox 1586 1238 1684 1295; x_wconf 86' lang='lat' dir='ltr'><strong>nisi</strong></span> <span class='ocrx_word' id='word_1_93' title='bbox 1730 1256 1847 1307; x_wconf 76' lang='lat' dir='ltr'><strong>qua:</strong></span> <span class='ocrx_word' id='word_1_94' title='bbox 1888 1243 1953 1296; x_wconf 91' lang='lat' dir='ltr'><strong>ad</strong></span> 
     </span>
    </p>
   </div>
   <div class='ocr_carea' id='block_1_13' title="bbox 380 1322 1955 1397">
    <p class='ocr_par' dir='ltr' id='par_1_13' title="bbox 380 1322 1955 1397">
     <span class='ocr_line' id='line_1_13' title="bbox 380 1322 1955 1397; baseline 0.004 -20"><span class='ocrx_word' id='word_1_95' title='bbox 380 1325 767 1381; x_wconf 88' lang='lat' dir='ltr'><strong>exaltationern</strong></span> <span class='ocrx_word' id='word_1_96' title='bbox 810 1338 1165 1382; x_wconf 65' lang='lat' dir='ltr'><strong>sacresancta</strong></span> <span class='ocrx_word' id='word_1_97' title='bbox 1212 1329 1468 1397; x_wconf 73' lang='lat' dir='ltr'><strong>spiritalis</strong></span> <span class='ocrx_word' id='word_1_98' title='bbox 1521 1322 1709 1385; x_wconf 67' lang='lat' dir='ltr'><strong>matris</strong></span> <span class='ocrx_word' id='word_1_99' title='bbox 1767 1342 1955 1385; x_wconf 67' lang='lat' dir='ltr'><strong>vestrae</strong></span> 
     </span>
    </p>
   </div>
   <div class='ocr_carea' id='block_1_14' title="bbox 384 1409 1953 1488">
    <p class='ocr_par' dir='ltr' id='par_1_14' title="bbox 384 1409 1953 1488">
     <span class='ocr_line' id='line_1_14' title="bbox 384 1409 1953 1488; baseline 0.004 -21"><span class='ocrx_word' id='word_1_100' title='bbox 384 1409 641 1471; x_wconf 68' lang='lat' dir='ltr'><strong>Bouiania</strong></span> <span class='ocrx_word' id='word_1_101' title='bbox 668 1418 940 1473; x_wconf 67' lang='lat' dir='ltr'><strong>Ecclesiae.</strong></span> <span class='ocrx_word' id='word_1_102' title='bbox 967 1417 995 1458; x_wconf 69' lang='grc' dir='ltr'><strong>ι’</strong></span> <span class='ocrx_word' id='word_1_103' title='bbox 1017 1418 1185 1488; x_wconf 87' lang='lat' dir='ltr'><strong>Caput</strong></span> <span class='ocrx_word' id='word_1_104' title='bbox 1211 1421 1447 1473; x_wconf 89' lang='lat' dir='ltr'><strong>omnium</strong></span> <span class='ocrx_word' id='word_1_105' title='bbox 1481 1421 1837 1475; x_wconf 87' lang='lat' dir='ltr'><strong>Ecclesiarum</strong></span> <span class='ocrx_word' id='word_1_106' title='bbox 1863 1421 1953 1474; x_wconf 91' lang='lat' dir='ltr'><strong>Dei</strong></span> 
     </span>
    </p>
   </div>
   <div class='ocr_carea' id='block_1_15' title="bbox 372 1501 1952 1577">
    <p class='ocr_par' dir='ltr' id='par_1_15' title="bbox 372 1501 1952 1577">
     <span class='ocr_line' id='line_1_15' title="bbox 372 1501 1952 1577; baseline 0.004 -20"><span class='ocrx_word' id='word_1_107' title='bbox 372 1501 537 1572; x_wconf 68' lang='lat' dir='ltr'><strong>atque</strong></span> <span class='ocrx_word' id='word_1_108' title='bbox 564 1507 881 1562; x_wconf 77' lang='lat' dir='ltr'><strong>orthodoxa:</strong></span> <span class='ocrx_word' id='word_1_109' title='bbox 911 1508 1033 1563; x_wconf 86' lang='lat' dir='ltr'><strong>fidei</strong></span> <span class='ocrx_word' id='word_1_110' title='bbox 1075 1511 1349 1577; x_wconf 83' lang='lat' dir='ltr'><strong>pertinere</strong></span> <span class='ocrx_word' id='word_1_111' title='bbox 1397 1522 1723 1576; x_wconf 90' lang='lat' dir='ltr'><strong>noscuntur;</strong></span> <span class='ocrx_word' id='word_1_112' title='bbox 1750 1521 1804 1563; x_wconf 92' lang='lat' dir='ltr'><strong>et</strong></span> <span class='ocrx_word' id='word_1_113' title='bbox 1834 1511 1952 1577; x_wconf 84' lang='lat' dir='ltr'><strong>quia</strong></span> 
     </span>
    </p>
   </div>
   <div class='ocr_carea' id='block_1_16' title="bbox 377 1595 1955 1666">
    <p class='ocr_par' dir='ltr' id='par_1_16' title="bbox 377 1595 1955 1666">
     <span class='ocr_line' id='line_1_16' title="bbox 377 1595 1955 1666; baseline 0.003 -19"><span class='ocrx_word' id='word_1_114' title='bbox 377 1595 518 1663; x_wconf 77' lang='lat' dir='ltr'><strong>quod</strong></span> <span class='ocrx_word' id='word_1_115' title='bbox 545 1596 710 1650; x_wconf 84' lang='lat' dir='ltr'><strong>semel</strong></span> <span class='ocrx_word' id='word_1_116' title='bbox 741 1599 896 1650; x_wconf 86' lang='lat' dir='ltr'><strong>beato</strong></span> <span class='ocrx_word' id='word_1_117' title='bbox 933 1599 1117 1664; x_wconf 87' lang='lat' dir='ltr'><strong>Petro,</strong></span> <span class='ocrx_word' id='word_1_118' title='bbox 1145 1608 1201 1652; x_wconf 90' lang='lat' dir='ltr'><strong>et</strong></span> <span class='ocrx_word' id='word_1_119' title='bbox 1229 1614 1326 1666; x_wconf 89' lang='lat' dir='ltr'><strong>pro</strong></span> <span class='ocrx_word' id='word_1_120' title='bbox 1370 1610 1586 1656; x_wconf 59' lang='lat' dir='ltr'><strong>aeternas</strong></span> <span class='ocrx_word' id='word_1_121' title='bbox 1628 1604 1750 1653; x_wconf 72' lang='lat' dir='ltr'><strong>vitm</strong></span> <span class='ocrx_word' id='word_1_122' title='bbox 1799 1601 1955 1654; x_wconf 87' lang='lat' dir='ltr'><strong>retri-</strong></span> 
     </span>
    </p>
   </div>
   <div class='ocr_carea' id='block_1_17' title="bbox 378 1684 1949 1754">
    <p class='ocr_par' dir='ltr' id='par_1_17' title="bbox 378 1684 1949 1754">
     <span class='ocr_line' id='line_1_17' title="bbox 378 1684 1949 1754; baseline 0.004 -18"><span class='ocrx_word' id='word_1_123' title='bbox 378 1684 597 1738; x_wconf 87' lang='lat' dir='ltr'><strong>butione</strong></span> <span class='ocrx_word' id='word_1_124' title='bbox 627 1685 924 1753; x_wconf 83' lang='lat' dir='ltr'><strong>obtulistis,</strong></span> <span class='ocrx_word' id='word_1_125' title='bbox 944 1698 967 1725; x_wconf 76' lang='grc' dir='ltr'><strong>σ</strong></span> <span class='ocrx_word' id='word_1_126' title='bbox 991 1688 1137 1741; x_wconf 90' lang='lat' dir='ltr'><strong>nulla</strong></span> <span class='ocrx_word' id='word_1_127' title='bbox 1154 1703 1250 1742; x_wconf 89' lang='lat' dir='ltr'><strong>vos</strong></span> <span class='ocrx_word' id='word_1_128' title='bbox 1269 1688 1491 1744; x_wconf 84' lang='lat' dir='ltr'><strong>deberet</strong></span> <span class='ocrx_word' id='word_1_129' title='bbox 1519 1690 1725 1743; x_wconf 83' lang='lat' dir='ltr'><strong>ratione</strong></span> <span class='ocrx_word' id='word_1_130' title='bbox 1747 1690 1812 1745; x_wconf 87' lang='lat' dir='ltr'><strong>ab</strong></span> <span class='ocrx_word' id='word_1_131' title='bbox 1834 1692 1949 1754; x_wconf 74' lang='lat' dir='ltr'><strong>eius</strong></span> 
     </span>
    </p>
   </div>
   <div class='ocr_carea' id='block_1_18' title="bbox 372 1770 1945 1846">
    <p class='ocr_par' dir='ltr' id='par_1_18' title="bbox 372 1770 1945 1846">
     <span class='ocr_line' id='line_1_18' title="bbox 372 1770 1945 1846; baseline 0.002 -20"><span class='ocrx_word' id='word_1_132' title='bbox 372 1770 493 1839; x_wconf 80' lang='lat' dir='ltr'><strong>iure</strong></span> <span class='ocrx_word' id='word_1_133' title='bbox 520 1784 576 1828; x_wconf 88' lang='lat' dir='ltr'><strong>et</strong></span> <span class='ocrx_word' id='word_1_134' title='bbox 606 1783 871 1841; x_wconf 84' lang='lat' dir='ltr'><strong>potestate</strong></span> <span class='ocrx_word' id='word_1_135' title='bbox 916 1790 1190 1844; x_wconf 83' lang='lat' dir='ltr'><strong>separare.</strong></span> <span class='ocrx_word' id='word_1_136' title='bbox 1220 1778 1431 1832; x_wconf 84' lang='lat' dir='ltr'><strong>Scimus</strong></span> <span class='ocrx_word' id='word_1_137' title='bbox 1461 1780 1604 1832; x_wconf 89' lang='lat' dir='ltr'><strong>enim</strong></span> <span class='ocrx_word' id='word_1_138' title='bbox 1635 1779 1772 1846; x_wconf 85' lang='lat' dir='ltr'><strong>quod</strong></span> <span class='ocrx_word' id='word_1_139' title='bbox 1805 1780 1945 1830; x_wconf 91' lang='lat' dir='ltr'><strong>nulla</strong></span> 
     </span>
    </p>
   </div>
   <div class='ocr_carea' id='block_1_19' title="bbox 372 1864 1945 1937">
    <p class='ocr_par' dir='ltr' id='par_1_19' title="bbox 372 1864 1945 1937">
     <span class='ocr_line' id='line_1_19' title="bbox 372 1864 1945 1937; baseline 0.003 -22"><span class='ocrx_word' id='word_1_140' title='bbox 372 1864 514 1931; x_wconf 89' lang='lat' dir='ltr'><strong>apud</strong></span> <span class='ocrx_word' id='word_1_141' title='bbox 545 1880 639 1919; x_wconf 86' lang='lat' dir='ltr'><strong>vos</strong></span> <span class='ocrx_word' id='word_1_142' title='bbox 667 1866 931 1921; x_wconf 84' lang='lat' dir='ltr'><strong>suasionis</strong></span> <span class='ocrx_word' id='word_1_143' title='bbox 980 1867 1237 1922; x_wconf 82' lang='lat' dir='ltr'><strong>fabulatio</strong></span> <span class='ocrx_word' id='word_1_144' title='bbox 1268 1871 1544 1937; x_wconf 62' lang='lat' dir='ltr'><strong>praevalet,</strong></span> <span class='ocrx_word' id='word_1_145' title='bbox 1594 1869 1720 1922; x_wconf 92' lang='lat' dir='ltr'><strong>dum</strong></span> <span class='ocrx_word' id='word_1_146' title='bbox 1769 1869 1945 1922; x_wconf 83' lang='lat' dir='ltr'><strong>divina</strong></span> 
     </span>
    </p>
   </div>
   <div class='ocr_carea' id='block_1_20' title="bbox 372 1953 1947 2023">
    <p class='ocr_par' dir='ltr' id='par_1_20' title="bbox 372 1953 1947 2023">
     <span class='ocr_line' id='line_1_20' title="bbox 372 1953 1947 2023; baseline 0.002 -19"><span class='ocrx_word' id='word_1_147' title='bbox 372 1953 535 2008; x_wconf 87' lang='lat' dir='ltr'><strong>verba</strong></span> <span class='ocrx_word' id='word_1_148' title='bbox 589 1962 644 2007; x_wconf 87' lang='lat' dir='ltr'><strong>et</strong></span> <span class='ocrx_word' id='word_1_149' title='bbox 698 1956 989 2023; x_wconf 88' lang='lat' dir='ltr'><strong>apostolica</strong></span> <span class='ocrx_word' id='word_1_150' title='bbox 1045 1955 1361 2011; x_wconf 88' lang='lat' dir='ltr'><strong>documenta</strong></span> <span class='ocrx_word' id='word_1_151' title='bbox 1415 1958 1637 2010; x_wconf 86' lang='lat' dir='ltr'><strong>firmiter</strong></span> <span class='ocrx_word' id='word_1_152' title='bbox 1679 1958 1729 2008; x_wconf 91' lang='lat' dir='ltr'><strong>in</strong></span> <span class='ocrx_word' id='word_1_153' title='bbox 1770 1966 1947 2010; x_wconf 87' lang='lat' dir='ltr'><strong>vestro</strong></span> 
     </span>
    </p>
   </div>
   <div class='ocr_carea' id='block_1_21' title="bbox 372 2044 1948 2115">
    <p class='ocr_par' dir='ltr' id='par_1_21' title="bbox 372 2044 1948 2115">
     <span class='ocr_line' id='line_1_21' title="bbox 372 2044 1948 2115; baseline 0.003 -17"><span class='ocrx_word' id='word_1_154' title='bbox 372 2044 536 2098; x_wconf 85' lang='lat' dir='ltr'><strong>corde</strong></span> <span class='ocrx_word' id='word_1_155' title='bbox 566 2046 811 2099; x_wconf 89' lang='lat' dir='ltr'><strong>retinetis</strong></span> <span class='ocrx_word' id='word_1_156' title='bbox 853 2061 1081 2101; x_wconf 79' lang='lat' dir='ltr'><strong>annexa.</strong></span> <span class='ocrx_word' id='word_1_157' title='bbox 1111 2048 1177 2101; x_wconf 84' lang='lat' dir='ltr'><strong>Et</strong></span> <span class='ocrx_word' id='word_1_158' title='bbox 1222 2063 1349 2102; x_wconf 90' lang='lat' dir='ltr'><strong>ecce</strong></span> <span class='ocrx_word' id='word_1_159' title='bbox 1386 2050 1523 2102; x_wconf 87' lang='lat' dir='ltr'><strong>sicut</strong></span> <span class='ocrx_word' id='word_1_160' title='bbox 1552 2048 1707 2103; x_wconf 90' lang='lat' dir='ltr'><strong>nobis</strong></span> <span class='ocrx_word' id='word_1_161' title='bbox 1736 2063 1831 2115; x_wconf 92' lang='lat' dir='ltr'><strong>per</strong></span> <span class='ocrx_word' id='word_1_162' title='bbox 1857 2064 1948 2103; x_wconf 55' lang='lat' dir='ltr'><strong>ve.</strong></span> 
     </span>
    </p>
   </div>
   <div class='ocr_carea' id='block_1_22' title="bbox 374 2129 1942 2205">
    <p class='ocr_par' dir='ltr' id='par_1_22' title="bbox 374 2129 1942 2205">
     <span class='ocr_line' id='line_1_22' title="bbox 374 2129 1942 2205; baseline 0.003 -20"><span class='ocrx_word' id='word_1_163' title='bbox 374 2138 518 2185; x_wconf 82' lang='lat' dir='ltr'><strong>stras</strong></span> <span class='ocrx_word' id='word_1_164' title='bbox 539 2129 744 2186; x_wconf 79' lang='lat' dir='ltr'><strong>litteras</strong></span> <span class='ocrx_word' id='word_1_165' title='bbox 767 2142 823 2188; x_wconf 90' lang='lat' dir='ltr'><strong>et</strong></span> <span class='ocrx_word' id='word_1_166' title='bbox 846 2145 1080 2199; x_wconf 87' lang='lat' dir='ltr'><strong>nostras,</strong></span> <span class='ocrx_word' id='word_1_167' title='bbox 1110 2146 1418 2205; x_wconf 87' lang='lat' dir='ltr'><strong>vestrosque</strong></span> <span class='ocrx_word' id='word_1_168' title='bbox 1444 2137 1638 2191; x_wconf 88' lang='lat' dir='ltr'><strong>missos</strong></span> <span class='ocrx_word' id='word_1_169' title='bbox 1659 2137 1942 2191; x_wconf 81' lang='lat' dir='ltr'><strong>maximam</strong></span> 
     </span>
    </p>
   </div>
   <div class='ocr_carea' id='block_1_23' title="bbox 371 2217 1945 2293">
    <p class='ocr_par' dir='ltr' id='par_1_23' title="bbox 371 2217 1945 2293">
     <span class='ocr_line' id='line_1_23' title="bbox 371 2217 1945 2293; baseline 0.001 -18"><span class='ocrx_word' id='word_1_170' title='bbox 371 2217 679 2276; x_wconf 88' lang='lat' dir='ltr'><strong>eonIidendi</strong></span> <span class='ocrx_word' id='word_1_171' title='bbox 736 2224 1011 2278; x_wconf 85' lang='lat' dir='ltr'><strong>materiam</strong></span> <span class='ocrx_word' id='word_1_172' title='bbox 1060 2224 1349 2291; x_wconf 79' lang='lat' dir='ltr'><strong>intulistis,</strong></span> <span class='ocrx_word' id='word_1_173' title='bbox 1396 2227 1762 2293; x_wconf 67' lang='lat' dir='ltr'><strong>praestolamur</strong></span> <span class='ocrx_word' id='word_1_174' title='bbox 1802 2226 1945 2280; x_wconf 69' lang='lat' dir='ltr'><strong>laeta-</strong></span> 
     </span>
    </p>
   </div>
   <div class='ocr_carea' id='block_1_24' title="bbox 372 2310 1944 2384">
    <p class='ocr_par' dir='ltr' id='par_1_24' title="bbox 372 2310 1944 2384">
     <span class='ocr_line' id='line_1_24' title="bbox 372 2310 1944 2384; baseline 0.003 -19"><span class='ocrx_word' id='word_1_175' title='bbox 372 2310 547 2368; x_wconf 89' lang='lat' dir='ltr'><strong>bunda</strong></span> <span class='ocrx_word' id='word_1_176' title='bbox 582 2313 682 2367; x_wconf 89' lang='lat' dir='ltr'><strong>hac</strong></span> <span class='ocrx_word' id='word_1_177' title='bbox 710 2314 783 2367; x_wconf 86' lang='lat' dir='ltr'><strong>de</strong></span> <span class='ocrx_word' id='word_1_178' title='bbox 802 2328 863 2368; x_wconf 88' lang='lat' dir='ltr'><strong>re</strong></span> <span class='ocrx_word' id='word_1_179' title='bbox 892 2315 1075 2369; x_wconf 88' lang='lat' dir='ltr'><strong>nuntia</strong></span> <span class='ocrx_word' id='word_1_180' title='bbox 1105 2330 1136 2369; x_wconf 89' lang='lat' dir='ltr'><strong>a</strong></span> <span class='ocrx_word' id='word_1_181' title='bbox 1160 2316 1313 2370; x_wconf 80' lang='lat' dir='ltr'><strong>vobis</strong></span> <span class='ocrx_word' id='word_1_182' title='bbox 1346 2315 1582 2384; x_wconf 78' lang='lat' dir='ltr'><strong>suscipi;</strong></span> <span class='ocrx_word' id='word_1_183' title='bbox 1610 2325 1663 2370; x_wconf 85' lang='lat' dir='ltr'><strong>et</strong></span> <span class='ocrx_word' id='word_1_184' title='bbox 1693 2316 1852 2370; x_wconf 88' lang='lat' dir='ltr'><strong>solite</strong></span> <span class='ocrx_word' id='word_1_185' title='bbox 1878 2315 1944 2369; x_wconf 89' lang='lat' dir='ltr'><strong>de</strong></span> 
     </span>
    </p>
   </div>
   <div class='ocr_carea' id='block_1_25' title="bbox 371 2402 1943 2474">
    <p class='ocr_par' dir='ltr' id='par_1_25' title="bbox 371 2402 1943 2474">
     <span class='ocr_line' id='line_1_25' title="bbox 371 2402 1943 2474; baseline 0.001 -17"><span class='ocrx_word' id='word_1_186' title='bbox 371 2413 551 2458; x_wconf 78' lang='lat' dir='ltr'><strong>vestro</strong></span> <span class='ocrx_word' id='word_1_187' title='bbox 603 2402 835 2472; x_wconf 86' lang='lat' dir='ltr'><strong>benigno</strong></span> <span class='ocrx_word' id='word_1_188' title='bbox 878 2404 1075 2459; x_wconf 90' lang='lat' dir='ltr'><strong>mentis</strong></span> <span class='ocrx_word' id='word_1_189' title='bbox 1113 2406 1403 2474; x_wconf 89' lang='lat' dir='ltr'><strong>proposito.</strong></span> <span class='ocrx_word' id='word_1_190' title='bbox 1437 2405 1715 2472; x_wconf 86' lang='lat' dir='ltr'><strong>gratulari.</strong></span> <span class='ocrx_word' id='word_1_191' title='bbox 1748 2405 1815 2459; x_wconf 85' lang='lat' dir='ltr'><strong>Et</strong></span> <span class='ocrx_word' id='word_1_192' title='bbox 1842 2406 1943 2459; x_wconf 90' lang='lat' dir='ltr'><strong>hoc</strong></span> 
     </span>
    </p>
   </div>
   <div class='ocr_carea' id='block_1_26' title="bbox 373 2478 1942 2561">
    <p class='ocr_par' dir='ltr' id='par_1_26' title="bbox 373 2478 1942 2561">
     <span class='ocr_line' id='line_1_26' title="bbox 373 2478 1942 2561; baseline -0.003 -13"><span class='ocrx_word' id='word_1_193' title='bbox 373 2492 627 2560; x_wconf 69' lang='lat' dir='ltr'><strong>pmoelsa</strong></span> <span class='ocrx_word' id='word_1_194' title='bbox 655 2492 1029 2548; x_wconf 87' lang='lat' dir='ltr'><strong>Christianitas</strong></span> <span class='ocrx_word' id='word_1_195' title='bbox 1054 2504 1233 2548; x_wconf 89' lang='lat' dir='ltr'><strong>vestra</strong></span> <span class='ocrx_word' id='word_1_196' title='bbox 1260 2493 1605 2561; x_wconf 55' lang='lat' dir='ltr'><strong>pereasdem‘</strong></span> <span class='ocrx_word' id='word_1_197' title='bbox 1629 2478 1760 2547; x_wconf 84' lang='lat' dir='ltr'><strong>suas</strong></span> <span class='ocrx_word' id='word_1_198' title='bbox 1783 2507 1815 2545; x_wconf 90' lang='lat' dir='ltr'><strong>a</strong></span> <span class='ocrx_word' id='word_1_199' title='bbox 1842 2506 1942 2544; x_wconf 83' lang='lat' dir='ltr'><strong>no-</strong></span> 
     </span>
    </p>
   </div>
   <div class='ocr_carea' id='block_1_27' title="bbox 372 2583 1942 2654">
    <p class='ocr_par' dir='ltr' id='par_1_27' title="bbox 372 2583 1942 2654">
     <span class='ocr_line' id='line_1_27' title="bbox 372 2583 1942 2654; baseline -0.001 -17"><span class='ocrx_word' id='word_1_200' title='bbox 372 2584 457 2637; x_wconf 88' lang='lat' dir='ltr'><strong>bis</strong></span> <span class='ocrx_word' id='word_1_201' title='bbox 488 2584 633 2643; x_wconf 77' lang='lat' dir='ltr'><strong>petiit</strong></span> <span class='ocrx_word' id='word_1_202' title='bbox 665 2584 896 2653; x_wconf 77' lang='lat' dir='ltr'><strong>syllabas</strong></span> <span class='ocrx_word' id='word_1_203' title='bbox 937 2583 1223 2654; x_wconf 74' lang='lat' dir='ltr'><strong>Georgium</strong></span> <span class='ocrx_word' id='word_1_204' title='bbox 1274 2585 1590 2654; x_wconf 87' lang='lat' dir='ltr'><strong>episcopum</strong></span> <span class='ocrx_word' id='word_1_205' title='bbox 1631 2593 1687 2637; x_wconf 89' lang='lat' dir='ltr'><strong>et</strong></span> <span class='ocrx_word' id='word_1_206' title='bbox 1730 2583 1942 2637; x_wconf 80' lang='lat' dir='ltr'><strong>I’etrum</strong></span> 
     </span>
    </p>
   </div>
   <div class='ocr_carea' id='block_1_28' title="bbox 375 2671 1943 2741">
    <p class='ocr_par' dir='ltr' id='par_1_28' title="bbox 375 2671 1943 2741">
     <span class='ocr_line' id='line_1_28' title="bbox 375 2671 1943 2741; baseline 0.001 -16"><span class='ocrx_word' id='word_1_207' title='bbox 375 2671 746 2741; x_wconf 80' lang='lat' dir='ltr'><strong>presbyterum</strong></span> <span class='ocrx_word' id='word_1_208' title='bbox 779 2673 830 2726; x_wconf 94' lang='lat' dir='ltr'><strong>in</strong></span> <span class='ocrx_word' id='word_1_209' title='bbox 860 2671 1043 2727; x_wconf 71' lang='lat' dir='ltr'><strong>vestro‘</strong></span> <span class='ocrx_word' id='word_1_210' title='bbox 1061 2674 1085 2709; x_wconf 74' lang='grc' dir='ltr'>ἀ</span> <span class='ocrx_word' id='word_1_211' title='bbox 1113 2689 1425 2739; x_wconf 84' lang='lat' dir='ltr'><strong>permanere</strong></span> <span class='ocrx_word' id='word_1_212' title='bbox 1451 2674 1694 2741; x_wconf 77' lang='lat' dir='ltr'><strong>servitio,</strong></span> <span class='ocrx_word' id='word_1_213' title='bbox 1726 2690 1823 2728; x_wconf 88' lang='lat' dir='ltr'><strong>nos</strong></span> <span class='ocrx_word' id='word_1_214' title='bbox 1851 2675 1943 2727; x_wconf 35' lang='lat' dir='ltr'><strong>des</strong></span> 
     </span>
    </p>
   </div>
   <div class='ocr_carea' id='block_1_29' title="bbox 368 2741 1939 2830">
    <p class='ocr_par' dir='ltr' id='par_1_29' title="bbox 368 2741 1939 2830">
     <span class='ocr_line' id='line_1_29' title="bbox 368 2741 1939 2830; baseline 0.001 -16"><span class='ocrx_word' id='word_1_215' title='bbox 368 2760 498 2814; x_wconf 88' lang='lat' dir='ltr'><strong>bere</strong></span> <span class='ocrx_word' id='word_1_216' title='bbox 525 2761 841 2817; x_wconf 85' lang='lat' dir='ltr'><strong>concedere.</strong></span> <span class='ocrx_word' id='word_1_217' title='bbox 877 2760 945 2814; x_wconf 83' lang='lat' dir='ltr'><strong>Et</strong></span> <span class='ocrx_word' id='word_1_218' title='bbox 972 2762 1185 2829; x_wconf 78' lang='lat' dir='ltr'><strong>quidem</strong></span> <span class='ocrx_word' id='word_1_219' title='bbox 1226 2760 1718 2830; x_wconf 64' lang='lat' dir='ltr'><strong>praecellentissima</strong></span> <span class='ocrx_word' id='word_1_220' title='bbox 1762 2741 1939 2815; x_wconf 69' lang='lat' dir='ltr'><strong>vestra</strong></span> 
     </span>
    </p>
   </div>
   <div class='ocr_carea' id='block_1_30' title="bbox 368 2851 1939 2923">
    <p class='ocr_par' dir='ltr' id='par_1_30' title="bbox 368 2851 1939 2923">
     <span class='ocr_line' id='line_1_30' title="bbox 368 2851 1939 2923; baseline 0.001 -18"><span class='ocrx_word' id='word_1_221' title='bbox 368 2851 666 2923; x_wconf 72' lang='lat' dir='ltr'><strong>benignitas</strong></span> <span class='ocrx_word' id='word_1_222' title='bbox 712 2860 970 2921; x_wconf 74' lang='lat' dir='ltr'><strong>agnoscat</strong></span> <span class='ocrx_word' id='word_1_223' title='bbox 1015 2868 1116 2907; x_wconf 92' lang='lat' dir='ltr'><strong>nos</strong></span> <span class='ocrx_word' id='word_1_224' title='bbox 1158 2853 1497 2921; x_wconf 67' lang='lat' dir='ltr'><strong>jamdudum&#39;</strong></span> <span class='ocrx_word' id='word_1_225' title='bbox 1521 2854 1589 2906; x_wconf 91' lang='lat' dir='ltr'><strong>de</strong></span> <span class='ocrx_word' id='word_1_226' title='bbox 1620 2855 1720 2906; x_wconf 87' lang='lat' dir='ltr'><strong>hoc</strong></span> <span class='ocrx_word' id='word_1_227' title='bbox 1749 2860 1939 2906; x_wconf 73' lang='lat' dir='ltr'><strong>vestrze</strong></span> 
     </span>
    </p>
   </div>
   <div class='ocr_carea' id='block_1_31' title="bbox 366 2939 1941 3008">
    <p class='ocr_par' dir='ltr' id='par_1_31' title="bbox 366 2939 1941 3008">
     <span class='ocr_line' id='line_1_31' title="bbox 366 2939 1941 3008; baseline 0.002 -18"><span class='ocrx_word' id='word_1_228' title='bbox 366 2939 767 3008; x_wconf 83' lang='lat' dir='ltr'><strong>obtemperasse</strong></span> <span class='ocrx_word' id='word_1_229' title='bbox 796 2941 1075 2995; x_wconf 91' lang='lat' dir='ltr'><strong>voluntati.</strong></span> <span class='ocrx_word' id='word_1_230' title='bbox 1110 2942 1211 2995; x_wconf 88' lang='lat' dir='ltr'><strong>Per</strong></span> <span class='ocrx_word' id='word_1_231' title='bbox 1258 2941 1521 2997; x_wconf 85' lang='lat' dir='ltr'><strong>Andream</strong></span> <span class='ocrx_word' id='word_1_232' title='bbox 1571 2942 1767 3008; x_wconf 88' lang='lat' dir='ltr'><strong>quippe</strong></span> <span class='ocrx_word' id='word_1_233' title='bbox 1814 2942 1941 2993; x_wconf 83' lang='lat' dir='ltr'><strong>reli‘-</strong></span> 
     </span>
    </p>
   </div>
   <div class='ocr_carea' id='block_1_32' title="bbox 2065 420 3652 511">
    <p class='ocr_par' dir='ltr' id='par_1_32' title="bbox 2065 420 3652 511">
     <span class='ocr_line' id='line_1_32' title="bbox 2065 420 3652 511; baseline 0.008 -23"><span class='ocrx_word' id='word_1_234' title='bbox 2065 439 2117 488; x_wconf 91' lang='lat' dir='ltr'><strong>in</strong></span> <span class='ocrx_word' id='word_1_235' title='bbox 2169 435 2459 501; x_wconf 78' lang='lat' dir='ltr'><strong>temporeh</strong></span> <span class='ocrx_word' id='word_1_236' title='bbox 2492 420 2738 493; x_wconf 59' lang='lat' dir='ltr'><strong>eunidem</strong></span> <span class='ocrx_word' id='word_1_237' title='bbox 2787 441 3115 495; x_wconf 86' lang='lat' dir='ltr'><strong>Desiderium</strong></span> <span class='ocrx_word' id='word_1_238' title='bbox 3167 442 3652 511; x_wconf 83' lang='lat' dir='ltr'><strong>Langobardorum</strong></span> 
     </span>
    </p>
   </div>
   <div class='ocr_carea' id='block_1_33' title="bbox 2061 528 3651 597">
    <p class='ocr_par' dir='ltr' id='par_1_33' title="bbox 2061 528 3651 597">
     <span class='ocr_line' id='line_1_33' title="bbox 2061 528 3651 597; baseline 0.006 -19"><span class='ocrx_word' id='word_1_239' title='bbox 2061 540 2240 590; x_wconf 82' lang='lat' dir='ltr'><strong>regem</strong></span> <span class='ocrx_word' id='word_1_240' title='bbox 2266 528 2331 577; x_wconf 86' lang='lat' dir='ltr'><strong>ad</strong></span> <span class='ocrx_word' id='word_1_241' title='bbox 2361 529 2728 592; x_wconf 86' lang='lat' dir='ltr'><strong>apostolorum</strong></span> <span class='ocrx_word' id='word_1_242' title='bbox 2758 530 2963 592; x_wconf 88' lang='lat' dir='ltr'><strong>litnina,</strong></span> <span class='ocrx_word' id='word_1_243' title='bbox 2988 545 3146 584; x_wconf 86' lang='lat' dir='ltr'><strong>causa</strong></span> <span class='ocrx_word' id='word_1_244' title='bbox 3169 532 3458 597; x_wconf 86' lang='lat' dir='ltr'><strong>orationis,</strong></span> <span class='ocrx_word' id='word_1_245' title='bbox 3484 549 3651 587; x_wconf 85' lang='lat' dir='ltr'><strong>eum-</strong></span> 
     </span>
    </p>
   </div>
   <div class='ocr_carea' id='block_1_34' title="bbox 2060 614 3652 685">
    <p class='ocr_par' dir='ltr' id='par_1_34' title="bbox 2060 614 3652 685">
     <span class='ocr_line' id='line_1_34' title="bbox 2060 614 3652 685; baseline 0.008 -21"><span class='ocrx_word' id='word_1_246' title='bbox 2060 614 2287 680; x_wconf 88' lang='lat' dir='ltr'><strong>detnque</strong></span> <span class='ocrx_word' id='word_1_247' title='bbox 2333 623 2577 668; x_wconf 90' lang='lat' dir='ltr'><strong>nostrum</strong></span> <span class='ocrx_word' id='word_1_248' title='bbox 2625 632 2842 679; x_wconf 87' lang='lat' dir='ltr'><strong>puerum</strong></span> <span class='ocrx_word' id='word_1_249' title='bbox 2901 632 3082 669; x_wconf 90' lang='lat' dir='ltr'><strong>secum</strong></span> <span class='ocrx_word' id='word_1_250' title='bbox 3133 620 3427 685; x_wconf 85' lang='lat' dir='ltr'><strong>deferens,</strong></span> <span class='ocrx_word' id='word_1_251' title='bbox 3487 625 3652 676; x_wconf 73' lang='lat' dir='ltr'><strong>nobis</strong></span> 
     </span>
    </p>
   </div>
   <div class='ocr_carea' id='block_1_35' title="bbox 2059 702 3649 779">
    <p class='ocr_par' dir='ltr' id='par_1_35' title="bbox 2059 702 3649 779">
     <span class='ocr_line' id='line_1_35' title="bbox 2059 702 3649 779; baseline 0.007 -25"><span class='ocrx_word' id='word_1_252' title='bbox 2059 702 2394 754; x_wconf 86' lang='lat' dir='ltr'><strong>contradidit.</strong></span> <span class='ocrx_word' id='word_1_253' title='bbox 2445 703 2575 754; x_wconf 82' lang='lat' dir='ltr'><strong>Cum</strong></span> <span class='ocrx_word' id='word_1_254' title='bbox 2616 705 2807 757; x_wconf 89' lang='lat' dir='ltr'><strong>eodem</strong></span> <span class='ocrx_word' id='word_1_255' title='bbox 2855 705 3047 773; x_wconf 85' lang='lat' dir='ltr'><strong>quippe</strong></span> <span class='ocrx_word' id='word_1_256' title='bbox 3098 724 3256 775; x_wconf 81' lang='lat' dir='ltr'><strong>rege,</strong></span> <span class='ocrx_word' id='word_1_257' title='bbox 3291 724 3390 774; x_wconf 89' lang='lat' dir='ltr'><strong>pro</strong></span> <span class='ocrx_word' id='word_1_258' title='bbox 3415 710 3649 779; x_wconf 76' lang='lat' dir='ltr'><strong>justitiis</strong></span> 
     </span>
    </p>
   </div>
   <div class='ocr_carea' id='block_1_36' title="bbox 2059 792 3645 864">
    <p class='ocr_par' dir='ltr' id='par_1_36' title="bbox 2059 792 3645 864">
     <span class='ocr_line' id='line_1_36' title="bbox 2059 792 3645 864; baseline 0.006 -20"><span class='ocrx_word' id='word_1_259' title='bbox 2059 792 2196 845; x_wconf 91' lang='lat' dir='ltr'><strong>inter</strong></span> <span class='ocrx_word' id='word_1_260' title='bbox 2247 802 2421 858; x_wconf 87' lang='lat' dir='ltr'><strong>partes</strong></span> <span class='ocrx_word' id='word_1_261' title='bbox 2469 792 2831 860; x_wconf 83' lang='lat' dir='ltr'><strong>perficiendis,</strong></span> <span class='ocrx_word' id='word_1_262' title='bbox 2876 795 3158 862; x_wconf 73' lang='lat' dir='ltr'><strong>loquente,</strong></span> <span class='ocrx_word' id='word_1_263' title='bbox 3207 800 3495 864; x_wconf 83' lang='lat' dir='ltr'><strong>constitit,</strong></span> <span class='ocrx_word' id='word_1_264' title='bbox 3529 798 3545 836; x_wconf 77' lang='grc' dir='ltr'>ί</span> <span class='ocrx_word' id='word_1_265' title='bbox 3580 810 3645 853; x_wconf 88' lang='lat' dir='ltr'><strong>ut</strong></span> 
     </span>
    </p>
   </div>
   <div class='ocr_carea' id='block_1_37' title="bbox 2061 878 3650 956">
    <p class='ocr_par' dir='ltr' id='par_1_37' title="bbox 2061 878 3650 956">
     <span class='ocr_line' id='line_1_37' title="bbox 2061 878 3650 956; baseline 0.008 -27"><span class='ocrx_word' id='word_1_266' title='bbox 2061 880 2252 932; x_wconf 85' lang='lat' dir='ltr'><strong>vestris</strong></span> <span class='ocrx_word' id='word_1_267' title='bbox 2280 878 2507 946; x_wconf 86' lang='lat' dir='ltr'><strong>ejusque</strong></span> <span class='ocrx_word' id='word_1_268' title='bbox 2534 881 2713 933; x_wconf 85' lang='lat' dir='ltr'><strong>missis</strong></span> <span class='ocrx_word' id='word_1_269' title='bbox 2739 896 2836 949; x_wconf 91' lang='lat' dir='ltr'><strong>per</strong></span> <span class='ocrx_word' id='word_1_270' title='bbox 2864 882 3105 936; x_wconf 86' lang='lat' dir='ltr'><strong>diversas</strong></span> <span class='ocrx_word' id='word_1_271' title='bbox 3133 884 3380 939; x_wconf 86' lang='lat' dir='ltr'><strong>civitates</strong></span> <span class='ocrx_word' id='word_1_272' title='bbox 3419 900 3650 956; x_wconf 80' lang='lat' dir='ltr'><strong>progre-</strong></span> 
     </span>
    </p>
   </div>
   <div class='ocr_carea' id='block_1_38' title="bbox 2058 967 3647 1040">
    <p class='ocr_par' dir='ltr' id='par_1_38' title="bbox 2058 967 3647 1040">
     <span class='ocr_line' id='line_1_38' title="bbox 2058 967 3647 1040; baseline 0.008 -21"><span class='ocrx_word' id='word_1_273' title='bbox 2058 968 2349 1031; x_wconf 89' lang='lat' dir='ltr'><strong>dientibus,</strong></span> <span class='ocrx_word' id='word_1_274' title='bbox 2385 967 2516 1037; x_wconf 77' lang='lat' dir='ltr'><strong>ipsa:</strong></span> <span class='ocrx_word' id='word_1_275' title='bbox 2552 980 2864 1036; x_wconf 65' lang='lat' dir='ltr'><strong>praeparatae</strong></span> <span class='ocrx_word' id='word_1_276' title='bbox 2892 972 3113 1025; x_wconf 89' lang='lat' dir='ltr'><strong>fuissent</strong></span> <span class='ocrx_word' id='word_1_277' title='bbox 3140 972 3389 1040; x_wconf 65' lang='lat' dir='ltr'><strong>justitia.</strong></span> <span class='ocrx_word' id='word_1_278' title='bbox 3424 973 3489 1028; x_wconf 86' lang='lat' dir='ltr'><strong>Et</strong></span> <span class='ocrx_word' id='word_1_279' title='bbox 3513 991 3647 1031; x_wconf 81' lang='lat' dir='ltr'><strong>ecce</strong></span> 
     </span>
    </p>
   </div>
   <div class='ocr_carea' id='block_1_39' title="bbox 2058 1057 3642 1131">
    <p class='ocr_par' dir='ltr' id='par_1_39' title="bbox 2058 1057 3642 1131">
     <span class='ocr_line' id='line_1_39' title="bbox 2058 1057 3642 1131; baseline 0.006 -22"><span class='ocrx_word' id='word_1_280' title='bbox 2058 1057 2166 1110; x_wconf 89' lang='lat' dir='ltr'><strong>Deo</strong></span> <span class='ocrx_word' id='word_1_281' title='bbox 2188 1058 2454 1125; x_wconf 84' lang='lat' dir='ltr'><strong>propitio,</strong></span> <span class='ocrx_word' id='word_1_282' title='bbox 2500 1058 2571 1115; x_wconf 90' lang='lat' dir='ltr'><strong>de</strong></span> <span class='ocrx_word' id='word_1_283' title='bbox 2613 1058 2852 1126; x_wconf 86' lang='lat' dir='ltr'><strong>partibus</strong></span> <span class='ocrx_word' id='word_1_284' title='bbox 2884 1061 3276 1117; x_wconf 82' lang='lat' dir='ltr'><strong>Beneventanis</strong></span> <span class='ocrx_word' id='word_1_285' title='bbox 3305 1075 3469 1131; x_wconf 89' lang='lat' dir='ltr'><strong>atque</strong></span> <span class='ocrx_word' id='word_1_286' title='bbox 3498 1065 3642 1119; x_wconf 82' lang='lat' dir='ltr'><strong>Tus-</strong></span> 
     </span>
    </p>
   </div>
   <div class='ocr_carea' id='block_1_40' title="bbox 2055 1148 3643 1220">
    <p class='ocr_par' dir='ltr' id='par_1_40' title="bbox 2055 1148 3643 1220">
     <span class='ocr_line' id='line_1_40' title="bbox 2055 1148 3643 1220; baseline 0.006 -20"><span class='ocrx_word' id='word_1_287' title='bbox 2055 1149 2375 1201; x_wconf 86' lang='lat' dir='ltr'><strong>canensibus</strong></span> <span class='ocrx_word' id='word_1_288' title='bbox 2404 1159 2454 1200; x_wconf 89' lang='lat' dir='ltr'><strong>et</strong></span> <span class='ocrx_word' id='word_1_289' title='bbox 2489 1148 2711 1202; x_wconf 81' lang='lat' dir='ltr'><strong>fecimus</strong></span> <span class='ocrx_word' id='word_1_290' title='bbox 2743 1161 2797 1203; x_wconf 91' lang='lat' dir='ltr'><strong>et</strong></span> <span class='ocrx_word' id='word_1_291' title='bbox 2824 1151 2889 1203; x_wconf 89' lang='lat' dir='ltr'><strong>ad</strong></span> <span class='ocrx_word' id='word_1_292' title='bbox 2914 1150 3142 1205; x_wconf 91' lang='lat' dir='ltr'><strong>invicem</strong></span> <span class='ocrx_word' id='word_1_293' title='bbox 3176 1164 3387 1208; x_wconf 87' lang='lat' dir='ltr'><strong>nostras</strong></span> <span class='ocrx_word' id='word_1_294' title='bbox 3418 1157 3643 1220; x_wconf 76' lang='lat' dir='ltr'><strong>recepi-</strong></span> 
     </span>
    </p>
   </div>
   <div class='ocr_carea' id='block_1_41' title="bbox 2057 1234 3641 1311">
    <p class='ocr_par' dir='ltr' id='par_1_41' title="bbox 2057 1234 3641 1311">
     <span class='ocr_line' id='line_1_41' title="bbox 2057 1234 3641 1311; baseline 0.005 -23"><span class='ocrx_word' id='word_1_295' title='bbox 2057 1252 2194 1291; x_wconf 89' lang='lat' dir='ltr'><strong>mus.</strong></span> <span class='ocrx_word' id='word_1_296' title='bbox 2226 1238 2355 1291; x_wconf 89' lang='lat' dir='ltr'><strong>Nam</strong></span> <span class='ocrx_word' id='word_1_297' title='bbox 2387 1238 2453 1291; x_wconf 92' lang='lat' dir='ltr'><strong>de</strong></span> <span class='ocrx_word' id='word_1_298' title='bbox 2482 1239 2675 1292; x_wconf 88' lang='lat' dir='ltr'><strong>ducatu</strong></span> <span class='ocrx_word' id='word_1_299' title='bbox 2706 1239 2981 1304; x_wconf 91' lang='lat' dir='ltr'><strong>Spoletino</strong></span> <span class='ocrx_word' id='word_1_300' title='bbox 3003 1280 3019 1304; x_wconf 90' lang='lat'><strong>,</strong></span> <span class='ocrx_word' id='word_1_301' title='bbox 3052 1243 3251 1296; x_wconf 83' lang='lat' dir='ltr'><strong>nostris</strong></span> <span class='ocrx_word' id='word_1_302' title='bbox 3299 1244 3381 1298; x_wconf 87' lang='lat' dir='ltr'><strong>vel</strong></span> <span class='ocrx_word' id='word_1_303' title='bbox 3421 1234 3641 1311; x_wconf 57' lang='lat' dir='ltr'><strong>Lange-</strong></span> 
     </span>
    </p>
   </div>
   <div class='ocr_carea' id='block_1_42' title="bbox 2058 1326 3643 1402">
    <p class='ocr_par' dir='ltr' id='par_1_42' title="bbox 2058 1326 3643 1402">
     <span class='ocr_line' id='line_1_42' title="bbox 2058 1326 3643 1402; baseline 0.006 -25"><span class='ocrx_word' id='word_1_304' title='bbox 2058 1326 2342 1378; x_wconf 85' lang='lat' dir='ltr'><strong>bardorum</strong></span> <span class='ocrx_word' id='word_1_305' title='bbox 2370 1328 2545 1380; x_wconf 82' lang='lat' dir='ltr'><strong>missis</strong></span> <span class='ocrx_word' id='word_1_306' title='bbox 2571 1327 2679 1382; x_wconf 89' lang='lat' dir='ltr'><strong>illic</strong></span> <span class='ocrx_word' id='word_1_307' title='bbox 2707 1327 2879 1381; x_wconf 85' lang='lat' dir='ltr'><strong>adhuc</strong></span> <span class='ocrx_word' id='word_1_308' title='bbox 2923 1330 3315 1397; x_wconf 84' lang='lat' dir='ltr'><strong>existentibus,</strong></span> <span class='ocrx_word' id='word_1_309' title='bbox 3365 1347 3435 1387; x_wconf 79' lang='lat' dir='ltr'><strong>ex</strong></span> <span class='ocrx_word' id='word_1_310' title='bbox 3484 1344 3643 1402; x_wconf 77' lang='lat' dir='ltr'><strong>parte</strong></span> 
     </span>
    </p>
   </div>
   <div class='ocr_carea' id='block_1_43' title="bbox 2054 1413 3627 1488">
    <p class='ocr_par' dir='ltr' id='par_1_43' title="bbox 2054 1413 3627 1488">
     <span class='ocr_line' id='line_1_43' title="bbox 2054 1413 3627 1488; baseline 0.008 -23"><span class='ocrx_word' id='word_1_311' title='bbox 2054 1413 2289 1481; x_wconf 87' lang='lat' dir='ltr'><strong>justitias</strong></span> <span class='ocrx_word' id='word_1_312' title='bbox 2320 1415 2543 1468; x_wconf 84' lang='lat' dir='ltr'><strong>fecimus</strong></span> <span class='ocrx_word' id='word_1_313' title='bbox 2571 1431 2632 1469; x_wconf 91' lang='lat' dir='ltr'><strong>ac</strong></span> <span class='ocrx_word' id='word_1_314' title='bbox 2657 1420 2977 1484; x_wconf 84' lang='lat' dir='ltr'><strong>recepimus.</strong></span> <span class='ocrx_word' id='word_1_315' title='bbox 3005 1419 3108 1475; x_wconf 87' lang='lat' dir='ltr'><strong>Sed</strong></span> <span class='ocrx_word' id='word_1_316' title='bbox 3137 1431 3192 1473; x_wconf 89' lang='lat' dir='ltr'><strong>et</strong></span> <span class='ocrx_word' id='word_1_317' title='bbox 3218 1422 3470 1488; x_wconf 88' lang='lat' dir='ltr'><strong>reliquas,</strong></span> <span class='ocrx_word' id='word_1_318' title='bbox 3504 1437 3627 1487; x_wconf 74' lang='lat' dir='ltr'><strong>qua:</strong></span> 
     </span>
    </p>
   </div>
   <div class='ocr_carea' id='block_1_44' title="bbox 2032 1490 3637 1582">
    <p class='ocr_par' dir='ltr' id='par_1_44' title="bbox 2032 1490 3637 1582">
     <span class='ocr_line' id='line_1_44' title="bbox 2032 1490 3637 1582; baseline 0.01 -27"><span class='ocrx_word' id='word_1_319' title='bbox 2032 1490 2447 1567; x_wconf 39' lang='lat' dir='ltr'><strong>.remauserunt,</strong></span> <span class='ocrx_word' id='word_1_320' title='bbox 2481 1506 2652 1559; x_wconf 89' lang='lat' dir='ltr'><strong>modis</strong></span> <span class='ocrx_word' id='word_1_321' title='bbox 2673 1509 2920 1561; x_wconf 81' lang='lat' dir='ltr'><strong>omnibus</strong></span> <span class='ocrx_word' id='word_1_322' title='bbox 2945 1510 3251 1576; x_wconf 87' lang='lat' dir='ltr'><strong>plenissime</strong></span> <span class='ocrx_word' id='word_1_323' title='bbox 3278 1512 3422 1566; x_wconf 87' lang='lat' dir='ltr'><strong>inter</strong></span> <span class='ocrx_word' id='word_1_324' title='bbox 3448 1524 3637 1582; x_wconf 71' lang='lat' dir='ltr'><strong>partes</strong></span> 
     </span>
    </p>
   </div>
   <div class='ocr_carea' id='block_1_45' title="bbox 2059 1590 3637 1658">
    <p class='ocr_par' dir='ltr' id='par_1_45' title="bbox 2059 1590 3637 1658">
     <span class='ocr_line' id='line_1_45' title="bbox 2059 1590 3637 1658; baseline 0.01 -16"><span class='ocrx_word' id='word_1_325' title='bbox 2059 1590 2234 1645; x_wconf 90' lang='lat' dir='ltr'><strong>facere</strong></span> <span class='ocrx_word' id='word_1_326' title='bbox 2279 1593 2561 1647; x_wconf 84' lang='lat' dir='ltr'><strong>student.l</strong></span> <span class='ocrx_word' id='word_1_327' title='bbox 2600 1596 2653 1649; x_wconf 92' lang='lat' dir='ltr'><strong>In</strong></span> <span class='ocrx_word' id='word_1_328' title='bbox 2692 1599 2942 1651; x_wconf 88' lang='lat' dir='ltr'><strong>embolim</strong></span> <span class='ocrx_word' id='word_1_329' title='bbox 2988 1614 3115 1652; x_wconf 88' lang='lat' dir='ltr'><strong>vero</strong></span> <span class='ocrx_word' id='word_1_330' title='bbox 3161 1601 3357 1655; x_wconf 83' lang='lat' dir='ltr'><strong>direxit</strong></span> <span class='ocrx_word' id='word_1_331' title='bbox 3402 1606 3558 1657; x_wconf 86' lang='lat' dir='ltr'><strong>nobis</strong></span> <span class='ocrx_word' id='word_1_332' title='bbox 3601 1621 3637 1658; x_wconf 87' lang='lat' dir='ltr'><strong>a</strong></span> 
     </span>
    </p>
   </div>
   <div class='ocr_carea' id='block_1_46' title="bbox 1982 1666 3641 1755">
    <p class='ocr_par' dir='ltr' id='par_1_46' title="bbox 1982 1666 3641 1755">
     <span class='ocr_line' id='line_1_46' title="bbox 1982 1666 3641 1755; baseline 0.011 -29"><span class='ocrx_word' id='word_1_333' title='bbox 1982 1666 2029 1726; x_wconf 85' lang='grc' dir='ltr'><strong>Β</strong></span> <span class='ocrx_word' id='word_1_334' title='bbox 2056 1678 2164 1733; x_wconf 91' lang='lat' dir='ltr'><strong>Deo</strong></span> <span class='ocrx_word' id='word_1_335' title='bbox 2195 1690 2426 1748; x_wconf 87' lang='lat' dir='ltr'><strong>protecta</strong></span> <span class='ocrx_word' id='word_1_336' title='bbox 2457 1685 2772 1739; x_wconf 79' lang='lat' dir='ltr'><strong>excellentia</strong></span> <span class='ocrx_word' id='word_1_337' title='bbox 2801 1697 3009 1751; x_wconf 87' lang='lat' dir='ltr'><strong>vestra,</strong></span> <span class='ocrx_word' id='word_1_338' title='bbox 3038 1686 3314 1755; x_wconf 64' lang='lat' dir='ltr'><strong>praefatum</strong></span> <span class='ocrx_word' id='word_1_339' title='bbox 3349 1706 3449 1745; x_wconf 87' lang='lat' dir='ltr'><strong>vos</strong></span> <span class='ocrx_word' id='word_1_340' title='bbox 3481 1693 3641 1747; x_wconf 67' lang='lat' dir='ltr'><strong>Desio</strong></span> 
     </span>
    </p>
   </div>
   <div class='ocr_carea' id='block_1_47' title="bbox 2050 1768 3634 1850">
    <p class='ocr_par' dir='ltr' id='par_1_47' title="bbox 2050 1768 3634 1850">
     <span class='ocr_line' id='line_1_47' title="bbox 2050 1768 3634 1850; baseline 0.01 -29"><span class='ocrx_word' id='word_1_341' title='bbox 2050 1768 2256 1822; x_wconf 90' lang='lat' dir='ltr'><strong>derium</strong></span> <span class='ocrx_word' id='word_1_342' title='bbox 2288 1772 2633 1827; x_wconf 87' lang='lat' dir='ltr'><strong>admonuisse</strong></span> <span class='ocrx_word' id='word_1_343' title='bbox 2684 1788 2835 1844; x_wconf 82' lang='lat' dir='ltr'><strong>reges</strong></span> <span class='ocrx_word' id='word_1_344' title='bbox 2872 1776 3286 1844; x_wconf 81' lang='lat' dir='ltr'><strong>Neapolitanos,</strong></span> <span class='ocrx_word' id='word_1_345' title='bbox 3319 1795 3382 1833; x_wconf 88' lang='lat' dir='ltr'><strong>ac</strong></span> <span class='ocrx_word' id='word_1_346' title='bbox 3411 1781 3634 1850; x_wconf 68' lang='lat' dir='ltr'><strong>Caieta-</strong></span> 
     </span>
    </p>
   </div>
   <div class='ocr_carea' id='block_1_48' title="bbox 2054 1854 3634 1938">
    <p class='ocr_par' dir='ltr' id='par_1_48' title="bbox 2054 1854 3634 1938">
     <span class='ocr_line' id='line_1_48' title="bbox 2054 1854 3634 1938; baseline 0.01 -30"><span class='ocrx_word' id='word_1_347' title='bbox 2054 1872 2153 1910; x_wconf 90' lang='lat' dir='ltr'><strong>nos</strong></span> <span class='ocrx_word' id='word_1_348' title='bbox 2184 1854 2209 1892; x_wconf 79' lang='grc' dir='ltr'>¹ί</span> <span class='ocrx_word' id='word_1_349' title='bbox 2238 1861 2609 1927; x_wconf 80' lang='lat' dir='ltr'><strong>constringere</strong></span> <span class='ocrx_word' id='word_1_350' title='bbox 2642 1862 2713 1916; x_wconf 91' lang='lat' dir='ltr'><strong>ob</strong></span> <span class='ocrx_word' id='word_1_351' title='bbox 2749 1862 3079 1918; x_wconf 85' lang='lat' dir='ltr'><strong>restituenda</strong></span> <span class='ocrx_word' id='word_1_352' title='bbox 3136 1870 3457 1933; x_wconf 83' lang='lat' dir='ltr'><strong>patrimonia</strong></span> <span class='ocrx_word' id='word_1_353' title='bbox 3507 1885 3634 1938; x_wconf 89' lang='lat' dir='ltr'><strong>pro-</strong></span> 
     </span>
    </p>
   </div>
   <div class='ocr_carea' id='block_1_49' title="bbox 2049 1944 3639 2022">
    <p class='ocr_par' dir='ltr' id='par_1_49' title="bbox 2049 1944 3639 2022">
     <span class='ocr_line' id='line_1_49' title="bbox 2049 1944 3639 2022; baseline 0.008 -24"><span class='ocrx_word' id='word_1_354' title='bbox 2049 1944 2233 1999; x_wconf 85' lang='lat' dir='ltr'><strong>tectori</strong></span> <span class='ocrx_word' id='word_1_355' title='bbox 2281 1955 2459 2001; x_wconf 80' lang='lat' dir='ltr'><strong>vestro</strong></span> <span class='ocrx_word' id='word_1_356' title='bbox 2510 1949 2665 2002; x_wconf 86' lang='lat' dir='ltr'><strong>beato</strong></span> <span class='ocrx_word' id='word_1_357' title='bbox 2714 1948 2905 2013; x_wconf 83' lang='lat' dir='ltr'><strong>Petro,</strong></span> <span class='ocrx_word' id='word_1_358' title='bbox 2941 1951 3052 2005; x_wconf 92' lang='lat' dir='ltr'><strong>illic</strong></span> <span class='ocrx_word' id='word_1_359' title='bbox 3078 1953 3297 2022; x_wconf 81' lang='lat' dir='ltr'><strong>Neapoli</strong></span> <span class='ocrx_word' id='word_1_360' title='bbox 3330 1959 3435 2008; x_wconf 86' lang='lat' dir='ltr'><strong>sila</strong></span> <span class='ocrx_word' id='word_1_361' title='bbox 3463 1996 3479 2017; x_wconf 91' lang='lat'><strong>,</strong></span> <span class='ocrx_word' id='word_1_362' title='bbox 3524 1955 3540 1993; x_wconf 70' lang='grc' dir='ltr'>ί</span> <span class='ocrx_word' id='word_1_363' title='bbox 3574 1967 3639 2011; x_wconf 78' lang='lat' dir='ltr'><strong>cl.</strong></span> 
     </span>
    </p>
   </div>
   <div class='ocr_carea' id='block_1_50' title="bbox 2046 2036 3631 2113">
    <p class='ocr_par' dir='ltr' id='par_1_50' title="bbox 2046 2036 3631 2113">
     <span class='ocr_line' id='line_1_50' title="bbox 2046 2036 3631 2113; baseline 0.008 -24"><span class='ocrx_word' id='word_1_364' title='bbox 2046 2036 2228 2107; x_wconf 87' lang='lat' dir='ltr'><strong>largiri</strong></span> <span class='ocrx_word' id='word_1_365' title='bbox 2267 2038 2450 2091; x_wconf 89' lang='lat' dir='ltr'><strong>electis</strong></span> <span class='ocrx_word' id='word_1_366' title='bbox 2494 2039 2651 2091; x_wconf 80' lang='lat' dir='ltr'><strong>solita</strong></span> <span class='ocrx_word' id='word_1_367' title='bbox 2695 2040 2763 2092; x_wconf 90' lang='lat' dir='ltr'><strong>ad</strong></span> <span class='ocrx_word' id='word_1_368' title='bbox 2812 2040 3210 2108; x_wconf 85' lang='lat' dir='ltr'><strong>suscipiendam</strong></span> <span class='ocrx_word' id='word_1_369' title='bbox 3259 2040 3631 2113; x_wconf 76' lang='lat' dir='ltr'><strong>episcopalem</strong></span> 
     </span>
    </p>
   </div>
   <div class='ocr_carea' id='block_1_51' title="bbox 2044 2122 3629 2203">
    <p class='ocr_par' dir='ltr' id='par_1_51' title="bbox 2044 2122 3629 2203">
     <span class='ocr_line' id='line_1_51' title="bbox 2044 2122 3629 2203; baseline 0.007 -25"><span class='ocrx_word' id='word_1_370' title='bbox 2044 2122 2557 2194; x_wconf 60' lang='lat' dir='ltr'><strong>consecrationem,</strong></span> <span class='ocrx_word' id='word_1_371' title='bbox 2592 2129 2657 2182; x_wconf 90' lang='lat' dir='ltr'><strong>ad</strong></span> <span class='ocrx_word' id='word_1_372' title='bbox 2711 2131 2847 2183; x_wconf 86' lang='lat' dir='ltr'><strong>hanc</strong></span> <span class='ocrx_word' id='word_1_373' title='bbox 2897 2132 3245 2197; x_wconf 86' lang='lat' dir='ltr'><strong>apostolicam</strong></span> <span class='ocrx_word' id='word_1_374' title='bbox 3301 2140 3629 2203; x_wconf 81' lang='lat' dir='ltr'><strong>properandi</strong></span> 
     </span>
    </p>
   </div>
   <div class='ocr_carea' id='block_1_52' title="bbox 2044 2218 3630 2288">
    <p class='ocr_par' dir='ltr' id='par_1_52' title="bbox 2044 2218 3630 2288">
     <span class='ocr_line' id='line_1_52' title="bbox 2044 2218 3630 2288; baseline 0.008 -18"><span class='ocrx_word' id='word_1_375' title='bbox 2044 2218 2615 2288; x_wconf 45' lang='lat' dir='ltr'><strong>sedemuQuaprOpter</strong></span> <span class='ocrx_word' id='word_1_376' title='bbox 2645 2224 2901 2274; x_wconf 87' lang='lat' dir='ltr'><strong>maximas</strong></span> <span class='ocrx_word' id='word_1_377' title='bbox 2931 2223 2996 2275; x_wconf 92' lang='lat' dir='ltr'><strong>de</strong></span> <span class='ocrx_word' id='word_1_378' title='bbox 3030 2222 3134 2275; x_wconf 85' lang='lat' dir='ltr'><strong>huc</strong></span> <span class='ocrx_word' id='word_1_379' title='bbox 3179 2235 3234 2277; x_wconf 87' lang='lat' dir='ltr'><strong>et</strong></span> <span class='ocrx_word' id='word_1_380' title='bbox 3274 2224 3341 2278; x_wconf 90' lang='lat' dir='ltr'><strong>de</strong></span> <span class='ocrx_word' id='word_1_381' title='bbox 3366 2227 3630 2281; x_wconf 85' lang='lat' dir='ltr'><strong>omnibus</strong></span> 
     </span>
    </p>
   </div>
   <div class='ocr_carea' id='block_1_53' title="bbox 2043 2310 3127 2380">
    <p class='ocr_par' dir='ltr' id='par_1_53' title="bbox 2043 2310 3127 2380">
     <span class='ocr_line' id='line_1_53' title="bbox 2043 2310 3127 2380; baseline 0.004 -18"><span class='ocrx_word' id='word_1_382' title='bbox 2043 2310 2372 2364; x_wconf 66' lang='lat' dir='ltr'><strong>excellentiae</strong></span> <span class='ocrx_word' id='word_1_383' title='bbox 2402 2320 2591 2365; x_wconf 63' lang='lat' dir='ltr'><strong>vestras</strong></span> <span class='ocrx_word' id='word_1_384' title='bbox 2619 2310 2899 2365; x_wconf 80' lang='lat' dir='ltr'><strong>referimus</strong></span> <span class='ocrx_word' id='word_1_385' title='bbox 2929 2324 3127 2380; x_wconf 83' lang='lat' dir='ltr'><strong>grates.</strong></span> 
     </span>
    </p>
   </div>
   <div class='ocr_carea' id='block_1_54' title="bbox 2118 2392 3647 2475">
    <p class='ocr_par' dir='ltr' id='par_1_54' title="bbox 2118 2392 3647 2475">
     <span class='ocr_line' id='line_1_54' title="bbox 2118 2392 3647 2475; baseline 0.005 -20"><span class='ocrx_word' id='word_1_386' title='bbox 2118 2402 2213 2455; x_wconf 84' lang='lat' dir='ltr'><strong>His</strong></span> <span class='ocrx_word' id='word_1_387' title='bbox 2248 2402 2561 2469; x_wconf 70' lang='lat' dir='ltr'><strong>praemissis,</strong></span> <span class='ocrx_word' id='word_1_388' title='bbox 2581 2403 2922 2475; x_wconf 71' lang='lat' dir='ltr'><strong>omnipotens</strong></span> <span class='ocrx_word' id='word_1_389' title='bbox 2946 2403 3205 2456; x_wconf 86' lang='lat' dir='ltr'><strong>Dominus</strong></span> <span class='ocrx_word' id='word_1_390' title='bbox 3237 2394 3374 2459; x_wconf 64' lang='lat' dir='ltr'><strong>Deus</strong></span> <span class='ocrx_word' id='word_1_391' title='bbox 3406 2421 3505 2459; x_wconf 88' lang='lat' dir='ltr'><strong>nos</strong></span> <span class='ocrx_word' id='word_1_392' title='bbox 3528 2392 3647 2464; x_wconf 62' lang='lat' dir='ltr'><strong>sua</strong></span> 
     </span>
    </p>
   </div>
   <div class='ocr_carea' id='block_1_55' title="bbox 2045 2486 3659 2561">
    <p class='ocr_par' dir='ltr' id='par_1_55' title="bbox 2045 2486 3659 2561">
     <span class='ocr_line' id='line_1_55' title="bbox 2045 2486 3659 2561; baseline 0.005 -18"><span class='ocrx_word' id='word_1_393' title='bbox 2045 2504 2141 2543; x_wconf 84' lang='lat' dir='ltr'><strong>vos</strong></span> <span class='ocrx_word' id='word_1_394' title='bbox 2168 2490 2414 2543; x_wconf 89' lang='lat' dir='ltr'><strong>continua</strong></span> <span class='ocrx_word' id='word_1_395' title='bbox 2446 2486 2783 2558; x_wconf 82' lang='lat' dir='ltr'><strong>protectiune</strong></span> <span class='ocrx_word' id='word_1_396' title='bbox 2807 2493 3182 2561; x_wconf 85' lang='lat' dir='ltr'><strong>circumtegat,</strong></span> <span class='ocrx_word' id='word_1_397' title='bbox 3207 2495 3352 2547; x_wconf 84' lang='lat' dir='ltr'><strong>et&#39;ab</strong></span> <span class='ocrx_word' id='word_1_398' title='bbox 3376 2496 3629 2551; x_wconf 71' lang='lat' dir='ltr'><strong>omnibus</strong></span> <span class='ocrx_word' id='word_1_399' title='bbox 3656 2502 3659 2503; x_wconf 65' lang='grc'><strong><em>⁷</em></strong></span> 
     </span>
    </p>
   </div>
   <div class='ocr_carea' id='block_1_56' title="bbox 2044 2577 3628 2648">
    <p class='ocr_par' dir='ltr' id='par_1_56' title="bbox 2044 2577 3628 2648">
     <span class='ocr_line' id='line_1_56' title="bbox 2044 2577 3628 2648; baseline 0.003 -17"><span class='ocrx_word' id='word_1_400' title='bbox 2044 2577 2452 2631; x_wconf 83' lang='lat' dir='ltr'><strong>adversitatibus</strong></span> <span class='ocrx_word' id='word_1_401' title='bbox 2478 2579 2758 2645; x_wconf 87' lang='lat' dir='ltr'><strong>eripiat-et</strong></span> <span class='ocrx_word' id='word_1_402' title='bbox 2788 2579 2982 2632; x_wconf 84' lang='lat' dir='ltr'><strong>vestris</strong></span> <span class='ocrx_word' id='word_1_403' title='bbox 3015 2579 3257 2648; x_wconf 73' lang='lat' dir='ltr'><strong>vestigiis</strong></span> <span class='ocrx_word' id='word_1_404' title='bbox 3280 2595 3469 2635; x_wconf 86' lang='lat' dir='ltr'><strong>omnes</strong></span> <span class='ocrx_word' id='word_1_405' title='bbox 3492 2584 3628 2635; x_wconf 83' lang='lat' dir='ltr'><strong>bar-</strong></span> 
     </span>
    </p>
   </div>
   <div class='ocr_carea' id='block_1_57' title="bbox 2045 2660 3628 2736">
    <p class='ocr_par' dir='ltr' id='par_1_57' title="bbox 2045 2660 3628 2736">
     <span class='ocr_line' id='line_1_57' title="bbox 2045 2660 3628 2736; baseline 0.004 -18"><span class='ocrx_word' id='word_1_406' title='bbox 2045 2660 2221 2719; x_wconf 84' lang='lat' dir='ltr'><strong>haras</strong></span> <span class='ocrx_word' id='word_1_407' title='bbox 2254 2666 2505 2733; x_wconf 85' lang='lat' dir='ltr'><strong>subjiciat</strong></span> <span class='ocrx_word' id='word_1_408' title='bbox 2556 2661 2838 2728; x_wconf 73' lang='lat' dir='ltr'><strong>nationes:</strong></span> <span class='ocrx_word' id='word_1_409' title='bbox 2870 2667 3173 2722; x_wconf 87' lang='lat' dir='ltr'><strong>concedens</strong></span> <span class='ocrx_word' id='word_1_410' title='bbox 3217 2670 3368 2723; x_wconf 84' lang='lat' dir='ltr'><strong>vobis</strong></span> <span class='ocrx_word' id='word_1_411' title='bbox 3395 2679 3451 2721; x_wconf 83' lang='lat' dir='ltr'><strong>et</strong></span> <span class='ocrx_word' id='word_1_412' title='bbox 3483 2687 3628 2736; x_wconf 78' lang='lat' dir='ltr'><strong>pra:-</strong></span> 
     </span>
    </p>
   </div>
   <div class='ocr_carea' id='block_1_58' title="bbox 2044 2746 3628 2823">
    <p class='ocr_par' dir='ltr' id='par_1_58' title="bbox 2044 2746 3628 2823">
     <span class='ocr_line' id='line_1_58' title="bbox 2044 2746 3628 2823; baseline 0.004 -15"><span class='ocrx_word' id='word_1_413' title='bbox 2044 2770 2173 2809; x_wconf 90' lang='lat' dir='ltr'><strong>sens</strong></span> <span class='ocrx_word' id='word_1_414' title='bbox 2201 2771 2422 2823; x_wconf 83' lang='lat' dir='ltr'><strong>regnum</strong></span> <span class='ocrx_word' id='word_1_415' title='bbox 2454 2756 2681 2810; x_wconf 87' lang='lat' dir='ltr'><strong>feliciter</strong></span> <span class='ocrx_word' id='word_1_416' title='bbox 2712 2771 2806 2823; x_wconf 87' lang='lat' dir='ltr'><strong>per</strong></span> <span class='ocrx_word' id='word_1_417' title='bbox 2830 2746 3126 2811; x_wconf 90' lang='lat' dir='ltr'><strong>multorum</strong></span> <span class='ocrx_word' id='word_1_418' title='bbox 3163 2774 3425 2817; x_wconf 86' lang='lat' dir='ltr'><strong>annorum</strong></span> <span class='ocrx_word' id='word_1_419' title='bbox 3451 2764 3628 2815; x_wconf 88' lang='lat' dir='ltr'><strong>curri-</strong></span> 
     </span>
    </p>
   </div>
   <div class='ocr_carea' id='block_1_59' title="bbox 2042 2838 3625 2914">
    <p class='ocr_par' dir='ltr' id='par_1_59' title="bbox 2042 2838 3625 2914">
     <span class='ocr_line' id='line_1_59' title="bbox 2042 2838 3625 2914; baseline 0.004 -17"><span class='ocrx_word' id='word_1_420' title='bbox 2042 2843 2159 2897; x_wconf 89' lang='lat' dir='ltr'><strong>cula</strong></span> <span class='ocrx_word' id='word_1_421' title='bbox 2190 2858 2293 2896; x_wconf 92' lang='lat' dir='ltr'><strong>una</strong></span> <span class='ocrx_word' id='word_1_422' title='bbox 2322 2856 2442 2897; x_wconf 90' lang='lat' dir='ltr'><strong>cum</strong></span> <span class='ocrx_word' id='word_1_423' title='bbox 2469 2838 2833 2899; x_wconf 81' lang='lat' dir='ltr'><strong>amantissima</strong></span> <span class='ocrx_word' id='word_1_424' title='bbox 2857 2846 3084 2914; x_wconf 87' lang='lat' dir='ltr'><strong>conjuge</strong></span> <span class='ocrx_word' id='word_1_425' title='bbox 3109 2860 3162 2899; x_wconf 90' lang='lat' dir='ltr'><strong>et</strong></span> <span class='ocrx_word' id='word_1_426' title='bbox 3194 2849 3465 2913; x_wconf 68' lang='lat' dir='ltr'><strong>praecelsis</strong></span> <span class='ocrx_word' id='word_1_427' title='bbox 3498 2851 3625 2905; x_wconf 83' lang='lat' dir='ltr'><strong>IiIiis</strong></span> 
     </span>
    </p>
   </div>
   <div class='ocr_carea' id='block_1_60' title="bbox 2043 2934 3624 3009">
    <p class='ocr_par' dir='ltr' id='par_1_60' title="bbox 2043 2934 3624 3009">
     <span class='ocr_line' id='line_1_60' title="bbox 2043 2934 3624 3009; baseline 0.003 -21"><span class='ocrx_word' id='word_1_428' title='bbox 2043 2934 2265 3003; x_wconf 82' lang='lat' dir='ltr'><strong>perfrui,</strong></span> <span class='ocrx_word' id='word_1_429' title='bbox 2296 2946 2353 3009; x_wconf 82' lang='lat' dir='ltr'><strong>et</strong></span> <span class='ocrx_word' id='word_1_430' title='bbox 2376 2936 2539 2989; x_wconf 85' lang='lat' dir='ltr'><strong>vitam</strong></span> <span class='ocrx_word' id='word_1_431' title='bbox 2570 2940 2827 2989; x_wconf 59' lang='lat' dir='ltr'><strong>attentam</strong></span> <span class='ocrx_word' id='word_1_432' title='bbox 2858 2950 2981 2989; x_wconf 89' lang='lat' dir='ltr'><strong>cum</strong></span> <span class='ocrx_word' id='word_1_433' title='bbox 3010 2938 3207 2990; x_wconf 89' lang='lat' dir='ltr'><strong>sanctis</strong></span> <span class='ocrx_word' id='word_1_434' title='bbox 3249 2940 3448 2993; x_wconf 89' lang='lat' dir='ltr'><strong>tribuat</strong></span> <span class='ocrx_word' id='word_1_435' title='bbox 3498 2957 3624 3009; x_wconf 64' lang='lat' dir='ltr'><strong>pos-</strong></span> 
     </span>
    </p>
   </div>
   <div class='ocr_carea' id='block_1_61' title="bbox 367 2999 3626 3100">
    <p class='ocr_par' dir='ltr' id='par_1_61' title="bbox 367 2999 3626 3100">
     <span class='ocr_line' id='line_1_61' title="bbox 367 2999 3626 3100; baseline -0 -16"><span class='ocrx_word' id='word_1_436' title='bbox 367 3032 723 3099; x_wconf 84' lang='lat' dir='ltr'><strong>giosissimum</strong></span> <span class='ocrx_word' id='word_1_437' title='bbox 750 3034 970 3087; x_wconf 88' lang='lat' dir='ltr'><strong>missum</strong></span> <span class='ocrx_word' id='word_1_438' title='bbox 1002 3042 1242 3087; x_wconf 89' lang='lat' dir='ltr'><strong>vestrum</strong></span> <span class='ocrx_word' id='word_1_439' title='bbox 1264 3072 1279 3096; x_wconf 95' lang='lat'><strong>,</strong></span> <span class='ocrx_word' id='word_1_440' title='bbox 1314 3032 1469 3087; x_wconf 89' lang='lat' dir='ltr'><strong>sicuti</strong></span> <span class='ocrx_word' id='word_1_441' title='bbox 1512 3032 1857 3100; x_wconf 88' lang='lat' dir='ltr'><strong>poposcistis,</strong></span> <span class='ocrx_word' id='word_1_442' title='bbox 1887 3032 1941 3085; x_wconf 90' lang='lat' dir='ltr'><strong>in</strong></span> <span class='ocrx_word' id='word_1_443' title='bbox 1969 2999 2015 3060; x_wconf 63' lang='grc' dir='ltr'>Ο</span> <span class='ocrx_word' id='word_1_444' title='bbox 2045 3024 2345 3077; x_wconf 77' lang='lat' dir='ltr'><strong>sidendam.</strong></span> <span class='ocrx_word' id='word_1_445' title='bbox 2366 3025 2504 3077; x_wconf 88' lang='lat' dir='ltr'><strong>Deus</strong></span> <span class='ocrx_word' id='word_1_446' title='bbox 2538 3032 2588 3077; x_wconf 91' lang='lat' dir='ltr'><strong>te</strong></span> <span class='ocrx_word' id='word_1_447' title='bbox 2617 3024 2937 3077; x_wconf 88' lang='lat' dir='ltr'><strong>incolumem</strong></span> <span class='ocrx_word' id='word_1_448' title='bbox 2960 3025 3243 3089; x_wconf 81' lang='lat' dir='ltr'><strong>custodiat,</strong></span> <span class='ocrx_word' id='word_1_449' title='bbox 3267 3030 3626 3083; x_wconf 78' lang='lat' dir='ltr'><strong>excellentis-</strong></span> 
     </span>
    </p>
   </div>
   <div class='ocr_carea' id='block_1_62' title="bbox 367 3120 1946 3191">
    <p class='ocr_par' dir='ltr' id='par_1_62' title="bbox 367 3120 1946 3191">
     <span class='ocr_line' id='line_1_62' title="bbox 367 3120 1946 3191; baseline 0 -18"><span class='ocrx_word' id='word_1_450' title='bbox 367 3123 598 3173; x_wconf 80' lang='lat' dir='ltr'><strong>exaratis</strong></span> <span class='ocrx_word' id='word_1_451' title='bbox 628 3121 904 3175; x_wconf 85' lang='lat' dir='ltr'><strong>destinatis</strong></span> <span class='ocrx_word' id='word_1_452' title='bbox 933 3124 1242 3187; x_wconf 86' lang='lat' dir='ltr'><strong>apostolicis</strong></span> <span class='ocrx_word' id='word_1_453' title='bbox 1268 3122 1508 3191; x_wconf 81' lang='lat' dir='ltr'><strong>syllabis,</strong></span> <span class='ocrx_word' id='word_1_454' title='bbox 1542 3137 1637 3174; x_wconf 86' lang='lat' dir='ltr'><strong>eus</strong></span> <span class='ocrx_word' id='word_1_455' title='bbox 1668 3122 1818 3174; x_wconf 88' lang='lat' dir='ltr'><strong>vobis</strong></span> <span class='ocrx_word' id='word_1_456' title='bbox 1847 3120 1946 3173; x_wconf 89' lang='lat' dir='ltr'><strong>di-</strong></span> 
     </span>
    </p>
   </div>
   <div class='ocr_carea' id='block_1_63' title="bbox 366 3208 1943 3277">
    <p class='ocr_par' dir='ltr' id='par_1_63' title="bbox 366 3208 1943 3277">
     <span class='ocr_line' id='line_1_63' title="bbox 366 3208 1943 3277; baseline 0.001 -15"><span class='ocrx_word' id='word_1_457' title='bbox 366 3208 670 3277; x_wconf 85' lang='lat' dir='ltr'><strong>gnoscimur</strong></span> <span class='ocrx_word' id='word_1_458' title='bbox 697 3213 1048 3266; x_wconf 84' lang='lat' dir='ltr'><strong>concessisse.</strong></span> <span class='ocrx_word' id='word_1_459' title='bbox 1084 3212 1398 3265; x_wconf 86' lang='lat' dir='ltr'><strong>Intimantes</strong></span> <span class='ocrx_word' id='word_1_460' title='bbox 1430 3220 1456 3247; x_wconf 78' lang='grc'><strong><em>⁸</em></strong></span> <span class='ocrx_word' id='word_1_461' title='bbox 1491 3222 1547 3264; x_wconf 84' lang='grc' dir='ltr'><strong>ιιι</strong></span> <span class='ocrx_word' id='word_1_462' title='bbox 1567 3212 1679 3265; x_wconf 88' lang='lat' dir='ltr'><strong>sive</strong></span> <span class='ocrx_word' id='word_1_463' title='bbox 1707 3211 1943 3265; x_wconf 86' lang='lat' dir='ltr'><strong>retinen-</strong></span> 
     </span>
    </p>
   </div>
   <div class='ocr_carea' id='block_1_64' title="bbox 367 3299 1943 3363">
    <p class='ocr_par' dir='ltr' id='par_1_64' title="bbox 367 3299 1943 3363">
     <span class='ocr_line' id='line_1_64' title="bbox 367 3299 1943 3363; baseline 0.002 -13"><span class='ocrx_word' id='word_1_464' title='bbox 367 3299 487 3363; x_wconf 88' lang='lat' dir='ltr'><strong>dos,</strong></span> <span class='ocrx_word' id='word_1_465' title='bbox 507 3300 620 3352; x_wconf 86' lang='lat' dir='ltr'><strong>sive</strong></span> <span class='ocrx_word' id='word_1_466' title='bbox 640 3301 799 3352; x_wconf 88' lang='lat' dir='ltr'><strong>etiam</strong></span> <span class='ocrx_word' id='word_1_467' title='bbox 824 3300 1183 3359; x_wconf 90' lang='lat' dir='ltr'><strong>absolvendos</strong></span> <span class='ocrx_word' id='word_1_468' title='bbox 1212 3315 1335 3354; x_wconf 90' lang='lat' dir='ltr'><strong>esse</strong></span> <span class='ocrx_word' id='word_1_469' title='bbox 1348 3310 1524 3353; x_wconf 88' lang='lat' dir='ltr'><strong>vestra</strong></span> <span class='ocrx_word' id='word_1_470' title='bbox 1543 3300 1728 3353; x_wconf 89' lang='lat' dir='ltr'><strong>fuisset</strong></span> <span class='ocrx_word' id='word_1_471' title='bbox 1758 3299 1943 3353; x_wconf 90' lang='lat' dir='ltr'><strong>volun-</strong></span> 
     </span>
    </p>
   </div>
   <div class='ocr_carea' id='block_1_65' title="bbox 366 3388 1943 3459">
    <p class='ocr_par' dir='ltr' id='par_1_65' title="bbox 366 3388 1943 3459">
     <span class='ocr_line' id='line_1_65' title="bbox 366 3388 1943 3459; baseline -0.001 -18"><span class='ocrx_word' id='word_1_472' title='bbox 366 3396 471 3457; x_wconf 72' lang='lat' dir='ltr'><strong>tas,</strong></span> <span class='ocrx_word' id='word_1_473' title='bbox 521 3388 591 3442; x_wconf 82' lang='lat' dir='ltr'><strong>ita</strong></span> <span class='ocrx_word' id='word_1_474' title='bbox 623 3388 690 3441; x_wconf 90' lang='lat' dir='ltr'><strong>de</strong></span> <span class='ocrx_word' id='word_1_475' title='bbox 739 3390 817 3442; x_wconf 89' lang='lat' dir='ltr'><strong>eis</strong></span> <span class='ocrx_word' id='word_1_476' title='bbox 863 3404 1119 3459; x_wconf 85' lang='lat' dir='ltr'><strong>peragere</strong></span> <span class='ocrx_word' id='word_1_477' title='bbox 1162 3390 1456 3444; x_wconf 86' lang='lat' dir='ltr'><strong>deberetis.</strong></span> <span class='ocrx_word' id='word_1_478' title='bbox 1508 3388 1657 3443; x_wconf 90' lang='lat' dir='ltr'><strong>Unde</strong></span> <span class='ocrx_word' id='word_1_479' title='bbox 1686 3388 1846 3441; x_wconf 87' lang='lat' dir='ltr'><strong>etiam</strong></span> <span class='ocrx_word' id='word_1_480' title='bbox 1889 3396 1943 3442; x_wconf 91' lang='lat' dir='ltr'><strong>et</strong></span> 
     </span>
    </p>
   </div>
   <div class='ocr_carea' id='block_1_66' title="bbox 366 3478 1943 3544">
    <p class='ocr_par' dir='ltr' id='par_1_66' title="bbox 366 3478 1943 3544">
     <span class='ocr_line' id='line_1_66' title="bbox 366 3478 1943 3544; baseline -0.001 -13"><span class='ocrx_word' id='word_1_481' title='bbox 366 3491 510 3531; x_wconf 89' lang='lat' dir='ltr'><strong>nunc</strong></span> <span class='ocrx_word' id='word_1_482' title='bbox 558 3478 608 3529; x_wconf 91' lang='lat' dir='ltr'><strong>in</strong></span> <span class='ocrx_word' id='word_1_483' title='bbox 641 3490 820 3531; x_wconf 84' lang='lat' dir='ltr'><strong>vestro</strong></span> <span class='ocrx_word' id='word_1_484' title='bbox 860 3479 1147 3544; x_wconf 71' lang='lat' dir='ltr'><strong>voluntatis</strong></span> <span class='ocrx_word' id='word_1_485' title='bbox 1195 3480 1416 3532; x_wconf 87' lang='lat' dir='ltr'><strong>arbitrio</strong></span> <span class='ocrx_word' id='word_1_486' title='bbox 1470 3479 1799 3541; x_wconf 88' lang='lat' dir='ltr'><strong>relaxamus,</strong></span> <span class='ocrx_word' id='word_1_487' title='bbox 1852 3487 1943 3530; x_wconf 87' lang='lat' dir='ltr'><strong>aut</strong></span> 
     </span>
    </p>
   </div>
   <div class='ocr_carea' id='block_1_67' title="bbox 363 3566 1941 3636">
    <p class='ocr_par' dir='ltr' id='par_1_67' title="bbox 363 3566 1941 3636">
     <span class='ocr_line' id='line_1_67' title="bbox 363 3566 1941 3636; baseline 0.002 -17"><span class='ocrx_word' id='word_1_488' title='bbox 363 3566 588 3635; x_wconf 85' lang='lat' dir='ltr'><strong>qualiter</strong></span> <span class='ocrx_word' id='word_1_489' title='bbox 609 3568 755 3619; x_wconf 86' lang='lat' dir='ltr'><strong>vobis</strong></span> <span class='ocrx_word' id='word_1_490' title='bbox 783 3569 848 3619; x_wconf 89' lang='lat' dir='ltr'><strong>de</strong></span> <span class='ocrx_word' id='word_1_491' title='bbox 870 3568 949 3621; x_wconf 88' lang='lat' dir='ltr'><strong>eis</strong></span> <span class='ocrx_word' id='word_1_492' title='bbox 972 3569 1227 3635; x_wconf 85' lang='lat' dir='ltr'><strong>placuerit</strong></span> <span class='ocrx_word' id='word_1_493' title='bbox 1258 3566 1277 3604; x_wconf 75' lang='grc' dir='ltr'><em>τ</em></span> <span class='ocrx_word' id='word_1_494' title='bbox 1312 3577 1416 3620; x_wconf 86' lang='lat' dir='ltr'><strong>tam</strong></span> <span class='ocrx_word' id='word_1_495' title='bbox 1452 3569 1762 3622; x_wconf 88' lang='lat' dir='ltr'><strong>retinendos</strong></span> <span class='ocrx_word' id='word_1_496' title='bbox 1783 3584 1941 3636; x_wconf 88' lang='lat' dir='ltr'><strong>quam</strong></span> 
     </span>
    </p>
   </div>
   <div class='ocr_carea' id='block_1_68' title="bbox 364 3654 1941 3720">
    <p class='ocr_par' dir='ltr' id='par_1_68' title="bbox 364 3654 1941 3720">
     <span class='ocr_line' id='line_1_68' title="bbox 364 3654 1941 3720; baseline 0.002 -13"><span class='ocrx_word' id='word_1_497' title='bbox 364 3654 967 3720; x_wconf 66' lang='lat' dir='ltr'><strong>absolvendoslaciatis,</strong></span> <span class='ocrx_word' id='word_1_498' title='bbox 1003 3658 1125 3708; x_wconf 89' lang='lat' dir='ltr'><strong>dum</strong></span> <span class='ocrx_word' id='word_1_499' title='bbox 1157 3658 1322 3709; x_wconf 90' lang='lat' dir='ltr'><strong>semel</strong></span> <span class='ocrx_word' id='word_1_500' title='bbox 1364 3672 1394 3709; x_wconf 90' lang='lat' dir='ltr'><strong>a</strong></span> <span class='ocrx_word' id='word_1_501' title='bbox 1423 3658 1583 3711; x_wconf 91' lang='lat' dir='ltr'><strong>nobis</strong></span> <span class='ocrx_word' id='word_1_502' title='bbox 1628 3657 1783 3711; x_wconf 92' lang='lat' dir='ltr'><strong>vobis</strong></span> <span class='ocrx_word' id='word_1_503' title='bbox 1813 3666 1941 3710; x_wconf 88' lang='lat' dir='ltr'><strong>con-</strong></span> 
     </span>
    </p>
   </div>
   <div class='ocr_carea' id='block_1_69' title="bbox 364 3738 1941 3815">
    <p class='ocr_par' dir='ltr' id='par_1_69' title="bbox 364 3738 1941 3815">
     <span class='ocr_line' id='line_1_69' title="bbox 364 3738 1941 3815; baseline 0.001 -17"><span class='ocrx_word' id='word_1_504' title='bbox 364 3745 505 3799; x_wconf 83' lang='lat' dir='ltr'><strong>cessi</strong></span> <span class='ocrx_word' id='word_1_505' title='bbox 533 3755 674 3797; x_wconf 87' lang='lat' dir='ltr'><strong>sunt.</strong></span> <span class='ocrx_word' id='word_1_506' title='bbox 707 3746 810 3799; x_wconf 84' lang='lat' dir='ltr'><strong>Sed</strong></span> <span class='ocrx_word' id='word_1_507' title='bbox 844 3748 1046 3799; x_wconf 87' lang='lat' dir='ltr'><strong>utinam</strong></span> <span class='ocrx_word' id='word_1_508' title='bbox 1077 3738 1174 3814; x_wconf 88' lang='lat' dir='ltr'><strong>ipsi</strong></span> <span class='ocrx_word' id='word_1_509' title='bbox 1208 3748 1494 3815; x_wconf 81' lang='lat' dir='ltr'><strong>placabiles</strong></span> <span class='ocrx_word' id='word_1_510' title='bbox 1530 3749 1581 3799; x_wconf 92' lang='lat' dir='ltr'><strong>in</strong></span> <span class='ocrx_word' id='word_1_511' title='bbox 1614 3758 1795 3801; x_wconf 87' lang='lat' dir='ltr'><strong>vestro</strong></span> <span class='ocrx_word' id='word_1_512' title='bbox 1824 3762 1941 3813; x_wconf 85' lang='lat' dir='ltr'><strong>pos-</strong></span> 
     </span>
    </p>
   </div>
   <div class='ocr_carea' id='block_1_70' title="bbox 364 3832 1941 3902">
    <p class='ocr_par' dir='ltr' id='par_1_70' title="bbox 364 3832 1941 3902">
     <span class='ocr_line' id='line_1_70' title="bbox 364 3832 1941 3902; baseline 0.002 -17"><span class='ocrx_word' id='word_1_513' title='bbox 364 3833 477 3891; x_wconf 72' lang='lat' dir='ltr'><strong>sint</strong></span> <span class='ocrx_word' id='word_1_514' title='bbox 521 3846 640 3885; x_wconf 85' lang='lat' dir='ltr'><strong>esse</strong></span> <span class='ocrx_word' id='word_1_515' title='bbox 685 3832 935 3897; x_wconf 71' lang='lat' dir='ltr'><strong>servitio?</strong></span> <span class='ocrx_word' id='word_1_516' title='bbox 968 3833 1070 3886; x_wconf 85' lang='lat' dir='ltr'><strong>Pro</strong></span> <span class='ocrx_word' id='word_1_517' title='bbox 1114 3848 1220 3901; x_wconf 87' lang='lat' dir='ltr'><strong>quo</strong></span> <span class='ocrx_word' id='word_1_518' title='bbox 1264 3834 1476 3902; x_wconf 81' lang='lat' dir='ltr'><strong>dirigite</strong></span> <span class='ocrx_word' id='word_1_519' title='bbox 1526 3834 1680 3887; x_wconf 82' lang='lat' dir='ltr'><strong>nobis</strong></span> <span class='ocrx_word' id='word_1_520' title='bbox 1718 3834 1841 3901; x_wconf 87' lang='lat' dir='ltr'><strong>quid</strong></span> <span class='ocrx_word' id='word_1_521' title='bbox 1875 3835 1941 3888; x_wconf 91' lang='lat' dir='ltr'><strong>de</strong></span> 
     </span>
    </p>
   </div>
   <div class='ocr_carea' id='block_1_71' title="bbox 364 3921 1938 3991">
    <p class='ocr_par' dir='ltr' id='par_1_71' title="bbox 364 3921 1938 3991">
     <span class='ocr_line' id='line_1_71' title="bbox 364 3921 1938 3991; baseline 0 -16"><span class='ocrx_word' id='word_1_522' title='bbox 364 3923 675 3990; x_wconf 86' lang='lat' dir='ltr'><strong>episcopatu</strong></span> <span class='ocrx_word' id='word_1_523' title='bbox 702 3922 938 3988; x_wconf 69' lang='lat' dir='ltr'><strong>prmdicti</strong></span> <span class='ocrx_word' id='word_1_524' title='bbox 960 3921 1197 3991; x_wconf 87' lang='lat' dir='ltr'><strong>Georgii,</strong></span> <span class='ocrx_word' id='word_1_525' title='bbox 1225 3930 1279 3975; x_wconf 88' lang='lat' dir='ltr'><strong>et</strong></span> <span class='ocrx_word' id='word_1_526' title='bbox 1301 3922 1366 3975; x_wconf 91' lang='lat' dir='ltr'><strong>de</strong></span> <span class='ocrx_word' id='word_1_527' title='bbox 1391 3922 1628 3976; x_wconf 81' lang='lat' dir='ltr'><strong>Ecclesia</strong></span> <span class='ocrx_word' id='word_1_528' title='bbox 1659 3938 1776 3989; x_wconf 69' lang='lat' dir='ltr'><strong>qua:</strong></span> <span class='ocrx_word' id='word_1_529' title='bbox 1805 3939 1938 3989; x_wconf 67' lang='lat' dir='ltr'><strong>pran-</strong></span> 
     </span>
    </p>
   </div>
   <div class='ocr_carea' id='block_1_72' title="bbox 364 4006 1935 4075">
    <p class='ocr_par' dir='ltr' id='par_1_72' title="bbox 364 4006 1935 4075">
     <span class='ocr_line' id='line_1_72' title="bbox 364 4006 1935 4075; baseline 0.002 -17"><span class='ocrx_word' id='word_1_530' title='bbox 364 4006 638 4059; x_wconf 89' lang='lat' dir='ltr'><strong>nominato</strong></span> <span class='ocrx_word' id='word_1_531' title='bbox 669 4006 827 4060; x_wconf 78' lang='lat' dir='ltr'><strong>Petro</strong></span> <span class='ocrx_word' id='word_1_532' title='bbox 867 4009 1156 4062; x_wconf 82' lang='lat' dir='ltr'><strong>commissa</strong></span> <span class='ocrx_word' id='word_1_533' title='bbox 1184 4016 1303 4071; x_wconf 86' lang='lat' dir='ltr'><strong>est,</strong></span> <span class='ocrx_word' id='word_1_534' title='bbox 1338 4022 1589 4075; x_wconf 85' lang='lat' dir='ltr'><strong>peragere</strong></span> <span class='ocrx_word' id='word_1_535' title='bbox 1618 4009 1935 4075; x_wconf 86' lang='lat' dir='ltr'><strong>debeamus,</strong></span> 
     </span>
    </p>
   </div>
   <div class='ocr_carea' id='block_1_73' title="bbox 367 4097 1939 4166">
    <p class='ocr_par' dir='ltr' id='par_1_73' title="bbox 367 4097 1939 4166">
     <span class='ocr_line' id='line_1_73' title="bbox 367 4097 1939 4166; baseline 0.003 -18"><span class='ocrx_word' id='word_1_536' title='bbox 367 4110 437 4150; x_wconf 91' lang='lat' dir='ltr'><strong>ne</strong></span> <span class='ocrx_word' id='word_1_537' title='bbox 464 4097 694 4163; x_wconf 87' lang='lat' dir='ltr'><strong>amplius</strong></span> <span class='ocrx_word' id='word_1_538' title='bbox 727 4098 829 4150; x_wconf 87' lang='lat' dir='ltr'><strong>illis</strong></span> <span class='ocrx_word' id='word_1_539' title='bbox 856 4097 1147 4151; x_wconf 78' lang='lat' dir='ltr'><strong>admonitis</strong></span> <span class='ocrx_word' id='word_1_540' title='bbox 1169 4098 1222 4152; x_wconf 91' lang='lat' dir='ltr'><strong>in</strong></span> <span class='ocrx_word' id='word_1_541' title='bbox 1252 4098 1467 4151; x_wconf 90' lang='lat' dir='ltr'><strong>nimiam</strong></span> <span class='ocrx_word' id='word_1_542' title='bbox 1493 4098 1762 4166; x_wconf 89' lang='lat' dir='ltr'><strong>neglectus</strong></span> <span class='ocrx_word' id='word_1_543' title='bbox 1789 4099 1939 4153; x_wconf 91' lang='lat' dir='ltr'><strong>incu-</strong></span> 
     </span>
    </p>
   </div>
   <div class='ocr_carea' id='block_1_74' title="bbox 364 4187 836 4242">
    <p class='ocr_par' dir='ltr' id='par_1_74' title="bbox 364 4187 836 4242">
     <span class='ocr_line' id='line_1_74' title="bbox 364 4187 836 4242; baseline 0.002 -2"><span class='ocrx_word' id='word_1_544' title='bbox 364 4188 501 4242; x_wconf 79' lang='lat' dir='ltr'><strong>riam</strong></span> <span class='ocrx_word' id='word_1_545' title='bbox 528 4187 836 4242; x_wconf 75' lang='lat' dir='ltr'><strong>deveniunt.</strong></span> 
     </span>
    </p>
   </div>
   <div class='ocr_carea' id='block_1_75' title="bbox 2045 3112 2307 3167">
    <p class='ocr_par' dir='ltr' id='par_1_75' title="bbox 2045 3112 2307 3167">
     <span class='ocr_line' id='line_1_75' title="bbox 2045 3112 2307 3167; baseline -0.008 -1"><span class='ocrx_word' id='word_1_546' title='bbox 2045 3114 2181 3167; x_wconf 88' lang='lat' dir='ltr'><strong>sime</strong></span> <span class='ocrx_word' id='word_1_547' title='bbox 2212 3112 2307 3167; x_wconf 86' lang='lat' dir='ltr'><strong>fili.</strong></span> 
     </span>
    </p>
   </div>
   <div class='ocr_carea' id='block_1_76' title="bbox 2588 3179 3071 3237">
    <p class='ocr_par' dir='ltr' id='par_1_76' title="bbox 2588 3179 3071 3237">
     <span class='ocr_line' id='line_1_76' title="bbox 2588 3179 3071 3237; baseline 0 -2"><span class='ocrx_word' id='word_1_548' title='bbox 2588 3179 2921 3237; x_wconf 80' lang='lat' dir='ltr'><strong>EPISTULA</strong></span> <span class='ocrx_word' id='word_1_549' title='bbox 2961 3181 3071 3236; x_wconf 83' lang='lat' dir='ltr'><strong>XII.</strong></span> 
     </span>
    </p>
   </div>
   <div class='ocr_carea' id='block_1_77' title="bbox 2045 3272 3618 3342">
    <p class='ocr_par' dir='ltr' id='par_1_77' title="bbox 2045 3272 3618 3342">
     <span class='ocr_line' id='line_1_77' title="bbox 2045 3272 3618 3342; baseline 0.001 -16"><span class='ocrx_word' id='word_1_550' title='bbox 2045 3274 2178 3327; x_wconf 81' lang='lat' dir='ltr'><strong>Item</strong></span> <span class='ocrx_word' id='word_1_551' title='bbox 2222 3273 2478 3342; x_wconf 57' lang='grc' dir='ltr'><strong>πικρίαν</strong></span> <span class='ocrx_word' id='word_1_552' title='bbox 2522 3273 2750 3341; x_wconf 64' lang='lat' dir='ltr'><strong>epistola</strong></span> <span class='ocrx_word' id='word_1_553' title='bbox 2776 3272 3022 3342; x_wconf 84' lang='lat' dir='ltr'><strong>_ejusdem</strong></span> <span class='ocrx_word' id='word_1_554' title='bbox 3063 3289 3211 3341; x_wconf 71' lang='lat' dir='ltr'><strong>papa:</strong></span> <span class='ocrx_word' id='word_1_555' title='bbox 3258 3276 3328 3325; x_wconf 82' lang='lat' dir='ltr'><strong>ad</strong></span> <span class='ocrx_word' id='word_1_556' title='bbox 3363 3278 3618 3327; x_wconf 73' lang='lat' dir='ltr'><strong>damnans</strong></span> 
     </span>
    </p>
   </div>
   <div class='ocr_carea' id='block_1_78' title="bbox 2118 3340 3621 3411">
    <p class='ocr_par' dir='ltr' id='par_1_78' title="bbox 2118 3340 3621 3411">
     <span class='ocr_line' id='line_1_78' title="bbox 2118 3340 3621 3411; baseline 0.001 -15"><span class='ocrx_word' id='word_1_557' title='bbox 2118 3340 2391 3409; x_wconf 77' lang='lat' dir='ltr'><strong>Pippinum</strong></span> <span class='ocrx_word' id='word_1_558' title='bbox 2438 3358 2603 3410; x_wconf 67' lang='lat' dir='ltr'><strong>regem</strong></span> <span class='ocrx_word' id='word_1_559' title='bbox 2636 3358 2722 3406; x_wconf 86' lang='lat' dir='ltr'><strong>per</strong></span> <span class='ocrx_word' id='word_1_560' title='bbox 2758 3340 3029 3411; x_wconf 72' lang='lat' dir='ltr'><strong>Georgium</strong></span> <span class='ocrx_word' id='word_1_561' title='bbox 3065 3340 3356 3411; x_wconf 22' lang='lat' dir='ltr'><strong>’epismpurn</strong></span> <span class='ocrx_word' id='word_1_562' title='bbox 3402 3354 3451 3396; x_wconf 77' lang='lat' dir='ltr'><strong>et</strong></span> <span class='ocrx_word' id='word_1_563' title='bbox 3496 3346 3621 3399; x_wconf 80' lang='lat' dir='ltr'><strong>Ste-</strong></span> 
     </span>
    </p>
   </div>
   <div class='ocr_carea' id='block_1_79' title="bbox 2116 3407 3616 3481">
    <p class='ocr_par' dir='ltr' id='par_1_79' title="bbox 2116 3407 3616 3481">
     <span class='ocr_line' id='line_1_79' title="bbox 2116 3407 3616 3481; baseline 0.003 -19"><span class='ocrx_word' id='word_1_564' title='bbox 2116 3407 2341 3481; x_wconf 83' lang='lat' dir='ltr'><strong>phanum</strong></span> <span class='ocrx_word' id='word_1_565' title='bbox 2366 3407 2732 3481; x_wconf 64' lang='lat' dir='ltr'><strong>presbyterum,</strong></span> <span class='ocrx_word' id='word_1_566' title='bbox 2760 3428 2847 3463; x_wconf 80' lang='lat' dir='ltr'><strong>seu</strong></span> <span class='ocrx_word' id='word_1_567' title='bbox 2873 3407 3201 3481; x_wconf 68' lang='lat' dir='ltr'><strong>Radbertum,</strong></span> <span class='ocrx_word' id='word_1_568' title='bbox 3235 3407 3428 3466; x_wconf 48' lang='lat' dir='ltr'><strong>&#39;missos</strong></span> <span class='ocrx_word' id='word_1_569' title='bbox 3464 3414 3616 3467; x_wconf 81' lang='lat' dir='ltr'><strong>dire-</strong></span> 
     </span>
    </p>
   </div>
   <div class='ocr_carea' id='block_1_80' title="bbox 2114 3480 3620 3548">
    <p class='ocr_par' dir='ltr' id='par_1_80' title="bbox 2114 3480 3620 3548">
     <span class='ocr_line' id='line_1_80' title="bbox 2114 3480 3620 3548; baseline 0.003 -16"><span class='ocrx_word' id='word_1_570' title='bbox 2114 3492 2206 3533; x_wconf 68' lang='lat' dir='ltr'><strong>cla:</strong></span> <span class='ocrx_word' id='word_1_571' title='bbox 2231 3496 2248 3531; x_wconf 91' lang='lat'><em>:</em></span> <span class='ocrx_word' id='word_1_572' title='bbox 2276 3481 2327 3531; x_wconf 86' lang='lat' dir='ltr'><strong>in</strong></span> <span class='ocrx_word' id='word_1_573' title='bbox 2356 3497 2455 3548; x_wconf 86' lang='lat' dir='ltr'><strong>qua</strong></span> <span class='ocrx_word' id='word_1_574' title='bbox 2483 3481 2800 3548; x_wconf 59' lang='lat' dir='ltr'><strong>continentur</strong></span> <span class='ocrx_word' id='word_1_575' title='bbox 2825 3480 3105 3546; x_wconf 84' lang='lat' dir='ltr'><strong>gratiarum</strong></span> <span class='ocrx_word' id='word_1_576' title='bbox 3144 3485 3364 3533; x_wconf 85' lang='lat' dir='ltr'><strong>actiones</strong></span> <span class='ocrx_word' id='word_1_577' title='bbox 3398 3498 3492 3546; x_wconf 80' lang='lat' dir='ltr'><strong>pro</strong></span> <span class='ocrx_word' id='word_1_578' title='bbox 3520 3485 3620 3536; x_wconf 85' lang='lat' dir='ltr'><strong>de-</strong></span> 
     </span>
    </p>
   </div>
   <div class='ocr_carea' id='block_1_81' title="bbox 2115 3544 3619 3619">
    <p class='ocr_par' dir='ltr' id='par_1_81' title="bbox 2115 3544 3619 3619">
     <span class='ocr_line' id='line_1_81' title="bbox 2115 3544 3619 3619; baseline 0.001 -18"><span class='ocrx_word' id='word_1_579' title='bbox 2115 3550 2339 3617; x_wconf 76' lang='lat' dir='ltr'><strong>fensione</strong></span> <span class='ocrx_word' id='word_1_580' title='bbox 2368 3544 2571 3602; x_wconf 65' lang='lat' dir='ltr'><strong>sancta:</strong></span> <span class='ocrx_word' id='word_1_581' title='bbox 2615 3548 2711 3599; x_wconf 83' lang='lat' dir='ltr'><strong>Dei</strong></span> <span class='ocrx_word' id='word_1_582' title='bbox 2758 3544 3021 3619; x_wconf 63' lang='lat' dir='ltr'><strong>Ecclesiaa,</strong></span> <span class='ocrx_word' id='word_1_583' title='bbox 3081 3558 3128 3599; x_wconf 75' lang='lat' dir='ltr'><strong>et</strong></span> <span class='ocrx_word' id='word_1_584' title='bbox 3168 3544 3423 3619; x_wconf 69' lang='lat' dir='ltr'><strong>praefatus</strong></span> <span class='ocrx_word' id='word_1_585' title='bbox 3480 3568 3619 3619; x_wconf 76' lang='lat' dir='ltr'><strong>papa</strong></span> 
     </span>
    </p>
   </div>
   <div class='ocr_carea' id='block_1_82' title="bbox 2111 3614 3623 3690">
    <p class='ocr_par' dir='ltr' id='par_1_82' title="bbox 2111 3614 3623 3690">
     <span class='ocr_line' id='line_1_82' title="bbox 2111 3614 3623 3690; baseline 0.003 -22"><span class='ocrx_word' id='word_1_586' title='bbox 2111 3614 2319 3690; x_wconf 76' lang='lat' dir='ltr'><strong>poscens</strong></span> <span class='ocrx_word' id='word_1_587' title='bbox 2345 3627 2397 3690; x_wconf 83' lang='lat' dir='ltr'><strong>u_t</strong></span> <span class='ocrx_word' id='word_1_588' title='bbox 2428 3618 2675 3690; x_wconf 76' lang='lat' dir='ltr'><strong>Dominus</strong></span> <span class='ocrx_word' id='word_1_589' title='bbox 2719 3630 2810 3666; x_wconf 69' lang='lat' dir='ltr'><strong>rex</strong></span> <span class='ocrx_word' id='word_1_590' title='bbox 2853 3614 3127 3690; x_wconf 67' lang='lat' dir='ltr'><strong>Pippinus</strong></span> <span class='ocrx_word' id='word_1_591' title='bbox 3153 3614 3419 3670; x_wconf 74' lang='lat' dir='ltr'><strong>Desiderio</strong></span> <span class='ocrx_word' id='word_1_592' title='bbox 3445 3659 3458 3681; x_wconf 94' lang='lat'><strong>,</strong></span> <span class='ocrx_word' id='word_1_593' title='bbox 3480 3614 3491 3619; x_wconf 57' lang='grc'>⁷</span> <span class='ocrx_word' id='word_1_594' title='bbox 3508 3614 3623 3690; x_wconf 69' lang='lat' dir='ltr'><strong>regi</strong></span> 
     </span>
    </p>
   </div>
   <div class='ocr_carea' id='block_1_83' title="bbox 2112 3685 3617 3753">
    <p class='ocr_par' dir='ltr' id='par_1_83' title="bbox 2112 3685 3617 3753">
     <span class='ocr_line' id='line_1_83' title="bbox 2112 3685 3617 3753; baseline 0.001 -15"><span class='ocrx_word' id='word_1_595' title='bbox 2112 3690 2202 3739; x_wconf 85' lang='lat' dir='ltr'><strong>sub</strong></span> <span class='ocrx_word' id='word_1_596' title='bbox 2233 3685 2429 3739; x_wconf 77' lang='lat' dir='ltr'><strong>obsides</strong></span> <span class='ocrx_word' id='word_1_597' title='bbox 2457 3687 2759 3745; x_wconf 82' lang='lat' dir='ltr'><strong>restitueret,</strong></span> <span class='ocrx_word' id='word_1_598' title='bbox 2781 3695 2829 3737; x_wconf 91' lang='lat' dir='ltr'><strong>et</strong></span> <span class='ocrx_word' id='word_1_599' title='bbox 2858 3685 2998 3753; x_wconf 83' lang='lat' dir='ltr'><strong>pacis</strong></span> <span class='ocrx_word' id='word_1_600' title='bbox 3025 3686 3215 3752; x_wconf 77' lang='lat' dir='ltr'><strong>[aedem</strong></span> <span class='ocrx_word' id='word_1_601' title='bbox 3243 3702 3359 3740; x_wconf 85' lang='lat' dir='ltr'><strong>cum</strong></span> <span class='ocrx_word' id='word_1_602' title='bbox 3395 3704 3453 3739; x_wconf 87' lang='lat' dir='ltr'><strong>eo</strong></span> <span class='ocrx_word' id='word_1_603' title='bbox 3485 3685 3617 3740; x_wconf 72' lang='lat' dir='ltr'><strong>cori-</strong></span> 
     </span>
    </p>
   </div>
   <div class='ocr_carea' id='block_1_84' title="bbox 2111 3757 2358 3822">
    <p class='ocr_par' dir='ltr' id='par_1_84' title="bbox 2111 3757 2358 3822">
     <span class='ocr_line' id='line_1_84' title="bbox 2111 3757 2358 3822; baseline 0.004 -16"><span class='ocrx_word' id='word_1_604' title='bbox 2111 3757 2358 3822; x_wconf 81' lang='lat' dir='ltr'><strong>ﬁrmaret.</strong></span> 
     </span>
    </p>
   </div>
   <div class='ocr_carea' id='block_1_85' title="bbox 2111 3842 3614 3911">
    <p class='ocr_par' dir='ltr' id='par_1_85' title="bbox 2111 3842 3614 3911">
     <span class='ocr_line' id='line_1_85' title="bbox 2111 3842 3614 3911; baseline 0.001 -13"><span class='ocrx_word' id='word_1_605' title='bbox 2111 3854 2147 3881; x_wconf 77' lang='grc' dir='ltr'>ω</span> <span class='ocrx_word' id='word_1_606' title='bbox 2186 3846 2393 3899; x_wconf 91' lang='lat' dir='ltr'><strong>Domno</strong></span> <span class='ocrx_word' id='word_1_607' title='bbox 2432 3842 2883 3897; x_wconf 79' lang='lat' dir='ltr'><strong>excellentissimo</strong></span> <span class='ocrx_word' id='word_1_608' title='bbox 2930 3844 3038 3897; x_wconf 89' lang='lat' dir='ltr'><strong>lilio</strong></span> <span class='ocrx_word' id='word_1_609' title='bbox 3077 3851 3132 3895; x_wconf 91' lang='lat' dir='ltr'><strong>et</strong></span> <span class='ocrx_word' id='word_1_610' title='bbox 3159 3853 3344 3903; x_wconf 85' lang='lat' dir='ltr'><strong>nostro</strong></span> <span class='ocrx_word' id='word_1_611' title='bbox 3386 3846 3614 3911; x_wconf 82' lang='lat' dir='ltr'><strong>spiritali</strong></span> 
     </span>
    </p>
   </div>
   <div class='ocr_carea' id='block_1_86' title="bbox 2039 3931 3618 4002">
    <p class='ocr_par' dir='ltr' id='par_1_86' title="bbox 2039 3931 3618 4002">
     <span class='ocr_line' id='line_1_86' title="bbox 2039 3931 3618 4002; baseline -0.002 -13"><span class='ocrx_word' id='word_1_612' title='bbox 2039 3933 2295 4002; x_wconf 88' lang='lat' dir='ltr'><strong>compatri</strong></span> <span class='ocrx_word' id='word_1_613' title='bbox 2320 3972 2335 3996; x_wconf 91' lang='lat'><strong>,</strong></span> <span class='ocrx_word' id='word_1_614' title='bbox 2369 3931 2592 3999; x_wconf 82' lang='lat' dir='ltr'><strong>Pippino</strong></span> <span class='ocrx_word' id='word_1_615' title='bbox 2622 3933 2730 3999; x_wconf 87' lang='lat' dir='ltr'><strong>regi</strong></span> <span class='ocrx_word' id='word_1_616' title='bbox 2765 3931 3091 3985; x_wconf 83' lang='lat' dir='ltr'><strong>Francorum</strong></span> <span class='ocrx_word' id='word_1_617' title='bbox 3137 3941 3190 3986; x_wconf 90' lang='lat' dir='ltr'><strong>et</strong></span> <span class='ocrx_word' id='word_1_618' title='bbox 3237 3933 3461 4000; x_wconf 88' lang='lat' dir='ltr'><strong>patricio</strong></span> <span class='ocrx_word' id='word_1_619' title='bbox 3506 3935 3618 3986; x_wconf 80' lang='lat' dir='ltr'><strong>Ro—</strong></span> 
     </span>
    </p>
   </div>
   <div class='ocr_carea' id='block_1_87' title="bbox 2040 4020 2723 4088">
    <p class='ocr_par' dir='ltr' id='par_1_87' title="bbox 2040 4020 2723 4088">
     <span class='ocr_line' id='line_1_87' title="bbox 2040 4020 2723 4088; baseline -0.009 -11"><span class='ocrx_word' id='word_1_620' title='bbox 2040 4037 2314 4078; x_wconf 73' lang='lat' dir='ltr'><strong>manorum</strong></span> <span class='ocrx_word' id='word_1_621' title='bbox 2346 4020 2537 4074; x_wconf 88' lang='lat' dir='ltr'><strong>Paulus</strong></span> <span class='ocrx_word' id='word_1_622' title='bbox 2569 4036 2723 4088; x_wconf 85' lang='lat' dir='ltr'><strong>papa.</strong></span> 
     </span>
    </p>
   </div>
   <div class='ocr_carea' id='block_1_88' title="bbox 2110 4110 3616 4179">
    <p class='ocr_par' dir='ltr' id='par_1_88' title="bbox 2110 4110 3616 4179">
     <span class='ocr_line' id='line_1_88' title="bbox 2110 4110 3616 4179; baseline -0.001 -14"><span class='ocrx_word' id='word_1_623' title='bbox 2110 4110 2242 4166; x_wconf 90' lang='lat' dir='ltr'><strong>Dum</strong></span> <span class='ocrx_word' id='word_1_624' title='bbox 2271 4121 2376 4164; x_wconf 88' lang='lat' dir='ltr'><strong>tam</strong></span> <span class='ocrx_word' id='word_1_625' title='bbox 2405 4111 2677 4176; x_wconf 81' lang='lat' dir='ltr'><strong>capiosam</strong></span> <span class='ocrx_word' id='word_1_626' title='bbox 2702 4110 3041 4177; x_wconf 88' lang='lat' dir='ltr'><strong>omnipotens</strong></span> <span class='ocrx_word' id='word_1_627' title='bbox 3062 4110 3202 4165; x_wconf 89' lang='lat' dir='ltr'><strong>Deus</strong></span> <span class='ocrx_word' id='word_1_628' title='bbox 3226 4125 3339 4164; x_wconf 68' lang='lat' dir='ltr'><strong>sua:</strong></span> <span class='ocrx_word' id='word_1_629' title='bbox 3364 4110 3616 4179; x_wconf 86' lang='lat' dir='ltr'><strong>benigni-</strong></span> 
     </span>
    </p>
   </div>
   <div class='ocr_carea' id='block_1_89' title="bbox 2038 4200 3608 4268">
    <p class='ocr_par' dir='ltr' id='par_1_89' title="bbox 2038 4200 3608 4268">
     <span class='ocr_line' id='line_1_89' title="bbox 2038 4200 3608 4268; baseline -0.003 -9"><span class='ocrx_word' id='word_1_630' title='bbox 2038 4205 2159 4259; x_wconf 84' lang='lat' dir='ltr'><strong>tatis</strong></span> <span class='ocrx_word' id='word_1_631' title='bbox 2185 4204 2417 4256; x_wconf 87' lang='lat' dir='ltr'><strong>humano</strong></span> <span class='ocrx_word' id='word_1_632' title='bbox 2443 4201 2625 4268; x_wconf 82' lang='lat' dir='ltr'><strong>generi</strong></span> <span class='ocrx_word' id='word_1_633' title='bbox 2666 4200 2857 4254; x_wconf 84' lang='lat' dir='ltr'><strong>crebro</strong></span> <span class='ocrx_word' id='word_1_634' title='bbox 2906 4200 3105 4267; x_wconf 83' lang='lat' dir='ltr'><strong>irrogat</strong></span> <span class='ocrx_word' id='word_1_635' title='bbox 3145 4201 3608 4267; x_wconf 77' lang='lat' dir='ltr'><strong>misericordiam,</strong></span> 
     </span>
    </p>
   </div>
   <div class='ocr_carea' id='block_1_90' title="bbox 440 4292 3614 4377">
    <p class='ocr_par' dir='ltr' id='par_1_90' title="bbox 440 4292 3614 4377">
     <span class='ocr_line' id='line_1_90' title="bbox 440 4292 3614 4377; baseline 0 -28"><span class='ocrx_word' id='word_1_636' title='bbox 440 4296 647 4349; x_wconf 87' lang='lat' dir='ltr'><strong>Interea</strong></span> <span class='ocrx_word' id='word_1_637' title='bbox 684 4297 821 4350; x_wconf 86' lang='lat' dir='ltr'><strong>duos</strong></span> <span class='ocrx_word' id='word_1_638' title='bbox 847 4308 1056 4352; x_wconf 90' lang='lat' dir='ltr'><strong>vestros</strong></span> <span class='ocrx_word' id='word_1_639' title='bbox 1085 4300 1296 4360; x_wconf 89' lang='lat' dir='ltr'><strong>missos,</strong></span> <span class='ocrx_word' id='word_1_640' title='bbox 1325 4299 1375 4350; x_wconf 91' lang='lat' dir='ltr'><strong>id</strong></span> <span class='ocrx_word' id='word_1_641' title='bbox 1395 4308 1478 4351; x_wconf 88' lang='lat' dir='ltr'><strong>est</strong></span> <span class='ocrx_word' id='word_1_642' title='bbox 1498 4298 1851 4362; x_wconf 83' lang='lat' dir='ltr'><strong>Wulfardum,</strong></span> <span class='ocrx_word' id='word_1_643' title='bbox 1884 4309 1938 4353; x_wconf 90' lang='lat' dir='ltr'><strong>et</strong></span> <span class='ocrx_word' id='word_1_644' title='bbox 1961 4322 2011 4377; x_wconf 82' lang='lat' dir='ltr'><strong>D</strong></span> <span class='ocrx_word' id='word_1_645' title='bbox 2037 4298 2191 4349; x_wconf 86' lang='lat' dir='ltr'><strong>valde</strong></span> <span class='ocrx_word' id='word_1_646' title='bbox 2221 4292 2697 4348; x_wconf 86' lang='lat' dir='ltr'><strong>administrandum</strong></span> <span class='ocrx_word' id='word_1_647' title='bbox 2726 4303 2810 4345; x_wconf 85' lang='lat' dir='ltr'><strong>est</strong></span> <span class='ocrx_word' id='word_1_648' title='bbox 2848 4292 2973 4361; x_wconf 86' lang='lat' dir='ltr'><strong>quid</strong></span> <span class='ocrx_word' id='word_1_649' title='bbox 3003 4294 3227 4348; x_wconf 88' lang='lat' dir='ltr'><strong>retribui</strong></span> <span class='ocrx_word' id='word_1_650' title='bbox 3270 4294 3391 4362; x_wconf 90' lang='lat' dir='ltr'><strong>ejus</strong></span> <span class='ocrx_word' id='word_1_651' title='bbox 3420 4304 3614 4363; x_wconf 81' lang='lat' dir='ltr'><strong>poten-</strong></span> 
     </span>
    </p>
   </div>
   <div class='ocr_carea' id='block_1_91' title="bbox 364 4384 1931 4457">
    <p class='ocr_par' dir='ltr' id='par_1_91' title="bbox 364 4384 1931 4457">
     <span class='ocr_line' id='line_1_91' title="bbox 364 4384 1931 4457; baseline 0.001 -17"><span class='ocrx_word' id='word_1_652' title='bbox 364 4384 483 4456; x_wconf 80' lang='lat' dir='ltr'><strong>ejus</strong></span> <span class='ocrx_word' id='word_1_653' title='bbox 524 4388 727 4457; x_wconf 80' lang='lat' dir='ltr'><strong>socium</strong></span> <span class='ocrx_word' id='word_1_654' title='bbox 779 4389 1068 4443; x_wconf 89' lang='lat' dir='ltr'><strong>secundum</strong></span> <span class='ocrx_word' id='word_1_655' title='bbox 1114 4398 1342 4443; x_wconf 81' lang='lat' dir='ltr'><strong>vestram</strong></span> <span class='ocrx_word' id='word_1_656' title='bbox 1398 4389 1807 4455; x_wconf 81' lang='lat' dir='ltr'><strong>praeceptionem</strong></span> <span class='ocrx_word' id='word_1_657' title='bbox 1838 4404 1931 4455; x_wconf 88' lang='lat' dir='ltr'><strong>pro</strong></span> 
     </span>
    </p>
   </div>
   <div class='ocr_carea' id='block_1_92' title="bbox 364 4476 1932 4544">
    <p class='ocr_par' dir='ltr' id='par_1_92' title="bbox 364 4476 1932 4544">
     <span class='ocr_line' id='line_1_92' title="bbox 364 4476 1932 4544; baseline 0.001 -14"><span class='ocrx_word' id='word_1_658' title='bbox 364 4476 683 4531; x_wconf 86' lang='lat' dir='ltr'><strong>utilitatibus</strong></span> <span class='ocrx_word' id='word_1_659' title='bbox 713 4486 915 4531; x_wconf 72' lang='lat' dir='ltr'><strong>sancta:</strong></span> <span class='ocrx_word' id='word_1_660' title='bbox 944 4488 1142 4532; x_wconf 65' lang='lat' dir='ltr'><strong>nostra:</strong></span> <span class='ocrx_word' id='word_1_661' title='bbox 1166 4477 1442 4541; x_wconf 73' lang='lat' dir='ltr'><strong>Ecclesiae,</strong></span> <span class='ocrx_word' id='word_1_662' title='bbox 1468 4478 1727 4544; x_wconf 87' lang='lat' dir='ltr'><strong>spiritalis</strong></span> <span class='ocrx_word' id='word_1_663' title='bbox 1750 4479 1932 4531; x_wconf 68' lang='lat' dir='ltr'><strong>matris</strong></span> 
     </span>
    </p>
   </div>
   <div class='ocr_carea' id='block_1_93' title="bbox 363 4566 1931 4636">
    <p class='ocr_par' dir='ltr' id='par_1_93' title="bbox 363 4566 1931 4636">
     <span class='ocr_line' id='line_1_93' title="bbox 363 4566 1931 4636; baseline 0 -16"><span class='ocrx_word' id='word_1_664' title='bbox 363 4576 574 4632; x_wconf 64' lang='lat' dir='ltr'><strong>vestrm,</strong></span> <span class='ocrx_word' id='word_1_665' title='bbox 608 4568 661 4621; x_wconf 89' lang='lat' dir='ltr'><strong>in</strong></span> <span class='ocrx_word' id='word_1_666' title='bbox 695 4568 776 4621; x_wconf 86' lang='lat' dir='ltr'><strong>his</strong></span> <span class='ocrx_word' id='word_1_667' title='bbox 816 4569 1051 4636; x_wconf 86' lang='lat' dir='ltr'><strong>partibus</strong></span> <span class='ocrx_word' id='word_1_668' title='bbox 1100 4566 1436 4620; x_wconf 90' lang='lat' dir='ltr'><strong>retinnimus.</strong></span> <span class='ocrx_word' id='word_1_669' title='bbox 1493 4566 1625 4619; x_wconf 90' lang='lat' dir='ltr'><strong>Illud</strong></span> <span class='ocrx_word' id='word_1_670' title='bbox 1676 4576 1931 4634; x_wconf 76' lang='lat' dir='ltr'><strong>przcterea</strong></span> 
     </span>
    </p>
   </div>
   <div class='ocr_carea' id='block_1_94' title="bbox 316 4654 1933 4721">
    <p class='ocr_par' dir='ltr' id='par_1_94' title="bbox 316 4654 1933 4721">
     <span class='ocr_line' id='line_1_94' title="bbox 316 4654 1933 4721; baseline -0.004 -8"><span class='ocrx_word' id='word_1_671' title='bbox 316 4694 321 4697; x_wconf 99' lang='lat'><em>-</em></span> <span class='ocrx_word' id='word_1_672' title='bbox 362 4657 678 4713; x_wconf 76' lang='lat' dir='ltr'><strong>excellentia</strong></span> <span class='ocrx_word' id='word_1_673' title='bbox 707 4668 879 4711; x_wconf 82' lang='lat' dir='ltr'><strong>vestra</strong></span> <span class='ocrx_word' id='word_1_674' title='bbox 912 4657 1161 4721; x_wconf 83' lang='lat' dir='ltr'><strong>innotuit,</strong></span> <span class='ocrx_word' id='word_1_675' title='bbox 1198 4654 1477 4718; x_wconf 81' lang='lat' dir='ltr'><strong>Desiderio</strong></span> <span class='ocrx_word' id='word_1_676' title='bbox 1501 4668 1596 4709; x_wconf 89' lang='lat' dir='ltr'><strong>vos</strong></span> <span class='ocrx_word' id='word_1_677' title='bbox 1624 4656 1933 4720; x_wconf 77' lang='lat' dir='ltr'><strong>Langobar-</strong></span> 
     </span>
    </p>
   </div>
   <div class='ocr_carea' id='block_1_95' title="bbox 364 4746 1930 4815">
    <p class='ocr_par' dir='ltr' id='par_1_95' title="bbox 364 4746 1930 4815">
     <span class='ocr_line' id='line_1_95' title="bbox 364 4746 1930 4815; baseline -0.001 -16"><span class='ocrx_word' id='word_1_678' title='bbox 364 4747 553 4802; x_wconf 84' lang='lat' dir='ltr'><strong>dorum</strong></span> <span class='ocrx_word' id='word_1_679' title='bbox 590 4748 700 4815; x_wconf 85' lang='lat' dir='ltr'><strong>regi</strong></span> <span class='ocrx_word' id='word_1_680' title='bbox 730 4748 1015 4811; x_wconf 82' lang='lat' dir='ltr'><strong>direxisse,</strong></span> <span class='ocrx_word' id='word_1_681' title='bbox 1049 4755 1107 4798; x_wconf 91' lang='lat' dir='ltr'><strong>ut</strong></span> <span class='ocrx_word' id='word_1_682' title='bbox 1136 4746 1391 4798; x_wconf 77' lang='lat' dir='ltr'><strong>Saxulum</strong></span> <span class='ocrx_word' id='word_1_683' title='bbox 1426 4760 1645 4811; x_wconf 89' lang='lat' dir='ltr'><strong>puerum</strong></span> <span class='ocrx_word' id='word_1_684' title='bbox 1672 4755 1930 4807; x_wconf 85' lang='lat' dir='ltr'><strong>nostrum,</strong></span> 
     </span>
    </p>
   </div>
   <div class='ocr_carea' id='block_1_96' title="bbox 362 4835 1930 4912">
    <p class='ocr_par' dir='ltr' id='par_1_96' title="bbox 362 4835 1930 4912">
     <span class='ocr_line' id='line_1_96' title="bbox 362 4835 1930 4912; baseline 0 -23"><span class='ocrx_word' id='word_1_685' title='bbox 362 4837 453 4904; x_wconf 86' lang='lat' dir='ltr'><strong>qui</strong></span> <span class='ocrx_word' id='word_1_686' title='bbox 482 4852 513 4889; x_wconf 69' lang='grc' dir='ltr'>ε</span> <span class='ocrx_word' id='word_1_687' title='bbox 542 4839 694 4912; x_wconf 82' lang='lat' dir='ltr'><strong>nobis</strong></span> <span class='ocrx_word' id='word_1_688' title='bbox 718 4839 892 4906; x_wconf 87' lang='lat' dir='ltr'><strong>fugam</strong></span> <span class='ocrx_word' id='word_1_689' title='bbox 925 4839 1227 4903; x_wconf 84' lang='lat' dir='ltr'><strong>arripuerat</strong></span> <span class='ocrx_word' id='word_1_690' title='bbox 1256 4878 1270 4899; x_wconf 89' lang='lat'><strong>,</strong></span> <span class='ocrx_word' id='word_1_691' title='bbox 1311 4836 1537 4889; x_wconf 87' lang='lat' dir='ltr'><strong>reddere</strong></span> <span class='ocrx_word' id='word_1_692' title='bbox 1565 4835 1802 4889; x_wconf 85' lang='lat' dir='ltr'><strong>deberet.</strong></span> <span class='ocrx_word' id='word_1_693' title='bbox 1829 4836 1930 4889; x_wconf 87' lang='lat' dir='ltr'><strong>Sed</strong></span> 
     </span>
    </p>
   </div>
   <div class='ocr_carea' id='block_1_97' title="bbox 364 4924 1930 4992">
    <p class='ocr_par' dir='ltr' id='par_1_97' title="bbox 364 4924 1930 4992">
     <span class='ocr_line' id='line_1_97' title="bbox 364 4924 1930 4992; baseline 0.001 -16"><span class='ocrx_word' id='word_1_694' title='bbox 364 4934 616 4992; x_wconf 83' lang='lat' dir='ltr'><strong>agnoscat</strong></span> <span class='ocrx_word' id='word_1_695' title='bbox 641 4924 1011 4979; x_wconf 77' lang='lat' dir='ltr'><strong>Cltristianitas</strong></span> <span class='ocrx_word' id='word_1_696' title='bbox 1038 4934 1211 4977; x_wconf 86' lang='lat' dir='ltr'><strong>vestra</strong></span> <span class='ocrx_word' id='word_1_697' title='bbox 1238 4963 1254 4989; x_wconf 96' lang='lat'><strong>,</strong></span> <span class='ocrx_word' id='word_1_698' title='bbox 1283 4926 1421 4992; x_wconf 85' lang='lat' dir='ltr'><strong>quod</strong></span> <span class='ocrx_word' id='word_1_699' title='bbox 1449 4926 1608 4978; x_wconf 85' lang='lat' dir='ltr'><strong>etiam</strong></span> <span class='ocrx_word' id='word_1_700' title='bbox 1636 4940 1728 4976; x_wconf 88' lang='lat' dir='ltr'><strong>vos</strong></span> <span class='ocrx_word' id='word_1_701' title='bbox 1758 4928 1930 4979; x_wconf 85' lang='lat' dir='ltr'><strong>credi-</strong></span> 
     </span>
    </p>
   </div>
   <div class='ocr_carea' id='block_1_98' title="bbox 440 5035 1171 5098">
    <p class='ocr_par' dir='ltr' id='par_1_98' title="bbox 440 5035 1171 5098">
     <span class='ocr_line' id='line_1_98' title="bbox 440 5035 1171 5098; baseline -0.001 -10"><span class='ocrx_word' id='word_1_702' title='bbox 440 5045 463 5071; x_wconf 87' lang='grc'><strong>¹¹</strong></span> <span class='ocrx_word' id='word_1_703' title='bbox 493 5036 768 5098; x_wconf 85' lang='lat' dir='ltr'><strong>Lambec.,</strong></span> <span class='ocrx_word' id='word_1_704' title='bbox 804 5035 866 5087; x_wconf 89' lang='lat' dir='ltr'><strong>Et</strong></span> <span class='ocrx_word' id='word_1_705' title='bbox 889 5036 1031 5087; x_wconf 83' lang='lat' dir='ltr'><strong>nulla</strong></span> <span class='ocrx_word' id='word_1_706' title='bbox 1059 5052 1171 5089; x_wconf 85' lang='lat' dir='ltr'><strong>nos.</strong></span> 
     </span>
    </p>
   </div>
   <div class='ocr_carea' id='block_1_99' title="bbox 437 5104 1136 5169">
    <p class='ocr_par' dir='ltr' id='par_1_99' title="bbox 437 5104 1136 5169">
     <span class='ocr_line' id='line_1_99' title="bbox 437 5104 1136 5169; baseline 0.001 -13"><span class='ocrx_word' id='word_1_707' title='bbox 437 5104 463 5140; x_wconf 79' lang='lat'><strong><em>&quot;</em></strong></span> <span class='ocrx_word' id='word_1_708' title='bbox 497 5104 660 5163; x_wconf 87' lang='lat' dir='ltr'><strong>Idem,</strong></span> <span class='ocrx_word' id='word_1_709' title='bbox 690 5107 872 5169; x_wconf 78' lang='lat' dir='ltr'><strong>capitis</strong></span> <span class='ocrx_word' id='word_1_710' title='bbox 894 5107 1136 5157; x_wconf 80' lang='lat' dir='ltr'><strong>omnium.</strong></span> 
     </span>
    </p>
   </div>
   <div class='ocr_carea' id='block_1_100' title="bbox 437 5171 1391 5241">
    <p class='ocr_par' dir='ltr' id='par_1_100' title="bbox 437 5171 1391 5241">
     <span class='ocr_line' id='line_1_100' title="bbox 437 5171 1391 5241; baseline 0 -16"><span class='ocrx_word' id='word_1_711' title='bbox 437 5186 457 5241; x_wconf 59' lang='grc' dir='ltr'><strong>τ</strong></span> <span class='ocrx_word' id='word_1_712' title='bbox 495 5171 659 5233; x_wconf 88' lang='lat' dir='ltr'><strong>Idem,</strong></span> <span class='ocrx_word' id='word_1_713' title='bbox 686 5174 831 5223; x_wconf 81' lang='lat' dir='ltr'><strong>nulla</strong></span> <span class='ocrx_word' id='word_1_714' title='bbox 860 5189 947 5237; x_wconf 82' lang='lat' dir='ltr'><strong>per</strong></span> <span class='ocrx_word' id='word_1_715' title='bbox 968 5189 1121 5225; x_wconf 85' lang='lat' dir='ltr'><strong>vos...</strong></span> <span class='ocrx_word' id='word_1_716' title='bbox 1144 5177 1391 5241; x_wconf 67' lang='lat' dir='ltr'><strong>separari.</strong></span> 
     </span>
    </p>
   </div>
   <div class='ocr_carea' id='block_1_101' title="bbox 435 5238 1106 5305">
    <p class='ocr_par' dir='ltr' id='par_1_101' title="bbox 435 5238 1106 5305">
     <span class='ocr_line' id='line_1_101' title="bbox 435 5238 1106 5305; baseline -0.001 -11"><span class='ocrx_word' id='word_1_717' title='bbox 435 5238 458 5277; x_wconf 71' lang='lat'><strong>‘</strong></span> <span class='ocrx_word' id='word_1_718' title='bbox 495 5244 658 5303; x_wconf 86' lang='lat' dir='ltr'><strong>Idem,</strong></span> <span class='ocrx_word' id='word_1_719' title='bbox 693 5244 1106 5305; x_wconf 79' lang='lat' dir='ltr'><strong>permanendum.</strong></span> 
     </span>
    </p>
   </div>
   <div class='ocr_carea' id='block_1_102' title="bbox 434 5311 1933 5371">
    <p class='ocr_par' dir='ltr' id='par_1_102' title="bbox 434 5311 1933 5371">
     <span class='ocr_line' id='line_1_102' title="bbox 434 5311 1933 5371; baseline -0.001 -9"><span class='ocrx_word' id='word_1_720' title='bbox 434 5319 459 5345; x_wconf 73' lang='grc'><strong><em>⁸</em></strong></span> <span class='ocrx_word' id='word_1_721' title='bbox 487 5311 650 5371; x_wconf 85' lang='lat' dir='ltr'><strong>Idem,</strong></span> <span class='ocrx_word' id='word_1_722' title='bbox 680 5318 735 5360; x_wconf 72' lang='lat' dir='ltr'><strong>ut</strong></span> <span class='ocrx_word' id='word_1_723' title='bbox 762 5312 863 5361; x_wconf 79' lang='lat' dir='ltr'><strong>sive</strong></span> <span class='ocrx_word' id='word_1_724' title='bbox 904 5311 1217 5362; x_wconf 76' lang='lat' dir='ltr'><strong>retinendum</strong></span> <span class='ocrx_word' id='word_1_725' title='bbox 1256 5312 1354 5363; x_wconf 82' lang='lat' dir='ltr'><strong>sire</strong></span> <span class='ocrx_word' id='word_1_726' title='bbox 1387 5313 1537 5363; x_wconf 68' lang='lat' dir='ltr'><strong>etiam</strong></span> <span class='ocrx_word' id='word_1_727' title='bbox 1576 5312 1933 5362; x_wconf 63' lang='lat' dir='ltr'><strong>absolvendum</strong></span> 
     </span>
    </p>
   </div>
   <div class='ocr_carea' id='block_1_103' title="bbox 364 5393 545 5433">
    <p class='ocr_par' dir='ltr' id='par_1_103' title="bbox 364 5393 545 5433">
     <span class='ocr_line' id='line_1_103' title="bbox 364 5393 545 5433; baseline 0.006 -5"><span class='ocrx_word' id='word_1_728' title='bbox 364 5393 545 5433; x_wconf 58' lang='lat' dir='ltr'><strong>Ut$lflh</strong></span> 
     </span>
    </p>
   </div>
   <div class='ocr_carea' id='block_1_104' title="bbox 437 5446 1719 5516">
    <p class='ocr_par' dir='ltr' id='par_1_104' title="bbox 437 5446 1719 5516">
     <span class='ocr_line' id='line_1_104' title="bbox 437 5446 1719 5516; baseline 0.002 -19"><span class='ocrx_word' id='word_1_729' title='bbox 437 5446 454 5482; x_wconf 70' lang='grc' dir='ltr'><strong>ί</strong></span> <span class='ocrx_word' id='word_1_730' title='bbox 492 5448 652 5516; x_wconf 84' lang='lat' dir='ltr'><strong>Idem,</strong></span> <span class='ocrx_word' id='word_1_731' title='bbox 682 5458 783 5499; x_wconf 85' lang='lat' dir='ltr'><strong>lam</strong></span> <span class='ocrx_word' id='word_1_732' title='bbox 804 5448 1142 5509; x_wconf 83' lang='lat' dir='ltr'><strong>retinendum.</strong></span> <span class='ocrx_word' id='word_1_733' title='bbox 1170 5465 1322 5516; x_wconf 75' lang='lat' dir='ltr'><strong>quam</strong></span> <span class='ocrx_word' id='word_1_734' title='bbox 1344 5450 1719 5499; x_wconf 73' lang='lat' dir='ltr'><strong>absolvendum.</strong></span> 
     </span>
    </p>
   </div>
   <div class='ocr_carea' id='block_1_105' title="bbox 437 5515 1002 5585">
    <p class='ocr_par' dir='ltr' id='par_1_105' title="bbox 437 5515 1002 5585">
     <span class='ocr_line' id='line_1_105' title="bbox 437 5515 1002 5585; baseline -0.002 -18"><span class='ocrx_word' id='word_1_735' title='bbox 437 5525 460 5585; x_wconf 60' lang='grc' dir='ltr'>β</span> <span class='ocrx_word' id='word_1_736' title='bbox 493 5515 639 5568; x_wconf 77' lang='lat' dir='ltr'><strong>Cret.</strong></span> <span class='ocrx_word' id='word_1_737' title='bbox 653 5558 667 5578; x_wconf 88' lang='lat'><strong>,</strong></span> <span class='ocrx_word' id='word_1_738' title='bbox 700 5518 1002 5585; x_wconf 71' lang='lat' dir='ltr'><strong>pmenisse.</strong></span> 
     </span>
    </p>
   </div>
   <div class='ocr_carea' id='block_1_106' title="bbox 433 5582 1240 5653">
    <p class='ocr_par' dir='ltr' id='par_1_106' title="bbox 433 5582 1240 5653">
     <span class='ocr_line' id='line_1_106' title="bbox 433 5582 1240 5653; baseline 0.005 -18"><span class='ocrx_word' id='word_1_739' title='bbox 433 5582 464 5621; x_wconf 72' lang='grc' dir='ltr'>δ</span> <span class='ocrx_word' id='word_1_740' title='bbox 492 5582 711 5638; x_wconf 59' lang='grc' dir='ltr'><strong>1.ωη1›.ξ</strong></span> <span class='ocrx_word' id='word_1_741' title='bbox 736 5588 973 5638; x_wconf 67' lang='grc' dir='ltr'>Αηιιιηιηι</span> <span class='ocrx_word' id='word_1_742' title='bbox 1000 5599 1240 5653; x_wconf 63' lang='lat' dir='ltr'><strong>tempore.</strong></span> 
     </span>
    </p>
   </div>
   <div class='ocr_carea' id='block_1_107' title="bbox 2033 4382 3615 4455">
    <p class='ocr_par' dir='ltr' id='par_1_107' title="bbox 2033 4382 3615 4455">
     <span class='ocr_line' id='line_1_107' title="bbox 2033 4382 3615 4455; baseline 0 -16"><span class='ocrx_word' id='word_1_743' title='bbox 2033 4389 2118 4444; x_wconf 73' lang='lat' dir='ltr'><strong>tia:</strong></span> <span class='ocrx_word' id='word_1_744' title='bbox 2138 4386 2352 4447; x_wconf 60' lang='lat' dir='ltr'><strong>divina,</strong></span> <span class='ocrx_word' id='word_1_745' title='bbox 2378 4392 2471 4435; x_wconf 90' lang='lat' dir='ltr'><strong>aut</strong></span> <span class='ocrx_word' id='word_1_746' title='bbox 2494 4396 2627 4448; x_wconf 89' lang='lat' dir='ltr'><strong>quas</strong></span> <span class='ocrx_word' id='word_1_747' title='bbox 2648 4382 2946 4434; x_wconf 87' lang='lat' dir='ltr'><strong>carminum</strong></span> <span class='ocrx_word' id='word_1_748' title='bbox 2975 4383 3165 4437; x_wconf 86' lang='lat' dir='ltr'><strong>Iaudes</strong></span> <span class='ocrx_word' id='word_1_749' title='bbox 3188 4385 3615 4455; x_wconf 72' lang='lat' dir='ltr'><strong>longanimitatis</strong></span> 
     </span>
    </p>
   </div>
   <div class='ocr_carea' id='block_1_108' title="bbox 2034 4471 3612 4547">
    <p class='ocr_par' dir='ltr' id='par_1_108' title="bbox 2034 4471 3612 4547">
     <span class='ocr_line' id='line_1_108' title="bbox 2034 4471 3612 4547; baseline 0.001 -20"><span class='ocrx_word' id='word_1_750' title='bbox 2034 4476 2200 4547; x_wconf 66' lang='lat' dir='ltr'><strong>ipsius</strong></span> <span class='ocrx_word' id='word_1_751' title='bbox 2223 4474 2447 4525; x_wconf 79' lang='lat' dir='ltr'><strong>humana</strong></span> <span class='ocrx_word' id='word_1_752' title='bbox 2475 4471 2734 4539; x_wconf 90' lang='lat' dir='ltr'><strong>fragilitas</strong></span> <span class='ocrx_word' id='word_1_753' title='bbox 2762 4471 2969 4525; x_wconf 77' lang='lat' dir='ltr'><strong>referre</strong></span> <span class='ocrx_word' id='word_1_754' title='bbox 2995 4472 3195 4525; x_wconf 88' lang='lat' dir='ltr'><strong>valeat.</strong></span> <span class='ocrx_word' id='word_1_755' title='bbox 3220 4473 3373 4539; x_wconf 75' lang='grc' dir='ltr'><strong>ρυυά</strong></span> <span class='ocrx_word' id='word_1_756' title='bbox 3395 4475 3612 4541; x_wconf 83' lang='lat' dir='ltr'><strong>quidem</strong></span> 
     </span>
    </p>
   </div>
   <div class='ocr_carea' id='block_1_109' title="bbox 2031 4560 3617 4629">
    <p class='ocr_par' dir='ltr' id='par_1_109' title="bbox 2031 4560 3617 4629">
     <span class='ocr_line' id='line_1_109' title="bbox 2031 4560 3617 4629; baseline -0.001 -10"><span class='ocrx_word' id='word_1_757' title='bbox 2031 4580 2129 4619; x_wconf 84' lang='lat' dir='ltr'><strong>nos</strong></span> <span class='ocrx_word' id='word_1_758' title='bbox 2167 4572 2312 4617; x_wconf 88' lang='lat' dir='ltr'><strong>tanto</strong></span> <span class='ocrx_word' id='word_1_759' title='bbox 2349 4560 2469 4629; x_wconf 90' lang='lat' dir='ltr'><strong>ejus</strong></span> <span class='ocrx_word' id='word_1_760' title='bbox 2507 4560 2729 4613; x_wconf 87' lang='lat' dir='ltr'><strong>relevati</strong></span> <span class='ocrx_word' id='word_1_761' title='bbox 2773 4561 3067 4625; x_wconf 80' lang='lat' dir='ltr'><strong>beneﬁcio,</strong></span> <span class='ocrx_word' id='word_1_762' title='bbox 3117 4560 3244 4615; x_wconf 82' lang='lat' dir='ltr'><strong>licet</strong></span> <span class='ocrx_word' id='word_1_763' title='bbox 3289 4564 3495 4616; x_wconf 84' lang='lat' dir='ltr'><strong>meritis</strong></span> <span class='ocrx_word' id='word_1_764' title='bbox 3520 4577 3617 4617; x_wconf 82' lang='lat' dir='ltr'><strong>ne-</strong></span> 
     </span>
    </p>
   </div>
   <div class='ocr_carea' id='block_1_110' title="bbox 2030 4652 3618 4725">
    <p class='ocr_par' dir='ltr' id='par_1_110' title="bbox 2030 4652 3618 4725">
     <span class='ocr_line' id='line_1_110' title="bbox 2030 4652 3618 4725; baseline -0.001 -17"><span class='ocrx_word' id='word_1_765' title='bbox 2030 4669 2291 4725; x_wconf 87' lang='lat' dir='ltr'><strong>quaquam</strong></span> <span class='ocrx_word' id='word_1_766' title='bbox 2322 4652 2755 4719; x_wconf 68' lang='lat' dir='ltr'><strong>sulfragantibus‘,</strong></span> <span class='ocrx_word' id='word_1_767' title='bbox 2784 4660 2811 4686; x_wconf 74' lang='grc' dir='ltr'><strong>υ</strong></span> <span class='ocrx_word' id='word_1_768' title='bbox 2841 4666 2943 4704; x_wconf 85' lang='lat' dir='ltr'><strong>nos</strong></span> <span class='ocrx_word' id='word_1_769' title='bbox 2989 4653 3106 4720; x_wconf 85' lang='lat' dir='ltr'><strong>ejus</strong></span> <span class='ocrx_word' id='word_1_770' title='bbox 3156 4656 3413 4719; x_wconf 62' lang='lat' dir='ltr'><strong>potentia:</strong></span> <span class='ocrx_word' id='word_1_771' title='bbox 3445 4655 3618 4707; x_wconf 87' lang='lat' dir='ltr'><strong>melo—</strong></span> 
     </span>
    </p>
   </div>
   <div class='ocr_carea' id='block_1_111' title="bbox 2030 4745 3615 4815">
    <p class='ocr_par' dir='ltr' id='par_1_111' title="bbox 2030 4745 3615 4815">
     <span class='ocr_line' id='line_1_111' title="bbox 2030 4745 3615 4815; baseline -0.002 -15"><span class='ocrx_word' id='word_1_772' title='bbox 2030 4749 2175 4800; x_wconf 90' lang='lat' dir='ltr'><strong>dicas</strong></span> <span class='ocrx_word' id='word_1_773' title='bbox 2199 4746 2569 4814; x_wconf 85' lang='lat' dir='ltr'><strong>persolvemus</strong></span> <span class='ocrx_word' id='word_1_774' title='bbox 2591 4754 2773 4811; x_wconf 85' lang='lat' dir='ltr'><strong>grates</strong></span> <span class='ocrx_word' id='word_1_775' title='bbox 2803 4761 2815 4794; x_wconf 94' lang='lat'>:</span> <span class='ocrx_word' id='word_1_776' title='bbox 2845 4756 3021 4797; x_wconf 86' lang='lat' dir='ltr'><strong>tamen</strong></span> <span class='ocrx_word' id='word_1_777' title='bbox 3048 4745 3195 4811; x_wconf 85' lang='lat' dir='ltr'><strong>juxta</strong></span> <span class='ocrx_word' id='word_1_778' title='bbox 3219 4745 3615 4815; x_wconf 76' lang='lat' dir='ltr'><strong>psalmograplsi</strong></span> 
     </span>
    </p>
   </div>
   <div class='ocr_carea' id='block_1_112' title="bbox 2032 4833 3619 4903">
    <p class='ocr_par' dir='ltr' id='par_1_112' title="bbox 2032 4833 3619 4903">
     <span class='ocr_line' id='line_1_112' title="bbox 2032 4833 3619 4903; baseline -0.004 -12"><span class='ocrx_word' id='word_1_779' title='bbox 2032 4839 2251 4903; x_wconf 83' lang='lat' dir='ltr'><strong>monita,</strong></span> <span class='ocrx_word' id='word_1_780' title='bbox 2282 4838 2302 4857; x_wconf 92' lang='lat'><strong><em>°</em></strong></span> <span class='ocrx_word' id='word_1_781' title='bbox 2328 4836 2533 4889; x_wconf 80' lang='lat' dir='ltr'><strong>calicem</strong></span> <span class='ocrx_word' id='word_1_782' title='bbox 2555 4836 2799 4887; x_wconf 82' lang='lat' dir='ltr'><strong>salutaris</strong></span> <span class='ocrx_word' id='word_1_783' title='bbox 2820 4836 3096 4901; x_wconf 75' lang='lat' dir='ltr'><strong>accipiam,</strong></span> <span class='ocrx_word' id='word_1_784' title='bbox 3122 4844 3169 4886; x_wconf 91' lang='lat' dir='ltr'><strong>et</strong></span> <span class='ocrx_word' id='word_1_785' title='bbox 3192 4850 3376 4885; x_wconf 74' lang='lat' dir='ltr'><strong>nautea</strong></span> <span class='ocrx_word' id='word_1_786' title='bbox 3399 4833 3619 4885; x_wconf 74' lang='lat' dir='ltr'><strong>Domini</strong></span> 
     </span>
    </p>
   </div>
   <div class='ocr_carea' id='block_1_113' title="bbox 2032 4920 3614 4989">
    <p class='ocr_par' dir='ltr' id='par_1_113' title="bbox 2032 4920 3614 4989">
     <span class='ocr_line' id='line_1_113' title="bbox 2032 4920 3614 4989; baseline -0.003 -10"><span class='ocrx_word' id='word_1_787' title='bbox 2032 4928 2354 4981; x_wconf 85' lang='lat' dir='ltr'><strong>incessanter</strong></span> <span class='ocrx_word' id='word_1_788' title='bbox 2375 4924 2637 4987; x_wconf 82' lang='lat' dir='ltr'><strong>invocabo,</strong></span> <span class='ocrx_word' id='word_1_789' title='bbox 2665 4925 2962 4989; x_wconf 83' lang='lat' dir='ltr'><strong>inquirens.</strong></span> <span class='ocrx_word' id='word_1_790' title='bbox 2992 4921 3248 4989; x_wconf 65' lang='lat' dir='ltr'><strong>Pﬂaguus</strong></span> <span class='ocrx_word' id='word_1_791' title='bbox 3268 4938 3343 4983; x_wconf 81' lang='lat' dir='ltr'><strong>es,</strong></span> <span class='ocrx_word' id='word_1_792' title='bbox 3374 4920 3614 4985; x_wconf 71' lang='lat' dir='ltr'><strong>Domine,</strong></span> 
     </span>
    </p>
   </div>
   <div class='ocr_carea' id='block_1_114' title="bbox 2160 5032 2761 5097">
    <p class='ocr_par' dir='ltr' id='par_1_114' title="bbox 2160 5032 2761 5097">
     <span class='ocr_line' id='line_1_114' title="bbox 2160 5032 2761 5097; baseline -0.008 -9"><span class='ocrx_word' id='word_1_793' title='bbox 2160 5033 2438 5097; x_wconf 84' lang='lat' dir='ltr'><strong>Lambec.,</strong></span> <span class='ocrx_word' id='word_1_794' title='bbox 2468 5040 2521 5084; x_wconf 83' lang='lat' dir='ltr'><strong>ut</strong></span> <span class='ocrx_word' id='word_1_795' title='bbox 2553 5032 2761 5083; x_wconf 75' lang='lat' dir='ltr'><strong>nostvis.</strong></span> 
     </span>
    </p>
   </div>
   <div class='ocr_carea' id='block_1_115' title="bbox 2108 5100 3039 5165">
    <p class='ocr_par' dir='ltr' id='par_1_115' title="bbox 2108 5100 3039 5165">
     <span class='ocr_line' id='line_1_115' title="bbox 2108 5100 3039 5165; baseline -0.002 -12"><span class='ocrx_word' id='word_1_796' title='bbox 2108 5105 2123 5153; x_wconf 87' lang='lat' dir='ltr'><strong>i</strong></span> <span class='ocrx_word' id='word_1_797' title='bbox 2167 5106 2333 5165; x_wconf 86' lang='lat' dir='ltr'><strong>Idem,</strong></span> <span class='ocrx_word' id='word_1_798' title='bbox 2365 5102 2421 5153; x_wconf 83' lang='lat' dir='ltr'><strong>in</strong></span> <span class='ocrx_word' id='word_1_799' title='bbox 2445 5102 2771 5163; x_wconf 50' lang='lat' dir='ltr'><strong>entbolohvel</strong></span> <span class='ocrx_word' id='word_1_800' title='bbox 2802 5100 3039 5153; x_wconf 85' lang='lat' dir='ltr'><strong>embolio.</strong></span> 
     </span>
    </p>
   </div>
   <div class='ocr_carea' id='block_1_116' title="bbox 2105 5169 3355 5237">
    <p class='ocr_par' dir='ltr' id='par_1_116' title="bbox 2105 5169 3355 5237">
     <span class='ocr_line' id='line_1_116' title="bbox 2105 5169 3355 5237; baseline -0.003 -11"><span class='ocrx_word' id='word_1_801' title='bbox 2105 5174 2127 5209; x_wconf 79' lang='grc' dir='ltr'>¹ι</span> <span class='ocrx_word' id='word_1_802' title='bbox 2163 5173 2372 5232; x_wconf 87' lang='lat' dir='ltr'><strong>Lamb.,</strong></span> <span class='ocrx_word' id='word_1_803' title='bbox 2400 5170 2869 5237; x_wconf 65' lang='lat' dir='ltr'><strong>constringendam.</strong></span> <span class='ocrx_word' id='word_1_804' title='bbox 2895 5171 2954 5222; x_wconf 77' lang='lat' dir='ltr'><strong>ob</strong></span> <span class='ocrx_word' id='word_1_805' title='bbox 2971 5169 3355 5222; x_wconf 75' lang='lat' dir='ltr'><strong>restituendum.</strong></span> 
     </span>
    </p>
   </div>
   <div class='ocr_carea' id='block_1_117' title="bbox 2110 5239 3623 5309">
    <p class='ocr_par' dir='ltr' id='par_1_117' title="bbox 2110 5239 3623 5309">
     <span class='ocr_line' id='line_1_117' title="bbox 2110 5239 3623 5309; baseline 0 -15"><span class='ocrx_word' id='word_1_806' title='bbox 2110 5240 2127 5278; x_wconf 80' lang='grc' dir='ltr'>ι</span> <span class='ocrx_word' id='word_1_807' title='bbox 2163 5242 2328 5300; x_wconf 86' lang='lat' dir='ltr'><strong>Idem.</strong></span> <span class='ocrx_word' id='word_1_808' title='bbox 2357 5250 2403 5291; x_wconf 79' lang='lat' dir='ltr'><strong>et</strong></span> <span class='ocrx_word' id='word_1_809' title='bbox 2432 5240 2783 5307; x_wconf 75' lang='lat' dir='ltr'><strong>largiendum,-</strong></span> <span class='ocrx_word' id='word_1_810' title='bbox 2810 5240 3015 5304; x_wconf 76' lang='lat' dir='ltr'><strong>Grets.,</strong></span> <span class='ocrx_word' id='word_1_811' title='bbox 3058 5250 3105 5291; x_wconf 83' lang='lat' dir='ltr'><strong>et</strong></span> <span class='ocrx_word' id='word_1_812' title='bbox 3133 5240 3313 5309; x_wconf 77' lang='lat' dir='ltr'><strong>largiri</strong></span> <span class='ocrx_word' id='word_1_813' title='bbox 3352 5239 3623 5293; x_wconf 53' lang='lat' dir='ltr'><strong>licentiam</strong></span> 
     </span>
    </p>
   </div>
   <div class='ocr_carea' id='block_1_118' title="bbox 2034 5314 2365 5367">
    <p class='ocr_par' dir='ltr' id='par_1_118' title="bbox 2034 5314 2365 5367">
     <span class='ocr_line' id='line_1_118' title="bbox 2034 5314 2365 5367; baseline -0.018 -2"><span class='ocrx_word' id='word_1_814' title='bbox 2034 5314 2230 5367; x_wconf 78' lang='lat' dir='ltr'><strong>electis.</strong></span> <span class='ocrx_word' id='word_1_815' title='bbox 2262 5318 2365 5361; x_wconf 89' lang='lat' dir='ltr'><strong>etc.</strong></span> 
     </span>
    </p>
   </div>
   <div class='ocr_carea' id='block_1_119' title="bbox 2106 5373 3476 5445">
    <p class='ocr_par' dir='ltr' id='par_1_119' title="bbox 2106 5373 3476 5445">
     <span class='ocr_line' id='line_1_119' title="bbox 2106 5373 3476 5445; baseline 0.001 -14"><span class='ocrx_word' id='word_1_816' title='bbox 2106 5391 2144 5417; x_wconf 74' lang='grc' dir='ltr'>ω</span> <span class='ocrx_word' id='word_1_817' title='bbox 2176 5379 2376 5439; x_wconf 79' lang='lat' dir='ltr'><strong>Grets.,</strong></span> <span class='ocrx_word' id='word_1_818' title='bbox 2407 5376 2612 5429; x_wconf 89' lang='lat' dir='ltr'><strong>Summ.</strong></span> <span class='ocrx_word' id='word_1_819' title='bbox 2640 5373 2734 5439; x_wconf 72' lang='lat'><strong>1.3,</strong></span> <span class='ocrx_word' id='word_1_820' title='bbox 2766 5378 2904 5445; x_wconf 76' lang='lat' dir='ltr'><strong>apud</strong></span> <span class='ocrx_word' id='word_1_821' title='bbox 2936 5379 3056 5431; x_wconf 75' lang='lat' dir='ltr'><strong>Dur.</strong></span> <span class='ocrx_word' id='word_1_822' title='bbox 3084 5388 3139 5430; x_wconf 80' lang='lat' dir='ltr'><strong>et</strong></span> <span class='ocrx_word' id='word_1_823' title='bbox 3165 5377 3476 5433; x_wconf 79' lang='lat' dir='ltr'><strong>Centuriat.</strong></span> 
     </span>
    </p>
   </div>
   <div class='ocr_carea' id='block_1_120' title="bbox 2108 5447 3207 5518">
    <p class='ocr_par' dir='ltr' id='par_1_120' title="bbox 2108 5447 3207 5518">
     <span class='ocr_line' id='line_1_120' title="bbox 2108 5447 3207 5518; baseline -0.001 -16"><span class='ocrx_word' id='word_1_824' title='bbox 2108 5461 2131 5485; x_wconf 75' lang='grc' dir='ltr'><strong><em>η</em></strong></span> <span class='ocrx_word' id='word_1_825' title='bbox 2162 5449 2370 5511; x_wconf 67' lang='grc' dir='ltr'><strong>ωωυ..</strong></span> <span class='ocrx_word' id='word_1_826' title='bbox 2393 5458 2591 5503; x_wconf 70' lang='lat' dir='ltr'><strong>nostras</strong></span> <span class='ocrx_word' id='word_1_827' title='bbox 2608 5463 2789 5516; x_wconf 58' lang='lat' dir='ltr'><strong>ejus...</strong></span> <span class='ocrx_word' id='word_1_828' title='bbox 2820 5447 3207 5518; x_wconf 78' lang='lat' dir='ltr'><strong>psalmigraphl.</strong></span> 
     </span>
    </p>
   </div>
   <div class='ocr_carea' id='block_1_121' title="bbox 2112 5517 2742 5578">
    <p class='ocr_par' dir='ltr' id='par_1_121' title="bbox 2112 5517 2742 5578">
     <span class='ocr_line' id='line_1_121' title="bbox 2112 5517 2742 5578; baseline 0.002 -10"><span class='ocrx_word' id='word_1_829' title='bbox 2112 5529 2135 5552; x_wconf 84' lang='lat'><strong><em>°</em></strong></span> <span class='ocrx_word' id='word_1_830' title='bbox 2168 5518 2371 5578; x_wconf 54' lang='lat' dir='ltr'><strong>Grcis;</strong></span> <span class='ocrx_word' id='word_1_831' title='bbox 2400 5517 2591 5578; x_wconf 83' lang='lat' dir='ltr'><strong>psalmo</strong></span> <span class='ocrx_word' id='word_1_832' title='bbox 2615 5534 2742 5569; x_wconf 80' lang='lat' dir='ltr'><strong>oxv.</strong></span> 
     </span>
    </p>
   </div>
   <div class='ocr_carea' id='block_1_122' title="bbox 2112 5534 2796 5651">
    <p class='ocr_par' dir='ltr' id='par_1_122' title="bbox 2112 5534 2796 5651">
     <span class='ocr_line' id='line_1_122' title="bbox 2112 5534 2742 5636; baseline 0.002 -68"><span class='ocrx_word' id='word_1_833' title='bbox 2112 5534 2135 5552; x_wconf 77' lang='grc' dir='ltr'><em>υ</em></span> <span class='ocrx_word' id='word_1_834' title='bbox 2168 5534 2591 5636; x_wconf 70' lang='lat' dir='ltr'><strong>t.rets.;1psatmo</strong></span> <span class='ocrx_word' id='word_1_835' title='bbox 2615 5534 2742 5569; x_wconf 80' lang='lat' dir='ltr'><strong>oxv.</strong></span> 
     </span>
     <span class='ocr_line' id='line_1_123' title="bbox 2112 5587 2796 5651; baseline 0.006 -16"><span class='ocrx_word' id='word_1_836' title='bbox 2112 5600 2135 5635; x_wconf 79' lang='grc' dir='ltr'><strong>ιι</strong></span> <span class='ocrx_word' id='word_1_837' title='bbox 2165 5587 2327 5649; x_wconf 87' lang='lat' dir='ltr'><strong>Idem,</strong></span> <span class='ocrx_word' id='word_1_838' title='bbox 2410 5589 2531 5637; x_wconf 70' lang='lat' dir='ltr'><strong>obiw</strong></span> <span class='ocrx_word' id='word_1_839' title='bbox 2556 5603 2671 5651; x_wconf 75' lang='lat' dir='ltr'><strong>cup.</strong></span> <span class='ocrx_word' id='word_1_840' title='bbox 2707 5603 2796 5640; x_wconf 76' lang='lat' dir='ltr'><strong>xm</strong></span> 
     </span>
    </p>
   </div>
   <div class='ocr_carea' id='block_1_123' title="bbox 3210 5641 3241 5650">
    <p class='ocr_par' dir='ltr' id='par_1_123' title="bbox 3210 5641 3241 5650">
     <span class='ocr_line' id='line_1_124' title="bbox 3210 5641 3241 5650; baseline 0 0"><span class='ocrx_word' id='word_1_841' title='bbox 3210 5641 3241 5650; x_wconf 76' lang='grc' dir='ltr'><strong>..ο</strong></span> 
     </span>
    </p>
   </div>
  </div>
