3910 6234
494 250 636 306 1163

1817 236 1871 290 S.
1920 232 2116 288 PAULl
2160 230 2361 285 l’ANE
2401 231 2420 284 l

3590 230 3721 290 “(id

494 361 717 420 sionem,
757 363 782 389 ⁸
823 353 888 406 de
914 351 1041 406 :evis
1064 360 1119 404 et
1147 348 1414 418 prosperis
1438 344 1763 415 temporibus
1787 343 2057 397 excellen-
2085 344 2135 399 Δ
2161 342 2304 394 dent.
2359 339 2370 374 ⁸
2418 331 2670 407 Optantes
2720 338 2933 407 quidem
2988 349 3044 393 ut
3092 352 3188 395 nos
3238 341 3499 396 certiores
3548 353 3720 400 vestra

497 446 756 501 tissimam
803 440 1255 496 Cbristianitatem
1310 447 1562 498 vestram,
1592 436 1645 488 in
1687 433 1820 486 solio
1864 431 2057 499 regalis

450 530 453 533 ’
501 534 773 604 potentia,
833 546 953 586 cum
981 530 1280 583 dulcissima
1327 526 1555 593 conjuge
1604 520 2055 577 excellentissima
2096 542 2101 545 ι

504 624 705 693 regina,
733 620 953 689 spiritali
980 626 1162 672 nostra
1207 624 1523 677 commatre,
1549 624 1707 680 atque
1754 608 2055 663 amantissi-

501 717 605 771 mis
632 714 769 768 natis
795 703 1109 767 conservare
1137 717 1193 763 et
1218 716 1495 776 protegere
1519 703 1790 771 dignetur,
1819 700 2059 753 tribuens

507 807 659 860 vobis
710 815 907 857 aeterna
954 800 1188 854 etnlcstis
1240 796 1425 865 patria:
1474 794 1661 862 gaudia
1694 788 2052 859 possidenda.

504 894 823 947 Incolumem
898 887 1263 945 excellentiam
1330 893 1560 939 vestram
1616 881 1781 950 gratia
1830 891 2058 945 superna

502 984 781 1038 custodiat.

1030 1061 1356 1119 EPISTULA
1400 1058 1534 1114 XIV.

506 1158 637 1211 Item
688 1154 943 1224 exemplar
986 1152 1212 1220 epistola:
1254 1150 1480 1224 ejusdem
1522 1161 1683 1224 papa.
1708 1146 1775 1196 ad
1813 1145 2060 1224 damnum

576 1214 743 1295 regent
771 1214 1069 1289 Pippinum,
1098 1224 1151 1274 in
1197 1214 1300 1287 qua
1327 1214 1641 1295 continentur
1668 1214 2055 1295 benedictione-3,

575 1282 902 1362 et'prtrfat'a'a
1112 1282 1316 1362 poscens
1347 1295 1400 1362 ut
1423 1286 1663 1362 dominus
1688 1282 2059 1362 regllippipus

574 1351 692 1415 suos
708 1351 883 1414 missos
901 1351 1125 1428 pedibus
1144 1357 1316 1409 Roma:
1335 1357 1570 1423 dirigeret
1594 1351 1620 1389 1³
1643 1362 1695 1428 et
1708 1352 1812 1428 sibi
1824 1351 1884 1402 de
1893 1351 2066 1428 salute

576 1432 657 1484 vel
678 1420 918 1497 sospitate
968 1420 1455 1497 suainnolesceret;
1474 1432 1519 1497 et
1548 1420 1773 1497 _qualit_er
1796 1420 1848 1497 in
1887 1420 2065 1470 itinere

578 1489 779 1569 egisset,
799 1510 849 1549 et
868 1496 1118 1569 quomodo
1142 1494 1387 1569 Dominus
1400 1492 1651 1569 inimicos
1670 1493 1781 1569 ejus
1802 1489 2063 1569 inritantia

574 1558 735 1635 ipsius
763 1558 1088 1627 tradidisset,
1119 1572 1165 1615 et
1194 1565 1283 1614 sub
1314 1560 1522 1627 pedibus
1549 1562 1659 1627 ejus
1691 1558 2025 1608 humiliasset.

587 1665 613 1692 ε
652 1653 855 1705 Domno
904 1647 1350 1704 excellentissimo
1375 1654 1430 1699 et
1458 1642 1891 1738 nostro-spiritali
1920 1654 2066 1694 com-
2102 1656 2147 1714 Β
2173 1642 2470 1738 "umbram,

510 1740 651 1810 patri
677 1738 929 1807 Pippino,
957 1735 1069 1805 regi
1097 1735 1422 1789 Francorum
1451 1743 1504 1788 et
1531 1732 1750 1802 patricio
1800 1730 2067 1784 Romano-

512 1847 657 1895 rum,
682 1829 873 1883 Paulus
894 1842 1047 1896 papa.
1520 1890 1523 1891 ν

584 1938 803 2004 Quoties
831 1934 1063 1989 ﬁdelium
1100 1933 1188 1987 Det
1218 1931 1505 2000 spiritualia
1531 1929 1831 1985 referuntur
1871 1928 2067 1993 studia,

517 2024 759 2093 pmtinos
785 2020 1110 2085 audientium
1150 2028 1355 2073 mentes
1374 2018 1553 2087 ignita:
1580 2020 1632 2070 in
1665 2017 1757 2071 Dei
1789 2031 1989 2079 amore,
2013 2024 2069 2070 et

517 2112 781 2168 mandatis
806 2111 995 2165 divinis
1037 2108 1361 2177 efficiuntur,
1391 2118 1546 2177 atque
1574 2107 1639 2160 ad
1670 2120 1916 2173 supernae
1941 2120 2069 2159 con-

516 2202 859 2256 siderationis
895 2198 921 2235 δ
962 2201 1148 2253 merita
1222 2197 1546 2266 amplissime
1597 2196 1663 2249 ad
1710 2195 1916 2249 laudem
1973 2194 2066 2248 Dei

516 2292 785 2359 proferre,
838 2296 894 2342 et
946 2286 1268 2356 perennibus
1334 2285 1663 2353 temporibus
1712 2282 2067 2352 permanenda

517 2382 807 2451 Scriptura:
846 2378 1159 2433 testimoniis
1203 2374 1431 2439 tradere,
1472 2385 1495 2412 ο
1534 2376 1658 2429 dum
1713 2384 1889 2427 vestro
1933 2388 2064 2427 con-

519 2484 679 2523 cursu
718 2478 775 2522 et
796 2468 996 2522 auxilio
1026 2463 1275 2520 Ecclesiae
1320 2463 1413 2517 Dei
1445 2462 1722 2527 exaltatio,
1751 2470 1805 2515 et
1831 2461 1953 2516 fidei
1982 2476 2068 2531 or-

519 2560 771 2613 thodoxa:
805 2556 823 2595 ¹
862 2556 1168 2626 proﬂigator
1195 2553 1463 2617 defensio;
1496 2567 1591 2621 pro
1621 2566 1725 2619 quo
1758 2551 2068 2605 benedictus

523 2655 582 2699 et
609 2646 883 2699 laudabilis
910 2646 962 2697 in
990 2643 1235 2696 omnibus
1279 2641 1492 2709 regibus
1521 2654 1698 2693 coram
1746 2640 1853 2693 Deo
1891 2648 1944 2691 et
1974 2638 2071 2691 ho-

522 2735 754 2788 minist
804 2747 924 2787 esse
968 2731 1317 2799 dignosceris,
1366 2727 1814 2782 Christianissimc
1854 2742 1967 2790 rex,
2017 2736 2070 2779 et

508 2814 718 2877 nomen
740 2822 1074 2889 benignitatis
1094 2830 1195 2873 tua:
1221 2828 1492 2871 exaratum
1520 2816 1679 2884 fulget
1702 2818 1752 2869 iu
1777 2824 2067 2883 conspectu

2160 428 2315 481 faciat
2340 446 2367 481 a
2399 429 2506 481 Deo
2530 436 2765 496 protecta
2794 429 3124 491 excellentia,
3172 429 3294 495 quid
3321 443 3449 497 erga
3481 444 3598 497 vos,
3629 441 3718 486 aut

2155 517 2507 570 Christianam
2539 525 2754 584 gentem
2776 530 3007 571 vestram
3033 531 3194 585 agere
3221 518 3492 581 videmini,
3514 530 3570 572 et
3592 536 3716 587 quo-

2158 609 2317 659 modo
2375 606 2514 660 Deus
2545 616 2725 659 noster
2793 616 3002 660 vestros
3048 621 3112 660 ac
3162 615 3373 660 nostros
3425 607 3718 661 ltnmiliavit

2158 696 2425 759 inimicos,
2458 705 2530 761 et,
2559 707 2612 748 ut
2649 696 2738 748 fati
2770 712 2975 762 sumus,
2998 704 3170 751 certos
3200 711 3317 759 nos,
3351 698 3488 750 sicut
3515 698 3715 751 deside-

2159 802 2360 850 ramus,
2404 788 2471 841 de
2527 798 2701 842 vestra
2756 790 3108 854 prosperitate
3151 796 3206 841 et
3255 789 3435 842 laetitia
3494 791 3712 843 reddere

2155 880 2408 946 iubeatis.
2465 880 2789 935 [incolumem
2857 880 3225 935 excellentiam
3274 886 3504 933 vestram
3563 882 3716 948 gratia

2158 953 2385 1035 superna
2415 969 2705 1022 custodiat.
2734 965 2738 968 ’

2693 1056 3023 1110 EPISTULA
3060 1055 3176 1110 XV.

2163 1131 2291 1186 Item
2335 1135 2593 1196 exemplar
2630 1134 2857 1201 epistola:
2908 1133 3134 1202 ejusdem
3187 1147 3335 1201 papa:
3370 1132 3439 1183 ad
3484 1131 3716 1183 domuum

2233 1202 2511 1266 Pippinum
2566 1218 2753 1269 regem,
2811 1204 2865 1253 in
2910 1218 3012 1269 qua
3041 1203 3403 1269 continentur,
3446 1202 3719 1268 gratiarum

2234 1274 2474 1333 actiones,
2506 1280 2553 1323 et
2581 1267 2643 1322 de
2686 1271 2899 1321 sanitate
2923 1267 3121 1337 ipsius,
3172 1285 3259 1323 seu
3304 1271 3318 1317 l
3367 1267 3563 1332 Caroli,
3593 1278 3643 1321 et
3666 1270 3719 1319 de

2237 1337 2441 1391 Marino
2470 1340 2779 1406 presbytero,
2810 1347 2959 1406 atque
2984 1340 3044 1389 d-e
3078 1337 3340 1400 Ravenna,
3372 1339 3594 1404 qualiter
3614 1354 3719 1389 con-

2237 1416 2317 1459 tra
2342 1411 2570 1461 eamdem
2598 1408 2736 1458 mala
2763 1408 3117 1465 ntacltinantur
3136 1407 3374 1459 consilia.

2239 1492 2268 1532 ιι
2307 1495 2514 1548 Domno
2585 1494 3035 1549 excellentissimo
3091 1494 3200 1548 lilio
3253 1502 3439 1545 nostro
3508 1492 3714 1559 spiritali

2169 1586 2431 1654 compatri
2461 1584 2705 1652 Pippiuo,
2754 1585 2866 1653 regi
2908 1584 3254 1651 Francorum,
3286 1593 3342 1638 et
3372 1583 3597 1653 patricio
3620 1584 3712 1637 lio-

2501 1676 2697 1728 Paulus
2724 1688 2879 1743 papa.
3328 1741 3332 1744 g

2240 1764 2460 1818 Eximize
2489 1772 2588 1818 eta
2620 1763 2730 1816 Deo
2757 1770 3010 1830 protectae
3038 1764 3367 1837 excellentia;
3394 1771 3612 1826 vestrm,
3641 1760 3715 1812 lu-

2171 1870 2286 1910 rum
2299 1854 2567 1908 deferente
2585 1851 2861 1921 portitore,
2881 1853 3171 1906 destinatos
3189 1852 3368 1920 apices
3380 1852 3525 1904 omni
3554 1852 3716 1917 plenos

2180 1944 2467 1999 dulcedine
2491 1956 2553 1995 ac
2595 1954 2798 2003 amore,
2824 1955 2960 2007 quos
2986 1954 3105 1993 cum
3132 1954 3349 2009 magno_
3371 1937 3715 1993 venerationis

2172 2032 2363 2086 affecto
2404 2037 2761 2098 acceptantes,
2812 2028 3059 2097 liquidius
3105 2029 3374 2081 cunctain
3403 2028 3485 2081 eis
3534 2026 3715 2080 inserta

2172 2121 2506 2191 agnovimus.
2538 2120 2678 2173 Inter
2719 2116 3073 2193 luecpquippe,
3103 2115 3127 2155 ι
3156 2117 3604 2173 excellentissime
3629 2116 3710 2178 fili,

2169 2220 2347 2267 vestra
2368 2210 2521 2263 nobis
2564 2208 2814 2275 prmcelsa
2850 2196 3086 2259 innotuit
3132 2206 3431 2273 benignitas
3477 2204 3711 2272 qualiter.

2171 2301 2346 2354 divina
2384 2299 2475 2352 Dei
2506 2297 2671 2350 nostri
2724 2296 2939 2349 favente
2989 2295 3381 2356 misericordia,
3430 2293 3551 2346 sani
3580 2300 3718 2358 atque

2176 2390 2429 2456 sospites,
2479 2396 2533 2440 et
2562 2386 2710 2439 illa-si
2734 2384 3023 2438 existentes
3050 2384 3185 2447 sitis,
3216 2383 3371 2435 simul
3414 2396 3539 2434 enm
3565 2380 3720 2434 excel-

2174 2475 2482 2531 lentissimis
2544 2473 2677 2525 natis
2722 2472 2934 2536 vestris,
3012 2469 3334 2539 spiritalibus
3381 2467 3503 2521 ﬁliis
3549 2467 3719 2521 nostris

2171 2565 2363 2621 Carolo
2386 2574 2440 2617 et
2468 2562 2858 2615 Carolomanno
2883 2564 3087 2626 magnis
3116 2556 3345 2627 regibus,
3368 2569 3529 2627 atque
3548 2558 3719 2610 domita

2173 2654 2426 2709 Bertrada
2492 2653 2670 2720 regina
2740 2651 3043 2704 dulcissima
3083 2659 3122 2685 π’
3161 2650 3385 2714 spiritali
3442 2658 3717 2701 commatre

2174 2752 2373 2807 nostra,
2427 2756 2526 2794 nec
2576 2755 2683 2793 non
2712 2748 2761 2792 et
2795 2738 2938 2792 Gisla
2992 2737 3317 2791 nobilissima
3361 2744 3549 2803 nostra
3608 2734 3719 2786 lilia.

2172 2832 2372 2897 Quibus
2421 2829 2633 2896 agnitis,
2679 2842 2894 2896 magnas
2926 2841 2989 2880 ac
3035 2825 3446 2879 innumerabiles
3496 2825 3718 2892 polorum

525 2912 835 2966 divinitatis.
892 2911 1103 2963 Etenim
1146 2909 1271 2961 dum
1330 2907 1484 2975 hujus
1529 2907 1742 2960 evoluto
1812 2905 2066 2972 temporis

2183 2920 2398 2972 arbitrio
2430 2933 2493 2971 ac
2521 2918 2629 2986 regi
2671 2933 2852 2984 regum
2886 2916 3107 2969 Domino
3130 2915 3237 2969 Deo
3263 2923 3445 2967 nostro
3484 2922 3513 2948 ’³
3554 2912 3717 2967 retuli-

523 3001 717 3067 εραιῑο.
739 3014 844 3069 Ψ¹⁰
870 3012 967 3052 ηοε
990 3012 1084 3051 nec
1106 3006 1293 3051 "35"“
1330 2994 1598 3063 δοερίιθιίε
1623 2995 1929 3049 τειθιίοηθιη
1960 3009 2069 3047 τηε·
2096 2969 2141 3030 c
2179 3022 2294 3059 mus
2322 3006 2525 3069 laudes,
2571 2969 2817 3073 quoniam
2843 3004 2988 3071 juxta
3019 3002 3169 3068 illud,
3208 3002 3345 3069 quod
3397 3000 3721 3055 anhelantius

526 3091 730 3142 ruimus
791 3090 1077 3157 suscipere,
1138 3101 1235 3141 nec
1299 3088 1510 3153 penitus
1563 3099 1870 3153 agnoscere,
1946 3083 2071 3151 quid

526 3189 553 3225 ε
592 3182 732 3233 circa
779 3192 873 3232 vos
919 3186 1180 3246 ageretur,
1238 3178 1316 3230 vel
1364 3175 1591 3243 qualiter
1618 3178 1668 3228 in
1699 3175 1917 3237 itinere,
1968 3188 2072 3240 quo

528 3270 748 3337 profecti
804 3270 951 3333 estis,
1000 3269 1294 3336 peregistis,
1346 3268 1504 3319 nimis
1547 3265 1825 3318 auxietatis
1862 3265 2074 3318 fervore

531 3360 780 3414 desiderii
810 3360 974 3412 nostri
1014 3358 1222 3412 affectio
1250 3358 1303 3411 in
1336 3358 1432 3410 hoc
1458 3358 1626 3424 ipsum
1649 3340 1712 3407 ad
1761 3355 2072 3408 discendum

527 3450 714 3503 sedulo
741 3438 1077 3517 provocatur,
1126 3447 1414 3513 prmsertim
1462 3446 1584 3498 dum
1614 3453 1667 3498 et
1694 3460 1721 3496 a
1750 3443 1941 3496 nostris
1984 3457 2071 3495 ve-

528 3537 758 3606 strisque
810 3535 1040 3589 inimicis
1086 3534 1303 3588 adversa
1350 3533 1500 3585 nobis
1549 3532 1616 3585 de
1665 3532 1789 3599 ipsis
1841 3532 2075 3599 partibus

531 3624 929 3677 annnntiantur.
964 3622 1114 3676 Unde
1165 3620 1480 3675 desiderium
1511 3634 1754 3687 magnum
1806 3619 1955 3670 nobis
1994 3618 2073 3669 in-

535 3712 703 3764 limret
732 3719 919 3763 vestrae
962 3709 1227 3777 sospitatis
1251 3709 1438 3776 gaudia
1482 3708 1771 3770 addiscere,
1804 3716 1856 3759 et
1883 3708 2071 3759 vestris

537 3800 854 3853 salutaribus
880 3798 1197 3863 profectibus
1224 3798 1489 3865 gratulari,
1545 3805 1599 3849 et
1622 3806 1805 3849 contra
1833 3795 2073 3847 inimico-

539 3904 656 3942 rum
685 3886 1051 3942 contritionem
1080 3899 1382 3954 agnoscere.
1417 3887 1515 3938 l‘ro
1543 3900 1647 3952 quo
1678 3898 1975 3952 quaesumus
2017 3894 2075 3935 nt

530 3986 705 4029 certos
727 3989 843 4038 nos,
873 3975 1009 4028 sicut
1026 3973 1403 4037 desideramus,
1433 3988 1523 4039 per
1543 3982 1742 4025 vestros
1776 3975 1983 4024 nuntios
2005 3972 2071 4025 de

530 4075 705 4118 vestra
746 4066 1094 4133 prosperitate
1119 4072 1172 4117 et
1192 4063 1369 4116 lmtitia
1394 4064 1618 4116 reddere
1657 4062 1908 4129 jubeatis,
1937 4077 2071 4128 quo-

532 4154 677 4206 niam
716 4162 892 4207 vestra
921 4153 1061 4205 salus
1091 4159 1269 4206 nostra
1309 4160 1391 4203 est
1425 4152 1765 4217 prosperitas,
1797 4161 1851 4203 et
1898 4160 2068 4202 vestra

2176 3105 2416 3161 Optantes
2454 3094 2841 3157 desideramus,
2894 3102 3119 3147 vestram
3143 3092 3419 3167 addiscere
3445 3090 3720 3144 meruimus

2175 3185 2499 3252 sospitatem.
2535 3184 2635 3236 l’ro
2663 3197 2766 3251 quo
2793 3183 3068 3236 Dominum
3100 3182 3264 3236 Deum
3301 3192 3544 3235 nostrum
3576 3178 3717 3233 sedu-

2177 3271 2242 3326 lis
2280 3271 2738 3339 deprecationibus
2777 3271 3138 3337 imploramus,
3172 3271 3261 3338 qui
3290 3284 3385 3322 nos
3407 3284 3506 3337 per
3537 3268 3715 3321 multo-

2178 3377 2292 3414 rum
2337 3363 2596 3415 curricula
2648 3370 2902 3415 annorum
2931 3363 2995 3415 de
3022 3370 3197 3415 vestra
3242 3363 3444 3430 integra
3484 3360 3724 3427 sospitate

2177 3448 2333 3499 faciat
2381 3448 2667 3512 exsultare,
2717 3463 2782 3501 eo
2821 3449 2957 3516 quod
3008 3459 3179 3501 vestra
3231 3449 3606 3503 salusnostra
3649 3453 3723 3499 est

2179 3537 2484 3603 exsultatio,
2520 3547 2572 3591 et
2597 3547 2769 3589 vestra
2816 3539 3135 3603 prosperitas
3163 3546 3403 3590 nostrum
3435 3534 3619 3604 procul
3643 3534 3725 3587 do-

2180 3625 2263 3676 bio
2291 3625 2469 3677 existit
2498 3625 2765 3689 gaudium.

2244 3712 2311 3765 Et
2352 3713 2448 3766 hoc
2480 3714 2531 3767 in
2563 3715 2749 3767 vestris
2776 3714 3037 3780 regalibus
3077 3713 3317 3782 apicibus
3354 3712 3724 3768 continebatur

2180 3792 2487 3865 ascriptum,
2520 3813 2780 3869 quatenus
2811 3802 2956 3853 vobis
2984 3802 3376 3858 innotescentes
3405 3800 3723 3869 signiﬁcan-

2179 3907 2313 3954 ntus,
2336 3894 2380 3945 si
2406 3886 2549 3945 circa
2594 3903 2827 3944 sanctam
2854 3891 2944 3944 Dei
2972 3891 3280 3955 Beclesiam,
3312 3900 3475 3959 atque
3501 3898 3723 3946 nostram

2179 3980 2614 4044 mediocritatem,
2664 3982 2745 4033 vel
2789 3991 2813 4016 ο
2852 3982 3026 4047 populi
3066 3981 3219 4034 nobis
3262 3981 3544 4034 commissi
3595 3979 3722 4033 salus

2176 4081 2260 4120 aut
2296 4069 2564 4137 integritas
2622 4070 3005 4139 profligaretur.
3054 4070 3181 4123 Nam
3210 4081 3262 4123 et
3284 4071 3353 4124 de
3384 4071 3488 4124 hoc
3521 4082 3723 4140 magna:

2175 4168 2227 4209 et
2265 4159 2678 4235 innumerabiles
2729 4161 2919 4225 gratias
2950 4159 3053 4210 Deo
3082 4159 3429 4225 omnipotenti
3462 4168 3522 4211 et
3547 4169 3721 4212 vestra:

533 4245 778 4299 exaltatio
823 4252 1059 4297 nostrum
1106 4242 1282 4308 procul
1310 4242 1472 4294 dubio
1500 4251 1578 4293 est
1605 4242 1867 4309 gaudium,
1896 4249 1949 4293 et
1976 4240 2067 4292 im-
2106 4279 2154 4336 Β
2178 4246 2501 4298 excellentia:
2533 4246 2826 4324 referimus,
2862 4246 2980 4312 quia
3005 4246 3138 4299 sicut
3166 4261 3349 4299 revera
3382 4246 3720 4299 Christianis-

525 4350 711 4389 meusa
734 4335 987 4388 securitas
1017 4350 1028 4383 :
1073 4331 1097 4367 δ
1138 4332 1448 4399 dignamque
1478 4345 1540 4384 ex
1582 4331 1679 4383 hoc
1707 4330 1793 4382 Dei
1825 4330 2075 4396 depreca—

524 4438 647 4475 mur
676 4422 981 4490 potentiam,
1015 4429 1069 4472 ut
1093 4420 1204 4486 ipse
1232 4428 1496 4486 protector
1542 4427 1721 4471 noster
1743 4424 1797 4469 et
1822 4431 1937 4469 cum
1964 4417 2078 4483 ejus

528 4510 727 4576 angelis
773 4508 1015 4574 dignetur
1061 4504 1665 4573 praeexeellentissimam
1711 4505 2076 4558 Cltris‘tianita-

529 4604 635 4648 tetu
665 4604 889 4647 vestram
937 4592 1087 4655 tueri,
1137 4603 1189 4644 et
1217 4594 1528 4659 gubernare,
1588 4602 1643 4643 ut
1670 4593 1720 4643 in
1764 4591 2068 4644 cmlestibus

531 4682 707 4749 regnis
730 4689 919 4733 etcum
944 4679 1133 4733 sanctis
1160 4688 1211 4732 et
1245 4678 1450 4741 electis,
1498 4679 1585 4745 qui
1611 4678 1675 4731 ab
1700 4678 1847 4729 initio
1892 4678 2073 4731 mundi

529 4772 838 4837 placuerunt
892 4770 1021 4831 Deo,
1072 4768 1433 4835 multipliciter
1485 4766 1818 4834 consequaris
1866 4781 2071 4820 merce-

603 4904 627 4930 ι
667 4895 869 4956 Grets.,
902 4896 1156 4960 louga'vis.
1190 4896 1399 4962 Lamb.,
1430 4897 1565 4949 a'vis.

594 4963 621 4999 δ
662 4964 869 5025 Lamb.,
897 4975 940 5015 et
966 4966 1013 5015 ei
1041 4965 1101 5015 de
1129 4969 1305 5015 salute.

601 5045 623 5069 ε
666 5032 836 5083 Grets.
870 5048 881 5080 :
914 5033 1111 5084 Summ.
1150 5033 1227 5089 ll,
1262 5033 1393 5095 apud
1427 5032 1544 5084 Bar.
1577 5041 1625 5083 et
1654 5033 1938 5085 Ceuturiat.

594 5097 621 5133 ά
665 5099 865 5159 Lautb.,
891 5101 1118 5149 intuitum
1141 5101 1436 5159 excitantur,
1465 5110 1512 5151 et
1541 5102 1649 5149 ideo
1681 5103 1792 5149 librt
1822 5102 2061 5166 profecto,

531 5167 864 5232 potentissime
916 5182 1107 5232 regum,
1152 5177 1322 5216 vestra:
1364 5169 1557 5227 pietatis
1608 5170 2063 5218 considerationum

530 5236 703 5283 nterim
732 5235 1031 5298 amplissime
1057 5236 1122 5281 ad
1154 5234 1364 5284 salutem
1390 5237 1453 5282 ad
1482 5235 1679 5283 lam/ent
1713 5233 1825 5295 Dei,
1858 5244 1957 5288 ctc.

600 5310 619 5368 τ
661 5301 857 5368 βωιῆ
888 5302 1244 5364 accenduntur,
1278 5302 1355 5353 vel
1383 5304 1572 5368 aliquid
1601 5302 1786 5355 simile.

599 5367 618 5403 ¹
661 5364 821 5426 Idem,
847 5379 1164 5431 procuratur.

600 5443 624 5499 β
666 5434 868 5495 Lami»,
899 5449 1032 5499 erga.

594 5498 621 5533 δ
663 5500 797 5553 idem
831 5512 879 5554 et
906 5498 1098 5567 (ςηιδη
1132 5503 1457 5563 divinumque.

2180 4334 2315 4386 sime
2341 4342 2393 4385 et
2423 4348 2546 4385 vere
2588 4334 2677 4385 Dei
2717 4336 2884 4387 cultor
2924 4335 3206 4386 Eeclesiam
3259 4334 3376 4395 Dei,
3406 4344 3465 4387 et
3489 4335 3723 4401 populoin

2179 4420 2351 4461 vestra
2401 4410 2709 4462 excellentia
2752 4410 2968 4463 tisitare
3008 4425 3110 4462 non
3141 4410 3301 4478 piget,
3348 4409 3448 4464 sed
3505 4412 3609 4463 hoc
3632 4424 3723 4463 non

2179 4499 2373 4551 nostris
2403 4500 2626 4559 meritis,
2658 4498 2749 4551 sed
2774 4498 2947 4550 dit-ina
2976 4500 3315 4563 proveniente
3356 4498 3719 4552 misericordia

2175 4590 2364 4658 agitur,
2421 4590 2543 4640 dum
2593 4590 2764 4641 omnia
2812 4603 3056 4655 prospera
3099 4598 3125 4637 ι’
3163 4591 3299 4641 circa
3345 4600 3599 4643 sanctam
3642 4587 3721 4640 Dei

2174 4678 2480 4740 Ecclesiatu,
2516 4684 2670 4744 atque
2702 4688 2931 4731 nostram
2964 4676 3405 4743 mediocritatem,
3464 4679 3557 4732 vel
3587 4676 3724 4731 nobis

2172 4769 2510 4822 commissum
2544 4767 2811 4833 populum,
2842 4767 3090 4819 existunt.
3120 4765 3225 4818 Pro
3251 4780 3356 4833 quo
3389 4766 3568 4819 Deum
3597 4765 3722 4823 ccli.

2244 4895 2260 4933 ἱ
2308 4894 2620 4963 Destittmttes
2676 4894 2895 4958 quidem,
2957 4911 3047 4945 nos
3093 4895 3325 4947 certiores
3374 4913 3516 4963 esse,
3578 4894 3735 4950 oestro

2168 4964 2293 5015 scire
2323 4963 2486 5024 iubeat
2514 4978 2543 5011 α
2574 4962 2675 5011 Deo
2698 4972 2917 5026 protecta
2947 4963 3262 5013 excellentia.

2241 5031 2253 5077 t'
2306 5029 2507 5089 Lanib.,
2544 5044 2629 5079 πα
2657 5030 2846 5089 Caroli,
2878 5039 2922 5080 et
2953 5030 3335 5090 Carolommmi,
3357 5033 3527 5086 etde.

2238 5096 2259 5132 tt
2303 5096 2475 5153 ςιιοις,
2511 5114 2521 5145 :
2553 5097 2755 5149 Smntn.
2788 5098 2920 5160 apud
2956 5097 3072 5147 Bar.
3098 5106 3149 5147 et
3178 5100 3487 5153 (lenturiat.

2241 5164 2253 5200 ¹
2303 5165 2506 5223 L:ttitl).,
2539 5164 2947 5215 excellctttiss'me
2975 5164 3097 5212 bone
3126 5165 3222 5225 fili.

2234 5231 2486 5307 tulit-ets.
2538 5241 2589 5283 et
2621 5232 2824 5292 Lamb.,
2877 5232 3167 5283 dulcissima
3210 5241 3382 5286 vestro
3414 5241 3721 5307 conjuge,“

2170 5300 2411 5367 spiritali.

2229 5376 2255 5401 ιι
2297 5365 2504 5426 Lamo,
2536 5367 2851 5433 referuintus.

2231 5442 2255 5467 0
2298 5433 2455 5493 ldetn,
2486 5433 2560 5482 t'cl
2596 5439 2828 5500 populum
2852 5437 2989 5489 nobis
3018 5437 3353 5489 commissum.

2229 5513 2254 5550 Ρ
2296 5500 2452 5565 Idem,
2482 5516 2619 5568 ergo.
