3910 6234
365 231 516 287 1165

1815 163 2187 264 Ειδιετόιηε.

3456 195 3592 251 ΙΙόῦ

371 343 589 408 penitus
632 335 864 390 omnium
917 336 1173 386 bonorum
1248 327 1546 396 largitorem
1599 321 1921 392 rogabimus,
1953 324 1999 378 Α
2028 328 2076 371 et
2107 319 2292 372 orbata
2323 316 2520 370 lumine
2548 315 2744 379 existit,
2778 321 2831 368 et
2863 313 2979 367 ideo
3011 313 3161 366 vobis
3183 313 3501 376 direximus,
3531 317 3588 363 ut

372 438 410 466 ⁸
448 427 595 484 vobis
619 439 714 494 pro
739 426 839 477 hoc
865 423 1128 491 praecipuo
1153 434 1212 474 ac
1239 416 1327 488 pio
1350 429 1510 484 Opere
1536 415 1604 467 sit
1626 413 1935 476 retributor,

373 516 454 569 ob
508 523 702 567 tantam
765 509 1142 578 benignitatem
1188 516 1241 559 et
1286 502 1717 562 sollicitudinem,
1783 511 1939 565 quam

377 605 528 657 circa
573 608 807 654 sanctam
838 597 928 650 Dei
955 595 1267 650 catholicam
1295 600 1351 646 et
1376 589 1717 658 apostolicam
1761 585 1941 640 Eccle-

373 692 542 752 siam,
566 688 651 742 vel
677 687 795 755 ejus
834 683 861 723 δ
900 684 1212 738 familiarem
1253 680 1503 749 populum
1534 677 1728 731 habere
1749 676 1940 742 digno-

377 776 618 832 s’cimini.

461 867 565 921 Sed
603 874 657 919 et
684 863 785 918 hoc
833 864 886 917 in
933 861 1063 930 ipsis
1111 859 1301 914 vc’stris
1349 856 1661 911 relationum
1707 851 1944 920 apicibus

375 958 768 1020 continebatur,
825 969 916 1022 per
958 960 1165 1006 vestros
1212 948 1362 1002 vobis
1415 947 1579 999 fuisse
1639 943 1954 996 nuntiatum

385 1050 614 1118 legatos,
661 1044 803 1113 quod
831 1057 859 1096 a
882 1042 1195 1111 quibusdam
1242 1037 1501 1105 malignis,
1525 1044 1581 1089 et
1621 1032 1944 1087 mendacium

385 1133 802 1203 proferentibus,
853 1131 904 1183 in
957 1130 1072 1184 istis
1120 1127 1355 1194 partibus
1407 1125 1730 1190 divulgatum
1781 1130 1942 1184 esset,

384 1222 518 1290 quia
536 1222 579 1274 si
599 1222 772 1289 aliqua
800 1218 952 1272 nobis
978 1216 1266 1270 necessitas
1286 1213 1544 1276 eveniret,
1569 1212 1768 1263 nuilum
1795 1209 1947 1262 nobis

384 1311 647 1364 auxilium
676 1309 908 1376 prmbere
947 1318 970 1346 α
1009 1305 1304 1359 volueritis.
1333 1304 1406 1356 De
1427 1315 1531 1370 quo
1575 1302 1778 1354 nefario
1802 1301 1948 1352 dicto

389 1410 720 1465 nequaquam
749 1395 900 1448 nobis
931 1394 1046 1456 fuit,
1081 1401 1168 1444 aut
1189 1399 1269 1444 est
1291 1390 1570 1452 hmsitatio,
1598 1390 1742 1456 quia,
1773 1387 1946 1440 divina

387 1489 624 1543 faciente
653 1487 1034 1548 misericordia,
1064 1499 1306 1553 magnam
1337 1485 1388 1535 in
1419 1483 1587 1546 vobis,
1619 1491 1736 1548 post
1761 1481 1944 1544 Deum,

385 1592 546 1645 spem
576 1583 631 1630 et
665 1576 906 1629 fiduciam
953 1575 1206 1626 habemus
1237 1588 1252 1624 :
1284 1579 1628 1638 agnoscentes
1673 1569 1812 1636 quod
1843 1569 1950 1622 Deo

2039 407 2178 475 apud
2200 420 2293 460 vos
2319 421 2440 460 eum
2471 406 2745 459 absolvere
2771 403 3100 468 debuissetis,
3124 405 3246 473 quia
3277 404 3405 457 nihil
3429 403 3498 457 de
3518 415 3589 456 eo

2039 497 2187 552 vobis
2218 497 2311 550 fuit
2334 505 2546 561 autest,
2569 495 2662 549 sed
2713 509 2809 550 nec
2854 495 3024 559 nobis,
3073 497 3171 549 nisi
3225 493 3590 549 tantummodo

2039 585 2107 637 tle
2133 586 2249 652 ejus
2292 587 2464 652 iniqua
2511 584 2728 650 malitia,
2776 599 2930 651 quam
2982 592 3166 637 contra
3207 592 3443 636 sanctam
3495 582 3592 636 Dei

2040 675 2330 728 Ecclesiam
2383 674 2606 742 maligna
2645 681 2801 740 atque
2848 687 3095 740 perversa
3150 682 3323 727 motus
3374 671 3594 725 audacia

2041 783 2198 837 agere
2227 769 2512 836 prmsumit.
2566 767 2670 822 Sed
2714 767 2780 820 de
2827 765 2926 818 hoc
2975 765 3110 818 sicut
3159 778 3253 832 per
3303 766 3595 818 anteriores

2043 867 2250 910 nostras
2304 857 2508 910 litteras
2559 856 2886 911 excellentia:
2935 868 3123 909 vestra:
3175 856 3489 920 direximus,
3539 857 3593 910 in

2045 956 2220 1001 vestro
2246 948 2314 999 sit
2343 947 2583 1012 arbitrio,
2613 948 2694 1000 vel
2728 956 3060 1012 potestatem,
3105 948 3232 1014 quid
3285 948 3352 1002 de
3402 950 3591 1002 eodem

2044 1037 2321 1104 disponere
2346 1037 2638 1092 volueritis.
2697 1037 2848 1090 Nulla
2894 1038 3045 1091 nobis
3096 1038 3162 1092 de
3211 1053 3276 1091 eo
3320 1053 3444 1092 cura
3489 1049 3592 1102 est,

2046 1125 2168 1188 nisi,
2194 1133 2245 1176 ut
2271 1125 2632 1191 praediximus,»
2661 1126 2884 1192 qualiter
2926 1136 3098 1179 vestra
3148 1126 3306 1181 fuerit
3348 1127 3598 1181 voluntas

2046 1213 2116 1265 ita
2145 1213 2211 1266 de
2232 1227 2298 1266 eo
2323 1213 2603 1279 disponere
2631 1215 2885 1268 debeatis.
2938 1215 3008 1267 At
3033 1230 3158 1268 vero
3205 1210 3357 1269 nobis
3399 1216 3599 1271 direxit

2044 1301 2358 1355 excellentia
2407 1311 2613 1365 vestra,
2641 1311 2698 1354 ut
2741 1304 2895 1357 vobis
2934 1304 3176 1356 intimare
3222 1305 3510 1359 debeamus
3549 1306 3598 1361 si

2047 1390 2195 1442 nobis
2227 1390 2363 1443 idem
2407 1391 2635 1443 Marinus
2680 1404 2801 1443 suas
2844 1389 3036 1444 direxit
3082 1392 3303 1456 litteras,
3357 1395 3423 1448 de
3466 1411 3594 1463 quo,

2047 1488 2182 1532 teste
2206 1483 2447 1544 veritate,
2471 1480 2694 1534 dicimus
2722 1497 2733 1530 :
2766 1494 3028 1548 nunquam
3056 1481 3208 1534 nobis
3235 1497 3358 1536 suas
3403 1483 3601 1538 direxit

2049 1567 2271 1632 litteras,
2305 1575 2329 1613 ι
2355 1584 2418 1621 ex
2451 1583 2514 1620 eo
2537 1570 2745 1636 quando
2774 1570 2896 1622 illuc
2917 1569 3054 1636 apud
3083 1581 3308 1624 vestram
3334 1574 3598 1628 excellen-

388 1663 625 1734 pmpiiio
662 1664 862 1717 nullum
897 1662 962 1714 de
1008 1674 1318 1728 quacunque
1347 1668 1494 1725 parte
1531 1654 1557 1692 ἀ
1595 1660 1695 1709 erit
1722 1657 1934 1722 impedi-
1970 1650 2015 1707 B
2049 1656 2169 1708 tiam
2203 1664 2512 1724 properatus
2540 1664 2638 1709 est.
2666 1656 2796 1709 Nam
2828 1657 2970 1710 nullo
2998 1659 3154 1711 modo
3185 1657 3208 1692 ιι
3246 1660 3394 1713 vobis
3418 1669 3598 1716 vetare

387 1761 652 1816 mentum,
695 1751 841 1804 vobis
870 1749 1229 1803 defensionem
1276 1755 1429 1813 atque
1459 1745 1710 1796 auxilium
1749 1754 1946 1796 sancta:

391 1841 494 1896 Dei
527 1841 792 1904 Ecclesiae,
821 1839 902 1892 vel
932 1839 1049 1905 ejus
1075 1837 1351 1904 peculiaris
1375 1834 1549 1902 populi
1581 1831 1945 1899 impcrtieudi,

383 1931 548 2000 juxta
577 1931 627 1984 id
655 1931 790 1997 quod
820 1930 975 1982 beato
996 1928 1152 1980 Petro
1173 1925 1411 1992 apostolo
1441 1939 1532 1990 per
1556 1926 1722 1976 beata:
1750 1938 1948 1976 memo-

393 2021 498 2075 xire
524 2021 967 2089 prcdecessorem
995 2017 1242 2069 domnnm
1267 2025 1316 2069 et
1347 2028 1659 2081 germanum
1678 2009 1946 2073 nostrum,

390 2108 468 2161 ob
506 2106 798 2160 remedium
838 2105 1030 2157 anima:
1055 2111 1267 2164 vestraz,
1301 2112 1352 2154 et
1384 2103 1584 2154 veniam
1631 2100 1947 2152 delictorum

391 2201 716 2256 vestrorum,
753 2190 1065 2258 pollicentes
1095 2189 1466 2256 spopondistis.
1497 2187 1646 2257 Quod
1679 2188 1729 2238 in
1763 2191 1949 2254 perpe-

391 2281 508 2334 tuis
536 2281 880 2346 temporibus,
934 2277 1155 2329 Domino
1204 2285 1488 2339 annuente,
1533 2274 1742 2326 firmum
1786 2288 1846 2326 ac
1865 2287 1950 2326 ro-

391 2370 612 2424 bustum
641 2368 904 2422 credimus
935 2372 1263 2433 permanere.

476 2459 544 2511 At
573 2472 696 2511 vero
724 2459 861 2511 unde
889 2457 1037 2510 nobis
1085 2455 1532 2508 Cliristianissima
1560 2462 1732 2506 vestra
1758 2451 1952 2505 direxit

397 2546 742 2609 excellentia,
784 2546 925 2612 quod
951 2545 994 2596 si
1040 2554 1062 2582 ο
1101 2543 1218 2612 quis
1244 2557 1274 2595 e
1300 2543 1491 2596 vestris
1529 2541 1839 2593 adversariis
1863 2547 1952 2592 aut

404 2635 860 2702 contemptoribus
889 2635 952 2686 ad
982 2648 1075 2686 nos
1122 2635 1342 2695 venerit,
1369 2624 1698 2684 nullo'rnodo
1727 2645 1844 2682 cum
1873 2631 1953 2682 eis

403 2739 508 2778 nos
533 2732 622 2777 aut
647 2724 697 2776 in
723 2737 904 2776 eorum
935 2723 1189 2775 societate
1235 2721 1462 2782 misceri,
1493 2719 1628 2772 absit
1661 2733 1690 2770 a
1722 2718 1874 2779 nobis
1895 2727 1952 2771 ut

405 2815 547 2866 hanc
588 2827 698 2866 rem
749 2813 1019 2876 faciamus,
1081 2811 1201 2864 dum
1251 2809 1488 2878 profecto
1537 2809 1700 2860 vestri
1755 2807 1949 2860 inimici

401 2912 604 2956 sancta
634 2902 727 2956 Dei
773 2901 1024 2955 Ecclesia:
1050 2908 1102 2953 et
1131 2900 1296 2952 nostri
1340 2900 1589 2951 existunt.
1619 2891 1952 2964 Quapropter

408 2999 633 3045 testatur
652 2990 844 3044 veritas
865 2989 985 3057 quia
1011 2989 1095 3040 ubi
1119 2997 1320 3040 vestros
1340 2989 1535 3039 amicos
1557 2987 1946 3053 agnoverimus,

412 3076 662 3148 tanquam
715 3081 912 3132 amicos
939 3089 993 3130 et
1022 3077 1202 3129 ﬁdeles
1242 3085 1437 3129 sancta:
1462 3075 1553 3127 Dei
1585 3074 1831 3127 Ecclesia:
1857 3074 1954 3126 ob-

409 3171 609 3223 lectare
634 3176 686 3221 et
705 3165 948 3235 amplecti
970 3164 1240 3232 cupimus;
1279 3172 1330 3216 et
1352 3164 1436 3216 ubi
1463 3171 1665 3216 vestros
1708 3162 1952 3216 inimicos

408 3255 789 3320 invenerimus,
818 3256 1076 3310 veraciter
1109 3263 1351 3320 tanquam
1381 3253 1622 3306 inimicos
1643 3261 1838 3306 sancta:
1861 3252 1951 3305 Dei

406 3344 660 3398 Ecclesia:
706 3351 761 3395 et
805 3350 1014 3394 nostros
1086 3340 1351 3408 proprios,
1404 3340 1472 3392 ita
1520 3353 1612 3392 eos
1657 3338 1954 3406 respuimus

409 3443 571 3500 atque
614 3433 996 3500 persequimur,
1051 3432 1168 3496 quia
1211 3429 1367 3481 vestri
1414 3426 1590 3491 amici,
1637 3435 1832 3480 sancta:
1863 3425 1951 3478 Dei

411 3522 661 3578 Ecclesia:
686 3531 738 3574 et
760 3521 922 3573 nostri
951 3521 1201 3581 existunt,
1231 3528 1282 3572 et
1308 3520 1396 3585 qui
1445 3518 1742 3571 inimicitias
1772 3527 1953 3570 contra

413 3623 514 3664 Vos
534 3611 920 3671 machinantur,
957 3609 1190 3675 profecto
1212 3606 1405 3659 inimici
1433 3617 1626 3659 sanctae
1656 3606 1747 3659 Dei
1773 3604 1956 3658 Eccle-

412 3701 509 3756 sia:
525 3711 585 3766 et
615 3702 777 3754 nostri
803 3713 919 3752 esse
945 3699 1374 3765 comprobantur.
1678 3710 1681 3712 ·

486 3791 560 3844 De
579 3790 756 3843 missis
781 3803 906 3841 vero
932 3789 1118 3841 vestris
1139 3802 1200 3840 ac
1227 3787 1437 3851 nostris,
1473 3783 1492 3822 ί
1524 3785 1642 3852 quia
1667 3785 1729 3837 ad
1759 3785 1954 3852 regiam

411 3876 600 3930 urbem
651 3877 803 3928 simul
849 3879 1279 3941 properaverunt,
1328 3875 1395 3927 de
1443 3873 1631 3941 quibus
1680 3873 1831 3941 petiit
1863 3889 1957 3928 nos

413 3977 585 4022 vestra
642 3967 888 4032 prmclara
919 3966 1228 4018 excellentia
1273 3965 1484 4017 sibimet
1513 3980 1540 4016 a
1565 3964 1714 4016 nobis
1753 3965 1958 4031 signiﬁ-

413 4053 546 4114 cari,
575 4053 618 4106 si
648 4053 769 4119 quid
802 4065 864 4105 ex
886 4053 964 4104 eis
985 4051 1256 4104 addiscere
1304 4051 1590 4119 potuimus,
1622 4051 1744 4102 dum
1778 4051 1947 4116 profe-

416 4154 511 4196 cto
543 4142 696 4194 nobis
733 4141 1052 4208 incognitum
1099 4155 1202 4192 non
1247 4148 1327 4192 est
1360 4141 1496 4206 quod
1541 4154 1633 4205 pro
1680 4147 1782 4191 tam
1821 4153 1956 4192 saeva

1973 2949 2022 3010 C

2047 1746 2346 1810 habuimus,
2379 1747 2422 1800 si
2454 1747 2645 1800 factum
2679 1749 2878 1801 fuisset.

2057 1853 2059 1855 ί
2115 1835 2316 1890 Interea
2340 1851 2527 1903 nempe
2555 1851 2614 1889 ea
2641 1852 2757 1903 qua-
2784 1852 2812 1890 a
2842 1837 3078 1890 fidelibus
3112 1847 3308 1891 sancta:
3357 1839 3451 1893 Dei
3495 1841 3597 1894 Ec-

2045 1925 2218 1977 clesia:
2253 1931 2306 1976 et
2334 1924 2546 1988 nostris,
2574 1925 2622 1977 id
2651 1935 2732 1978 est
2756 1926 2823 1978 de
2852 1927 3086 1991 partibus
3111 1927 3371 1981 Ravennze
3408 1930 3472 1981 ad
3502 1947 3598 1985 nos

2047 2022 2424 2078 pervenerunt,
2455 2022 2633 2080 aptum
2665 2017 3031 2080 prospeximus
3051 2027 3243 2069 vestra:
3273 2018 3600 2073 excellentia:

2049 2101 2334 2153 intimanda
2361 2116 2427 2154 eo
2453 2102 2590 2169 quod
2617 2103 2792 2156 aemuli
2842 2111 3038 2156 sancta:
3087 2105 3181 2156 Dei
3228 2107 3496 2173 Ecclesiae,
3545 2119 3602 2165 et

2048 2191 2237 2252 nostri,
2260 2201 2419 2257 atque
2450 2201 2638 2261 vestrae
2681 2193 3027 2258 excellentim,
3061 2195 3147 2249 die
3185 2207 3447 2266 noctuque
3492 2214 3600 2256 non

2048 2279 2306 2342 desinant,
2329 2279 2343 2316 ί
2369 2289 2684 2346 pertractare
2700 2283 2923 2349 qualiter
2943 2297 3039 2336 nos
3065 2284 3164 2337 sibi
3195 2285 3305 2339 Deo
3331 2288 3599 2342 contrario

2051 2367 2338 2431 praevalere
2358 2381 2419 2419 ac
2448 2361 2697 2433 superare
2718 2370 2938 2434 possint.
2957 2370 3152 2424 Tamen
3172 2353 3232 2426 et
3249 2387 3310 2427 ea
3332 2374 3442 2442 ipsa
3476 2376 3600 2430 scri-

2050 2463 2133 2521 pta
2157 2470 2271 2520 qua:
2292 2457 2480 2510 exinde
2501 2457 2826 2523 suscepimus
2850 2460 2982 2512 infra
3017 2463 3110 2514 has
3149 2473 3357 2517 nostras
3395 2465 3597 2520 litteras

2049 2545 2372 2598 excellentia:
2399 2555 2586 2598 vestra:
2616 2546 2932 2609 direximus,
2965 2557 3218 2616 quatenus
3244 2554 3316 2606 rei
3349 2557 3593 2608 meritum

2049 2635 2724 2702 addiscentes,.agnoscatis
2749 2638 2886 2703 quod
2918 2638 2991 2692 illi
3022 2655 3050 2692 a
3077 2654 3173 2694 suo
3218 2643 3448 2709 maligno
3477 2660 3601 2710 pro-

2051 2726 2239 2791 posito,
2264 2735 2317 2777 et
2346 2724 2497 2777 solita
2530 2727 2764 2792 nequitia
2794 2741 3120 2794 nequaquam
3164 2730 3442 2785 desistunt.
3492 2734 3598 2788 Pro

2051 2827 2154 2878 quo
2176 2813 2623 2868 Christianissime
2650 2814 2787 2868 bone
2812 2816 2884 2868 tili
2905 2857 2918 2879 ,
2939 2827 2992 2869 et
3012 2819 3262 2884 spiritalis
3300 2833 3594 2889 compatcr,

2051 2901 2256 2954 enixius
2283 2901 2552 2956 elaborare
2580 2911 2736 2968 atque
2776 2902 3049 2957 decertare
3086 2906 3306 2972 jubeas,
3337 2921 3597 2976 quatenus

2054 2995 2245 3049 bonum
2275 3009 2406 3060 opus
2431 2995 2570 3061 quod
2599 2995 2806 3061 coepisti
2846 3010 2938 3062 per
2980 3003 3032 3049 te
3056 2999 3409 3065 compleatur,
3449 3011 3504 3055 et
3540 3013 3599 3056 ut

2053 3095 2234 3140 sancta
2264 3086 2356 3138 Dei
2380 3085 2635 3151 Ecclesia,
2654 3094 2708 3138 et
2735 3085 2850 3153 ejus
2875 3087 3150 3152 peculiaris
3179 3091 3399 3156 populus
3427 3094 3598 3158 perfeo

2055 3184 2191 3228 ctam
2224 3174 2410 3227 habeat
2433 3174 2817 3240 liberationem,
2849 3185 2901 3229 ct
2936 3178 3107 3231 securi
3154 3178 3220 3232 ab
3267 3181 3597 3237 inimicorum

2056 3262 2255 3316 insidiis
2277 3271 2635 3329 permaneant.
3201 3309 3212 3313 ,ν

2126 3351 2202 3404 De
2243 3351 2444 3418 reliquo
2473 3365 2596 3427 vero
2620 3352 2840 3417 petimus
2861 3353 3088 3406 divinam
3123 3355 3210 3408 Dei
3243 3358 3406 3412 nostri
3436 3362 3598 3416 mise-

2062 3439 2364 3500 ricordiam,
2395 3448 2448 3492 ut
2473 3426 2566 3493 vos
2591 3455 2684 3507 per
2705 3441 2984 3494 multorum
3023 3426 3277 3498 annorum
3321 3450 3600 3514 curricula,

2059 3527 2110 3578 in
2139 3527 2272 3580 solio
2300 3527 2444 3595 regni
2477 3529 2635 3581 vestri
2666 3543 2976 3583 conservare
3025 3531 3296 3599 dignetur,
3330 3552 3427 3588 una
3458 3516 3598 3591 'cnm

2018 3677 2029 3686 ,
2058 3617 2514 3672 excellentissimis
2541 3621 2727 3681 vestris
2756 3620 2910 3682 natis,
2939 3624 3236 3690 nostrisque
3279 3626 3600 3692 spiritalibus

2061 3705 2182 3759 ﬁliis
2207 3705 2396 3758 Carolo
2429 3719 2481 3758 et
2508 3707 2890 3761 Carolomanno
2920 3709 3128 3776 regibus
3173 3711 3513 3779 Francorum,
3547 3725 3605 3771 et

2059 3795 2294 3862 patriciis
2324 3794 2700 3858 Romanorum,
2736 3809 2833 3848 nec
2872 3811 2976 3849 non
2999 3799 3185 3850 domna
3216 3800 3462 3854 Bertrada
3507 3820 3598 3858 ex-

2061 3884 2432 3937 cellentissima
2455 3886 2650 3950 regina,
2669 3883 2887 3949 spiritali
2911 3897 3084 3940 nostra
3108 3900 3414 3953 commatre,
3430 3901 3600 3948 vestra

2060 3970 2320 4036 conjuge,
2370 3970 2632 4034 simulque
2679 3981 2733 4025 et
2787 3972 2945 4026 Gisila
3004 3976 3334 4030 nobilissima
3391 3982 3604 4046 puella,

2062 4069 2240 4111 nostra
2267 4060 2494 4121 spiritali
2519 4060 2647 4124 lilia,
2680 4061 2742 4113 ad
2768 4063 3134 4118 exaltationem
3161 4075 3214 4118 et
3239 4067 3600 4125 defensionem

2061 4157 2256 4200 sancta:
2285 4147 2383 4200 Dei
2401 4148 2670 4212 Ecclesiae,
2695 4151 3036 4219 simulqueet
3060 4153 3171 4218 ejus
3201 4155 3478 4219 peculiaris
3507 4174 3606 4224 po-

416 4230 572 4297 hujus
614 4230 851 4282 hiemalis
892 4229 1142 4296 temporis
1200 4229 1487 4294 asperitate
1539 4229 1710 4280 nullus
1745 4229 1812 4281 de
1858 4229 1957 4280 illis
1986 4257 2040 4315 Β
2063 4235 2190 4302 puli,
2220 4245 2462 4302 optantes
2493 4236 2582 4288 diu
2610 4247 2796 4290 vestrae
2825 4241 3185 4305 prosperitatis
3207 4243 3392 4308 gaudia
3433 4245 3608 4299 addis.

418 4320 652 4387 partibus
702 4317 985 4370 adveniens
1030 4316 1179 4368 nobis
1206 4317 1537 4368 aununtiavit
1572 4316 1793 4383 qualiter
1819 4319 1959 4369 circa

416 4420 514 4458 eos
541 4415 743 4472 agatur.
774 4404 838 4456 Et
860 4404 976 4457 ideo
997 4405 1058 4454 ad
1085 4417 1315 4470 prresens
1341 4403 1640 4470 ignoramus
1662 4402 1783 4470 quid
1809 4394 1960 4456 vobis

423 4497 491 4549 de
520 4495 598 4546 eis
622 4492 878 4546 veraciter
905 4491 1280 4559 significemus.

494 4583 563 4636 At
594 4597 711 4636 vero
739 4581 804 4634 de
830 4581 1028 4633 Marino
1056 4581 1363 4647 presbytero
1388 4580 1597 4645 scripsit
1628 4580 1778 4632 nobis
1807 4580 1964 4632 Chri-

420 4670 737 4725 stianissima
752 4669 1056 4723 excellentia
1078 4677 1246 4720 vestra
1272 4669 1406 4734 quod
1429 4667 1636 4721 demum
1666 4670 1716 4721 iu
1742 4667 1964 4736 pristino

421 4766 566 4811 esset
593 4756 904 4809 constitutus
931 4755 1151 4820 honore,
1177 4757 1485 4807 secundum
1539 4757 1766 4822 qualiter
1813 4759 1964 4810 vobis

414 4846 752 4914 postulantes
802 4841 1115 4902 direximus,
1145 4855 1240 4892 nos
1290 4843 1499 4906 quidem
1561 4850 1744 4896 testem
1801 4845 1961 4897 Deum

425 4934 742 5003 proferimus
763 4933 899 5001 quod
923 4947 1015 4998 pro
1041 4933 1178 4983 nulla
1199 4932 1301 4984 alia
1325 4947 1380 4985 re
1405 4947 1497 4998 pro
1515 4947 1577 4985 eo
1605 4935 1747 4986 vobis
1768 4934 1964 4987 direxi-

426 5038 579 5085 mus,
613 5022 709 5074 nisi
748 5027 959 5087 propter
1003 5019 1260 5085 lacrymas
1302 5029 1353 5070 et
1397 5020 1720 5086 quotidianas
1768 5021 1965 5074 lamen-

425 5110 670 5170 tationes,
699 5121 829 5174 quas
848 5105 960 5173 ejus
986 5105 1205 5172 genitrix
1227 5104 1491 5160 effundere
1516 5121 1618 5161 non
1643 5117 1832 5177 cessat,
1851 5124 1965 5178 qua:

500 5228 526 5256 ι
567 5218 748 5272 Lamb.
761 5219 873 5282 ,ηυξ
895 5216 1048 5270 vobis.

497 5287 525 5325 δ
561 5288 759 5348 Grets.,
795 5286 1114 5352 peculiarem.

502 5365 526 5393 ο
566 5355 771 5416 Lamb.,
804 5354 1096 5406 valuissctis.

497 5422 526 5459 1³
567 5422 723 5484 Idem,
751 5423 833 5473 sit.

501 5499 526 5528 ο
565 5489 724 5558 Idem,
752 5491 1030 5558 quicquam.

2062 4342 2201 4390 cere,
2224 4336 2378 4394 atque
2408 4328 2712 4380 immensam
2739 4344 2833 4395 pro
2863 4329 3008 4402 vobis
3048 4331 3275 4384 divinam
3322 4323 3607 4401 implorare

2061 4415 2411 4468 clementiam.
2441 4416 2754 4470 Incolumem
2785 4417 3142 4472 excellentiam
3170 4431 3394 4474 vestram
3437 4425 3607 4492 gratia

2063 4515 2288 4567 superna
2318 4502 2600 4558 custodiat.

2587 4612 2906 4666 EPISTULA
2947 4614 3082 4667 XVI.

2065 4702 2197 4755 Item
2236 4701 2489 4768 exemplar
2533 4701 2755 4767 epistola!
2800 4702 3024 4770 ejusdem
3072 4718 3216 4770 papa:
3260 4706 3328 4755 ad
3373 4707 3609 4758 domuum

2133 4787 2299 4838 regem
2320 4771 2520 4821 directae
2548 4784 2637 4836 pro
2668 4770 2956 4838 defensione
2985 4782 3171 4822 sanch
3210 4773 3304 4824 Dei
3343 4774 3604 4838 Ecclesia,

2133 4849 2178 4891 et
2201 4840 2262 4891 de
2280 4840 2604 4890 cotloCutione
2620 4853 2728 4889 cum
2752 4837 3006 4889 Desiderio
3022 4856 3133 4908 rege
3153 4842 3203 4890 in
3217 4843 3334 4893 urbe
3349 4837 3606 4895 liaeenna.

2138 4939 2151 4976 ι
2203 4928 2403 4979 Domno
2439 4911 2881 4978 excellentissimo
2922 4925 3025 4978 ﬁlio
3063 4921 3117 4980 et
3161 4937 3340 4982 nostro
3384 4931 3606 4994 spiritali

2065 5014 2318 5083 compatri
2350 5015 2566 5079 Pippino
2594 5013 2701 5079 regi
2729 5013 3049 5069 Francorum
3080 5024 3132 5069 et
3161 5017 3382 5084 patricio
3411 5018 3602 5073 Roma-

2067 5119 2278 5170 norum,
2305 5104 2492 5156 Paulus
2518 5117 2669 5169 papa.

2141 5212 2160 5251 τ
2207 5211 2414 5273 Lamb.,
2445 5212 2552 5274 qui.

2139 5291 2162 5326 8
2204 5282 2364 5341 Idem,
2397 5296 2457 5331 ea:
2477 5280 2701 5343 quando.

2141 5347 2164 5383 δ
2205 5350 2372 5410 Idem,
2403 5349 2534 5398 vobis
2564 5348 2739 5400 velare.

2145 5420 2159 5453 ί
2205 5417 2364 5480 Idem,
2394 5415 2814 5482 pertractandum.

2143 5487 2154 5533 ἑ
2203 5487 2376 5540 Grcts.
2407 5524 2418 5537 .
2451 5485 2652 5539 Summ.
2687 5483 2818 5544 apud
2850 5483 3036 5540 Baron.
3068 5494 3120 5541 et
3143 5487 3426 5543 Centurlat.
