3910 6234
261 368 397 424 ςιθτ

258 568 398 629 ficio,
446 576 498 620 et
555 566 792 635 impenso
838 560 1196 632 opitulationis
1242 558 1583 632 adminiculo,
1633 565 1813 609 saneta

257 658 509 724 spiritalis
539 665 707 708 mater
741 643 793 708 et
825 652 1103 721 peculiaris
1128 659 1316 705 'vestra
1367 648 1676 702 universalis
1727 646 1813 698 Dei

258 746 510 811 Ecclesia,
538 729 861 813 dignoscitur
910 742 1158 802 relevata,
1202 754 1316 807 qnte
1372 738 1594 790 humana
1644 738 1815 809 lingua

255 814 503 901 sul'licere
551 835 722 887 valeat
767 833 829 885 ad
880 832 1032 898 hujus
1078 831 1216 882 bona
1259 838 1450 881 vestrm
1493 824 1818 893 operationis

258 927 445 977 merita
472 924 756 992 gratiarum
790 922 989 976 referre
1045 920 1314 973 actiones?
1368 920 1428 970 I-lt
1473 918 1589 971 licet
1638 916 1687 969 in
1720 917 1817 968 hoc

259 1014 500 1066 humanm
522 1013 955 1066 considerationis
973 1008 1233 1081 capacitas
1262 1008 1555 1074 rependere
1574 1015 1813 1073 nequeat,

256 1088 617 1177 verumtamen
640 1104 734 1167 ille
766 1104 850 1170 qui
879 1111 1062 1169 potens
1090 1109 1192 1163 est,
1218 1099 1553 1165 omnipotens
1593 1105 1644 1149 et
1687 1096 1817 1147 invi-

258 1178 709 1246 sibilis’Dotitittus
759 1192 894 1248 Dens
946 1199 1147 1249 noster.
1179 1188 1327 1254 cujus
1366 1184 1691 1238 ordinatione
1730 1199 1815 1236 ve-

256 1288 365 1331 stra
394 1280 586 1347 regalis
628 1279 858 1345 potentia
890 1270 1199 1331 conﬁrmata
1233 1266 1505 1333 consistit,
1556 1273 1816 1325 interven-

256 1369 490 1423 tionibns
526 1369 703 1422 “sacris
758 1367 1009 1435 principis
1055 1368 1417 1434 apostolorum
1470 1366 1604 1417 beati
1648 1364 1814 1424 l’etri,

255 1460 465 1525 dignam
530 1458 678 1511 vobis
750 1456 1231 1510 remunerationem
1296 1455 1345 1506 in
1408 1454 1654 1521 prmsenti
1715 1453 1813 1503 vita

258 1558 279 1584 η
314 1548 639 1602 beatitudine
663 1546 936 1611 retribuet,
960 1536 1251 1611 prtcsertim
1281 1544 1402 1595 dum
1431 1557 1476 1596 et
1504 1542 1818 1595 fortissimus

254 1652 363 1689 sum
407 1634 716 1690 orthodoxa:
769 1635 912 1699 ﬁdei,
955 1644 1007 1688 et
1055 1634 1432 1687 venerabilium
1467 1642 1670 1701 patrntn
1718 1636 1816 1698 piro

255 1725 554 1778 traditionis
604 1725 853 1778 defensor
904 1737 1023 1777 esse
1077 1722 1314 1787 videris,
1369 1722 1816 1775 υκοοιιρηιίετίηιθ

256 1816 349 1878 Iili,
376 1825 427 1868 et
453 1815 702 1882 spiritalis
744 1823 1035 1879 compatcr,
1070 1821 1123 1865 et
1170 1812 1239 1863 ob
1289 1811 1387 1861 hoc
1438 1811 1627 1877 ipsam,
1662 1824 1816 1875 quam
1849 1791 1895 1848 Β
1923 1778 1985 1815 ‘0

236 1913 572 1958 'retteranter
620 1904 750 1958 colis
777 1913 830 1957 et
876 1901 1162 1957 defendere
1212 1901 1425 1965 studes,
1470 1898 1815 1951 orthodoxam

257 1994 435 2057 ﬁdem,
467 2007 676 2061 semper
700 1991 915 2057 habebis
947 1989 1295 2059 adjutricem,~
1324 1996 1378 2041 et
1426 1987 1658 2053 profecto
1711 2002 1817 2039 cor.-

256 2086 404 2137 lestis
427 2083 517 2137 tibi
538 2092 721 2137 contra
750 2082 1146 2136 adversantium
1194 2094 1394 2134 cunctas
1424 2078 1813 2131 administrabi-

259 2182 341 2226 tur
364 2173 603 2227 victoria.
782 2212 783 2215 η
1566 2176 1568 2178 '

330 2264 533 2319 Interea
565 2264 687 2331 quia
720 2276 909 2332 magno
937 2250 1135 2315 amoris
1164 2261 1352 2317 all'ectu
1395 2262 1532 2313 circa
1588 2269 1815 2313 vestram

226 2352 283 2409 'a
317 2356 425 2411 Deo
452 2364 742 2425 prolectant
775 2354 1022 2409 eximiam
1058 2353 1427 2407 excellentiam
1451 2352 1814 2414 fervescimus,

256 2447 490 2510 debitum
523 2444 844 2499 visitationis
870 2453 923 2498 et
970 2443 1304 2498 salutationis
1346 2440 1585 2511 gnaviter
1625 2454 1820 2508 procu-

256 2537 487 2588 ravimus
516 2533 825 2600 sublimitati
863 2542 1055 2586 vesme
1084 2531 1417 2599 persolvere,
1450 2530 1637 2583 eximie
1667 2529 1733 2581 liii
1769 2538 1843 2595 et.

252 2625 504 2690 spiritalis
526 2634 816 2690 compater.
847 2621 955 2676 Iloc
987 2622 1185 2675 interea
1218 2628 1445 2673 vestram
1466 2616 1493 2654 δ
1518 2619 1819 2671 meminisse

255 2716 496 2768 volumus
516 2712 916 2780 excellentiam,
943 2725 1106 2781 nuper
1134 2710 1285 2765 nobis
1334 2709 1614 2771 direxisse,
1637 2719 1815 2775 quate-

255 2822 352 2861 nus
378 2806 429 2859 in
456 2803 600 2873 pacis
624 2804 909 2859 dilectione
936 2794 1087 2857 cum
1125 2799 1403 2873 Desiderio
1444 2797 1819 2868 Langobardo-

254 2912 369 2950 rum
395 2911 516 2965 rege
541 2894 845 2950 conversari
868 2892 1199 2945 Studeamus.
1220 2876 1369 2955 Quod
1396 2887 1609 2956 quidem
1633 2888 1677 2940 si
1709 2886 1821 2953 ipse

252 2986 737 3041 excellentissimus
765 2984 845 3037 vir
868 2969 926 3036 in
956 2995 1079 3043 vera
1110 2980 1213 3033 [ide
1241 2990 1295 3032 et
1335 2976 1638 3039 dilectione,
1662 2989 1819 3044 quam

254 3087 444 3131 vestra:
473 3074 802 3130 excellentiae
831 3081 887 3126 et
913 3078 1110 3125 sanctae
1144 3069 1233 3141 Dei
1268 3068 1519 3122 Romana:
1571 3065 1821 3119 Ecclesiae

255 3166 559 3233 spopondit,
594 3160 961 3231 permanserit,
989 3157 1171 3235 utique
1214 3165 1268 3211 et
1315 3170 1414 3210 nos
1463 3156 1513 3208 in
1562 3153 1824 3209 charitate

260 3257 407 3310 tirma
450 3262 505 3308 et
541 3252 718 3329 stabili
765 3262 895 3319 pace
930 3263 1063 3303 cum
1113 3262 1177 3302 eo
1228 3244 1558 3314 permansuri
1606 3244 1826 3324 erimus,

260 3350 605 3401 observantes
632 3343 759 3399 illud
800 3343 1080 3397 dominicae
1130 3340 1498 3408 praeceptionis
1543 3338 1830 3393 documen-

263 3447 372 3490 tuut
409 3453 423 3489 :
462 3434 661 3487 ειΒεαιὶ
698 3432 918 3502 paci/iri,
962 3431 1197 3499 quoniam
1228 3428 1325 3496 ﬁlii
1366 3429 1458 3482 Dei
1498 3427 1825 3481 vocabuntur.

262 3529 372 3582 lloc
400 3530 577 3595 itaque
599 3506 979 3580 innotescimus
1022 3520 1487 3574 Cbristianissimm
1537 3518 1830 3571 eximietati

266 3628 478 3682 vestrae,
507 3628 583 3682 eo,
600 3613 738 3683 quod
761 3608 1006 3666 convenit
1046 3611 1182 3663 inter
1206 3624 1301 3672 nos
1328 3620 1380 3662 et
1413 3607 1657 3662 eumdem
1684 3608 1831 3659 Lan-

267 3704 617 3773 gobardorum
654 3714 853 3769 regem,
886 3708 942 3752 ut
980 3698 1177 3765 pariter
1220 3712 1316 3749 nos
1357 3696 1407 3749 in
1449 3694 1830 3749 Itavennatium

266 3797 399 3849 urbe
428 3802 754 3862 praesentare
774 3790 1081 3845 Studeamus
1112 3790 1176 3841 ad
1206 3787 1555 3856 perﬁciendae
1578 3787 1828 3855 quasdam

270 3886 524 3937 utilitates
568 3879 821 3949 spiritalis
864 3880 1045 3932 matris
1067 3886 1256 3931 vestrae
1283 3887 1478 3931 sancta:
1507 3888 1700 3929 nostrae
1734 3876 1833 3928 Ec—

266 3972 464 4037 clesiae,
488 3982 541 4026 et
571 3968 996 4038 pertractandum
1032 3979 1128 4035 pro
1155 3967 1458 4020 Graecorum
1503 3966 1718 4028 malitia,
1746 3966 1834 4033 qni

272 4062 505 4131 quotidie
533 4060 808 4113 imminent
835 4057 886 4109 in
916 4057 1083 4124 ipsam
1115 4055 1418 4109 Ravennam
1453 4055 1651 4122 ingredi
1702 4054 1833 4107 civi-

273 4162 455 4207 tatem.
485 4151 721 4219 Dumque
749 4145 943 4216 pariter
973 4142 1561 4214 praesentati,quidquid
1590 4142 1836 4195 collocuti

275 4242 547 4305 tuerimus,
579 4240 659 4293 vel
691 4238 768 4292 rei
798 4236 1030 4304 exegerit
1060 4235 1327 4298 meritum,
1377 4232 1835 4287 excellentissima:

274 4340 329 4385 et
352 4349 377 4382 υ
410 4330 519 4384 Deo
549 4334 800 4397 protectae
826 4324 1114 4380 eximietati
1172 4334 1363 4377 vestrae
1417 4323 1831 4375 innotescemus.

1610 353 1665 407 s.
1712 349 1909 431 Mt‘tt
1953 349 2147 404 rara:
2186 350 2202 402 t

329 474 460 528 Dum
487 482 630 528 tanto
660 483 843 529 vestrm
878 469 1267 526 sublimissimzu
1301 464 1630 520 excellentia:
1661 464 1821 517 bene-
1858 468 1899 520 Λ
1954 513 1961 524 ,

2382 422 2389 428 _
2606 398 2609 403 ,
3359 342 3495 401 nos

2285 494 2311 513 κ
2449 456 2781 515 EPISTOLA
2810 456 2971 513 XVII.

1923 551 2051 602 Item
2098 549 2357 616 exemplar
2409 548 2647 619 epistola
2683 548 2908 619 ejusdem
2952 559 3099 616 papa:
3143 547 3209 619 ad
3249 548 3492 619 domitum

1995 619 2270 684 Pippinum
2308 615 2474 684 regem
2528 615 2555 653 ἀ
2597 615 2801 670 directa:
2853 618 2915 667 de
2957 615 3210 669 monac/to
3262 618 3488 684 quodam

1994 691 2201 739 Arosttta
2222 686 2284 737 ab
2313 686 2656 739 Alexandrino
2676 685 2969 754 patriarcha
2988 684 3196 738 directo.

1992 786 2015 812 ο
2059 777 2261 829 Domno
2289 776 2739 829 excellentissimo
2770 772 2901 839 lilio,
2929 782 2981 828 et
3029 760 3214 828 nostro
3260 774 3491 843 spiritali

1919 865 2171 932 compatri
2220 866 2462 933 Pippino,
2521 864 2629 933 regi
2666 864 2988 919 Francorum
3019 875 3072 918 et
3117 863 3343 931 patricio
3380 864 3489 917 Ito-

1920 972 2231 1017 manorum,
2252 956 2444 1009 Paulus
2472 970 2622 1033 papa.

1991 1047 2121 1111 Quia
2156 1047 2384 1112 Spiritus
2414 1045 2578 1099 sancti
2602 1038 2767 1113 gratia
2802 1044 3185 1114 prmveniente,
3224 1060 3314 1098 cor
3341 1046 3490 1100 beni-

1917 1151 2034 1203 gnzn
2062 1134 2379 1189 eximietatis
2409 1144 2600 1188 vestrm
2628 1149 2778 1187 amor
2820 1133 2911 1188 Dei
2960 1134 3323 1199 inﬂammavit,
3371 1150 3495 1203 pro«

1920 1229 2056 1279 {ceto
2106 1234 2335 1290 constat,
2366 1240 2397 1279 a
2442 1225 2551 1278 Deo
2592 1233 2799 1279 servate
2841 1225 3325 1293 prtecellentissime
3374 1241 3491 1289 res,

1918 1313 2014 1381 piis
2042 1323 2090 1367 te
2120 1314 2440 1380 profectibus
2468 1314 2759 1376 adltterere,
2788 1322 2842 1367 et
2874 1315 2995 1368 dum
3030 1323 3229 1367 tantam
3260 1314 3311 1366 in
3339 1313 3493 1368 vobis
3522 1378 3525 1379 ν

1918 1403 2236 1455 cutnnlatam
2289 1402 2511 1469 gratiam
2567 1403 2948 1470 conspicimus,
2980 1402 3391 1467 omninonobis
3440 1390 3527 1457 etl

1918 1493 2165 1544 omnibus
2197 1491 2514 1546 Christianis
2566 1491 2771 1544 ﬁducia:
2824 1492 3044 1546 materia
3089 1493 3155 1545 de
3204 1492 3350 1545 vobis
3397 1491 3496 1545 ad-

1921 1581 2087 1634 missa
2116 1591 2220 1643 est,
2247 1581 2385 1648 quod
2415 1594 2474 1634 ea
2505 1596 2621 1648 qua:
2652 1579 2718 1633 ad
2749 1580 2945 1635 cultum
2975 1580 3067 1633 Dei
3111 1591 3163 1635 et
3206 1595 3344 1633 verae
3370 1580 3496 1633 lidei

1920 1672 2235 1724 orthodoxae
2258 1671 2651 1725 observantiam
2674 1671 2957 1739 respiciunt
2978 1680 3086 1725 toto
3104 1672 3292 1726 mentis
3304 1679 3497 1726 conatu

1990 1776 2015 1814 s
2042 1776 2163 1815 esse
2190 1774 2500 1828 operamros
2521 1761 2896 1833 c0nspicimus.

1995 1852 2131 1905 Inter
2189 1852 2301 1904 hzee
2331 1865 2497 1915 vero,
2560 1849 2941 1905 sublimissimo
2996 1852 3101 1919 iiii,
3137 1860 3192 1904 et
3239 1850 3499 1920 spiritlis

1923 1952 2215 2008 cotnpater,
2244 1942 2289 1995 si
2321 1941 2444 2010 quid
2497 1940 2561 1993 ad
2613 1955 2709 1995 nos
2756 1941 3099 2009 pervenerit,
3144 1942 3501 1996 libentissime

1920 2030 2377 2085 sientorthodoxo
2418 2032 2530 2099 regi
2579 2040 2633 2085 et
2680 2029 2948 2085 defensuri
3000 2026 3121 2086 Ildei
3176 2030 3499 2099 Christiana)

1921 2122 2299 2188 signiﬁcamus.
2358 2121 2740 2177 Innotcscimus
2794 2122 3026 2192 quippe,
3072 2122 3180 2193 jam
3238 2121 3500 2178 absolutis

1924 2212 2113 2264 vestris
2143 2210 2342 2274 missis,
2377 2199 2716 2278 conjunxiss’e
2744 2210 2808 2263 ad
2834 2224 2929 2264 nos
2958 2211 3223 2279 navigium
3250 2226 3276 2262 a
3324 2212 3498 2279 parti-

1891 2317 1897 2324 ί
1924 2299 2023 2353 bos
2053 2298 2268 2363 Alricm,
2305 2299 2354 2353 in
2388 2315 2494 2367 quo
2521 2299 2728 2366 quidam
2757 2303 3048 2353 monachus
3081 2298 3100 2337 ι
3154 2304 3378 2355 Acosma
3428 2303 3501 2356 ab

1922 2388 2285 2442 Alexandrino
2316 2388 2615 2456 patriarcha
2636 2402 2755 2442 cum
2783 2388 2973 2443 litteris
2997 2389 3227 2444 directus
3248 2390 3489 2456 advenit,

1889 2536 1893 2541 ,
1922 2492 2148 2545 quarum
2178 2478 2344 2531 instar
2372 2478 2695 2546 praefulgidaa
2728 2478 3056 2532 excellentia:
3107 2490 3293 2533 vesme
3340 2479 3500 2533 misi-

1925 2582 2043 2620 mus
2074 2566 2408 2629 intuendam,
2450 2575 2508 2619 ut
2559 2581 2621 2621 ea
2665 2582 2786 2636 quae
2834 2569 2986 2624 nobis
3035 2580 3129 2637 pro
3188 2571 3498 2637 integritate

1924 2658 2044 2711 ﬁdei
2072 2658 2139 2711 ab
2158 2654 2513 2712 Orientalibus
2537 2658 2853 2726 przesulibus
2873 2658 3160 2737 etcteteri‘s
3187 2659 3499 2715 nationibus

1925 2746 2229 2815 diriguntur
2258 2747 2581 2815 agnoscatis,
2609 2757 2663 2800 et
2687 2746 2897 2802 lzetetur
2922 2760 3015 2802 cor
3040 2756 3271 2802 vestrum
3310 2748 3361 2802 in
3390 2747 3501 2801 hu-

1923 2836 2227 2908 juscemodi
2283 2851 2467 2892 eorum
2520 2836 2755 2902 affectu,
2804 2851 2921 2907 qua:
2971 2837 3021 2890 in
3077 2826 3343 2893 mandatis
3393 2836 3498 2891 Dei

1926 2930 2125 2985 habere
2149 2930 2416 2994 videntur,
2432 2928 2552 2998 quia
2580 2928 2704 2983 dum
2737 2928 2836 2997 βίω
2858 2927 3295 2984 considerationis
3315 2928 3502 2983 studio

1924 3032 2077 3073 meno
2104 3029 2279 3071 vestra
2305 3019 2501 3071 intenta
2533 3016 2733 3079 existit,
2766 3016 3010 3069 nimirum
3039 3014 3232 3084 oppido
3260 3014 3502 3086 gaudere

1851 3121 1897 3183 ρ
1929 3124 2021 3162 vos
2046 3108 2338 3175 credimus,
2363 3109 2409 3161 si
2446 3120 2507 3161 ea
2538 3107 2710 3171 vobis,
2736 3121 2854 3173 qua:
2886 3118 2984 3173 pro
3024 3103 3325 3173 integritate
3372 3102 3501 3160 lidei

1935 3199 2204 3266 pertinent
2233 3196 2646 3261 innotescimus,
2668 3196 2761 3249 sed
2793 3194 2905 3266 ipsa
2951 3202 3133 3249 sancta
3179 3194 3501 3257 orthodoxa,

1933 3303 2090 3357 quam
2143 3288 2449 3342 venerando
2479 3286 2686 3351 colitis,
2719 3285 2871 3353 lides,
2905 3299 2999 3338 vos
3050 3294 3103 3361 et
3148 3285 3201 3339 in
3251 3285 3502 3352 presenti

1935 3378 2041 3431 vita
2070 3378 2380 3446 longaeviter
2412 3391 2531 3430 cum
2556 3376 2777 3430 victoria
2812 3374 3016 3440 foveat,
3044 3382 3099 3427 et
3135 3382 3330 3429 teterna
3376 3388 3503 3428 cum

1937 3469 2133 3520 sanctis
2163 3467 2355 3520 tribuat
2398 3468 2584 3533 gaudia
2639 3464 2973 3533 possidenda.
3027 3464 3353 3516 Incolumem
3406 3476 3504 3516 ex.

1934 3557 2235 3612 cellentiam
2262 3558 2491 3610 vestram
2519 3555 2684 3622 gratia
2715 3556 2940 3622 superna
2970 3553 3252 3607 custodiat.

2450 3642 2779 3698 EPISTULA
2810 3641 2993 3697 XVIII.

1942 3733 2067 3787 Item
2096 3734 2353 3802 exemplar
2399 3732 2625 3799 epistolis
2666 3732 2912 3802 generalis
2959 3731 3162 3797 pepuli,
3205 3740 3509 3802 senatuun

1992 3789 2250 3865 tﬂontmti,’
2282 3805 2349 3853 ad
2372 3789 2611 3853 domuum
2660 3789 3160 3867 Pippinum-regem
3209 3789 3508 3860 dit‘ecta,'m

2005 3890 2103 3941 qua
2134 3875 2461 3941 continentur:
2503 3871 2782 3938 gratiarum
2838 3872 3077 3941 ultiones,
3124 3878 3172 3920 et
3208 3871 3272 3941 de
3322 3870 3508 3941 litteris
3580 3874 3583 3875 '

2005 3937 2128 4011 quas
2162 3945 2375 3992 domnus
2426 3938 2676 4006 Pippinus
2728 3954 2817 3990 rea:
2862 3939 3029 4011 eidem
3075 3938 3267 4011 populo
3321 3937 3509 3989 direxit

1980 4006 2098 4079 ’ᾑνο
2136 4012 2237 4077 ﬁde
2290 4012 2538 4061 servanda
2568 4024 2696 4079 ergo
2714 4016 2940 4062 sanctam
2992 4006 3512 4079 De‘irrlt'ommtatnquc

2006 4076 2294 4133 Ecclesium
2317 4088 2363 4131 et
2391 4081 2631 4129 domuum
2660 4076 2884 4130 Paulum
2912 4078 3263 4145 apostolicum.

2009 4174 2213 4227 Domno
2244 4168 2693 4225 excellentissimo
2722 4178 2878 4237 atque
2906 4167 3427 4236 praecellentissimo,
3455 4174 3513 4220 et

1938 4280 1966 4315 a
2028 4263 2136 4317 Deo
2190 4260 2456 4325 inStituto,
2525 4273 2761 4327 magno,
2811 4256 3035 4319 victori,
3085 4255 3342 4323 Pippino,
3395 4256 3511 4321 regi

1941 4352 2289 4415 Francorum,
2318 4360 2372 4403 et
2400 4349 2620 4418 patricio
2671 4348 3032 4402 Romanorum
3073 4346 3245 4399 omnis
3289 4355 3513 4403 senatus

273 4420 499 4476 Oratttes
533 4421 599 4474 de
629 4419 835 4488 reliquo
858 4417 1087 4471 divinam
1113 4414 1445 4469 clementiam
1479 4423 1534 4466 ut
1574 4413 1637 4465 ad
1663 4410 1835 4480 perle-
1864 4433 1915 4491 Β
1943 4454 2099 4512 mque
2147 4410 2413 4495 univérsa'
2449 4440 2623 4509 populi
2676 4438 2997 4511 general-uas
3051 4452 3080 4489 η
3131 4436 3236 4491 Deo
3286 4445 3514 4490 “nam
3556 4496 3569 4501 -

276 4524 414 4567 ctam
432 4511 801 4566 exaltationem
820 4518 1013 4562 sanctte
1039 4508 1131 4561 Dei
1159 4506 1433 4571 Ecclesiae,
1458 4516 1509 4559 et
1526 4506 1836 4560 orthodoxe

277 4602 401 4657 titlel
449 4599 1031 4664 delcnsionemdmvis
1080 4604 1133 4650 et
1186 4594 1453 4665 prosperis
1515 4596 1840 4663 temporibus

280 4692 775 4748 excellentissimam
791 4688 1251 4743 Christianitatem
1270 4696 1502 4740 vestram
1532 4688 1581 4739 in
1606 4688 1742 4739 solio
1763 4702 1840 4740 re-

280 4788 410 4853 galis
440 4787 706 4853 potentiae,
739 4796 857 4834 eum
889 4779 1197 4833 dulcissima
1227 4777 1477 4846 conjuge,
1508 4779 1842 4831 excellentis-

281 4877 410 4930 sima
444 4874 645 4941 regina,
677 4870 896 4938 spiritali
923 4878 1102 4922 nostra
1132 4876 1444 4931 commatre,
1471 4875 1625 4935 atque
1655 4881 1841 4920 aman-

281 4964 498 5019 tissimis
521 4962 679 5024 natis,
711 4971 1026 5012 conservare
1047 4966 1098 5009 et
1132 4966 1408 5026 protegere
1453 4956 1722 5024 dignetur,
1748 4958 1843 5011 tri-
1874 4969 1879 4973 ·

284 5055 453 5108 buens
482 5051 628 5104 vobis
658 5059 712 5102 et
740 5056 934 5101 azterna
963 5046 1194 5101 caelestis
1225 5048 1407 5115 patriae
1438 5046 1624 5115 gaudia
1676 5046 1819 5113 possi

286 5140 476 5196 dende.
513 5136 829 5191 Incolumem
870 5133 1238 5213 excellentiam
1289 5144 1520 5189 vestram
1554 5135 1719 5201 gratia
1749 5148 1845 5187 su-

288 5244 452 5301 perna
480 5224 761 5284 custodiat.

356 5489 386 5522 ⁸
422 5480 619 5541 Grets.,
646 5486 695 5532 et
724 5478 930 5545 Lamb.,
963 5488 1005 5532 et
1033 5480 1203 5546 futura
1254 5479 1575 5532 beatitudine.

362 5548 390 5588 δ
432 5550 639 5613 Lamb.,
665 5550 929 5600 utentinere
952 5552 1181 5604 volumus
1203 5550 1569 5616 excellentiam,
1586 5563 1742 5617 nuper
1766 5563 1855 5601 nos

297 5620 432 5673 vobis
460 5619 720 5670 direxisse.

370 5700 391 5725 α
433 5687 627 5753 ὒτςιε.,
661 5685 888 5742 Μαιηιωὶ
915 5704 1024 5759 cap.
1055 5704 1105 5743 ν.

1943 4533 2197 4586 Romanae
2227 4531 2391 4585 urbis.
3270 4594 3271 4597 η

2014 4621 2069 4678 Si
2102 4620 2325 4675 interius
2353 4628 2531 4674 mente
2561 4632 2781 4691 operum
2814 4624 3107 4672 vestrorum
3132 4615 3301 4668 studia
3326 4613 3515 4667 homo.

1943 4728 2043 4768 nus
2067 4710 2295 4765 voluerit
2323 4714 2513 4763 sensbs
2544 4722 2789 4777 pensare,
2823 4707 2991 4770 nihil,
3025 4714 3077 4758 ut
3106 4703 3514 4773 opinamur,ad

1945 4802 2134 4856 horum
2183 4800 2596 4854 vicissitudinem
2631 4798 2847 4865 dignum
2877 4802 3048 4864 petest
3076 4793 3387 4859 existimari,
3424 4803 3517 4865 aut

1946 4808 2134 4856 horum
2183 4808 2596 4854 vicissitudinem
2631 4808 2847 4865 dignum
2877 4808 3048 4864 peteSt
3076 4808 3387 4859 exrstttuztrt,
3424 4808 3454 4843 a
3497 4808 3517 4846 ι

1946 4892 1998 4946 ἱιι
2032 4892 2128 4945 hac
2156 4887 2434 4955 temporali
2465 4872 2568 4939 νήει
2598 4885 2849 4953 rependi,
2876 4884 2967 4938 sed
3013 4882 3376 4936 tantummodo
3428 4808 3525 4935 ηδ

1948 4990 2071 5036 sunt
2100 4976 2487 5034 consideranda
2515 4976 2667 5029 vobis
2698 4973 2920 5029 retribui
2950 4987 2978 5026 ι
3007 4972 3151 5041 justo
3190 4971 3367 5040 judice
3414 4972 3521 5024 Du-

1950 5074 2096 5126 mino
2128 5071 2236 5123 Deo
2261 5076 2466 5130 nostro.
2495 5081 2612 5133 qua:
2640 5064 2823 5118 oculos
2867 5076 2974 5117 non
3025 5062 3171 5127 vidit,
3226 5074 3323 5115 nec
3372 5062 3523 5121 auris

1952 5161 2174 5227 audivit,
2196 5175 2295 5216 nec
2326 5161 2377 5212 in
2407 5174 2499 5212 cor
2529 5156 2756 5216 hominis
2783 5155 3022 5210 ascenst
3050 5166 3169 5222 qua:
3201 5153 3527 5220 prteparavit

1955 5251 2298 5321 diligentibus
2320 5264 2401 5305 se.
2422 5248 2545 5303 Ilaec
2566 5260 2754 5315 nempe
2770 5244 2925 5300 vobis
2942 5245 3097 5313 digna
3119 5254 3199 5298 est
3218 5244 3525 5312 retributio,

1956 5343 2079 5399 dum
2109 5340 2357 5397 nimirum
2384 5347 2562 5394 vestro
2589 5336 2884 5393 certamine
2907 5345 3087 5390 sancta
3117 5334 3208 5390 Dei
3257 5334 3529 5403 Ecclesia,

2030 5482 2055 5522 ιι
2092 5480 2298 5545 Lamh.,
2330 5478 2552 5541 directa,
2588 5485 2641 5529 et
2670 5476 2745 5531 sic
2776 5474 2898 5545 alibi
2930 5488 3161 5541 semper.

2035 5563 2057 5589 ο
2095 5541 2321 5605 ϐτείεζε
2363 5549 2569 5601 Summ.
2594 5548 2646 5615 7,
2670 5543 2804 5615 apud
2832 5545 3022 5599 Baron.
3059 5554 3109 5597 et
3156 5541 3458 5601 Ccnturiat.

2039 5622 2057 5659 τ
2100 5621 2309 5683 Latnb.,
2338 5616 2562 5671 Cosmus.
