3910 6234
434 235 574 295 ίίω
642 270 645 273 ‹
712 266 719 267 ί

1793 202 1804 214 ’
1844 312 1847 313 ν
1873 200 2234 292 timerem;

3531 244 3657 295 l|7tl

433 354 593 410 atque
616 340 1023 396 Christianorum
1049 340 1341 396 orthodoxa
1366 341 1495 396 ﬁdes
1525 342 1851 409 diguOScitnr
1874 359 1991 398 esse
2020 351 2062 402 Λ
2098 353 2213 412 post
2242 344 2400 398 Deum
2422 344 2667 397 defensor
2686 386 2699 409 ,
2731 344 2800 398 ita
2824 346 2977 400 Solite
3003 345 3277 401 decertare
3305 363 3365 399 ac
3412 347 3656 416 dispone-

441 432 695 495 Ilelensa,
748 431 1091 497 omniumque
1142 439 1378 485 nostrum
1424 440 1668 486 constant
1717 436 1988 500 procurata

435 522 621 578 salutis
641 520 891 576 remedia.
945 518 1009 573 Et
1055 519 1212 587 quia,
1254 522 1734 588 praecellentissime
1781 522 1995 577 domine

432 632 563 680 rex,
590 616 836 685 dignatus
884 624 965 668 est
1024 614 1158 666 Deus
1203 623 1380 668 noster
1432 615 1843 682 redemptionem
1884 630 1993 669 suae

433 716 631 761 sanctas
684 704 967 768 Ecclesiae,
1013 714 1418 771 nostrorumque
1471 707 1705 759 ninnium
1762 706 1992 774 operari,

436 795 625 848 merito
644 807 740 847 nos
754 793 1247 860 convenitoperum
1272 792 1383 860 ejus
1410 793 1667 847 mirabilia
1690 794 1990 853 decantare.

436 891 666 938 consona
697 898 817 937 cum
846 884 1100 951 preplteta
1130 892 1381 938 canentes
1413 899 1539 937 voce
1589 900 1603 936 :
1658 892 1681 921 ι
1739 885 1993 951 Quoniam

435 972 766 1042 magniﬁcata
795 981 917 1025 sunt
939 984 1101 1040 opera
1123 982 1231 1037 tua,
1260 972 1413 1027 Dens.
1440 973 1627 1025 Omnia
1661 973 1994 1039 inpsapientia

431 1061 633 1125 iecisti,
658 1062 854 1131 repleta
877 1072 957 1117 est
988 1072 1123 1118 terra
1152 1062 1475 1115 mirabilibus
1505 1067 1626 1116 tuis.
1653 1063 1676 1099 ι)
1701 1064 1829 1129 Quis
1855 1064 1993 1118 enim

432 1151 676 1225 loquatur
713 1152 998 1221 ,potentias
1054 1149 1308 1218 Domini,
1353 1150 1557 1203 auditas
1609 1149 1765 1204 faciat
1812 1166 1996 1205 omnes

431 1230 613 1295 laudes
642 1240 797 1309 ejus?
825 1239 1091 1293 Laatantur
1118 1242 1258 1295 enim
1283 1240 1495 1305 coali,et
1522 1240 1755 1292 exsultat
1784 1247 1917 1293 terra
1944 1241 1994 1292 in

428 1328 673 1397 eo,quod
702 1328 859 1381 talem
888 1327 1141 1381 Dominus
1173 1338 1351 1382 noster
1381 1342 1489 1381 suae
1519 1338 1717 1381 sanctae
1748 1328 1995 1381 Ecclesia:

427 1414 657 1471 contulit
683 1414 1045 1481 defensorem,
1079 1431 1171 1485 per
1200 1432 1354 1486 quem
1405 1431 1525 1471 cum
1576 1416 1763 1472 ﬁducia
1805 1432 1995 1471 nomen

430 1506 633 1560 Domini
666 1507 719 1561 iu
740 1514 925 1561 sancta
954 1508 1074 1560 aula
1098 1507 1212 1575 ejus
1243 1508 1593 1573 gloriﬁcatur.

498 1598 733 1652 Directas
757 1579 931 1665 itaque
977 1597 1476 1665 praecellentissimm
1517 1611 1578 1649 ac
1612 1595 1996 1651 Christianissi-

428 1702 527 1741 tnze
555 1688 889 1756 benignltatis
922 1695 1111 1742 vestrae
1135 1686 1329 1740 litteras
1348 1701 1535 1754 magno
1566 1686 1779 1740 honoris
1806 1688 1995 1741 allecto

427 1785 761 1845 acceptantes
808 1776 1136 1843 suscepimus
1159 1817 1172 1839 ,
1196 1787 1247 1829 et
1277 1777 1345 1828 ita
1377 1777 1427 1828 in
1458 1789 1639 1829 earum
1662 1778 1997 1843 susceptione

433 1865 594 1921 laetati
625 1878 830 1931 sumus,
864 1875 1111 1933 tanquam
1144 1865 1187 1919 si
1216 1875 1441 1919 vestram
1465 1865 1831 1918 excellentiam
1862 1881 1996 1933 pra:-

428 1935 1193 2022 sentialiterconspiceremus,
1225 1954 1429 2022 gemina
1461 1954 1759 2007 festivitatis
1802 1955 1994 2022 gaudia

428 2044 583 2097 nobis
619 2042 935 2108 inserentes,
966 2042 1089 2097 dum
1117 2048 1345 2097 vestram
1397 2042 1629 2097 lmtitiam
1668 2043 1990 2110 amplissime

428 2136 803 2203 comperimus,
834 2136 1079 2205 quoniam
1128 2136 1257 2190 nihil
1308 2136 1460 2189 nobis
1511 2137 1737 2201 dulcius,
1783 2138 1993 2192 domine

426 2240 545 2289 rex,
578 2224 629 2281 in
652 2224 762 2280 'ltac
791 2226 896 2279 vita
925 2224 1127 2288 existit,
1154 2240 1310 2292 quam
1339 2226 1405 2279 de
1451 2229 1640 2299 vestris
1668 2229 1991 2295 prosjierita-

426 2316 572 2369 tibus
594 2306 868 2385 gratulari,
892 2315 1017 2370 dum
1039 2325 1213 2369 vestra
1245 2317 1385 2369 salus
1428 2327 1602 2369 nostra
1650 2320 1776 2385 post
1828 2319 1990 2373 Deum

424 2412 502 2457 est
530 2402 803 2458 securitas.
835 2405 905 2458 At
931 2417 1058 2458 vero
1095 2404 1148 2457 in
1180 2403 1306 2472 ipsis
1337 2404 1526 2458 vestris
1567 2406 1838 2475 melliﬁuis‘
1876 2407 1989 2473 api-

422 2492 573 2545 cibus
599 2505 697 2545 nos
725 2490 943 2545 salutari
976 2503 997 2531 ε
1033 2491 1363 2559 providentia
1388 2476 1567 2546 vestra
1598 2503 1650 2547 et
1700 2493 1989 2549 admonere

424 2578 775 2645 pmcellentia
802 2587 974 2633 vestra
1005 2578 1207 2634 studuit
1237 2579 1416 2633 ﬁrmos
1445 2594 1542 2634 nos
1573 2594 1633 2634 ac
1665 2580 1846 2636 ﬁdeles
1894 2582 2009 2636 (ιε-⁷

424 2672 551 2722 bere
602 2679 915 2736 permanere
967 2680 1089 2735 erga
1158 2666 1365 2720 beatum
1425 2667 1636 2721 Petrum
1701 2668 1987 2736 principem

424 2756 815 2828 apostolorum,
860 2764 916 2811 et
958 2764 1195 2811 sanctam
1244 2755 1336 2810 Dei
1385 2755 1699 2822 Ecclesiam,
1750 2766 1804 2811 et
1850 2759 1990 2812 circa

425 2847 785 2902 beatissimum
816 2852 871 2900 et
915 2844 1275 2914 euangelicum
1322 2844 1608 2913 spiritalem
1640 2853 1849 2912 patrem
1899 2860 1991 2900 ve-

422 2914 613 3003 strum,
645 2947 676 2988 a
706 2935 815 2989 Deo
838 2934 1109 2989 decretum
1158 2933 1431 2988 dominum
1478 2942 1715 2989 nostrum
1764 2935 1978 2989 Paulum

407 3025 682 3078 'summum
712 3022 1105 3095 pontiﬁcem.et
1133 3023 1480 3078 universalem
1514 3038 1717 3092 papam.
1746 3023 1846 3079 Pro
1873 3040 1979 3093 quo

421 3114 641 3168 omnino
677 3114 841 3170 laetati
878 3127 1061 3168 sumus
1092 3113 1143 3168 in
1190 3122 1293 3168 tam
1350 3124 1521 3169 vestra
1578 3114 1981 3180 prudentissima

422 3202 803 3257 admonitione.
857 3201 903 3257 0
950 3212 1139 3270 quanta
1185 3203 1729 3271 divina.aspiratione
1780 3206 1981 3259 interna

422 3293 682 3345 viscerum
714 3298 1011 3347 nostrorum
1036 3290 1328 3359 praecordia
1358 3294 1410 3344 in
1440 3292 1592 3345 nobis
1632 3294 1822 3347 vestris
1851 3294 1979 3349 ﬁde-

417 3382 557 3437 libus
598 3380 930 3436 redundant!
967 3380 1101 3436 Vere
1130 3381 1291 3445 enim,
1328 3382 1545 3436 Domine
1598 3398 1712 3447 rex,
1747 3384 1981 3451 profecto

420 3472 646 3542 Spiritus
672 3472 765 3528 Dei
792 3472 846 3527 in
876 3481 1055 3527 vestro
1099 3473 1353 3526 mellillno
1401 3474 1661 3527 inhabitat
1708 3475 1896 3540 corde,
1928 3485 1982 3530 et

418 3562 539 3618 ideo
577 3572 682 3617 tam
733 3562 949 3617 salutari
994 3564 1216 3618 consilio
1264 3574 1467 3617 vestros
1520 3566 1652 3619 bene
1706 3565 1979 3632 cupientes

416 3651 707 3707 admonere
761 3652 1058 3707 studuistis.
1089 3652 1195 3706 Nos
1222 3654 1458 3721 quidem,
1491 3654 1977 3721 praecellentissime

325 3789 329 3792 .
418 3755 620 3811 regum,
642 3740 776 3796 ﬁrmi
804 3755 867 3795 ac
915 3742 1096 3796 ﬁdeles
1142 3743 1285 3795 servi
1339 3751 1536 3796 sancta:
1581 3742 1671 3796 Dei
1704 3743 1973 3808 Ecclesiae,

416 3837 471 3883 et
498 3828 696 3897 prmlati
722 3838 801 3891 ter
824 3830 1115 3885 beatissimi
1144 3840 1196 3885 et
1225 3832 1508 3900 coangelici
1538 3832 1787 3900 spiritalis
1818 3833 1979 3899 patris

415 3920 614 3985 vestri,
645 3917 844 3973 domini
876 3920 1039 3973 nostri
1074 3921 1215 3974 Pauli
1246 3924 1433 3975 summi
1466 3923 1723 3989 pontiﬁcis
1761 3934 1814 3977 et
1861 3925 1977 3978 uni-

415 4009 634 4063 versalis
657 4022 825 4077 papae,
843 4010 1198 4075 consistimus,
1215 4013 1330 4078 quia
1358 4012 1469 4078 ipse
1495 4020 1674 4065 noster
1697 4024 1776 4066 est
1805 4025 1972 4080 pater,

414 4103 471 4149 et
512 4096 740 4164 optimus
787 4108 986 4166 pastor,
1034 4106 1089 4152 et
1139 4115 1231 4165 pro
1276 4110 1450 4153 nostra
1492 4102 1659 4156 salute
1702 4103 1974 4157 decertare

413 4185 649 4253 quotidie
686 4197 790 4240 nou
820 4197 1015 4253 cessat,
1051 4189 1185 4241 sicut
1218 4199 1269 4241 et
1299 4189 1411 4257 ejus
1451 4205 1731 4257 germanus
1777 4203 1973 4248 sancta:

416 4274 1185 4347 recordationis,beatissimus
1217 4278 1441 4330 domnus
1472 4278 1768 4347 Stephanus
1814 4295 1965 4349 papa,
1995 4320 2046 4377 Β

414 4360 736 4436 lqvensnos,
765 4373 816 4417 et
840 4364 1120 4418 salubriter
1147 4366 1474 4433 gubernans,
1508 4368 1646 4419 sicut
1688 4377 1740 4421 et
1790 4384 1970 4423 revera

414 4448 698 4503 rationales
727 4450 825 4504 sibi
854 4464 883 4503 a
916 4452 1021 4507 Deo
1048 4454 1361 4507 commissas
1391 4468 1538 4518 oves,
1571 4455 1693 4510 dum
1722 4458 1968 4514 nimirum

413 4550 470 4593 et
499 4540 805 4594 mitissimus
836 4550 890 4594 et
919 4557 1041 4596 vere
1072 4543 1123 4597 in
1157 4544 1400 4599 omnibus
1440 4547 1743 4624 misericors
1771 4551 1965 4616 existit,

415 4632 649 4685 imitator
678 4632 894 4687 allectus
924 4633 1063 4688 beati
1116 4636 1285 4702 Petri,
1335 4637 1485 4705 cujus
1533 4639 1675 4694 vices
1720 4642 1889 4707 gerit,
1918 4651 1969 4695 et

414 4720 538 4772 dum
561 4719 676 4788 ejus
713 4721 943 4783 vicarius,
977 4726 1237 4778 consistit.
1288 4725 1392 4779 Nos
1438 4728 1669 4794 quidem,
1703 4716 1971 4783 excellen-

415 4807 622 4861 tissime
651 4822 712 4861 ac
736 4808 1182 4865 Christianissime
1212 4814 1421 4868 domine
1449 4831 1536 4868 rex
1560 4858 1573 4880 ,
1610 4818 1810 4869 ﬁrmam
1841 4820 1969 4873 ﬁdu-

415 4892 550 4946 ciam
579 4894 629 4947 in
654 4894 1014 4964 hujuscemodi
1046 4910 1219 4953 vestra
1250 4902 1503 4956 habemus
1560 4905 1964 4973 pollicitatione;

416 4982 511 5037 sed
537 4983 727 5038 obnixe
757 4985 1134 5053 deprecamur,
1187 4998 1240 5043 et
1281 5002 1523 5059 tanquam
1567 4997 1969 5060 prmsentialiter

421 5073 603 5125 vestris
648 5076 912 5143 regalibus
953 5078 1209 5143 provoluti
1243 5082 1500 5149 vestigiis,
1537 5085 1779 5150 petimus,
1812 5089 1967 5141 etiam

413 5167 470 5212 et
492 5173 582 5225 per
609 5174 706 5214 nos
735 5162 919 5217 beatus
954 5165 1136 5219 Petrus
1186 5178 1410 5222 vestram
1457 5173 1754 5237 aggreditur
1796 5178 1993 5229 cxcel?

417 5247 654 5312 lentiatn,
687 5259 744 5302 ut
788 5250 990 5317 iubeas,
1025 5253 1398 5325 benignissime
1444 5275 1647 5330 regmn,
1689 5275 1967 5335 nosterque

483 5363 505 5388 ε
524 5356 721 5408 'Grets.
755 5374 765 5408 :
804 5357 1005 5412 Psalmo
1030 5377 1281 5418 cum”.

485 5431 507 5458 υ
536 5423 689 5476 'ldcm
720 5439 736 5476 :
766 5425 974 5481 P-srrlmo
999 5445 1081 5484 cv.

487 5504 506 5558 σῖ
551 5491 755 5556 l.amb.,
788 5500 1095 5557 providentia
1122 5502 1406 5558 «domuere.

481 5557 504 5595 ά
547 5560 740 5625 ϐιοῖς...
775 5578 1090 5629 precamur.

2096 448 2174 496 re,
2200 442 2255 485 ut
2286 432 2515 501 perfecta
2543 444 2742 487 sancta)
2767 434 2857 488 Dei
2887 436 3134 490 Ecclesia:
3159 431 3432 502 exaltatio,
3453 450 3499 491 et
3535 439 3654 492 ﬁdei

2098 528 2290 593 nostra:
2340 521 2645 574 orthodoxa:
2689 524 3025 590 onminmqne
3074 523 3377 578 nostrum'd
3415 530 3652 593 proﬂige-

2096 594 2183 659 tur
2208 592 2461 660 defensio.
2495 609 2736 663 l’ctentes
2782 619 2835 663 et
2879 609 2980 663 hoc
3028 624 3204 664 coram
3262 612 3367 666 Deo
3396 614 3535 677 vivo,
3564 592 3652 682 qui

2099 712 2191 750 vos
2224 700 2274 749 in
2321 713 2498 765 regem
2540 713 2630 765 per
2659 715 2810 754 suum
2843 701 3139 767 apostolum
3185 704 3392 757 beatum
3441 706 3651 759 Petrum

2097 786 2253 854 ungui
2283 788 2555 854 praecepit,
2589 796 2643 839 ut
2684 789 3043 843 dilatationem
3089 790 3240 859 hujus
3292 793 3591 859 provincizr,
3626 807 3652 849 a

2096 876 2242 929 vobis
2272 878 2336 932 de
2370 892 2526 928 niann
2565 879 2798 945 gentium
2852 892 3045 947 erepta:
3102 882 3351 947 perlicere
3399 884 3650 951 juheatis,

2095 974 2149 1017 et
2178 964 2228 1016 in
2255 979 2321 1017 eo
2345 966 2482 1031 quod
2507 969 2741 1032 tmpistis
2764 968 2902 1021 bono
2935 974 3287 1036 permaneatis
3318 988 3497 1040 opere,
3525 991 3653 1043 qua-

2098 1056 2250 1106 t’enus
2272 1054 2323 1105 in
2355 1068 2538 1119 magna
2576 1056 2874 1111 securitatis
2920 1059 3097 1125 quiete
3143 1061 3335 1127 degere
3367 1064 3652 1129 valeamus,

2098 1151 2148 1195 et
2173 1155 2236 1194 ev
2269 1142 2366 1194 hoc
2395 1155 2644 1197 aeternam
2679 1146 2823 1197 vobis
2855 1145 2906 1198 in
2936 1148 3074 1201 coelo
3104 1159 3376 1201 exoratam
3421 1145 3653 1205 'retrilm-

2100 1232 2255 1284 tionis
2288 1232 2583 1285 mercedem
2614 1234 2879 1299 recipiatis
2907 1252 2919 1297 ;
2953 1236 3201 1303 quoniam
3229 1239 3511 1291 maximam
3539 1254 3654 1307 post

2100 1318 2285 1385 Deum,
2318 1331 2369 1373 et
2392 1320 2599 1373 beatum
2632 1321 2866 1388 Petrum,
2896 1324 2944 1375 in
2994 1326 3462 1380 vestri.lorii~simi
3507 1333 3651 1397 regni

2099 1410 2315 1465 brachio
2342 1410 2669 1478 possidemus
2690 1427 2856 1480 spem.
2890 1414 3162 1470 Credimus
3190 1418 3239 1469 in
3282 1421 3654 1486 ontnipotentis

2101 1498 2191 1552 Dei
2248 1501 2408 1552 nostri
2442 1502 2851 1555 misericordiam
2882 1506 3017 1571 quod
3048 1502 3371 1574 amplissime
3409 1510 3558 1564 nobis
3592 1528 3651 1563 ra

2099 1590 2209 1655 ipsa
2244 1599 2420 1643 nostra
2448 1606 2568 1659 spes
2596 1606 2811 1659 Operutn
2848 1603 3146 1649 vestrorum
3188 1598 3375 1653 inierat
3404 1602 3650 1657 l‘ructnrn.

2034 1671 2075 1729 Β
2170 1678 2390 1741 Exaudi,
2414 1680 2626 1734 domine
2656 1698 2770 1747 rex,
2796 1686 3231 1751 supplicationem
3264 1702 3494 1745 nostram
3529 1710 3646 1747 om-

2099 1766 2244 1819 nium
2293 1770 2424 1823 bene
2461 1770 2780 1836 cupientium
2814 1776 2983 1841 vobis,
3014 1785 3067 1829 et
3114 1778 3454 1835 libentissime
3493 1799 3646 1837 aures

2100 1863 2213 1911 tuas
2241 1860 2580 1912 accommoda
2610 1861 2660 1911 in
2693 1861 2793 1915 hoc
2825 1862 2995 1931 ipsum
3018 1867 3155 1933 quod
3186 1872 3528 1936 postulamus.
3560 1874 3649 1925 Sic

2097 1956 2146 2000 te
2174 1947 2416 2003 exaudiat
2466 1947 2716 2003 Dominus
2764 1952 2814 2003 in
2862 1954 3105 2007 omnibus
3140 1957 3239 2008 tuis
3285 1960 3643 2023 petitionibus.

2095 2035 2169 2089 Tu
2200 2038 2337 2088 enim
2372 2045 2489 2103 post
2520 2038 2680 2091 Deum
2707 2050 2887 2093 noster
2913 2058 2969 2094 es
2998 2042 3245 2098 .‘el‘ensor
3269 2059 3318 2099 et
3349 2046 3647 2113 aniiliatnr,

2092 2133 2144 2179 ct
2168 2125 2211 2177 si
2253 2139 2435 2179 omnes
2466 2126 2653 2193 capitis
2700 2130 2861 2183 nostri
2911 2131 3082 2197 capilli
3116 2133 3303 2203 lingua:
3334 2137 3504 2190 cllecti
3539 2140 3649 2190 l'ne-

2092 2216 2232 2279 rint,
2294 2232 2396 2271 non
2445 2218 2692 2271 valebunt
2732 2221 2799 2274 ob
2848 2230 2988 2273 tanta
3044 2234 3215 2277 vestra
3271 2226 3521 2281 beneﬁcia
3570 2220 3648 2283 di-

2063 2298 2220 2373 'gnas
2272 2303 2474 2360 referre
2527 2308 2811 2375 gratiarum
2869 2310 3121 2365 actiones.
3171 2314 3536 2371 Verumtamen
3595 2322 3645 2373 in

2089 2402 2341 2461 quantum
2374 2408 2523 2448 tuens
2571 2405 2747 2450 nostra
2776 2398 2932 2468 valet,
2967 2399 3137 2455 laudis
3168 2414 3355 2456 vestra:
3385 2411 3644 2473 prmediiia

2093 2483 2143 2536 in
2176 2483 2419 2537 omnibus
2477 2485 2718 2554 gentibus
2778 2487 3136 2556 divulgamus;
3205 2493 3365 2556 unde,
3428 2496 3643 2549 elevatis

2089 2572 2279 2638 oculis,
2332 2574 2669 2641 estensisque
2716 2576 2923 2645 palmis,
2973 2577 3037 2631 ad
3089 2579 3307 2646 aethera,
3366 2584 3641 2638 Dominum

2094 2658 2260 2714 Deum
2310 2671 2545 2715 nostrum
2592 2663 2864 2718 immensis
2912 2680 3194 2722 exoramus
3237 2672 3500 2738 precibus,
3551 2690 3643 2727 sua

2089 2764 2184 2805 vos
2228 2750 2393 2805 foveri
2442 2754 2633 2823 gratia,
2687 2756 2905 2811 mittens
2952 2757 3195 2826 angelum
3248 2765 3495 2829 potentia:
3538 2780 3643 2818 sine

2087 2840 2529 2911 propugnatorem
2581 2854 2704 2898 ante
2759 2845 2948 2901 faciem
2999 2858 3249 2911 vestram,
3300 2853 3410 2919 qui,
3458 2870 3643 2909 omnes

2088 2929 2416 2985 adversarios
2444 2940 2648 2986 vestros
2676 2946 3000 3001 expugnans,
3048 2940 3236 2993 vestris
3269 2943 3515 3011 subjiciat
3557 2962 3643 2999 ve-

2008 2993 2052 3055 C
2084 3020 2271 3087 stigiis,
2303 3022 2557 3091 regnique
2586 3025 2748 3077 vestri
2778 3024 2961 3082 dilatet
2991 3029 3263 3096 terminos,
3284 3043 3337 3087 et
3364 2993 3637 3089 victoriam

2085 3108 2235 3162 vobis
2263 3124 2293 3163 e
2337 3113 2473 3165 caelo
2498 3112 2776 3179 coiicedat,
2806 3115 2873 3168 ad
2917 3126 3218 3184 perpetuam
3264 3129 3417 3188 atque
3448 3138 3636 3189 peren-

2082 3215 2199 3253 nem
2249 3212 2445 3257 sancta:
2490 3203 2583 3256 Dei
2634 3205 2913 3273 Ecclesiae,
2956 3218 3010 3263 et
3054 3222 3284 3267 nostram
3329 3216 3637 3273 immensam

2081 3291 2440 3356 securitatem,
2468 3292 2699 3360 navisque
2739 3309 2799 3348 ac
2828 3295 3144 3353 felicissnnis
3186 3306 3509 3370 temporibus
3543 3322 3634 3361 re-

2080 3379 2195 3449 gale
2224 3380 2431 3447 culmen
2464 3382 2632 3446 vobis,
2667 3399 2729 3435 ac
2769 3386 3229 3443 excellentissima:
3279 3392 3507 3449 dominre
3548 3412 3633 3449 re-

2080 3471 2234 3536 gium,
2264 3478 2419 3536 atque
2453 3471 2722 3536 prreclaris
2766 3476 2956 3527 vestris
2990 3478 3148 3543 natis,
3178 3480 3636 3547 excellentissimis

2080 3556 2313 3623 regibus,
2344 3559 2600 3612 concedat
2641 3562 3032 3627 possidendum,
3064 3578 3115 3620 et
3147 3578 3340 3623 {eterna
3389 3576 3634 3635 pueriliu-

2080 3660 2194 3698 rum
2227 3660 2343 3698 cum
2371 3648 2564 3701 sanctis
2592 3659 2645 3702 et
2680 3651 2859 3705 electis
2888 3655 3247 3723 multipliciter
3293 3661 3485 3716 tribuat
3512 3682 3635 3731 gau-

2078 3733 2183 3785 dia.
2222 3735 2539 3790 Incolumem
2564 3739 2927 3795 excellentiam
2953 3754 3179 3801 vestram
3210 3752 3374 3816 gratia
3404 3767 3629 3821 superna

2077 3823 2362 3878 custodiat.

2595 3919 2919 3976 EPISTULA
2973 3924 3105 3979 XIX.

2039 3999 2051 4010 ’
2079 4002 2209 4086 [legi
2245 4008 2499 4086 cnfemptar
2545 4013 2769 4086 epist‘olre
2816 4019 3042 4085 ejusdem
3086 4034 3230 4086 papa
3276 4023 3340 4073 ad
3392 4022 3633 4077 dormtum

2146 4073 2425 4158 Pippinum
2452 4073 2611 4147 regem
2641 4073 2866 4159 directa7,
2892 4086 2942 4135 in
2971 4073 3412 4154 qrta'co'rrtivrcrttnr
3441 4097 3627 4159 gratia-

2143 4160 2255 4194 rnm
2298 4148 2515 4225 actiones
2551 4165 2642 4213 pro
2671 4148 3197 4228 egitlationc'sanrtm
3241 4158 3333 4227 Dei
3367 4148 3626 4228 Ecclesiw,

2142 4221 2187 4263 et
2213 4222 2263 4263 nt
2290 4216 2496 4266 missum
2522 4233 2669 4269 suum
2701 4218 2913 4272 Romam
2937 4224 3196 4291 dirigeret.
3272 4224 3273 4227 “

2148 4306 2171 4332 ⁸
2200 4304 2404 4359 Domno
2434 4310 2881 4365 excellentissimo
2930 4314 3053 4377 ﬁlio,
3097 4328 3146 4368 et
3177 4329 3356 4372 nostro
3404 4325 3625 4388 spiritali

2071 4395 2325 4460 compatri
2357 4394 2579 4462 Pippino
2602 4439 2613 4459 ,
2661 4400 2769 4467 regi
2823 4402 3145 4457 Francorum
3173 4417 3223 4459 et
3255 4410 3471 4475 patricio
3520 4414 3625 4465 llo-

2074 4497 2370 4546 manorum,
2400 4486 2588 4539 Paulus
2618 4504 2769 4555 papa.

2145 4573 2271 4625 Dum
2304 4574 2391 4626 illa
2415 4591 2532 4642 qua:
2557 4574 2573 4612 ί
2601 4580 2797 4633 nostris
2819 4582 3092 4649 stipendiis
3114 4594 3334 4651 aguntur
3352 4589 3489 4641 nulla
3511 4607 3625 4657 pos~

2070 4668 2190 4712 sunt
2216 4661 2479 4715 oblivione
2509 4662 2692 4727 deleri,
2719 4679 2915 4733 quanto
2946 4671 3109 4740 magis
3139 4672 3220 4726 illa
3251 4689 3367 4741 qua:
3408 4678 3472 4729 ad
3518 4680 3625 4731 lau-

2069 4746 2186 4800 dem
2220 4746 2597 4815 Redemptoris,
2624 4751 2826 4807 Domini
2869 4756 2959 4810 Dei
3002 4763 3187 4824 nostri,
3211 4760 3427 4830 ejusque
3451 4780 3625 4820 sacra-

2071 4834 2601 4902 tissinne'licclcsim,
2654 4850 2707 4892 et
2752 4844 2887 4896 beati
2921 4846 3060 4900 Petri
3092 4856 3449 4915 apostolorum
3482 4859 3621 4923 priu-

2068 4922 2199 4988 cipis
2229 4963 2243 4986 ,
2296 4936 2570 4991 geruntur,
2632 4943 2728 4981 nec
2785 4940 3080 4999 temporum
3129 4922 3491 5007 prolixitate,
3528 4962 3623 4998 nec

2068 5012 2371 5066 diversitate
2422 5018 2753 5080 qualitatum,
2813 5024 3060 5078 oblivioni
3116 5030 3459 5095 mandantur,
3523 5039 3613 5089 sed

2067 5115 2273 5169 semper
2304 5104 2365 5154 ad
2398 5106 2615 5172 gloriam
2656 5124 2899 5176 superum
2949 5118 3226 5181 potentia},
3284 5133 3335 5173 et
3383 5124 3615 5179 ﬁdelium

2067 5190 2179 5257 ejus
2233 5194 2316 5258 pio
2386 5198 2627 5261 exemplo
2686 5214 2995 5264 permanent
3045 5215 3066 5250 ες
3116 5208 3412 5263 declarati?
3471 5216 3617 5268 Scias

2066 5280 2507 5334 excellentissime
2563 5284 2653 5346 lili,
2695 5297 2774 5339 .ct
2827 5290 3077 5354 spiritalis
3137 5310 3424 5363 cmnpater,
3484 5308 3613 5355 bona

2139 5397 2160 5459 «ξ
2194 5389 2386 5459 tirets.:
2416 5392 2619 5445 Summ.
2653 5392 2704 5455 6,
2739 5397 2870 5459 apud
2903 5397 3015 5450 Bar.
3049 5410 3099 5453 et
3128 5402 3277 5457 (Sent.

2143 5453 2159 5489 τ
2197 5457 2400 5532 Lamb”
2434 5462 2501 5532 at!
2527 5453 2981 5532 noslra'slipernIia.

2138 5536 2160 5569 κ
2196 5526 2352 5589 idem,
2383 5530 2673 5596 (hilarum;
2708 5526 2832 5585 sirit!
2861 5553 2951 5588 exc
2986 5539 3272 5597 (latissime
