3910 6234
353 401 479 454 ΗΠ

1672 431 1677 435 ·
1722 400 1778 455 S.
1822 398 2020 453 PAULI
2060 399 2258 454 PAI’E.
2296 398 2314 451 Ι

3436 405 3583 459 U72

347 510 655 565 orthodoxe
699 525 815 575 rex,
852 511 1116 582 prmcelsa
1161 520 1333 565 vestra
1362 521 1412 564 et
1446 513 1530 577 pia
1571 512 1837 579 operatio,
1869 520 1919 562 et
1946 513 2257 578 Acongruo
2328 508 2586 576 disposito
2642 508 2930 565 defendere
2999 509 3271 579 digneris,
3320 516 3580 581 quoniam

349 598 404 650 in
440 600 579 654 cmlo
626 614 805 653 coram
854 588 1056 668 angelis
1098 600 1188 653 Dei
1239 602 1497 655 illustrata
1546 601 1729 667 fulget,
1758 609 1813 655 et
1859 602 1912 655 iu

352 684 615 742 universo
640 688 767 742 orbe
796 695 1051 741 terrarum
1083 688 1433 752 laudabiliter,
1480 690 1531 741 in
1559 690 1761 743 cunctis
1787 704 1913 756 gen-

356 774 502 830 tibus
531 786 804 843 permanet
833 777 1073 843 vulgata;
1106 777 1354 844 quoniam
1387 786 1565 830 vestro
1605 788 1722 845 post
1750 778 1911 832 Deum

361 864 555 917 auxilio
581 873 634 916 et
660 865 859 931 optimo
886 866 1175 918 certamine
1216 877 1397 920 sancta
1448 867 1703 933 Spiritalis
1745 850 1915 922 mater

360 965 537 1010 vestra
568 956 661 1009 Dei
694 956 924 1010 Ecclesia
963 965 1170 1009 constat
1214 958 1281 1009 ab
1325 956 1659 1011 inimicorum
1708 950 1913 1011 insidiis

363 1054 560 1112 erepta,
609 1054 663 1099 et
708 1045 999 1098 orthodoxa
1040 1045 1456 1099 Christianorum
1489 1047 1619 1101 ﬁdes
1651 1048 1718 1100 ab
1748 1049 1916 1115 impu-

361 1137 668 1205 gnatoribus
709 1136 943 1191 defensa.
992 1135 1095 1189 Pro
1122 1151 1227 1201 quo
1255 1138 1458 1191 exsulta
1490 1138 1543 1190 iu
1580 1138 1823 1205 Domino,
1862 1149 1917 1192 et.

363 1227 564 1295 laetare,
610 1229 986 1297 benignissime
1027 1244 1142 1295 rex,
1185 1232 1306 1297 quia
1357 1245 1546 1284 nomen
1591 1232 1916 1284 excellentia:

361 1324 467 1372 tua:
496 1319 548 1372 in
579 1319 716 1372 libro
745 1320 865 1373 vita:
894 1329 1167 1373 exaratum
1200 1320 1452 1372 rutilatin
1490 1328 1774 1386 conspectu
1804 1319 1915 1373 Dei.

362 1406 590 1475 Interea,
631 1409 755 1462 dum
802 1417 944 1462 tanta
976 1420 1160 1464 nostro
1186 1409 1332 1463 cordi
1363 1409 1611 1463 desiderii
1655 1410 1917 1477 capacitas

365 1498 621 1563 imminet,
654 1498 721 1552 de
751 1508 929 1552 vestra
962 1500 1311 1567 prosperitate
1342 1498 1489 1551 laetos
1526 1509 1805 1565 certosque
1844 1498 1918 1550 ei-

361 1586 471 1651 Iici,
497 1598 673 1656 aptum
706 1587 1089 1656 prospeximus,
1123 1588 1297 1642 missis
1321 1598 1520 1641 sancta:
1550 1589 1639 1641 Dei
1670 1588 1920 1642 Ecclesia:

364 1678 565 1730 nostris
601 1676 986 1740 relationibus,
1030 1678 1357 1731 excellentia:
1406 1686 1596 1731 vestrm
1644 1686 1669 1713 ι
1716 1679 1919 1745 persol-

361 1780 507 1832 vere,
554 1767 680 1828 dum
733 1768 861 1821 nihil
912 1770 1066 1823 nobis
1105 1769 1331 1834 dulcius,
1379 1769 1561 1838 nilque
1608 1770 1819 1822 suavius
1867 1772 1917 1821 in

2016 600 2226 668 magna,
2260 608 2374 667 post
2406 599 2588 663 Deum,
2637 599 2688 651 in
2733 608 2904 653 vestra
2932 601 3261 665 excellentia,
3293 610 3349 656 et
3370 642 3374 645 η
3395 604 3582 658 fortis-

2015 689 2133 742 simi
2165 690 2309 756 regni
2333 688 2495 765 vestri
2524 688 2745 743 brachio
2782 689 2959 743 existit
2988 690 3195 755 ﬁducia,
3227 700 3283 745 et
3306 693 3580 748 credimus

2014 777 2178 847 quod,
2235 779 2343 831 Deo
2371 788 2721 846 cooperante,
2780 779 2963 833 eadem
3019 791 3194 834 nostra
3242 797 3365 848 spes
3422 784 3579 837 ﬁrma

2017 881 2336 934 permanens
2377 868 2442 921 ad
2493 878 2729 936 optatum
2776 869 3094 937 perducatur
3138 871 3486 935 desiderium,
3520 882 3583 927 ut

2017 954 2207 1008 merito
2235 969 2298 1008 ex
2329 956 2430 1010 hoc
2456 971 2484 1008 a
2527 956 2673 1023 justo
2704 956 2926 1010 Domino
2956 956 3071 1031 Deo
3107 967 3307 1023 nostro,
3339 959 3492 1014 vobis
3522 962 3580 1013 in

2016 1044 2265 1110 prmseuti
2324 1052 2379 1098 et
2450 1044 2620 1098 futura
2683 1047 2791 1100 vita
2844 1047 3102 1100 tribuatur
3172 1050 3581 1113 remuneratio,

2017 1132 2173 1185 beato
2203 1132 2438 1199 principe
2463 1133 2824 1201 apostolorum
2855 1134 3259 1196 interveniente,
3298 1151 3393 1203 pro
3421 1138 3583 1203 cujus

2016 1234 2198 1274 amore
2226 1220 2277 1274 in
2306 1220 2423 1288 ejus
2470 1220 2754 1275 decertatis
2799 1222 2997 1287 causis,
3032 1221 3243 1290 Ianique
3269 1223 3423 1277 solite
3459 1221 3478 1260 ί
3511 1224 3587 1278 de

2017 1316 2192 1363 vestro
2215 1309 2487 1377 proposito
2514 1308 2703 1363 euecti.
2754 1323 2871 1363 eum
2911 1294 3169 1379 propheta
3214 1324 3451 1363 consona
3490 1324 3588 1363 ea-

2016 1411 2144 1450 nere
2170 1397 2439 1451 valeamus
2472 1412 2603 1452 voce
2629 1415 2641 1450 :
2669 1396 2881 1451 Saluum
2919 1397 3024 1465 fac,
3065 1397 3301 1462 Domine,
3329 1398 3587 1452 Christia-

2017 1488 2281 1541 nissimum
2310 1487 2588 1557 Pippinum
2616 1503 2804 1558 regem,
2832 1504 2979 1557 quem
3014 1488 3124 1541 oleo
3152 1499 3327 1541 sancto
3354 1506 3443 1557 per
3472 1506 3589 1543 ma—

2017 1593 2113 1630 nus
2142 1578 2361 1642 apostoli
2405 1579 2479 1629 tui
2526 1578 2686 1645 ungui
2724 1577 3025 1645 praecepisti,
3057 1586 3103 1631 et
3140 1580 3327 1632 exaudi
3369 1596 3486 1631 eum
3528 1582 3590 1633 ira

2017 1683 2321 1735 quacunque
2349 1666 2431 1719 die
2457 1667 2780 1721 ittvocaverit.
2810 1669 2940 1720 Cum
2972 1668 3050 1722 his
3081 1683 3207 1723 vero
3249 1670 3587 1737 deprecatio-

2024 1756 2178 1808 nibus
2201 1766 2251 1809 et
2284 1757 2383 1809 hoc
2405 1757 2520 1824 ejus
2543 1758 2789 1825 pietatem
2811 1773 3131 1826 quaesumus,
3164 1768 3221 1811 ut
3248 1759 3405 1826 longe
3428 1763 3589 1813 senio

361 1856 464 1909 hac
491 1830 594 1908 vita
623 1856 823 1935 existit,
853 1870 1006 1923 quam
1051 1856 1118 1910 de
1144 1830 1327 1910 vestra
1350 1830 1697 1925 prosperitate
1725 1859 1775 1911 in
1810 1858 1920 1911 Dn-

2029 1848 2167 1915 rcgni
2213 1848 2501 1914 potentiam
2543 1849 2870 1902 excellentia:
2911 1858 3123 1915 vestrm,
3166 1859 3192 1897 ε
3223 1848 3501 1904 οοηιωιίτὶ
3551 1866 3586 1903 a

366 1943 511 1997 mino
536 1944 835 2011 jucundari,
864 1944 913 1997 in
936 1960 1000 1998 eo
1029 1946 1166 2012 quod
1202 1955 1378 1999 vestra
1404 1947 1570 2009 salus,
1600 1957 1799 1999 sancta:
1830 1947 1919 1999 Dei

361 2033 617 2090 Ecclesia:
638 2044 689 2088 et
706 2035 826 2089 ﬁdei
857 2036 1105 2088 exultatio
1130 2045 1205 2100 ,et
1226 2051 1347 2089 vera
1378 2036 1642 2101 defensio,
1663 2036 1687 2072 ι’
1706 2044 1761 2089 ιιι
1782 2051 1922 2090 sem-

363 2140 459 2193 per
481 2124 812 2192 scripsimus,
844 2125 1044 2177 existit.
1073 2124 1221 2179 Unde
1258 2135 1313 2178 et
1346 2139 1375 2176 a
1408 2134 1477 2189 te,
1510 2126 1629 2193 quia
1659 2126 1919 2194 corporali

362 2213 567 2269 visione
613 2213 793 2281 procul
828 2214 894 2267 ab
918 2213 1142 2268 invicem
1184 2215 1548 2291 consistimus,
1588 2230 1681 2282 per
1713 2229 1922 2270 nostras

366 2313 547 2360 tamen
603 2305 889 2360 relationes
916 2320 1098 2360 amore
1144 2317 1327 2361 mutuo
1382 2309 1688 2376 spiritaliter
1712 2310 1919 2364 adnecti

365 2395 751 2450 desideramus.

434 2483 612 2552 Itaque
655 2484 812 2537 nimis
854 2485 1203 2549 deprecamur
1253 2486 1616 2539 excellentiam
1670 2498 1919 2552 vestram,

362 2573 502 2627 sicut
550 2586 645 2641 per
696 2571 988 2625 anteriores
1039 2582 1249 2628 nostras
1301 2574 1502 2627 litteras
1548 2568 1932 2641 postulandum
1988 2579 2010 2591 "

362 2662 676 2727 direximus,
711 2671 767 2715 ut
796 2662 1027 2730 jubcatis
1052 2673 1287 2716 vestrum
1319 2664 1678 2719 fidelis-imum
1703 2667 1921 2719 missum

363 2753 453 2805 hic
478 2751 545 2805 ad
578 2766 676 2810 nos
705 2751 923 2804 Romam
963 2745 1212 2820 dirigere,
1245 2755 1331 2820 qui
1362 2753 1639 2807 nobiscum
1672 2768 1768 2822 pro
1797 2754 1922 2809 insi-

362 2840 468 2894 diis
500 2840 833 2894 inimicorum
860 2841 1125 2893 demorari
1158 2841 1369 2905 debeat,
1397 2857 1492 2907 per
1517 2858 1674 2911 quem
1716 2851 1769 2897 et
1814 2859 1918 2898 me-

362 2931 524 2984 ritum
571 2931 671 2996 rei,
702 2941 762 2986 ut
805 2946 979 2985 causa:
1025 2940 1245 2987 eventus
1290 2936 1543 3003 exegerit,
1597 2936 1924 2989 excellentia:

364 3031 557 3076 vestra:
581 3022 864 3076 debeamus
891 3022 1208 3090 signiﬁcare.
1242 3035 1263 3061 ο
1291 3023 1442 3076 Unde
1468 3038 1607 3077 nunc
1634 3009 1938 3078 direximus

2024 1939 2133 1993 Deo
2161 1947 2405 2005 protecta:
2438 1940 2652 2007 reginae,
2683 1949 2841 2006 atque
2879 1940 3257 1993 amantissimis
3307 1941 3447 1993 natis
3490 1954 3589 1993 ve-

2022 2029 2146 2081 Stris
2174 2027 2385 2081 domuis
2413 2025 2607 2081 Carolo
2636 2037 2689 2081 et
2714 2028 3103 2082 Carolomanno
3145 2028 3415 2093 prmcelsis
3448 2030 3593 2097 regi-

2024 2118 2120 2171 bus
2165 2118 2508 2183 Francorum,
2539 2128 2593 2172 et
2624 2119 2853 2185 patriciis
2885 2119 3263 2185 Romanorum,
3293 2127 3455 2187 atque
3483 2134 3589 2173 no-

2026 2207 2297 2260 bilissima:
2327 2208 2557 2260 domina:
2596 2208 2779 2274 Gislze,
2809 2208 3092 2262 salubriter
3128 2208 3384 2263 concedat
3409 2209 3593 2277 possi-

2022 2295 2545 2360 dendam,‘tribueus
2575 2296 2723 2351 vobis
2768 2306 2824 2350 et
2866 2307 3118 2351 mternam
3170 2299 3223 2352 in
3274 2298 3595 2353 caelestibus

2024 2385 2197 2449 regnis
2231 2383 2603 2438 beatitudinem
2639 2385 3029 2453 perfruendam.
3060 2386 3381 2439 Incolumem
3400 2387 3594 2443 excel-

2025 2470 2236 2525 lentiam
2269 2481 2493 2526 vestram
2522 2474 2686 2539 gratia
2714 2488 2943 2541 superna
2974 2472 3261 2527 cusmdiat.

2562 2563 2887 2617 EPISTULA
2931 2563 3047 2616 XX.

2025 2650 2152 2721 I:et_n
2201 2651 2459 2713 exemplar
2510 2651 2736 2719 epistola:
2786 2652 3012 2721 ejusdem
3062 2665 3205 2719 papa
3232 2652 3299 2703 ad
3324 2651 3597 2721 domuum

2094 2719 2375 2785 Pippinum
2404 2736 2567 2787 regem
2594 2719 2819 2784 diri-clm,
2864 2722 2927 2772 de
2952 2721 3166 2771 sanitate
3194 2722 3274 2771 vel
3316 2720 3597 2771 incolumi-

2094 2798 2193 2841 tate
2218 2792 2325 2858 ejus
2358 2788 2799 2850 percunctandum,
2836 2787 3082 2855 simulque
3109 2798 3154 2840 et
3179 2788 3242 2840 de
3265 2788 3431 2841 missis
3459 2787 3590 2852 suis,

2093 2859 2176 2924 qui
2205 2861 2270 2908 ad
2297 2859 2485 2925 regiam
2512 2858 2713 2924 [uerunt
2746 2858 2922 2909 directi
2953 2858 3145 2909 urbem.

2096 2947 2120 2980 ιι
2152 2946 2374 2999 Domino
2402 2946 2849 2999 excellentissimo
2891 2945 2995 2999 filio
3032 2954 3087 2998 et
3129 2952 3313 3000 nostro
3362 2943 3596 3013 spiritali

2024 3036 2276 3100 compatri
2326 3034 2567 3101 Pippino,
2615 3034 2724 3104 regi
2758 3034 3081 3088 Francorum
3124 3042 3179 3089 et
3212 3033 3434 3103 patricio
3480 3035 3595 3091 Ro-

364 3108 434 3162 ad
460 3119 689 3163 vestram
719 3126 749 3165 a
780 3110 889 3164 Deo
913 3118 1175 3165 servatam
1204 3112 1583 3167 excellentiam
1605 3121 1921 3181 przeseutem
1952 3139 1997 3199 ο
2034 3139 2330 3187 manorum,
2364 3124 2556 3177 mulus
2584 3140 2737 3193 ρυρη,

363 3197 603 3263 Petrum,
635 3199 861 3267 primum
892 3199 1222 3253 defensorem
1262 3208 1457 3253 sanctae
1503 3208 1697 3254 nostra
1739 3201 1921 3255 Eccle-

365 3287 482 3355 siae,
516 3288 877 3343 ﬁdelissimum
924 3290 1160 3351 missum,
1208 3291 1290 3342 cui
1338 3290 1405 3343 de
1434 3290 1677 3343 omnibus
1708 3300 1923 3357 aposto-

365 3380 482 3434 licis
502 3382 676 3434 causis
693 3378 1013 3446 injunximus
1032 3379 1340 3447 benignitati
1366 3389 1555 3433 vestrae
1576 3382 1921 3433 exarandum.

315 3498 320 3504 -
367 3471 535 3537 Quem
562 3470 789 3537 petimus
815 3469 968 3522 hilari
1000 3484 1029 3521 a
1055 3469 1206 3523 vobis
1237 3470 1432 3536 suscipi
1458 3472 1657 3536 animo,
1700 3486 1925 3539 eumque

366 3574 467 3629 pro
509 3574 694 3615 arnore
740 3560 959 3613 fautoris
1002 3560 1163 3613 vestri
1213 3560 1350 3615 beati
1395 3560 1535 3614 Petri
1562 3553 1925 3628 apostolorum

366 3650 620 3718 principis
650 3649 700 3702 in
730 3635 979 3703 omnibus
1007 3658 1303 3716 acceptare,
1342 3659 1499 3717 atque
1527 3652 1721 3704 nostris
1749 3651 1923 3718 preci-

364 3739 465 3793 bus
500 3753 681 3792 aurem
714 3738 1052 3807 benignitatis
1076 3747 1271 3792 vestrae
1301 3739 1709 3794 accommodare
1738 3741 1921 3809 digne-

364 3827 520 3893 mini,
543 3838 597 3882 et
625 3827 690 3881 ad
716 3843 813 3881 nos
839 3843 959 3883 cum
991 3828 1179 3881 cﬂ‘ectu
1204 3837 1362 3896 atque
1392 3829 1701 3884 laetabundis
1726 3833 1925 3886 nuntiis

366 3917 648 3971 absolvere
681 3917 928 3985 jubeatis.
982 3910 1227 3987 Supplici
1267 3919 1662 3988 deprecatione,
1710 3932 1761 3977 te
1787 3924 1926 3979 bone

2099 3214 2394 3268 Prmmissis
2415 3215 2608 3267 nostris
2637 3214 2871 3282 apicibus
2896 3220 2952 3268 et
2978 3213 3223 3269 aﬁ'atibus
3244 3228 3339 3283 per
3370 3206 3597 3270 Oronte.

2024 3305 2249 3375 gandum
2279 3304 2293 3342 ί
2323 3303 2716 3371 etVilkardum,
2744 3307 2847 3360 Deo
2862 3306 3138 3372 amabiles,
3160 3305 3469 3360 ﬁdelissimo
3484 3307 3600 3375 regi

2028 3407 2235 3452 vestros
2263 3398 2275 3446 i
2316 3398 2508 3450 missos
2537 3412 2719 3451 sumus
2743 3396 3031 3470 impensius
3054 3396 3324 3464 deprecati
3345 3396 3601 3450 eximiam

2026 3487 2393 3542 excellentiam
2434 3497 2681 3549 veStram,
2707 3496 2761 3538 ut
2794 3501 2888 3538 nos
2911 3486 3167 3539 certiores
3185 3493 3343 3553 atque
3364 3484 3602 3540 laetiores

2028 3576 2251 3631 reddere
2271 3577 2574 3630 annueretis
2595 3575 2662 3629 de
2688 3583 2862 3629 vestra
2885 3574 3206 3643 amplissima
3229 3575 3509 3643 sospitate,
3542 3584 3602 3628 et

2028 3665 2092 3718 de
2119 3680 2206 3726 eo,
2242 3680 2348 3733 quo
2381 3664 2602 3732 profecti
2650 3665 2794 3727 estis,
2830 3663 3045 3729 itinere,
3081 3662 3307 3731 qualiter
3335 3678 3460 3731 erga
3500 3676 3604 3718 vos

2029 3755 2281 3809 Dominus
2310 3764 2453 3810 esset
2480 3762 2745 3823 operatus.
2780 3756 2846 3808 Et
2883 3755 3007 3809 dum
3040 3763 3184 3808 tanto
3211 3753 3429 3809 evoluta
3458 3762 3603 3810 tem-

2028 3861 2157 3913 pore
2205 3848 2404 3899 nullam
2449 3860 2476 3898 a
2525 3847 2675 3900 vobis
2728 3845 3088 3914 responsionis
3128 3847 3324 3900 seriem
3376 3846 3445 3901 de
3491 3847 3599 3900 hu-

2020 3934 2310 4001 juscemodi
2339 3949 2395 3988 re
2424 3934 2756 4003 agnovimus,
2788 3934 3133 3988 vehementer
3178 3943 3359 3988 noster
3382 3936 3602 3991 attritus

366 4006 667 4060 orthodoxe
696 4023 814 4073 rex,
844 4021 1145 4075 quaesumus
1179 4011 1524 4077 postulantes,
1569 4020 1625 4065 ut
1664 4012 1737 4067 sis
1775 4013 1921 4066 nobis

2029 4033 2105 4077 est
2130 4025 2357 4078 animus.
2392 4026 2460 4077 At
2500 4039 2625 4078 vero
2648 4040 2740 4095 per
2762 4026 3001 4079 diversos
3029 4040 3093 4079 ex
3121 4026 3249 4092 ipsis
3284 4027 3603 4094 regionibus

363 4106 492 4165 post
512 4098 676 4151 Deum
709 4097 889 4151 ﬁrmus
917 4107 1185 4166 protector
1210 4109 1367 4166 atque
1391 4099 1653 4166 defensor,
1683 4111 1925 4156 constan-

364 4197 447 4243 ter
474 4188 527 4242 in
570 4202 636 4242 eo
677 4189 817 4255 quod
859 4190 1068 4258 cmpisti
1115 4190 1255 4243 bono
1301 4206 1363 4244 ac
1410 4192 1499 4258 pio
1545 4194 1926 4262 redemptionis

364 4286 565 4331 sancta:
621 4277 711 4331 Dei
761 4280 1013 4333 Ecclesia:
1100 4293 1418 4347 permanens
1471 4296 1658 4347 opere.
1717 4283 1925 4349 Optime

365 4370 507 4425 enim
538 4368 564 4407 ἀ
596 4372 918 4440 prmcellcuti
948 4381 1135 4427 vestra:
1164 4374 1545 4427 Christianitati
1594 4386 1921 4443 compertum

2025 4112 2297 4166 liminibus
2327 4114 2693 4180 apostolorum
2744 4114 3088 4168 advenientes
3122 4115 3429 4183 peregrinos
3457 4116 3603 4170 didi-

2028 4200 2198 4253 cimus
2236 4202 2489 4267 sospitem
2519 4208 2570 4253 te
2598 4201 2663 4253 ad
2709 4203 2942 4269 propria,
2975 4202 3465 4271 praecellentissimo
3494 4203 3598 4269 ﬁli,

2022 4299 2075 4342 et
2102 4289 2351 4356 Spiritalis
2397 4298 2691 4357 compater,
2740 4303 2880 4352 esse,
2913 4300 3180 4344 annuente
3229 4290 3361 4355 Deo,
3410 4304 3599 4346 rever-

2023 4393 2159 4433 sum.
2185 4379 2333 4433 Unde
2354 4394 2543 4447 magno
2564 4379 2755 4445 gaudio
2776 4388 2957 4433 noster
2974 4380 3181 4434 animus
3203 4380 3469 4435 relevatus
3486 4390 3596 4439 est.

367 4462 549 4518 existit
576 4471 768 4530 quanta
795 4464 1070 4532 qualisque
1099 4465 1169 4516 sit
1195 4464 1351 4532 impia
1384 4465 1754 4520 haereticorum
1786 4465 1931 4521 Grae-
1958 4457 2006 4514 Ι)
2100 4467 2459 4534 Quapropter,
2502 4468 2775 4521 destinatis
2820 4467 3170 4536 pratscntibus
3215 4471 3417 4525 nostris
3460 4484 3596 4540 apo-

369 4572 556 4612 corum
598 4558 818 4621 malitia,
866 4558 1129 4611 inhianter
1160 4566 1182 4593 ο
1216 4558 1551 4624 meditantes,
1597 4568 1756 4629 atque
1804 4562 1928 4615 insi-

370 4648 599 4712 dientes,
638 4648 864 4716 qualiter
896 4648 1003 4700 Deo
1031 4648 1138 4700 illis
1185 4650 1452 4702 contrario
1482 4659 1714 4703 sanctam
1746 4652 1929 4705 catho-

368 4739 525 4791 licam
581 4746 635 4790 et
688 4737 1024 4805 apostolicam
1097 4737 1385 4791 Ecclesiam
1433 4728 1710 4794 humiliare
1770 4752 1929 4810 atque

372 4825 707 4892 conculcare,
735 4834 788 4879 et
821 4826 973 4878 ﬁdem
1005 4826 1375 4890 orthodoxam,
1418 4837 1576 4896 atque
1622 4837 1926 4885 sanctorum

368 4926 579 4985 patrum
613 4917 968 4981 traditionem,
1002 4917 1276 4971 destruere
1308 4919 1534 4987 possint.

440 5005 544 5061 Sed
571 5017 646 5071 tu,
678 5006 815 5059 bone
847 5006 1209 5071 potentissime
1231 5022 1344 5072 rex,
1380 5007 1618 5070 viriliter,
1646 5008 1783 5061 sicut
1805 5023 1928 5062 vere

310 5101 313 5105 '
367 5095 717 5158 orthodoxus,
745 5094 944 5147 eisdem
975 5095 1145 5163 impiis
1175 5096 1740 5158 resistere-hmreticis,
1770 5106 1926 5163 atque
1966 5163 1973 5168 ﬁ

368 5187 523 5241 solite
550 5196 784 5237 sanctam
817 5185 907 5238 Dei
948 5184 1260 5249 Ecclesium,
1294 5197 1346 5240 et
1382 5185 1800 5240 Christianorum
1832 5200 1922 5239 or-

370 5274 660 5329 thodoxam
692 5271 871 5334 ﬁdem,
904 5281 993 5326 tuo
1039 5290 1068 5326 a
1119 5274 1228 5327 Deo
1258 5283 1496 5343 protecto
1524 5273 1721 5327 auxilio
1766 5283 1926 5341 atque

440 5394 468 5454 ἐ
494 5386 679 5439 Lamb.
714 5394 767 5437 et
794 5385 992 5449 Grets.,
1024 5386 1298 5454 persolvere
1324 5386 1565 5437 debitum;

438 5453 465 5490 ι)
496 5454 705 5517 Lamb.,
736 5464 785 5505 ut
818 5472 949 5521 sirpe
971 5453 1284 5522 scripsimus,
1317 5455 1516 5517 existit;
1546 5453 1681 5506 unde
1704 5463 1752 5506 et
1784 5456 1920 5521 quia.

441 5537 463 5563 ε
500 5526 661 5588 Idem,
686 5526 821 5575 unde
847 5540 993 5589 apere
1016 5526 1310 5575 direximus.
1477 5581 1479 5583 ,

439 5592 462 5631 δ
494 5594 654 5657 ldum,
682 5596 1028 5661 pra'celleutia:
1053 5604 1225 5646 vestra:
1249 5593 1622 5646 C/trislianitas.

442 5672 463 5699 ο
499 5664 658 5727 Idem,
690 5665 1035 5715 niedttuntium
1064 5672 1211 5731 atque
1236 5663 1603 5716 insidiantium.

446 5731 464 5775 τ
498 5732 656 5798 Idem,
688 5736 748 5785 de
776 5742 932 5787 uestro
958 5732 1061 5799 pio.

2030 4557 2230 4609 stolicis
2276 4556 2513 4624 syllabis,
2546 4556 2859 4610 visitatio‘nis
2889 4569 3071 4622 causa,
3122 4557 3318 4611 obnixe
3361 4559 3598 4626 petimus

2031 4655 2096 4705 ut.
2138 4647 2377 4700 sublimis
2428 4654 2599 4699 vestra
2650 4645 2963 4700 excellentia
3015 4647 3329 4714 quantocius
3379 4661 3479 4701 nos
3522 4647 3597 4705 do

2029 4733 2351 4800 amplissima
2379 4720 2751 4786 incolumitatis
2780 4742 2974 4786 vestra:
2998 4734 3252 4801 sospitate
3279 4733 3431 4786 ltetos
3466 4734 3596 4789 red-

2027 4822 2188 4886 dere,
2234 4821 2559 4890 signiﬁcans,
2610 4820 3048 4874 christianissime
3090 4820 3186 4884 ﬁli,
3233 4830 3287 4874 et
3331 4820 3595 4888 Spiritalis

2028 4922 2315 4980 compater,
2366 4911 2593 4977 qualiter
2643 4924 2765 4977 erga
2820 4924 2935 4975 vos,
2980 4920 3033 4964 et
3082 4909 3593 4968 excellentissimam

2030 5001 2210 5063 ﬁliam,
2237 5013 2288 5055 et
2330 5000 2618 5069 spiritalem
2674 5008 2908 5053 nostram
2956 5006 3325 5066 commatrem,
3366 5006 3424 5051 et
3467 4995 3597 5055 ex!-

2028 5093 2160 5147 mios
2196 5090 2221 5127 ¹ί
2254 5092 2409 5153 ﬁlios,
2456 5102 2657 5157 agatur,
2690 5098 2747 5142 ut
2792 5099 2971 5143 noster
3001 5089 3209 5142 animus
3253 5078 3482 5157 maxima
3502 5088 3595 5155 ju.
3664 5140 3673 5143 ,,

2027 5181 2308 5235 cunditatis
2336 5180 2562 5233 exsultet
2604 5179 2803 5241 laetitia,
2836 5179 3082 5245 quoniam
3129 5179 3293 5231 nimio
3317 5175 3597 5232 desiderio

2025 5271 2367 5326 fervescimus
2412 5279 2643 5323 vestram
2694 5268 2873 5322 sedule
2919 5267 3198 5323 addiscere
3246 5266 3596 5339 sospitatell,

2097 5394 2121 5431 κ
2146 5383 2353 5447 Lamb.,
2387 5391 2431 5434 et
2448 5383 2667 5451 spiritali
2687 5392 2869 5436 nostri:
2895 5382 3174 5435 commatri.

2092 5452 2118 5491 ιι
2148 5454 2344 5506 Grets.:
2368 5450 2573 5504 Summ.
2599 5451 2649 5515 Ei,
2673 5453 2810 5516 apud
2839 5453 2955 5506 Dor.
2989 5462 3042 5507 et
3065 5451 3363 5512 Centuriat.

2099 5521 2113 5559 ί
2151 5522 2354 5587 I.amb.,
2383 5520 2727 5586 Half/tardum

2098 5593 2112 5639 i
2154 5590 2318 5653 Idem,
2346 5591 2435 5641 visi
2462 5605 2657 5641 sumus.

2093 5660 2114 5699 ι
2150 5659 2313 5726 Idem,
2343 5668 2528 5713 vestros
2548 5658 2701 5726 ﬁlios.
