3910 6234
260 256 399 311 H73

1699 240 2074 296 EPISTULA}.

3359 231 3492 284 1178

251 375 308 417 et
335 365 409 416 de
438 369 609 417 vestro
636 359 829 431 gaudio
857 357 1147 412 exsultare.
1184 353 1446 421 Quoniam
1476 362 1652 407 vestra
1680 353 1824 405 salus
1856 358 1900 414 Α
1930 350 2268 419 postulatimii
2310 359 2483 402 vestra
2531 346 2783 416 praeclara
2827 343 3140 399 excellentia
3188 358 3369 396 aurem
3402 360 3489 395 ac-

254 452 513 509 exaltatio
559 460 644 506 est
689 459 889 502 sanctre
942 448 1128 501 matris
1182 452 1375 499 vestra:
1426 443 1677 496 Ecclesia:
1708 482 1721 504 ,
1771 450 1827 494 et

261 542 599 611 prosperitas
627 547 802 592 vestra
832 545 1010 591 nostra
1042 550 1164 590 esse
1207 534 1464 604 probatur
1494 532 1697 585 lmtitia.
1724 530 1825 582 Ita-

254 647 388 702 que,
440 628 933 700 pracellentissime
980 628 1074 692 fili,
1123 635 1175 680 et
1232 624 1487 693 spiritalis
1532 630 1826 688 compatt-r,

254 723 401 777 bone
424 735 478 776 et
503 720 702 790 optime
732 733 850 781 rex,
899 731 1027 772 ecce
1054 717 1311 769 hactenus
1350 714 1549 767 nullam
1580 711 1659 765 rei
1692 711 1830 763 veri—

258 820 429 866 tatem
458 809 525 864 de
569 806 765 863 nostris
814 807 1012 870 missis,
1056 806 1206 872 quia
1234 803 1378 871 regia
1434 803 1653 870 profecti
1707 808 1830 851 sunt

256 897 415 962 urbe,
448 896 723 949 addiscere
751 893 1032 948 valuimus.
1081 892 1213 944 Dum
1247 905 1375 944 vero
1412 889 1489 943 rei
1537 902 1830 956 agnoscere

254 985 587 1056 potuerimus
618 985 923 1047 veritatem,
955 981 1232 1037 confestim
1263 980 1471 1036 eximia
1495 978 1829 1033 excellentia:

254 1057 556 1143 dirigemus
584 1072 638 1125 in
669 1072 967 1139 responsis.

330 1160 427 1217 His
467 1161 780 1231 praemissis,
822 1160 988 1213 Deum
1019 1158 1141 1214 coeli
1189 1158 1440 1227 petimus,
1484 1166 1540 1209 ut
1585 1156 1735 1208 vobis
1775 1162 1830 1205 et

256 1256 543 1324 praesentis
586 1253 709 1305 vita)
758 1252 1143 1320 longaevitatem
1187 1260 1241 1304 et
1292 1250 1439 1317 regni
1470 1246 1830 1312 gubernacula

255 1361 382 1401 cum
410 1343 847 1400 excellentissima
897 1343 1081 1413 regina
1121 1341 1250 1406 filia,
1283 1349 1337 1394 et
1378 1339 1605 1406 spiritali
1651 1346 1831 1391 nostra

256 1443 584 1499 eommatre,
616 1432 1054 1487 cbristianissima
1092 1431 1295 1499 regina,
1322 1438 1599 1494 vestraque
1627 1424 1830 1479 dulcis—

255 1523 397 1578 sima
435 1522 683 1591 conjuge,
713 1532 870 1590 atque
905 1519 1284 1573 amantissimis
1322 1517 1517 1573 vestris
1546 1516 1706 1577 natis,
1736 1529 1830 1567 no-

256 1614 497 1681 strisque
549 1609 692 1677 filiis,
724 1609 911 1664 iisdem
954 1608 1163 1663 eximiis
1213 1608 1446 1675 regibus,
1497 1614 1551 1660 et
1595 1603 1830 1672 patriciis

257 1704 642 1763 Romanorum,
676 1699 1051 1769 perfruendum
1100 1698 1379 1757 concedat,
1408 1703 1462 1749 et
1486 1694 1716 1749 cmlestis
1742 1706 1827 1746 re-
1856 1680 1903 1739 B

256 1793 352 1860 gni
391 1790 677 1859 participes
730 1787 906 1851 faciat,
962 1801 1165 1855 nosque
1220 1784 1491 1853 permittat
1536 1782 1602 1834 de
1653 1788 1829 1833 vestra

259 1878 595 1947 amplissima
636 1878 892 1944 sospitate
938 1889 1150 1943 semper
1192 1872 1463 1942 gratulari.
1510 1869 1829 1923 Incolumem

263 1968 639 2024 excellentiam
664 1973 892 2019 vestram
918 1963 1083 2033 gratia
1114 1977 1341 2029 superna
1375 1958 1662 2014 custodiat.

791 2074 1122 2130 EPISTOLA
1162 2073 1301 2127 XXI.

259 2169 400 2224 Item
448 2170 704 2237 exentplar
740 2166 967 2237 epistola
1008 2165 1426 2237 ejusdenryapte
1472 2163 1542 2215 (id
1576 2161 1834 2237 damnum

334 2231 621 2307 Pippinum
663 2252 852 2307 regent_
872 2231 1098 2297 directis,
1130 2235 1192 2285 de
1221 2231 1422 2307 Marino
1453 2232 1761 2307 presbytero,
1782 2236 1833 2301 et

328 2301 456 2378 ejus
474 2308 646 2376 iniquo
674 2301 907 2368 consilio,
936 2312 983 2357 ιι
1014 2306 1075 2355 de
1103 2302 1477 2355 consecratione
1512 2301 1688 2367 ipsius.

330 2428 360 2455 ι
393 2418 597 2473 Domno
640 2415 1094 2471 excellentissimo
1137 2414 1245 2467 lilio
1284 2421 1339 2467 et
1378 2422 1563 2468 nostro
1607 2413 1832 2479 spiritali

260 2510 524 2579 compatri
553 2508 798 2576 I’ippino,
825 2507 935 2575 regi
968 2506 1291 2561 Francorum
1313 2513 1367 2559 et
1389 2503 1611 2572 patricio
1641 2502 1831 2557 Roma-

262 2614 475 2665 norum,
508 2599 705 2653 Paulus
727 2611 883 2665 papa.

336 2690 568 2743 Omnino
597 2697 929 2754 compertum
976 2684 1137 2739 habet
1175 2693 1348 2737 vestra
1386 2680 1835 2736 Christianissima

263 2777 583 2832 excellentia
624 2775 850 2843 qualiter
880 2774 1110 2827 Marinus
1151 2772 1430 2840 presbyter
1475 2778 1654 2822 noster
1679 2766 1703 2804 δ
1732 2767 1833 2819 ibi—

270 2869 393 2922 dem
422 2868 487 2920 ad
524 2881 621 2920 vos
646 2874 901 2929 moratur,
935 2864 1111 2931 iniqua
1138 2863 1449 2932 operatione
1500 2868 1681 2914 contra
1708 2872 1833 2912 sau-

260 2967 402 3009 ctam
447 2954 538 3009 Dei
590 2954 907 3018 Ecclesiam,
969 2953 1233 3020 fidemque
1277 2950 1669 3015 orthodoxam,
1725 2950 1833 3001 Deo

262 3047 364 3101 sibi
414 3047 701 3109 contrario,
747 3060 867 3099 cum
918 3043 1146 3111 Georgio
1195 3042 1427 3109 quodam
1485 3040 1747 3109 imperiali
1803 3056 1830 3093 a

263 3136 507 3201 secretis,
552 3136 771 3191 consilia
821 3134 932 3189 sedi
986 3142 1180 3187 nostra:
1227 3132 1489 3186 contraria
1539 3142 1593 3185 et
1642 3142 1833 3186 vestrae

266 3225 430 3280 simili
478 3224 637 3281 modo
670 3235 691 3262 α
736 3224 978 3291 ingerere
1027 3222 1267 3288 cupiens.
1323 3221 1474 3285 Quod
1524 3221 1734 3288 quidem
1781 3230 1836 3274 et

266 3313 409 3369 idem
462 3315 748 3381 imperator
776 3324 968 3366 vestra:
999 3325 1027 3363 a
1060 3311 1169 3364 Deo
1200 3319 1454 3379 protectae
1500 3310 1834 3364 excellentia:

266 3419 362 3471 per
408 3419 530 3457 suas
560 3403 789 3456 innotuit
838 3402 1060 3456 litteras.
1110 3400 1259 3455 Unde
1287 3398 1311 3436 ἀ
1342 3401 1465 3467 quia
1498 3399 1831 3452 defensorem

270 3493 394 3549 fidei
424 3492 735 3547 orthodoxae
762 3500 919 3558 atque
960 3498 1401 3559 propugnatorem
1446 3489 1618 3556 gregis
1649 3490 1726 3541 sui
1752 3490 1833 3542 vel

269 3582 451 3652 populi
479 3583 763 3637 Christiani
795 3577 1132 3635 liberatorem
1180 3579 1691 3633 Cliristiauissimam
1744 3578 1835 3629 b0-

268 3674 490 3725 nitatem
519 3680 749 3725 vestram
781 3672 963 3725 beatus
1003 3669 1273 3736 apostolus
1320 3678 1373 3721 et
1418 3669 1667 3735 princeps
1710 3682 1837 3734 apu-

270 3762 531 3815 stolorum
560 3762 746 3815 Petrus
788 3760 981 3829 eligere
1007 3768 1061 3811 et
1089 3760 1407 3811 confirmare
1448 3756 1693 3824 dignatus
1723 3766 1828 3819 est,

272 3849 471 3903 idcirco
516 3849 828 3915 adoptamus
878 3830 1035 3914 atque
1065 3848 1412 3914 deprecamur
1457 3844 1709 3895 eximiam
1743 3843 1833 3896 bo-

278 3942 499 3993 nitatem
531 3948 779 3998 vestram,
812 3939 1010 4003 optime
1066 3953 1179 3998 rex,
1228 3945 1280 3988 et
1334 3935 1583 4001 spiritalis
1624 3949 1837 3999 compa-

273 4037 375 4090 ter.
407 4038 464 4081 ut
489 4028 674 4095 jubeas
704 4026 1042 4080 sanctissimo
1067 4027 1212 4077 fratri
1258 4034 1440 4078 nostro
1474 4034 1496 4060 ε·
1536 4023 1839 4077 Wulellario

268 4120 519 4186 episcopo
544 4117 832 4184 praecipere
860 4125 1118 4178 quatenus
1146 4113 1260 4178 ipse
1293 4111 1538 4164 eumdem
1583 4112 1838 4165 Marinum

271 4205 684 4273 presbyterum,
745 4209 921 4255 nostra
970 4202 1109 4264 vice,
1162 4202 1468 4265 episcopum
1523 4212 1838 4251 consecrare

1926 436 2265 492 commodare
2292 436 2557 505 dignetur,
2609 442 2870 504 quatenus
2912 443 2967 484 et
3018 431 3109 482 ille
3156 444 3376 482 securus
3422 430 3491 482 de

1927 525 2290 594 hujuscemodi
2322 539 2379 577 re
2411 524 2680 592 persistat,
2709 531 2763 576 et
2791 535 2886 574 nos
2909 535 3004 588 pro
3033 530 3208 573 vestra
3232 519 3489 572 immensa

1927 615 2106 668 Imtitia
2132 624 2288 681 atque
2308 614 2577 680 sospitatis
2605 612 2799 680 gaudio
2821 610 3181 663 indesinenter
3204 608 3485 663 Dominum

1929 702 2094 757 Deum
2118 702 2237 758 coeli
2262 716 2486 757 exurare
2510 702 2811 769 iubeamus.
2848 700 2990 753 Betae
3017 698 3209 752 valete.

2431 809 2756 863 EPISTULA
2799 808 2962 862 XXII.

1932 905 2061 956 Item
2107 903 2361 970 exemplar
2408 900 2636 964 epistola:
2673 901 2898 966 ejusdem
2950 913 3096 970 papa:
3249 896 3489 948 domum

1996 975 2232 1025 Curatum
2250 966 2297 1022 et
2321 970 2746 1022 Curolomauunm
2772 983 2912 1035 rcges
2932 969 3156 1025 direc'm,
3180 966 3232 1017 iu
3254 981 3355 1029 qua
3375 978 3503 1016 σου-λ

1998 1044 2218 1092 tinen'ur
2244 1041 2534 1108 gratiarum
2558 1039 2802 1100 actiones,
2835 1034 2883 1087 et
2998 1036 3181 1086 litteris
3206 1035 3270 1085 ab
3298 1035 3371 1087 eis
3409 1034 3487 1084 di-

1998 1112 2178 1169 rectis,
2209 1104 2261 1158 ei
2286 1121 2337 1159 ut
2373 1122 2488 1159 cum
2516 1104 2535 1141 ί
2568 1107 2773 1158 domino
2808 1105 3033 1173 genitore
3076 1119 3251 1157 eorum
3292 1118 3489 1169 semper

1998 1194 2090 1245 pro
2140 1178 2430 1244 defensione
2469 1186 2661 1230 sancta
2707 1172 2821 1228 Dei
2844 1172 3082 1226 Ecclesia
3120 1174 3373 1225 decertare
3398 1174 3493 1224 de-

1998 1250 2162 1299 beant.

2000 1349 2025 1386 ε
2056 1338 2273 1392 Domnis
2313 1336 2776 1393 excellentissimis
2807 1334 2932 1389 filiis
2977 1332 3169 1387 Carolo
3198 1332 3255 1385 et
3278 1329 3491 1383 Carolo.
3574 1314 3585 1319 ’

1930 1443 2126 1481 mauno
2154 1429 2368 1495 regibus
2399 1426 2725 1481 Francorum
2755 1434 2809 1481 et
2838 1423 3072 1494 patriciis
3104 1421 3491 1483 Romanorum,

1932 1517 2124 1571 Paulus
2152 1531 2306 1585 papa.

1998 1608 2204 1673 Quanto
2229 1606 2440 1661 decoris
2466 1606 2639 1660 nitore
2675 1604 2870 1674 regalis
2897 1603 3078 1672 gloria:
3111 1601 3375 1671 fastigium
3401 1614 3492 1653 or-

1931 1698 2090 1764 netis,
2107 1713 2173 1752 ex
2205 1697 2305 1752 hoc
2328 1698 2508 1766 utique
2533 1695 2782 1751 omnibus
2805 1703 3042 1765 patenter
3062 1693 3220 1748 datur
3247 1693 3490 1760 intelligi,

1929 1786 2053 1839 dum
2084 1787 2358 1851 nimirum,
2402 1786 2538 1839 sicut
2577 1786 2832 1855 praeclaro
2860 1799 3055 1854 genere
3080 1781 3204 1845 orti,
3238 1784 3339 1850 piis
3366 1796 3493 1848 ope-

1929 1879 2075 1934 ribus
2103 1891 2166 1932 ac
2210 1877 2381 1946 dignis
2423 1877 2675 1931 videmini
2725 1877 2976 1930 illustrari
3030 1875 3290 1929 moribus.
3340 1873 3494 1928 Unde

1884 2039 1889 2043 _
1931 1982 2089 2021 unam
2118 1966 2330 2035 quidem
2379 1966 2534 2035 hujus
2580 1967 2745 2020 divini
2788 1967 3021 2021 muneris
3062 1965 3282 2033 gratiam
3324 1968 3495 2031 possi-

1929 2059 2067 2113 detis
2096 2073 2161 2111 cx
2206 2073 2424 2128 genere,
2469 2069 2521 2111 et
2558 2058 2658 2112 alia
2689 2058 2922 2112 fruimini
2968 2073 3032 2111 ex
3061 2071 3243 2125 Opere.
3284 2057 3352 2111 Et
3394 2070 3493 2110 nec

1933 2149 2148 2214 mirum,
2172 2149 2215 2200 si
2241 2147 2400 2202 tantis
2426 2148 2499 2201 inf
2504 2148 2605 2200 nlis
2626 2148 2808 2217 gloria:
2834 2146 3080 2199 nobilitas
3101 2154 3275 2200 vestra
3306 2145 3491 2213 pollet.

1930 2238 2054 2291 dum
2102 2239 2339 2306 profecto
2389 2237 2643 2304 scriptum
2691 2244 2819 2290 est:
2857 2235 2884 2273 1·
2919 2234 3190 2290 Generatio
3241 2248 3491 2291 rectorum
3532 2268 3535 2269 ν

1934 2328 2269 2384 benedicatur.
2321 2327 2689 2382 Glbrificamus
2730 2328 2872 2381 enim
2912 2335 3069 2395 atque
3107 2327 3490 2381 conlaudamus

1936 2418 2026 2471 Dei
2076 2418 2240 2471 nostri
2290 2417 2627 2471 clementiam
2682 2418 2770 2483 qui
2822 2424 3021 2470 tantam
3069 2416 3217 2469 vobis
3264 2415 3491 2482 Spiritus

1931 2507 2100 2562 sancti
2141 2506 2360 2574 gratiam
2403 2506 2644 2572 contulit,
2687 2504 2798 2573 jam
2852 2517 3044 2575 nempe
3089 2506 3492 2572 pmdestinatos

1932 2611 2027 2651 vos
2063 2595 2265 2662 habuit,
2298 2607 2579 2664 antequam
2616 2596 2686 2649 de
2726 2604 2968 2650 materno
2997 2597 3281 2665 prodiretis
3316 2606 3489 2659 utero,

1931 2684 2178 2755 quoniam
2209 2682 2223 2721 ί
2249 2701 2372 2752 quos
2409 2686 2679 2752 prwscivit,
2707 2696 2753 2738 et
2779 2686 3183 2757 prcedestinavit;
3210 2702 3334 2751 quos
3360 2700 3491 2751 pra:-

1934 2764 2224 2843 destiuavit,
2260 2776 2350 2828 Ita:
2380 2783 2425 2828 et
2461 2777 2672 2839 vocavit,
2701 2776 2816 2828 illos
2862 2787 2911 2828 et
2952 2775 3313 2844 magniﬁcavit.
3360 2775 3493 2829 Vere

1932 2865 2072 2918 enim
2121 2866 2475 2935 magnificavit
2507 2865 2759 2919 Dominus
2784 2864 3201 2920 misericordiam
3230 2880 3378 2919 suam
3404 2878 3491 2918 su-

1939 2970 2031 3023 per
2072 2970 2183 3018 vos,
2220 2964 2275 3007 et
2313 2955 2367 3008 in
2407 2969 2558 3023 reges
2600 2970 2695 3023 per
2737 2938 2914 3008 suum.
2937 2955 3233 3024 apostolum
3278 2954 3490 3008 beatum

1939 3044 2149 3097 Petrum
2180 3059 2275 3097 vos
2313 3059 2551 3113 unguens
2590 3042 2896 3097 defensores
2926 3052 3126 3097 sanctze
3151 3058 3263 3096 sua:
3309 3042 3493 3096 Eccle-

1934 3136 2027 3189 sia:
2063 3145 2219 3202 atque
2256 3134 2376 3188 fidei
2414 3134 2725 3188 orthodoxa:
2753 3135 3046 3200 constituit,
3090 3143 3147 3186 ut
3186 3133 3493 3202 participes,

1937 3226 1987 3277 in
2018 3224 2118 3277 hoc
2145 3225 2283 3278 b0u0
2308 3238 2487 3291 opere,
2521 3224 2679 3278 vestri
2716 3222 3157 3277 Christianissimi
3188 3223 3493 3276 efficiamiui

1936 3314 2211 3383 genitoris,
2247 3330 2341 3382 pro
2370 3330 2472 3380 quo
2498 3314 2653 3382 digna
2682 3312 2829 3367 vobis
2861 3314 2963 3366 erit
3001 3312 3055 3366 in
3083 3313 3391 3366 cmlestibns
3417 3327 3494 3365 rc-

1933 3406 2048 3475 gnis
2070 3420 2188 3459 cum
2208 3420 2272 3459 co
2295 3420 2545 3459 concessa
2568 3402 2941 3467 remuneratio,
2962 3410 3018 3457 et
3041 3418 3162 3457 cum
3184 3403 3327 3456 omni
3346 3403 3496 3456 eritis

1936 3506 2240 3549 sanctorum
2270 3496 2559 3563 compulati
2585 3494 2826 3563 collegio.
3152 3492 3159 3499 ’

2011 3586 2209 3639 Interea
2251 3600 2499 3639 reversus
2535 3586 2600 3638 ad
2640 3600 2736 3637 nos
2775 3585 2961 3638 Petrus
2999 3584 3198 3651 primus
3238 3584 3489 3638 defenso-

1940 3692 2053 3729 rum
2097 3675 2293 3728 missus
2334 3682 2515 3727 uoster
2553 3673 2744 3727 detulit
2782 3673 2972 3735 nobis,
3011 3688 3142 3741 quas
3179 3674 3448 3726 direxistis
3477 3715 3492 3736 ,

1939 3763 2141 3816 litteras
2168 3779 2180 3827 ;
2215 3762 2407 3828 quibus
2438 3763 2649 3815 relectis
2672 3800 2685 3825 ,
2718 3776 2904 3829 magna
2934 3776 3028 3815 eor
3053 3771 3291 3815 nostrum
3324 3766 3494 3831 reple-

1940 3861 2047 3905 tum
2092 3861 2172 3903 est
2204 3851 2414 3903 latitia.
2457 3852 2559 3903 Per
2592 3853 2687 3904 has
2715 3852 2911 3919 quippe
2949 3852 3275 3914 innotuistis,
3318 3854 3495 3905 excol-

1941 3942 2218 3995 lentissimi
2264 3951 2422 4008 atque
2464 3940 2942 4008 prtecelletitissinti
2986 3941 3110 4008 filii,
3154 3957 3246 3995 vos
3284 3957 3495 4009 semper

1945 4033 1999 4085 in
2041 4047 2224 4083 amore
2268 4030 2406 4083 beati
2442 4029 2621 4093 Petri,
2653 4038 2707 4083 et
2737 4031 3025 4097 Spiritualis
3062 4032 3247 4085 matris
3278 4040 3496 4096 vestrm,

1939 4132 2140 4175 sanctzn
2182 4119 2279 4173 Dei
2324 4120 2576 4173 Ecclesia:
2599 4160 2612 4181 ,
2644 4129 2802 4187 atque
2840 4129 3057 4185 nostro,
3090 4134 3210 4175 esse
3249 4114 3496 4188 perman-

1941 4226 2094 4262 suros
2119 4249 2133 4271 ,
2174 4218 2229 4262 et
2267 4210 2493 4261 viriliter
2529 4208 2901 4262 dccertaturos
2952 4196 3048 4275 pro
3099 4209 3264 4277 ipsius
3302 4218 3498 4262 Sancte

270 4293 482 4356 debeat,
527 4302 579 4346 et
617 4293 668 4343 in
711 4305 811 4342 una
840 4290 1114 4343 civitatqu
1147 4298 1441 4341 vestrarum
1490 4285 1593 4339 illis
1627 4288 1676 4337 in
1718 4300 1837 4353 par-
1866 4321 1914 4379 υ
1946 4301 2035 4353 De;
2066 4299 2319 4352 Ecclesia,
2359 4307 2519 4367 mque
2559 4298 2678 4352 ﬁdei
2719 4299 3032 4353 οηιιοάοιω
3068 4300 3397 4353 defensione.
3431 4301 3497 4354 Et

271 4385 409 4439 tibus
433 4384 738 4445 constituta,
781 4382 831 4432 in
872 4394 972 4446 qua
1012 4380 1317 4447 prtevidcrlt
1349 4386 1521 4431 vestra
1562 4377 1837 4443 sapientis-

268 4475 404 4527 sima
447 4473 744 4535 eximietas,
792 4486 912 4524 eum
954 4472 1202 4523 ordinare
1232 4470 1530 4537 disponite,
1580 4476 1839 4535 quatenus

270 4562 557 4631 perpetrati
602 4562 818 4615 sceleris
850 4562 929 4612 sui
976 4560 1282 4622 recordans,
1334 4574 1394 4612 se
1446 4558 1623 4625 inique
1668 4559 1839 4625 egisse

270 4652 545 4717 pmniteat,
579 4664 644 4703 ne
677 4651 728 4702 in
756 4664 838 4711 eo,
866 4650 1003 4717 quod
1046 4649 1203 4712 absit,
1231 4649 1479 4715 antiquus
1508 4648 1720 4700 humani
1748 4663 1838 4716 ge-

277 4743 423 4796 neris
451 4741 619 4794 hostis
647 4748 879 4793 mentem
912 4740 1050 4791 illius
1073 4748 1349 4807 vagantem
1379 4739 1655 4791 inveniens
1685 4738 1838 4806 quasi

270 4829 322 4883 in
370 4830 598 4882 sublime
640 4828 882 4889 extollat,
914 4828 1311 4892 smvissimeque
1352 4827 1725 4893 quoquomodu
1752 4841 1840 4877 va-

271 4918 375 4972 leat
415 4918 647 4971 funditus
686 4918 1014 4985 disperdere.
1065 4916 1167 4971 Sed
1204 4918 1391 4984 magis,
1438 4925 1496 4967 ut
1524 4916 1839 4969 confidimus

271 5007 321 5062 in
354 5021 580 5062 vestram
604 5007 1032 5074 benignissimam
1065 5007 1459 5069 excellentiam,
1492 5015 1647 5073 atque
1675 5022 1701 5057 a
1732 5006 1840 5059 Deo

272 5101 578 5166 praeclaram
606 5099 784 5152 cordis
826 5098 985 5152 vestri
1037 5096 1421 5161 dilatationem,
1472 5098 1595 5149 huic
1645 5108 1842 5151 nostra:

340 5234 369 5296 ς’
395 5226 606 5280 Grets.:
636 5227 840 5280 Summ.
871 5227 923 5291 4,
950 5228 1085 5296 apud
1112 5228 1229 5281 Bar.
1262 5238 1314 5283 et
1342 5228 1632 5282 Centuriat.

340 5293 370 5333 δ
401 5296 609 5356 Lamb.,
641 5298 727 5361 qui
750 5299 952 5348 ibidem.

342 5375 365 5431 εξ
399 5362 565 5425 Idem,
583 5367 828 5431 jungere.

335 5428 561 5496 d.‘Itlem,
586 5428 706 5495 qua:

340 5508 367 5536 θ
396 5499 560 5562 Idem,
596 5500 898 5552 Wilchario.

346 5567 363 5603 ί
398 5567 539 5623 idem
590 5570 776 5624 domne
808 5580 854 5623 rt
877 5572 1118 5639 genitore.

1939 4389 2153 4458 quidem
2192 4388 2380 4451 nobis,
2413 4387 2537 4440 boni
2576 4389 3059 4456 prmcelleutissimi
3102 4402 3284 4456 reges,
3312 4390 3380 4441 de
3413 4404 3497 4441 ve.

1938 4488 2045 4531 stra
2079 4480 2228 4530 firma
2263 4477 2632 4544 hujuscemodi
2662 4478 2961 4530 constantia
2990 4477 3206 4530 omnino
3234 4479 3499 4531 confiden-

1936 4565 2061 4619 dum
2110 4574 2221 4626 est,
2272 4580 2513 4633 magnam
2566 4573 2685 4632 post
2733 4565 2896 4616 Deum
2948 4562 3001 4616 in
3049 4563 3199 4617 vobis
3248 4565 3500 4617 'iabcntes

1940 4668 2113 4720 spent.
2161 4653 2266 4707 Sed
2308 4654 2643 4719 omnipotens
2685 4653 2971 4715 Durniuus,
3000 4653 3099 4720 qui
3137 4653 3285 4705 dives
3326 4665 3407 4706 cst
3448 4655 3498 4704 iu

1941 4744 2354 4808 niisericordiis,
2391 4745 2457 4797 ad
2497 4744 2787 4808 perfectam
2819 4759 2913 4798 vos
2950 4744 3204 4811 perducat
3240 4755 3486 4810 :etateiu,

1941 4837 2181 4889 tribuens
2208 4836 2357 4888 vobis
2386 4836 2622 4903 longmva
2648 4850 2710 4888 ac
2739 4817 2915 4888 felicia
2946 4845 3213 4903 tempora,
3244 4837 3494 4889 corrobo—

1940 4937 2126 4994 retque
2159 4927 2208 4979 in
2240 4927 2392 4979 vobis
2424 4928 2781 4979 fortitudinem
2815 4926 3014 4980 brachii
3062 4928 3180 4987 sui,
3228 4936 3387 4994 atque
3420 4931 3498 4978 vi-

1940 5027 2113 5069 etorcs
2158 5030 2251 5069 vos
2296 5030 2454 5083 super
2493 5031 2679 5068 omnes
2713 5016 2966 5069 barbaras
3014 5016 3207 5068 efficiat
3234 5018 3497 5080 nationes,

1939 5104 2167 5158 dilatans
2196 5105 2344 5172 regni
2376 5105 2536 5157 vestri
2569 5105 2842 5168 terminos,
2871 5114 3031 5173 atque
3061 5103 3128 5158 de
3156 5116 3333 5158 vestro
3360 5121 3499 5171 pra:-

2014 5246 2037 5280 ε
2069 5234 2244 5287 Grets.
2277 5235 2519 5287 :Summ.
2564 5235 2652 5296 Π,
2697 5234 2816 5287 Bar.
2856 5236 3009 5289 Cent.
3060 5247 3207 5286 extra
3258 5237 3497 5290 ordinem

1942 5304 2263 5357 mentionem
2307 5303 2500 5355 faciunt
2532 5303 2684 5355 trium
2715 5305 3053 5370 epistularum
3082 5307 3146 5357 ad
3175 5307 3413 5359 Carolqu
3444 5318 3497 5358 et

1940 5372 2369 5427 Carlomaununi.

2017 5440 2039 5474 ι’
2078 5440 2216 5491 Idem
2239 5479 2252 5500 ,
2287 5440 2477 5507 psalmo
2513 5455 2565 5491 lll

2020 5508 2033 5547 ί
2080 5509 2255 5572 Idem,
2297 5508 2453 5575 lt'pisl.
2499 5509 2647 5560 I'unli
2674 5508 2739 5559 ad
2775 5508 2967 5561 Roman
3019 5527 3130 5576 (np.
3168 5529 3256 5564 μμ
