3908 6330
243 251 369 308 1177

1674 247 2037 302 ΕΡΙΞΤΟΙΛΞ.

3320 251 3452 309 H78

236 364 481 417 defensor
513 376 638 424 rex,
672 358 810 428 quod
843 359 977 413 ﬁrmi
1012 368 1065 414 et
1107 358 1306 413 robusti
1352 372 1516 428 usque
1561 360 1623 410 ad
1675 358 1787 410 ani-
1820 362 1866 417 Α
1899 368 2211 417 ventauum,
2256 356 2344 425 qui
2396 370 2453 410 se
2504 358 2601 410 sub
2644 365 2813 409 vestra
2858 371 2885 410 a
2931 358 3035 410 Deo
3066 368 3267 411 Servata
3303 376 3449 429 pote-

237 468 375 507 utam
404 462 455 505 ct
485 450 753 519 sanguinis
798 451 959 507 nostri
1007 449 1349 513 chusionem,
1398 449 1447 500 in
1492 461 1551 502 ca
1595 448 1695 514 fide
1739 456 1793 499 et

236 542 520 596 dilectione
548 552 601 595 et
628 540 898 594 charitatis
927 541 1227 601 concordia,
1262 548 1417 617 atque
1450 540 1591 605 pacis
1626 539 1789 590 funic-

235 649 326 698 re,
358 647 476 700 qua:
509 633 757 699 praefatus
790 632 1105 684 beatissima:
1134 622 1403 684 memoria:
1449 629 1696 681 dominus
1738 636 1793 681 et

236 735 514 790 germanus
540 735 686 773 meus
714 721 1071 773 sanetissituus
1101 720 1329 788 pontifex
1360 719 1632 771 vobiscum
1662 733 1795 770 con~

238 808 493 871 ﬁrmavit,
530 818 933 876 permanentes,
964 823 1080 861 cum
1118 819 1298 861 nostro
1347 807 1542 874 pepulo
1587 823 1791 875 perma-

234 898 475 952 nebimus
522 913 687 967 usque
733 899 783 951 in
830 898 1009 952 ﬁnem.
1045 896 1196 951 Unde
1227 906 1279 950 et
1309 892 1668 949 indesinenter
1695 910 1790 947 ex-

236 987 404 1040 tensis
439 987 631 1054 palmis
661 987 724 1040 ad
754 990 946 1041 coelum
995 1002 1088 1055 pro
1133 988 1251 1041 vita:
1295 986 1789 1039 incolumitate'ex-

226 1076 492 1132 cellentize
549 1085 683 1141 ture,
737 1085 895 1145 alque
944 1077 1369 1130 dulcissimorum
1424 1075 1685 1133 filiorum,
1738 1081 1791 1125 et

228 1166 686 1222 excellentissima:
715 1168 911 1234 regina:
941 1168 1194 1234 sostiitate
1215 1208 1229 1232 ,
1260 1166 1465 1219 Domini
1501 1164 1591 1219 Dei
1626 1164 1790 1217 nostri

174 1306 179 1312 .
229 1260 515 1311 exoramus
546 1256 886 1310 clementiam
911 1298 923 1320 ,
958 1266 1014 1311 ut
1042 1271 1253 1323 semper
1280 1265 1427 1308 tuum
1459 1253 1706 1307 auxilium
1739 1262 1791 1305 et

230 1336 535 1401 ﬁrmissima
578 1348 841 1415 protectio
880 1349 1196 1402 extendatur
1237 1361 1400 1415 super
1432 1358 1548 1399 nos.
1583 1344 1791 1397 Incolu-

235 1453 378 1492 mem
412 1439 779 1493 excellentiam
811 1447 950 1491 tuam
981 1439 1151 1507 gratia
1177 1448 1409 1506 superna
1439 1435 1719 1491 custodiat.

774 1549 1125 1605 ‘EPISTOLA
1167 1549 1229 1602 II.

716 1652 781 1690 Δῐ)
819 1653 1059 1692 ΡΙΡΡΙΝΕΜ
1102 1652 1295 1691 REGE“.

232 1724 459 1795 Accttsat
492 1724 625 1778 inter
661 1737 841 1795 cwterq
874 1727 1191 1782 Desiderium
1224 1743 1390 1795 regem
1416 1726 1551 1793 quod
1578 1740 1792 1790 promis—

298 1810 383 1847 stts
415 1793 658 1848 Ecclesia:
691 1794 931 1849 Romana:
957 1798 1180 1850 civitates
1210 1793 1310 1848 non
1354 1799 1586 1848 restituat
1606 1836 1620 1857 ,
1655 1806 1795 1847 orat-

295 1878 395 1985 que
427 1870 482 1944 ut
523 1865 671 1945 illum
698 1867 764 1916 ad
790 1866 881 1918 Ita's
911 1868 1193 1946 reddendas
1220 1868 1482 1947 impellat,
1513 1875 1557 1945 et
1591 1866 1796 1943 notitiis

324 1942 484 1985 utens
528 1950 668 1985 suis.
710 1950 834 1985 uuas
875 1936 937 1985 de
965 1935 1201 1985 laxandi:
1229 1951 1341 1985 eius
1373 1937 1627 1985 obsidibus
1658 1933 1796 1985 illius

324 1934 484 2005 itteris
528 1936 668 1997 suis,
710 1950 834 2001 quas
875 1936 937 1988 de
965 1935 1201 1989 [arandis
1229 1936 1341 2005 ejus
1373 1937 1627 1987 obsidibus
1658 1933 1796 1986 illius

299 2003 529 2070 impulsu
556 2005 763 2069 scripsit
772 2043 786 2069 ,
821 2006 972 2070 ﬁdem
1001 2006 1204 2057 habeat.
1252 2003 1263 2005 ἡ
1522 2006 1529 2013 ’

305 2090 533 2144 Domino
576 2092 1027 2146 excellentissimo
1061 2093 1189 2157 tilio,
1222 2101 1275 2145 et
1320 2102 1505 2145 nostro
1534 2091 1797 2158 Spirituali

216 2181 498 2248 compatri
535 2179 752 2248 l’ippino
780 2180 886 2251 regi
920 2180 1241 2235 Francorum
1273 2189 1327 2236 et
1355 2182 1575 2249 patricio
1605 2180 1799 2234 Roma-

231 2283 442 2333 norum,
468 2269 661 2324 Paulus
688 2284 837 2338 papa.
1516 2276 1521 2281 '

304 2360 526 2425 Quoties
560 2360 835 2427 perspicua
866 2359 1186 2414 eximietatis
1217 2371 1407 2414 vestrrc
1455 2361 1641 2414 merita
1687 2376 1802 2430 my-

234 2448 367 2501 stica
415 2450 840 2503 consideratione
884 2465 1106 2505 cernens
1149 2452 1322 2506 cordis
1364 2452 1531 2523 oculis
1560 2453 1798 2517 confero,

235 2536 435 2605 oppido
478 2552 565 2591 me
612 2537 861 2592 admirari
909 2542 1157 2593 convenit
1199 2542 1562 2594 intemeratum
1594 2557 1803 2608 seper-

236 2627 503 2693 lluamque
550 2628 877 2682 excellentia}
928 2638 1030 2683 tua:
1074 2632 1267 2684 mentis
1315 2620 1705 2699 constantiam,
1749 2641 1804 2685 et

238 2719 691 2773 ferventissimum
733 2720 976 2773 affectum
1000 2762 1014 2783 ,
1056 2736 1212 2789 quem
1246 2700 1407 2775 circa
1433 2722 1543 2776 Dei
1566 2737 1804 2777 amorem

238 2820 294 2865 et
342 2810 456 2878 ejus
508 2790 759 2880 principis
810 2812 1166 2879 apesmlorum
1217 2814 1547 2876 incessanter
1594 2809 1801 2884 gestas,

236 2903 493 2968 quoniam
524 2901 632 2955 Deo
664 2904 827 2970 magis
855 2918 1010 2971 quam
1044 2903 1343 2958 hominibus
1374 2903 1559 2959 favere,
1597 2906 1803 2962 niteris.

239 2988 392 3043 Unde
424 2982 759 3059 perspicuum
790 3000 871 3045 est
915 3006 1007 3045 vos
1058 3006 1169 3060 prin
1205 2991 1450 3046 omnibus
1500 2995 1709 3063 regibus
1754 3006 1807 3049 et

206 3144 209 3147 _
239 3080 548 3147 potentibus
577 3080 677 3148 piis
706 3080 905 3148 pellere
928 3081 1350 3150 operationibus,
1379 3083 1505 3149 quia
1533 3093 1809 3151 assumpto

243 3170 452 3223 cmlesti
489 3170 759 3239 triumpho
786 3171 923 3224 ultro
949 3181 1017 3236 te,
1044 3173 1496 3227 excellentissime
1525 3172 1599 3227 fili
1628 3184 1679 3227 et
1707 3176 1816 3243 spi-

243 3259 413 3312 ritalis
455 3269 747 3325 compater,
798 3259 861 3314 ad
906 3260 1233 3314 liberandam
1277 3262 1370 3315 Dei
1404 3264 1689 3317 Ecclesiam
1724 3264 1817 3317 ad-

248 3348 482 3403 hibuisti.
530 3348 597 3401 Et
642 3349 763 3402 ideo
801 3358 857 3413 ut
902 3350 1071 3418 ipsum
1118 3354 1220 3418 pEa:
1261 3355 1589 3420 operationis
1628 3365 1815 3410 Vestra:

245 3450 533 3493 certamcm
583 3439 771 3494 effectu
807 3441 1157 3508 mancipetur,
1192 3442 1381 3496 crebro
1410 3458 1503 3497 nos
1533 3426 1811 3514 congruit,

245 3529 384 3579 sicut
415 3528 685 3581 liberatori
716 3528 879 3593 ipsius
910 3537 1108 3581 sancta:
1142 3528 1232 3583 Dei
1282 3530 1534 3584 Ecclesia:
1556 3570 1571 3595 ,
1613 3542 1666 3585 et
1700 3532 1816 3599 ejus

251 3617 534 3681 peculiaris
576 3618 797 3685 populi,
842 3618 1159 3685 apostolicos
1202 3619 1432 3688 dirigere
1474 3622 1669 3688 apices.
1701 3620 1814 3674 Pri-

247 3726 392 3762 mum
426 3711 661 3763 omnium
696 3710 846 3765 nobis
876 3725 1034 3779 super
1064 3713 1241 3764 omnia
1274 3719 1519 3765 nectarea
1561 3722 1614 3765 et
1641 3711 1813 3766 dulcia

242 3799 432 3852 existit
458 3799 832 3852 desiderabilia
866 3800 1236 3867 prosperitatis
1269 3808 1458 3852 vestra:
1498 3800 1691 3868 gaudia
1718 3802 1815 3853 ad-

240 3891 491 3952 discere;
535 3888 724 3942 deinde
768 3904 892 3945 vero
934 3897 1052 3958 quae
1087 3900 1281 3942 saneta:
1326 3890 1576 3945 Ecclesia:
1619 3889 1713 3945 Dei
1759 3899 1813 3945 et

239 3983 398 4035 nobis
434 3983 729 4036 consistunt
761 3983 1058 4037 necessaria
1088 3983 1400 4052 quantocius
1432 3984 1677 4036 intimare
1699 4023 1713 4047 ,
1756 3993 1813 4038 ut

244 4085 403 4133 vera,
437 4070 887 4124 excellentissime
930 4070 1002 4124 fili
1028 4078 1047 4138 ,‘
1075 4080 1127 4124 et
1157 4081 1339 4125 noster
1366 4072 1622 4139 spiritalis
1664 4086 1810 4125 com-

238 4171 413 4226 pater,
447 4173 706 4225 agnoscas
735 4175 837 4213 non
889 4160 1090 4227 pridem
1122 4176 1215 4228 per
1242 4162 1558 4229 apostolicas
1602 4162 1806 4216 litteras

238 4251 533 4304 cximietati
589 4262 690 4304 tua:
738 4252 1061 4317 innotuisse,
1108 4266 1225 4319 quae
1278 4253 1328 4304 in
1378 4253 1457 4305 his
1506 4254 1738 4320 partibus
1781 4267 1808 4305 a

1891 446 2027 503 staie
2078 448 2444 509 contulerunt,
2478 448 2542 500 ad
2576 463 2819 517 magnum
2851 459 3084 516 spretum
3119 452 3260 514 regni
3295 455 3451 507 vesui

1896 537 2192 598 desolavit,
2226 546 2387 603 atque
2421 537 2559 589 ferro
2590 546 2644 601 et
2676 540 2795 604 igne
2823 539 3125 594 eormndem
3158 541 3445 598 ducattium

1896 631 2006 679 loca
2048 637 2100 680 et
2136 628 2375 681 civitates
2414 630 2743 692 devastavit;
2787 638 2841 682 et
2880 632 3319 698 comprehensum
3352 635 3445 691 ΑΙ-
3529 633 3537 646 “

1894 718 2073 770 binum
2106 718 2290 771 ducem
2324 718 2652 785 Spoletinum
2676 758 2689 783 ,
2732 729 2783 773 et
2811 735 2929 773 cum
2955 736 3022 775 eo
3073 732 3330 798 satrapas,
3360 724 3449 793 qui

1894 805 1946 858 in
1979 807 2079 860 fide
2118 808 2252 861 brati
2300 807 2441 860 Petri
2481 818 2534 861 et
2578 818 2751 860 vestra
2795 822 3182 865 Sacramentum
3217 815 3452 880 przebue-

1892 909 2044 961 runt,
2078 898 2255 952 infixis
2290 899 2339 951 in
2372 898 2450 952 eis
2484 882 2729 967 pessimis
2760 900 3085 965 vulneribus,
3134 904 3185 956 in
3235 905 3456 960 vinculis

1893 984 2113 1039 detinet.
2159 988 2835 1056 Appmpinquante'autem
2867 1005 2929 1043 eo
2960 989 3283 1057 Benevento,
3320 994 3457 1051 illico

1893 1075 1997 1128 dux
2055 1076 2450 1131 Beneventanus
2507 1078 2682 1146 fugam
2728 1080 2955 1147 arripuit
2999 1082 3048 1134 in
3092 1074 3454 1138 Otorantinam

1893 1165 2195 1230 civitatem;
2232 1177 2284 1219 et
2313 1167 2439 1221 dum
2472 1168 2770 1221 immineret
2802 1180 2854 1223 ut
2882 1185 2947 1223 ex
2981 1171 3090 1238 ipsa
3123 1186 3215 1224 sua
3244 1174 3457 1226 civitate

1895 1256 2045 1309 exire
2076 1256 2322 1309 eumdem
2370 1258 2555 1311 ducem
2606 1258 2883 1323 suaderet,
2918 1274 3243 1329 nequaquam
3294 1262 3344 1315 in
3393 1279 3459 1317 eo

1894 1359 2045 1399 suam
2069 1344 2365 1411 adimplens
2392 1348 2745 1411 voluntatem,
2777 1349 3054 1402 constituit
3082 1351 3267 1405 ducem
3299 1351 3459 1405 alium

1900 1435 1968 1489 in
2006 1436 2191 1489 eodem
2237 1436 2610 1490 Beneventano
2654 1437 2879 1502 ducatu,
2924 1439 3136 1493 nomine
3176 1440 3363 1506 Arigis.
3400 1442 3464 1494 Et

1895 1521 2175 1583 confestim
2216 1527 2452 1595 dirigens
2498 1528 2776 1594 Neapolim
2824 1529 2962 1582 idem
2997 1529 3302 1584 Desiderius
3333 1546 3458 1596 rex,

1894 1617 2174 1669 accersivit
2203 1614 2483 1685 Georgium
2513 1617 2847 1683 imperialem
2878 1618 3098 1671 missum
3119 1660 3133 1685 ,
3166 1621 3253 1689 qui
3278 1619 3341 1672 ad
3371 1635 3465 1674 vos

1899 1708 1949 1760 in
1983 1706 2265 1760 Franciam
2295 1704 2530 1759 directus
2561 1706 2762 1769 fuerat,
2792 1721 2915 1785 [cum
2955 1722 3059 1775 quo
3078 1707 3287 1781 'nefaria
3327 1709 3464 1763 clam

1900 1798 2108 1851 loculus
2138 1805 2254 1860 est,
2287 1797 2460 1849 iniens
2489 1811 2607 1849 cum
2653 1807 2719 1849 eo
2769 1794 3048 1848 consilium
3072 1835 3087 1859 ,
3141 1806 3299 1863 atque
3345 1811 3467 1851 suas

1899 1887 2207 1956 imperatori
2269 1885 2502 1954 dirigens
2554 1884 2793 1947 litteras,
2853 1884 3139 1937 adhortans
3197 1899 3353 1948 eum,
3411 1893 3469 1938 ut

1898 1991 2023 2030 suos
2075 1976 2380 2044 imperiales
2429 1974 2621 2042 dirigat
2670 1972 2937 2027 exercitus
2983 1974 3035 2026 in
3086 1973 3223 2027 hanc
3266 1972 3468 2027 Italiam

1902 2067 2224 2135 provinciam
2255 2079 2267 2127 ;
2302 2074 2354 2118 et
2384 2064 2496 2131 ipse
2539 2064 2841 2117 Desiderius
2870 2075 2988 2115 cum
3033 2064 3286 2116 universo
3329 2061 3470 2115 Lon-

1900 2158 2252 2226 gobardorum
2299 2155 2493 2223 potiulo
2539 2151 2806 2221 professus
2836 2161 2917 2205 est
2939 2195 2953 2219 ,
2986 2152 3095 2205 Deo
3129 2151 3230 2205 sibi
3261 2159 3470 2205 contra-

1902 2245 1984 2298 rio
2005 2285 2018 2306 ,
2051 2242 2305 2296 auxilium
2340 2241 2571 2311 pra-fatis
2602 2239 2963 2307 imperialibus
3012 2238 3336 2292 exercitibus
3370 2237 3470 2289 int--

1901 2336 2133 2406 pertire,
2170 2316 2427 2403 quatenus
2460 2348 2522 2386 ex
2555 2347 2654 2385 una
2690 2341 2835 2399 parte
2868 2330 3034 2406 ipsius
3065 2330 3327 2383 exercitus
3348 2371 3362 2394 ,
3416 2336 3471 2380 et

1904 2405 1970 2484 ex
2014 2428 2115 2480 alia
2165 2426 2302 2479 idem
2339 2424 2641 2478 Desiderius
2670 2436 2787 2475 cum
2823 2405 3069 2475 universo
3098 2416 3472 2487 Lougobardo-

1904 2536 2020 2575 rum
2054 2518 2245 2588 populo
2270 2557 2284 2581 ,
2324 2516 2534 2583 utrique
2564 2514 2879 2567 dimicantes
2911 2509 3297 2564 Ravennatinm
3347 2507 3473 2560 civi-

1907 2617 2063 2661 tatem
2111 2603 2569 2674 comprehendere
2601 2610 2827 2669 queant,
2880 2613 3133 2668 suamque
3165 2600 3471 2665 imperator,

1904 2696 2043 2766 quod
2100 2693 2355 2748 Dominus
2407 2706 2511 2745 non
2552 2687 2868 2758 permittat,
2900 2688 3191 2754 adimplere
3221 2687 3393 2738 valeat
3420 2685 3473 2738 in

1907 2790 2223 2855 quocunque
2254 2779 2481 2835 voluerit
2512 2781 2856 2833 voluntatem.
2892 2777 3021 2830 Nam
3050 2784 3103 2831 et
3131 2790 3251 2829 cum
3282 2774 3471 2829 eodem

1907 2874 2137 2943 Georgio
2194 2870 2458 2937 imperiali
2512 2870 2677 2923 misso
2725 2866 2999 2922 constituit
3054 2874 3111 2919 ut
3159 2864 3473 2919 dromonum

1909 2968 2105 3023 Siciliae
2162 2965 2333 3020 stolus
2384 2963 2438 3017 in
2488 2959 2800 3017 Otorantina
2848 2954 3062 3013 civitate
3110 2956 3385 3023 dirigatur,
3418 2962 3477 3009 ut

1836 3036 1879 3095 (ἶ
1918 3064 2021 3111 tam
2053 3053 2225 3109 Grieci
2253 3068 2413 3123 quam
2443 3048 2775 3120 Langobardi
2807 3049 2975 3117 ipsam
3004 3047 3309 3101 obsidentes
3335 3058 3477 3098 cont-

1916 3147 2244 3218 prehendere
2301 3146 2509 3199 valeant
2561 3142 2872 3207 civitatem,
2929 3153 3152 3208 eamque
3205 3136 3466 3191 concedat

1915 3238 2224 3308 imperatori
2259 3252 2375 3291 cum
2409 3236 2711 3289 hominibus
2740 3234 2792 3286 et
2824 3231 3155 3285 facultatibus
3184 3242 3302 3298 qua:
3331 3227 3379 3281 in
3410 3240 3475 3279 ea

1915 3332 2217 3385 consistunt
2238 3366 2252 3389 ,
2285 3336 2339 3381 et
2390 3325 2753 3379 tantummodo
2784 3324 2971 3376 ducem
3001 3321 3148 3374 illum
3178 3327 3332 3387 atque
3359 3317 3475 3386 ejus

1915 3422 2234 3476 nutritorem
2286 3417 2542 3471 Joannem
2595 3415 2846 3482 praedicto
2880 3413 2989 3480 regi
3036 3412 3296 3466 restituat.
3352 3410 3477 3463 Post

1914 3525 2044 3567 vero
2082 3510 2485 3563 dissolutionem
2517 3506 2821 3561 eorutndem
2872 3505 3153 3557 ducatuum
3181 3543 3195 3567 ,
3246 3500 3471 3570 conjun-

1914 3603 1992 3655 xit
2033 3599 2116 3655 hic
2145 3599 2211 3652 ad
2245 3612 2341 3652 nos
2373 3597 2553 3651 Roma:
2584 3596 2719 3649 idem
2754 3595 3218 3663 Longobardorum
3252 3609 3341 3647 rex
3374 3608 3387 3654 ;
3421 3598 3475 3645 et.

1914 3708 2036 3748 cum
2059 3707 2125 3746 eo
2147 3691 2450 3759 loquentes,
2476 3688 2637 3741 nimis
2659 3701 2779 3741 eum
2802 3686 3064 3741 adhortati
3088 3699 3288 3747 sumus,
3307 3694 3358 3738 et
3381 3700 3473 3752 per

1914 3784 2341 3837 sacratissimum
2373 3794 2566 3847 corpus
2596 3778 2735 3832 beati
2767 3777 2943 3841 Petri,
2988 3786 3144 3845 atque
3181 3775 3336 3828 etiam
3382 3790 3476 3843 per

1915 3883 2058 3927 tuam
2086 3888 2115 3925 a
2148 3872 2258 3925 Deo
2302 3877 2592 3936 protectam
2635 3867 3032 3929 excellentiam,
3077 3865 3281 3917 fortiter
3322 3865 3470 3916 illum

1912 3963 2326 4033 cetijuravimus,
2356 3969 2411 4014 ut
2436 3956 2671 4014 civitates
2699 3959 2835 4021 illas,
2863 3958 2913 4011 id
2936 3967 3016 4012 cst
3043 3957 3280 4019 lmolatn,
3307 3957 3473 4009 Bono-

1914 4060 2078 4124 niam,
2105 4057 2405 4118 Auximum,
2428 4061 2484 4108 et
2505 4053 2797 4117 Anconam,
2823 4063 2951 4117 quas
2979 4049 3129 4101 nobis
3159 4046 3465 4116 praesentia-

1914 4150 2051 4213 liter,
2085 4148 2237 4201 simul
2270 4161 2360 4215 per
2388 4153 2592 4198 vestros
2624 4143 2834 4205 missos,
2866 4143 2915 4193 id
2949 4148 3031 4193 est
3057 4138 3333 4192 Folradum
3362 4136 3472 4191 Deo

1914 4240 2191 4293 amabilem
2225 4238 2493 4300 abbatem,
2524 4245 2680 4302 atque
2705 4233 3045 4294 Rodbertum,
3081 4226 3470 4282 excellentissi-

238 4341 522 4393 Desiderio
569 4316 1054 4410 Longobardorum
1077 4316 1199 4408 rege
1229 4340 1384 4408 impie
1414 4316 1621 4408 peracta
1654 4351 1806 4403 sum,
1840 4367 1891 4425 Β
1917 4346 2013 4384 ma:
2043 4326 2425 4383 Christianitati
2477 4334 2595 4385 tum,
2638 4332 2689 4375 et
2722 4336 2812 4390 per
2845 4330 2894 4373 te
2936 4321 3097 4425 etiam
3136 4318 3285 4369 beato
3318 4316 3474 4417 Petro

237 4440 403 4496 atque
431 4428 718 4481 crudeliter
747 4437 1067 4497 perpetrata.
1119 4430 1284 4497 Igitur
1329 4429 1451 4482 dum
1500 4439 1605 4481 tam
1640 4431 1812 4497 perni-

238 4524 453 4577 cioSam
486 4525 602 4592 ejus
632 4523 995 4588 operationem
1020 4511 1414 4588 .cerneremus,
1465 4532 1643 4590 aptum
1696 4538 1815 4590 pro-

236 4615 520 4681 speximus
568 4623 879 4683 prrcsentem
924 4613 1284 4668 fidelissimum
1318 4624 1549 4668 vestrum
1592 4616 1813 4669 missum

188 4692 195 4695 ’
236 4705 574 4758 llodbertum
620 4703 707 4755 hic
752 4704 886 4769 apud
935 4718 1032 4757 nos
1074 4705 1353 4768 detinere,
1387 4715 1642 4772 quatenus
1690 4706 1814 4772 quid

237 4804 417 4861 empta
457 4792 568 4862 jam
612 4792 703 4847 fati
753 4793 1009 4847 Desiderii
1052 4794 1192 4859 regis
1226 4794 1308 4847 vel
1341 4792 1813 4861 Longobardorum

241 4884 432 4953 populi
469 4884 669 4936 malitia
699 4893 909 4949 pareret
935 4884 1317 4951 prtesetttaliter
1343 4899 1633 4950 agnoscens
1660 4893 1816 4949 atque

235 4976 609 5043 conspiciens,
645 4984 874 5029 vestram
905 4978 1183 5030 certiorem
1215 4976 1533 5030 reddidisset
1562 4976 1811 5028 eximiam

239 5066 689 5134 praecellentiam.
741 5065 945 5121 Etenim
986 5068 1121 5122 sicut
1170 5068 1401 5135 pridem,
1435 5082 1560 5122 ecce
1590 5077 1641 5121 et
1673 5082 1813 5120 nunc

236 5157 633 5211 iunotescimus
658 5170 687 5209 a
711 5156 818 5209 Deo
845 5166 1069 5211 servata:
1096 5157 1424 5210 excellentia:
1452 5162 1643 5209 vestra:
1674 5155 1814 5223 quod

244 5248 503 5318 prmfatus
552 5246 1018 5315 Longobardorum
1074 5261 1163 5299 rex
1215 5246 1674 5313 Pentapolensium
1726 5259 1816 5310 per

244 5336 496 5392 civitates
548 5338 841 5397 transiens,
892 5350 1023 5404 quas
1072 5336 1226 5395 beato
1281 5333 1436 5387 Petro
1483 5348 1577 5400 pro
1630 5346 1815 5397 magna

244 5428 443 5482 animm
493 5435 681 5481 vestra:
728 5426 973 5479 mercede
1026 5423 1353 5485 contulistis,
1411 5422 1547 5475 ferro
1597 5431 1650 5479 et
1698 5421 1818 5487 igne

244 5516 428 5571 ouinia
477 5525 591 5569 sata
640 5525 692 5567 et
742 5514 982 5567 universa
1036 5528 1153 5579 qua:
1184 5511 1247 5563 ad
1277 5521 1517 5576 sumptus
1549 5509 1815 5563 heminum

249 5607 519 5679 pertinent
565 5604 891 5675 consumpsit
922 5622 934 5668 ;
979 5605 1159 5671 sicque
1190 5602 1520 5672 Spoletinum
1571 5611 1622 5657 et
1652 5602 1813 5655 Beuc~

1916 4422 2274 4490 apostolorum
2304 4416 2526 4485 principi
2558 4415 2820 4483 pollicitus
2851 4419 2933 4465 est
2955 4406 3471 4471 redditurum,resti-

1916 4524 2062 4567 tuere
2092 4510 2328 4564 deberet.
2361 4506 2509 4571 Quod
2542 4503 2775 4573 ,minime
2806 4500 3141 4569 acquiescere
3192 4495 3469 4550 inclinatus

1914 4612 2031 4656 est:
2067 4599 2157 4654 sed
2202 4597 2480 4661 simulans,
2514 4602 2568 4648 ut
2598 4601 2742 4647 certe
2791 4588 3143 4657 strepltarius,
3178 4587 3348 4639 varias
3377 4600 3465 4637 oc-

1914 4692 2155 4746 casiones
2202 4687 2482 4749 adhibuit;
2529 4683 2773 4751 inquiens
2819 4688 2874 4732 ut
2920 4680 2963 4731 si
3016 4692 3142 4732 suos
3188 4688 3319 4742 quos
3364 4673 3471 4727 illic

1915 4783 2133 4836 Francia
2179 4778 2374 4832 habere
2404 4771 2877 4837 videtur,obsides
2918 4770 3196 4835 reciperet,
3232 4777 3372 4819 tunc
3416 4765 3469 4818 in

1914 4872 2059 4938 pacis
2104 4866 2386 4921 concordia
2434 4865 2706 4917 nobiscum
2738 4868 3161 4913 conversaretur.
3197 4854 3349 4909 Unde
3381 4870 3472 4923 pe-

1917 4964 2072 5017 timus
2103 4970 2172 5025 te,
2208 4957 2649 5013 excellentissime
2682 4952 2753 5004 fili
2775 4961 2828 5005 et
2858 4948 3144 5018 spiritualis
3175 4956 3467 5014 compater,

1916 5064 1966 5107 et
1995 5052 2186 5104 obnixe
2218 5051 2562 5113 deprecamur
2590 5058 2615 5093 a
2651 5042 2759 5096 Deo
2786 5039 3087 5104 inspiratam
3113 5037 3467 5089 eximietatem

1918 5154 2080 5203 tuam,
2115 5150 2169 5192 ut
2196 5139 2383 5207 jubeas
2414 5133 2708 5202 perfectam
2745 5129 3106 5182 liberationem
3149 5135 3345 5179 sancta:
3381 5124 3468 5175 Dei

1919 5230 2186 5291 Ecclesia‘,
2216 5237 2267 5279 et
2293 5226 2409 5293 ejus
2449 5222 2730 5291 peculiaris
2773 5218 2950 5287 populi
2991 5231 3281 5276 exercere;
3314 5223 3363 5267 et
3396 5214 3466 5265 ita

1916 5325 1966 5377 id
1994 5322 2127 5391 quod
2162 5334 2348 5387 magna
2379 5318 2564 5371 anitum
2598 5324 2697 5366 tuae
2719 5310 2965 5364 mercede
2994 5310 3148 5362 beato
3175 5307 3328 5358 Petro
3349 5303 3466 5368 pol-

1918 5414 2089 5467 licitus
2111 5426 2191 5474 es,
2218 5411 2437 5463 firmiter
2460 5418 2801 5472 permanere:
2831 5404 3107 5469 ipsumque
3140 5395 3467 5449 De~ideriutu

1917 5499 2381 5568 Lengobardornm
2410 5510 2583 5563 regem
2612 5494 2818 5546 fortiter
2840 5491 3197 5555 constringere
3217 5484 3471 5553 digneris,

1918 5602 1973 5648 ut
2002 5589 2255 5661 prolatam
2284 5605 2310 5643 a
2341 5590 2446 5642 Deo
2490 5585 2892 5655 promissionem
2942 5582 3094 5635 beato
3148 5577 3305 5631 Petro
3346 5591 3473 5638 pro-
