3910 6234
603 308 732 360 Ηῖθ

1892 299 1947 351 S.
1992 289 2186 348 I‘AULl
2229 288 2426 346 PAL-E
2467 291 2482 345 I

599 423 782 477 lecturi
835 432 1012 474 ves‘m
1068 418 1350 472 rrstitttere
1380 418 1570 471 debeat
1599 426 1757 483 atque
1807 416 1856 467 itt
1906 413 2152 466 omnibus
2182 411 2227 467 Α
2257 406 2386 472 ipsis
2417 407 2627 469 litteris,
2672 418 2856 459 earum
2886 403 3081 457 seriem
3132 400 3275 454 nullo
3309 398 3470 453 modo
3507 395 3798 465 perﬁciatis.

598 514 911 579 adimplere.
939 511 1143 577 Tuique
1173 510 1329 563 studii
1357 509 1445 571 sit,
1479 508 1613 559 bone
1645 505 2008 573 potentissime
2035 516 2148 562 rex,

600 603 738 657 sicut
765 601 1022 667 cuspistis,
1066 598 1351 668 periemius
1397 598 1533 650 hanc
1575 607 1812 650 sanctam
1844 594 1935 647 Ι)ιοί
1971 591 2154 645 Eccle-

600 693 733 746 siam
762 701 813 745 et
839 691 953 759 ejus
982 691 1297 756 peculiarem
1331 688 1580 755 populum
1610 688 1676 739 de
1700 684 1929 739 hostium
1978 683 2150 734 incur-

601 782 753 835 sione
783 795 973 834 eruere
1002 797 1014 830 :
1050 789 1126 843 ut,
1157 788 1425 830 annuente
1449 777 1578 839 Deo,
1604 788 1870 829 certamen
1916 774 2155 840 benigna:

600 870 927 937 operationis
957 877 1060 920 tua:
1091 867 1359 921 uberrime
1406 865 1745 927 fecundetur;
1788 873 2049 931 quatenus
2102 863 2152 914 in

602 959 692 1012 die
721 961 981 1012 adventus
1014 958 1223 1010 Domini
1256 956 1346 1008 Dei
1375 951 1431 1007 et
1471 954 1761 1009 Salvatoris
1806 954 1972 1006 n05tri
2027 952 2154 1004 Jesu

601 1049 820 1113 Christi,
850 1049 1027 1100 luceas
1051 1048 1186 1099 sicut
1218 1044 1643 1098 radiantissimus
1668 1042 1744 1095 sol
1776 1042 1913 1094 inter
1941 1039 2156 1092 univcr-

605 1152 697 1192 sos
751 1152 905 1204 reges
955 1146 1009 1190 et
1050 1146 1312 1203 potentes,
1362 1145 1518 1202 atque
1566 1133 1731 1201 ipsam
1778 1140 2013 1184 sanctam
2065 1131 2155 1184 Dei

604 1226 921 1292 I'Icclesiant,
945 1236 1000 1280 et
1027 1228 1139 1293 ejus
1166 1225 1415 1293 populum
1446 1234 1532 1276 tuo
1555 1222 1870 1275 adminiculo
1892 1232 2153 1286 ereptum,

601 1314 794 1370 divina:
825 1316 1107 1382 majestati,
1135 1316 1333 1380 absque
1359 1313 1457 1366 ulla
1482 1311 1718 1365 ltesionis
1743 1311 1967 1372 srevitia,
1998 1309 2157 1363 oﬂ‘cr-

600 1422 681 1470 re,
723 1416 776 1459 et
823 1415 944 1458 tunc
991 1404 1301 1471 centuplum
1358 1403 1806 1456 remunerationis
1856 1402 1920 1454 ab
1969 1400 2155 1454 eodem

604 1496 828 1551 Domino
860 1496 967 1546 l‘eo
999 1492 1378 1579 nostrojudice
1409 1491 1707 1559 percipere,
1735 1500 1785 1543 et
1810 1490 1969 1541 vitam
2003 1499 2157 1542 mter-

601 1601 723 1641 nam
754 1584 1026 1654 possidere
1055 1583 1325 1636 merearis.
1350 1581 1581 1648 Coujuro
1611 1592 1681 1644 te,
1712 1583 1782 1632 lili
1814 1578 2153 1633 excellentis-

601 1674 756 1740 sime,
806 1688 902 1741 per
949 1670 1366 1736 omnipotentem
1418 1670 1585 1723 Deum
1615 1678 1670 1722 et
1706 1669 1823 1736 ejus
1866 1669 2156 1735 principem

599 1763 959 1830 aposmlorum
993 1761 1200 1813 beatum
1250 1760 1486 1823 Petrum,
1533 1769 1590 1813 ttt
1619 1761 1842 1825 benigno
1875 1759 2063 1811 intuitu
2104 1769 2157 1812 et

602 1851 954 1907 libentissime
981 1849 1158 1903 animo
1186 1860 1392 1903 nostras
1421 1863 1605 1917 preces
1633 1848 1816 1901 audire
1841 1847 2027 1915 jubeas
2052 1863 2066 1900 :
2101 1855 2160 1900 ut

603 1951 659 1997 et
696 1941 836 1996 Deus
872 1941 961 1993 tibi
992 1940 1348 2008 omnipotens,
1378 1941 1427 1992 in
1471 1938 1551 1991 ltis
1580 1954 1696 2006 qua:
1725 1941 1838 2004 ejus
1874 1938 2156 2005 potentiam

603 2030 918 2101 deprecatus
950 2031 1132 2095 fueris,
1163 2047 1271 2085 sua:
1310 2030 1602 2084 divinitatis
1633 2044 1791 2082 aures
1838 2028 2074 2093 inclinet,
2106 2038 2160 2082 et

603 2122 857 2175 victorem
889 2130 939 2174 te
983 2132 1141 2186 super
1187 2133 1372 2174 omnes
1413 2119 1665 2172 barbaras
1694 2119 1934 2172 nationes
1971 2119 2157 2182 ,laciat.

602 2210 798 2265 Omnes
822 2211 961 2263 enim
989 2211 1204 2263 omnino
1245 2219 1428 2277 gentes
1459 2224 1576 2277 qua:
1620 2224 1779 2275 super
1827 2209 2011 2261 faciem
2040 2208 2159 2261 uni-

602 2317 771 2356 versae
819 2312 975 2355 terrae
1027 2304 1325 2354 consistunt
1378 2309 1709 2367 compertum
1765 2299 1959 2352 habent
2014 2308 2159 2351 tuum

604 2404 894 2455 certamen,
926 2392 1066 2459 quod
1094 2392 1160 2443 ad
1190 2392 1552 2445 defensionem
1592 2401 1789 2445 sancta:
1844 2391 1935 2443 Dei
1980 2389 2162 2442 Eccle-

604 2485 701 2538 site
735 2482 1041 2546 adhibuisti,
1077 2492 1129 2535 et
1162 2496 1407 2549 magnum
1440 2492 1490 2535 te
1537 2496 1599 2535 ac
1627 2481 1950 2550 praecipuum
1985 2492 2159 2545 regem

606 2573 939 2627 laudabiliter
966 2579 1230 2625 asserunt.
1261 2572 1364 2625 Sed
1390 2580 1441 2623 et
1469 2583 1566 2623 nos
1594 2570 1784 2623 bonam
1811 2578 1948 2621 tuam
1969 2565 2159 2620 famam

604 2664 762 2733 longe
790 2665 998 2731 lateque
1046 2663 1309 2731 pretelare
1353 2672 1512 2731 atque
1551 2660 1774 2714 dilatare
1806 2674 1908 2711 non
1949 2657 2162 2710 desisti-

608 2771 750 2822 mus,
783 2756 833 2808 in
886 2770 951 2809 eo
1000 2755 1136 2827 quod
1184 2763 1327 2807 certo
1380 2762 1499 2821 post
1544 2752 1709 2805 Deum
1766 2752 1903 2803 sicut
1953 2764 2160 2802 murum

608 2844 1069 2914 inexpugnabilem
1103 2851 1246 2896 tuam
1289 2842 1646 2896 ﬁrmissimam
1680 2840 1837 2893 [idem
1883 2840 1933 2891 in
1979 2848 2163 2891 nostro

606 2944 822 3003 pectore
867 2932 1214 2996 conferimus,
1268 2946 1508 2999 magnam
1541 2932 1593 2984 in
1622 2938 1674 2982 te
1706 2938 1826 2997 post
1857 2929 1947 2981 Dei
1978 2929 2163 2997 prtesi-

608 3023 752 3077 dium
781 3022 1082 3090 possidente
1120 3022 1232 3089 spei
1262 3022 1503 3074 liduciam
1538 3037 1551 3072 :
1603 3020 1742 3086 quod
1772 3029 1826 3073 et

608 3113 681 3166 ob
710 3121 812 3165 tua:
842 3110 1196 3165 immaculata:
1244 3110 1612 3178 promissionis
1643 3110 1872 3177 ﬁdeique
1915 3106 2160 3163 meritum

606 3202 943 3256 consecuturi
999 3215 1201 3254 sumus.
1268 3200 1477 3254 Etenim
1532 3214 1851 3267 ntagquere
1903 3211 2165 3265 praesente

608 3301 823 3347 nostros
846 3293 1053 3354 missos,
1075 3290 1127 3344 id
1148 3300 1228 3345 est
1249 3291 1756 3352 reverentissimum,
1773 3290 2162 3344 sanctissimum

607 3381 825 3437 fratrem
853 3392 905 3435 et
945 3384 1316 3448 coepiscopum
1363 3389 1599 3433 nostrum
1640 3378 1952 3448 Georgium,
2005 3388 2165 3447 atque

610 3472 861 3526 dilectum
902 3471 1068 3523 lilium
1114 3480 1353 3524 nostrum
1394 3470 1721 3537 Stephanum
1765 3470 2161 3537 presbyterum,

612 3561 678 3615 ad
706 3570 932 3614 vestram
958 3575 986 3611 a
1012 3560 1121 3613 Deo
1148 3560 1460 3613 custoditam
1482 3559 1852 3613 excellentiam
1886 3559 2162 3613 misimus:

617 3653 845 3721 dumque
891 3651 1080 3705 vestris
1124 3651 1232 3705 Deo
1279 3648 1645 3702 amirabilibus
1690 3650 1925 3717 vestigiis
1953 3650 2169 3703 luerunt

616 3759 721 3797 una
750 3758 871 3798 eum
904 3742 1171 3796 llodhcrto
1205 3741 1513 3795 ﬁdelissimo
1539 3750 1717 3793 vestro
1746 3740 1910 3792 misso
1938 3755 2171 3804 prmsen-

618 3834 733 3898 tati,
781 3842 967 3886 cuncta
1009 3834 1125 3885 viva
1170 3846 1299 3885 voce
1338 3830 1801 3884 Cbrisdanissintm
1840 3830 2170 3885 excellentia:

618 3933 721 3978 tua:
750 3940 865 3991 qua:
895 3932 1006 3977 acta
1037 3932 1181 3981 sunt.
1213 3931 1265 3976 et
1303 3921 1580 3989 rei-exigit
1610 3921 1882 3981 metitum,
1916 3921 2171 3988 nobisque

619 4015 913 4070 necessaria
958 4016 1237 4067 existentia
1288 4012 1629 4066 intimabunt.
1681 4009 1907 4062 Maximo
1945 4025 2171 4078 namque

619 4107 1093 4161 desiderio‘noster
1123 4104 1402 4157 anhelabat
1442 4102 1683 4165 animus;
1731 4100 2051 4168 apustulicas
2084 4116 2174 4152 cx-

618 4198 877 4254 cellentia:
898 4205 1083 4249 vestra:
1112 4195 1344 4264 dirigere
1372 4194 1569 4247 litteras
1598 4192 1929 4244 salutationis
1958 4205 2017 4243 ac
2041 4189 2170 4241 visi-

623 4291 860 4354 tationis,
888 4290 958 4341 ob
987 4301 1197 4341 causam
1254 4300 1429 4340 rerum
1482 4293 1705 4337 eventus
1746 4281 2171 4343 significandum,

2255 507 2426 561 neque
2454 492 2707 562 praelatos
2740 492 2975 557 hospites
3003 487 3320 560 permittatis
3344 486 3479 554 parti
3503 483 3794 553 Longoliu-

2254 584 2440 653 dorum
2479 583 2782 637 restituere.
2819 580 3003 634 Putius
3032 587 3205 633 autem
3233 575 3580 644 conjuramus
3608 583 3679 637 te,
3711 585 3798 625 cx-

2254 675 2633 728 eellentissime
2662 672 2733 726 liii
2760 682 2815 724 et
2858 670 3111 738 spiritalis
3158 676 3456 734 compatcr,
3499 679 3598 733 per
3642 662 3794 726 Deum

2256 767 2453 828 vivum,
2480 772 2532 818 et
2556 779 2752 827 corpus
2776 763 2912 815 beati
2938 761 3101 822 Petri.
3130 767 3187 812 ut
3214 758 3425 811 fortiter
3451 756 3630 825 ipsum
3662 753 3801 807 Desi-

2257 855 2463 909 derium
2494 854 2575 908 vel
2620 852 2739 921 ejus
2787 850 3258 919 Langobardorum
3288 856 3500 916 gentem
3549 844 3799 899 constrin-

2255 959 2381 1014 gere
2420 944 2629 1013 jubeas,
2674 936 2933 1012 quatenus
2961 941 3212 1010 prmfatas
3249 951 3385 1007 quas
3427 937 3696 1005 pollicitos
3728 944 3800 988 est

2255 1033 2497 1086 civitates
2528 1042 2628 1085 tua:
2660 1031 2926 1086 mellillam
2963 1030 3315 1093 excellentiae,
3350 1037 3406 1081 et
3443 1041 3539 1095 per
3570 1034 3627 1080 te
3664 1027 3799 1079 beato

2255 1120 2414 1174 Petro
2464 1120 2655 1173 fautori
2704 1129 2793 1173 tuo
2843 1122 3132 1174 restituat:
3185 1116 3436 1186 quoniam
3486 1114 3705 1178 nullam,
3752 1124 3800 1166 ut

2258 1213 2537 1279 prmlatum
2584 1219 2687 1275 est,
2735 1209 2801 1263 de
2847 1209 2930 1262 his
2967 1224 3083 1274 qua:
3115 1208 3358 1276 primitus
3401 1204 3667 1274 pollicitus
3707 1210 3794 1264 est,

2256 1314 2373 1352 cum
2428 1314 2493 1351 eo
2541 1298 2746 1352 ﬁrmam
2798 1299 3056 1350 valuimus
3080 1296 3319 1350 stabilire
3357 1292 3785 1349 convenientiam.

2258 1380 2487 1461 Oramus
2511 1395 2687 1441 autem
2719 1387 3137 1453 omnipotentem
3166 1386 3354 1447 Deum,
3397 1392 3455 1435 ut
3495 1384 3585 1447 pio
3626 1380 3795 1433 intuitu

2258 1478 2325 1531 de
2371 1477 2562 1531 throao
2617 1476 2910 1542 majestatis
2958 1486 3070 1531 sua:
3119 1488 3281 1541 super
3332 1486 3429 1525 vos
3474 1481 3793 1534 vestrumque

2258 1581 2477 1633 regnum
2510 1566 2778 1632 respiciat,
2808 1576 2861 1619 ct
2902 1579 2998 1617 sua
3044 1564 3265 1617 dextera
3318 1560 3686 1616 excellentiam
3724 1572 3799 1612 vc-

2262 1664 2427 1707 slram
2449 1655 2821 1722 circumtegat,
2846 1663 3005 1721 atque
3024 1653 3075 1704 in
3099 1653 3346 1706 omnibus
3367 1652 3592 1710 muniat,
3615 1658 3666 1701 et
3686 1663 3796 1714 prr-

2265 1747 2431 1799 sentis
2457 1747 2579 1797 vita;
2606 1759 2818 1797 cursum
2863 1742 3148 1795 salubriter
3187 1740 3431 1808 exsequi,
3455 1749 3508 1791 et
3535 1738 3683 1806 regni
3720 1751 3797 1803 po-
3884 1738 3885 1783 7

2262 1839 2483 1892 tentiam
2532 1836 2828 1905 gubernare
2876 1837 3149 1904 permittat
3196 1849 3291 1901 per
3342 1834 3517 1900 plures
3564 1847 3795 1885 annorum
3884 1868 3885 1905 1

2261 1937 2456 1993 metas,
2500 1938 2601 1977 una
2644 1937 2766 1977 cum
2806 1921 3248 1976 excellentissima
3290 1924 3346 1973 et
3383 1935 3412 1972 a
3462 1919 3571 1972 Deo
3611 1926 3796 1972 servata

2261 2013 2391 2082 lilia,
2418 2022 2476 2068 et
2500 2013 2727 2079 spiritali
2755 2021 2930 2066 nostra
2974 2019 3284 2074 commatre,
3328 2019 3486 2076 atque
3514 2006 3799 2061 amantissi-

2264 2105 2363 2159 mis
2389 2106 2577 2159 vestris
2619 2105 2855 2172 meisque
2899 2103 3040 2168 liliis,
3089 2112 3145 2157 et
3193 2099 3466 2167 gaudeatis
3511 2099 3580 2152 de
3634 2111 3797 2152 eorum

2262 2193 2508 2262 florigero
2540 2194 2821 2261 germine:
2867 2199 2921 2245 et
2968 2193 3141 2243 mittat
3189 2190 3524 2255 omnipotens
3568 2175 3722 2250 Deus,
3751 2195 3797 2236 ut

2261 2296 2443 2336 semen
2506 2290 2737 2335 vestrum
2791 2278 3276 2346 splendidissimum
3348 2290 3516 2343 usque
3559 2275 3611 2328 in
3664 2277 3797 2325 linem

2261 2370 2440 2424 mundi
2471 2368 2607 2423 idem
2639 2368 2784 2437 regni
2814 2368 3020 2420 lt‘ll'allll'
3048 2367 3283 2427 culmen,
3330 2365 3493 2418 etiam
3524 2370 3736 2416 venturo
3758 2359 3799 2413 in
3884 2359 3885 2431 ξ

2262 2460 2460 2513 saeculo
2490 2458 2690 2511 inﬁnita
2740 2457 2927 2526 gaudia
2980 2470 3103 2508 cum
3151 2455 3352 2507 sanctis
3392 2461 3449 2506 et
3489 2452 3672 2506 electis
3710 2451 3800 2503 suis

2263 2548 2413 2601 vobis
2438 2546 2695 2601 concedat
2723 2563 2738 2599 :
2770 2554 3033 2612 quatenus
3054 2544 3194 2598 sicut
3222 2544 3275 2595 in
3320 2541 3569 2610 praesenti
3596 2540 3719 2604 vita,
3748 2546 3791 2592 et

2263 2636 2314 2690 in
2349 2635 2521 2689 futura
2570 2634 2890 2688 beatitudine
2936 2633 3114 2700 adepti
3155 2632 3478 2702 promissam
3505 2632 3656 2685 vobis
3681 2644 3799 2683 meo

2262 2728 2407 2782 cedis
2451 2741 2737 2790 coronam,
2784 2740 2904 2780 cum
2959 2725 3171 2779 Christo
3221 2739 3442 2793 regnare
3486 2722 3797 2779 mereaminl.

2262 2816 2585 2869 incolumem
2641 2808 3011 2869 excellentiam
3072 2825 3303 2867 vestram
3370 2813 3540 2882 gratia
3597 2826 3799 2882 superna

2263 2904 2546 2960 custodiat.

2913 2983 3177 3026 ENDOLUI.

1854 3019 2238 3118 ῑ⁸¹⁰τυ¹ξ¹⁴ἶ¹¹θα
2336 3065 2442 3118 Pro
2494 3077 2637 3117 vera:
2689 3062 3074 3117 benedictionis
3123 3074 3281 3114 causa
3337 3058 3628 3115 direximus
3673 3059 3802 3110 vobis

2268 3156 2623 3223 appallateam
2656 3168 2812 3207 unam
2838 3154 3098 3220 spatham,
3126 3151 3339 3220 ligatam
3370 3149 3421 3202 in
3450 3148 3673 3217 gemmis
3697 3163 3797 3201 cum

2266 3244 2443 3297 balteo
2472 3257 2570 3296 suo
2594 3259 2610 3295 :
2632 3242 2882 3295 annulum
2905 3255 3090 3306 unttm,
3125 3239 3406 3293 habentem
3440 3237 3799 3305 hyacinthum:

2275 3334 2603 3389 storacinum
2634 3332 2849 3401 pallium
2877 3346 3058 3395 unum,
3094 3331 3378 3383 habentem
3408 3341 3626 3395 pannos.
3657 3326 3801 3391 Quam

2271 3437 2485 3490 parvam
2531 3420 2954 3474 benedictionem
2988 3418 3216 3487 petimus
3268 3426 3325 3471 ut
3368 3427 3593 3482 excepta
3631 3414 3799 3482 injuria

2266 3516 2540 3584 suscipere
2567 3513 2814 3582 iubeatis.
2846 3511 3082 3566 Dominis
3111 3510 3302 3565 Carolo
3324 3516 3383 3563 et
3408 3507 3804 3565 Carolomanno,

2272 3623 2368 3676 pro
2398 3623 2587 3675 magna
2620 3606 2912 3674 apostolica
2959 3603 3350 3667 benedictione,
3380 3599 3612 3654 annulus
3653 3599 3807 3665 sinam

2270 3701 2372 3766 lus,
2405 3698 2657 3752 habentes
2693 3695 3024 3765 hyacinthos.

2824 3802 3158 3875 EPISTULA
3199 3802 3282 3857 lli.

2779 3911 2843 3948 AD
2883 3910 3125 3948 PIPPINUH
3165 3908 3363 3948 Βεθεκ.

2275 3986 2474 4041 Laudat
2506 3986 2779 4055 Pippinum
2805 3996 2853 4039 et
2895 3989 3084 4055 gratias
3113 3986 3216 4055 agit
3266 3985 3404 4052 quod
3428 3983 3804 4055 ,adcentantibat

2344 4060 2466 4125 ipsis
2488 4049 2682 4124 legalis,
2714 4049 2941 4123 Remigio
2973 4056 3127 4124 fratre
3146 4049 3192 4106 et
3220 4049 3471 4125 Audiat-io
3500 4056 3657 4125 duce,
3686 4049 3802 4102 Best.

2344 4122 2513 4177 derius
2534 4122 2626 4177 rex
2651 4127 2871 4177 civitates
2905 4134 2953 4177 et
2973 4122 3303 4192 patrimonia
3330 4122 3580 4175 Ecclesia:
3606 4138 3668 4175 ex
3690 4130 3801 4192 parte

2348 4195 2641 4256 restituerit,
2672 4205 2866 4260 partem
2898 4190 3109 4247 alteram
3136 4192 3189 4245 in
3216 4199 3410 4245 certum
3448 4200 3650 4260 tempus
3673 4190 3808 4242 redde

2348 4274 2517 4315 turum
2543 4279 2594 4315 te
2624 4263 2928 4315 condixerit.

622 4391 680 4436 et
735 4381 952 4434 minime
993 4378 1286 4439 valuimus,
1333 4372 1731 4428 imminentibus
1770 4372 2166 4436 circumquaque

2354 4355 2580 4408 Domino
2624 4346 3074 4407 excellentissimo
3127 4352 3233 4405 tilio
3283 4359 3339 4405 et
3392 4359 3584 4405 nostro
3620 4346 3807 4417 spiritali

625 4467 1091 4538 Lougobardorum
1144 4464 1281 4531 regis
1323 4462 1551 4515 insidiis.
1603 4462 1849 4513 Attamen
1900 4472 2023 4510 ecce
2065 4457 2175 4525 jam

625 4557 762 4609 duas
790 4553 1191 4621 apostolicarum
1225 4551 1515 4602 litterarum
1548 4549 1871 4602 assertiones
1913 4545 2177 4598 excellen-

632 4645 719 4697 tia!
744 4653 930 4695 vestra:
960 4642 1095 4693 clam
1133 4654 1226 4708 per
1254 4640 1536 4690 maximam
1568 4637 1881 4689 industriam
1916 4635 2178 4698 misimus.

629 4743 683 4784 et
730 4731 1033 4790 ignoramus
1076 4728 1119 4780 si
1174 4727 1239 4778 ad
1287 4741 1380 4778 vos
1428 4725 1552 4792 ipsa:
1598 4725 1931 4793 pervenerint
1972 4724 2179 4777 lttcra‘.

635 4819 790 4875 Unde
830 4817 1144 4885 antbigimus
1173 4831 1237 4868 ne
1267 4830 1295 4867 a
1327 4814 1686 4881 Longobardis
1731 4811 2186 4879 comprehendan-

638 4922 742 4964 tur.
768 4910 868 4962 Pro
885 4925 987 4976 quo
1016 4917 1070 4960 et
1098 4922 1236 4959 nunc
1267 4920 1357 4972 per
1388 4906 1802 4971 przcnominatos
1831 4911 2040 4953 nostros
2069 4900 2189 4952 mis-

638 5017 725 5056 sos
748 5000 876 5052 alias
897 5000 1044 5052 vobis
1068 4998 1270 5049 litteras
1293 4995 1550 5055 misimus,
1581 4994 1726 5060 quasi
1756 4993 2189 5058 obtemperantes

641 5091 841 5161 praelati
888 5086 1140 5143 Desiderii
1190 5085 1329 5153 regis
1362 5084 1637 5147 voluntati,
1670 5083 1731 5132 ad
1781 5096 1904 5133 suos
1954 5081 2191 5147 hospites

639 5178 1038 5241 absolvendum,
1086 5184 1143 5229 et
1192 5188 1372 5240 pacem
1412 5172 1854 5225 conﬁrmandum.
1904 5168 2007 5221 Sed
2056 5168 2192 5239 bone

639 5266 1087 5323 excellentissime
1119 5263 1213 5321 fili.
1242 5272 1293 5315 et
1313 5259 1562 5326 Spiritalis
1590 5267 1879 5321 compatcr,
1913 5256 2029 5307 ideo
2059 5256 2189 5307 isras

644 5360 842 5413 litteras
880 5356 965 5408 tali
998 5355 1153 5408 modo
1202 5354 1555 5411 cxaravimus,
1590 5359 1647 5399 ttt
1680 5348 1774 5410 ipsi
1830 5349 1989 5399 nostri
2038 5348 2186 5399 missi

643 5448 708 5500 ad
752 5463 844 5499 VttS
888 5445 937 5499 itt
987 5445 1256 5497 Franci-int
1309 5442 1540 5493 valerent
1572 5436 1833 5489 transire:
1866 5437 2114 5502 quoniam
2149 5436 2191 5486 si

645 5539 746 5590 hoc
776 5552 879 5590 non
906 5537 1197 5605 egissemus
1231 5533 1366 5585 nulla
1403 5532 1609 5595 penitus
1640 5528 1839 5576 ratione
1869 5542 1957 5587 per
1980 5523 2185 5591 Luttgt»

649 5628 927 5681 bardurutu
977 5627 1106 5679 ﬁnes
1153 5622 1376 5676 transite
1432 5617 1735 5670 utlniswtt.
1784 5614 1883 5667 Sed
1935 5614 2192 5681 susceptis

2276 4444 2533 4511 cotttpatri
2564 4443 2787 4510 Pippino
2814 4441 2922 4511 regi
2956 4442 3281 4496 Francorum
3309 4447 3367 4496 et
3393 4440 3630 4508 patricio
3650 4437 3811 4493 Buma-

2279 4548 2486 4594 norum,
2520 4531 2712 4584 l‘aulus
2745 4545 2894 4598 papa.

2351 4622 2481 4686 Quia
2528 4619 2836 4673 excellentia
2887 4626 3064 4673 vestra
3093 4620 3283 4674 merito
3330 4618 3603 4673 bonorum
3632 4628 3814 4685 opus!

2282 4725 2514 4778 superno
2559 4710 2788 4762 examini
2843 4709 3001 4770 fuerit
3050 4710 3417 4777 comprobata,
3461 4710 3600 4778 ipsis
3639 4708 3739 4776 illa
3774 4704 3815 4755 il

2286 4786 2565 4855 manifesto
2594 4816 2769 4854 rerum
2810 4801 3165 4855 exhibit'arum
3209 4798 3491 4855 ell‘ectibus
3520 4800 3816 4855 demonstra-

2289 4899 2396 4944 tum
2424 4900 2524 4943 εει.

2844 4956 3168 5012 EPISTOLA
3210 4956 3298 5011 IV.

2786 5063 2851 5101 Αο
2891 5061 3129 5101 ΡΙΡΡΙκυΙί
3160 5062 3355 5100 ΒΕΕΕΜ.

2292 5137 2625 5205 Conqueritur
2660 5142 2841 5191 iterum
2891 5140 2952 5189 de
2978 5138 3239 5189 Desiderio
3287 5150 3423 5202 rege,
3476 5137 3624 5205 quod
3648 5146 3819 5204 pro-tt

2360 5225 2467 5261 sant
2497 5210 2672 5275 legatis
2711 5210 2959 5274 integram
2984 5207 3349 5275 restitutionem
3380 5219 3487 5256 non
3542 5211 3753 5275 ρνωεζ,
3782 5206 3817 5275 gl

2362 5282 2424 5329 de
2446 5268 2833 5329 comininatoriis
2855 5276 3029 5327 litteris
3054 5290 3176 5341 quas
3198 5274 3493 5341 scripserat.
3527 5268 3657 5327 Orat
3675 5268 3819 5339 Pini-

2365 5363 2433 5397 nu
2450 5363 2520 5407 nt,
2547 5356 2601 5397 ut
2634 5358 2729 5398 tres
2753 5348 2940 5412 legatos
2969 5342 3212 5395 Ecclesia
3237 5357 3389 5393 causa
3416 5342 3615 5396 mittat.

2368 5435 2588 5487 Domino
2627 5434 3078 5488 excellentissimo
3131 5432 3259 5494 lilio,
3302 5438 3358 5483 ct.
3400 5440 3600 5486 nostra
3636 5428 3818 5500 spiritali

2293 5526 2572 5592 compatri,
2605 5524 2827 5590 Pippino
2871 5523 3195 5577 Francorum
3235 5520 3341 5589 regi
3382 5531 3435 5576 et
3488 5520 3713 5593 patricio
3743 5518 3819 5572 llo-

2298 5611 2791 5666 ntauoruut'l’aulus
2837 5626 2984 5680 papa.

3685 280 3799 333 “80
3874 300 3875 303 η
