3910 6234
1555 398 1926 455 EPISTULaE.

3201 404 3338 460 “82

180 520 221 575 Α
253 518 366 582 Deo
396 518 657 573 instituta:
702 513 1073 587 przecellentizc
1116 522 1305 568 vestra:
1354 511 1436 565 his
1471 509 1667 563 nostris
1697 510 1747 566 A
1775 512 1918 563 nium
1951 522 2248 566 nostrorum
2282 514 2612 567 inimicorum
2647 514 2976 568 ferocntatem
3001 522 3055 567 ct
3082 528 3336 584 arrogan-

115 608 418 676 apostolicis
443 607 682 678 syllabis,
728 608 865 661 bone
904 605 1270 672 potentissime
1299 619 1415 667 rex,
1465 604 1535 656 iiIi
1576 617 1671 656 cx-

113 697 511 763 cellentissime,
561 710 611 751 et
662 696 918 766 spiritalis
964 703 1259 762 compater,
1303 693 1439 746 sicut
1487 701 1669 744 nostro

115 799 225 855 post
269 789 439 843 Deum
490 788 786 851 liberatori,
826 802 887 841 ea
917 800 1033 854 qua:
1077 788 1142 840 ad
1190 786 1514 855 agnitionem
1568 798 1667 835 no-

113 887 269 929 stram
315 878 387 930 de
425 877 652 931 diversis
686 875 973 929 adveniunt
1027 874 1279 942 partibus,
1325 886 1668 941 summopere

111 966 446 1019 innotescere
476 966 772 1020 studemus.
807 969 1070 1033 Agnoscat
1098 963 1358 1029 siquidem
1390 964 1669 1018 eximietas

110 1066 300 1119 vestra,
341 1054 620 1109 intimasse
665 1054 816 1106 nobis
840 1053 1094 1121 quosdam
1119 1050 1507 1106 sincerissimos
1538 1049 1668 1102 fide-

111 1142 181 1195 les
207 1145 469 1211 spiritalis
500 1145 682 1197 matris
713 1154 903 1196 vestra:
931 1152 1130 1197 sancta:
1160 1152 1355 1196 nostra:
1387 1141 1665 1206 Ecclesiae,

108 1231 242 1297 quod
285 1246 387 1285 sex
424 1233 652 1299 patricii,
682 1231 982 1285 deferentes
1011 1246 1190 1284 secum
1225 1237 1458 1283 trecenta
1513 1228 1667 1281 navi-

108 1321 205 1387 gia,
237 1321 510 1389 simulque
538 1333 591 1375 et
621 1324 952 1376 Siciliensem
982 1323 1197 1387 stolum,
1225 1323 1275 1373 in
1301 1322 1435 1373 hanc
1474 1318 1667 1371 Roma-

108 1422 224 1460 nam
254 1408 445 1461 urbem
474 1409 701 1463 absoluti
732 1426 761 1463 a
792 1411 934 1480 regia
976 1412 1108 1463 urbe
1138 1411 1202 1463 ad
1234 1424 1330 1463 nos
1360 1416 1665 1476 properant.

106 1498 231 1560 quid
265 1499 300 1550 ii
323 1500 494 1552 velint
522 1514 700 1567 agere,
734 1509 824 1553 aut
870 1516 967 1567 pro
1016 1515 1116 1565 qua
1161 1499 1459 1568 diriguntur
1485 1512 1664 1563 causa,

108 1588 178 1639 rei
206 1588 493 1641 veritatem
539 1589 847 1656 ignoramus
877 1606 890 1640 :
922 1588 1023 1641 hoc
1047 1597 1247 1641 tantum
1278 1586 1430 1641 nobis
1458 1585 1667 1655 nuntia-

106 1687 206 1728 tum
233 1687 322 1731 est
345 1678 485 1746 quod
514 1679 578 1731 ad
606 1693 703 1731 nos
732 1679 998 1748 progredi,
1032 1688 1086 1731 et
1113 1678 1179 1730 ad
1207 1690 1435 1731 vesuram
1458 1689 1666 1729 summe

106 1767 423 1821 laudabilem
464 1769 873 1841 prmcellentiam
903 1769 954 1821 in
987 1768 1267 1821 Franciam
1302 1769 1502 1835 ingredi
1541 1776 1665 1821 sunt

1775 599 1899 652 tiam
1932 601 2122 655 solitus
2146 602 2426 655 auxiliator
2469 612 2522 658 et
2572 611 2841 671 protector
2887 612 3069 656 noster
3105 606 3334 659 existere

1767 688 1976 756 jubeas,
2006 690 2461 745 Christianissime
2489 701 2543 744 et
2571 692 2826 760 spiritalis
2854 702 3159 759 compatcr,
3199 708 3331 760 qua-

1774 786 1923 831 tenus
1951 778 2360 832 lucratissinium
2391 780 2667 847 praemium
2700 795 2729 831 a
2759 779 3117 847 Redemptum
3148 789 3331 831 nostro

1772 868 1992 921 Domino
2019 869 2145 936 Deo,
2173 871 2529 925 intercedente
2577 870 2730 924 beato
2776 871 2933 925 Petro
2963 873 3323 939 apostolorum

1772 963 2028 1031 principe,
2058 964 2314 1030 consequi
2356 963 2709 1028 mercamini;
2760 971 2814 1016 et
2857 962 2995 1016 sicut
3038 971 3329 1026 terrenum,

1772 1054 1841 1107 ita
1870 1064 1923 1106 et
1951 1053 2166 1107 caeleste
2197 1067 2412 1121 regnum
2441 1067 2560 1106 cum
2594 1053 2797 1106 sanctis
2825 1060 2883 1105 ct
2909 1052 3092 1105 electis
3118 1050 3210 1103 Dei
3235 1065 3330 1118 per

1770 1142 1969 1196 inﬁnita
1990 1143 2182 1196 stecula
2204 1141 2455 1210 consequi
2480 1142 2806 1195 mereamiui.
2826 1142 2900 1195 De
2924 1141 3171 1193 omnibus
3192 1154 3319 1193 vero

1770 1231 1946 1285 subtili
1976 1235 2306 1286 enarratione
2333 1233 2575 1301 praesenti
2605 1230 2890 1285 Coniberto
2915 1242 3094 1283 vestro
3122 1229 3323 1282 ﬁdelis-

1769 1322 1903 1375 simu
1930 1336 2083 1376 vasso
2105 1320 2435 1389 injunximus
2462 1328 2648 1373 cuncta
2676 1319 2923 1387 liquidius
2948 1327 3140 1371 vestra:
3161 1318 3326 1383 regali

1773 1412 2016 1478 potentia:
2041 1424 2347 1480 suggerere.
2387 1410 2494 1464 Sed
2532 1420 2585 1463 et
2628 1409 2728 1462 hoc
2753 1408 2946 1487 obnixe
2998 1408 3323 1475 postulamus

1770 1504 2047 1570 benignam
2080 1503 2461 1559 excellentiam
2494 1507 2747 1566 vestram,
2783 1508 2839 1551 ut
2879 1499 3075 1551 missos
3120 1506 3325 1549 vestros

1769 1603 1942 1661 aptos,
1973 1593 2157 1662 quales
2206 1591 2357 1645 vobis
2387 1590 2703 1659 placuerint,
2744 1590 2810 1642 ad
2852 1602 2947 1641 nos
2978 1586 3205 1654 dirigere
3232 1585 3327 1639 de-

1770 1683 1958 1743 beatis,
1983 1683 2071 1747 qui
2110 1684 2160 1735 in
2192 1690 2375 1734 nostro
2402 1680 2740 1732 inveniantur
2780 1692 2897 1730 esse
2928 1676 3121 1729 auxilio
3149 1693 3162 1728 :
3191 1687 3327 1727 unus

1771 1779 1945 1825 tamen
1973 1784 2037 1823 ex
2070 1771 2148 1823 eis
2184 1783 2350 1838 usque
2396 1768 2638 1821 Ticinum
2692 1780 2978 1835 properare
3019 1765 3237 1831 debeat,
3270 1774 3327 1816 ut

102 1856 340 1925 dispositi
374 1877 388 1910 :
436 1829 730 1928 eademque
777 1859 929 1913 nobis
976 1859 1267 1911 destinatas
1296 1858 1497 1911 litteras
1528 1858 1662 1911 infra
1692 1829 1741 1889 Β
1766 1860 1890 1915 dum
1918 1874 2037 1914 cum
2071 1829 2346 1914 Desiderio
2375 1872 2500 1927 rege
2526 1857 2734 1911 locutus
2766 1854 2945 1917 fuerit,
2981 1851 3234 1922 quidquid
3275 1853 3325 1906 ei

104 1948 209 2001 haec
232 1958 419 2002 nostra
450 1948 646 2017 scripta
680 1962 876 2003 vestra:
904 1948 1229 2001 excellentia:
1254 1948 1547 2000 direximus
1578 1947 1661 2000 in-

104 2042 345 2095 tuendas.
383 2042 563 2109 itaque
591 2051 645 2095 et
681 2042 782 2095 hoc
828 2040 1206 2117 conservanda:
1247 2039 1539 2093 eximietati
1572 2054 1664 2092 ve-

103 2140 223 2183 stra:
244 2133 653 2193 innotescimus,
674 2132 813 2199 quod
836 2132 1277 2199 quemadmodum
1303 2131 1353 2183 in
1382 2132 1660 2198 prmseutia

103 2224 381 2275 missorum
412 2233 706 2277 vestrorum
733 2223 970 2277 constitit
994 2237 1114 2295 cum
1144 2221 1426 2276 Desiderio
1454 2223 1659 2291 Longo-

102 2312 384 2365 bardorum
413 2328 560 2381 rege,
610 2323 664 2365 ut
694 2322 902 2365 nostras
935 2312 1291 2365 Romanorum
1318 2312 1548 2378 justitias
1592 2326 1657 2366 ex

104 2400 353 2453 omnibus
397 2398 869 2470 Longobardorum
909 2399 1209 2453 civitatibus
1241 2402 1447 2468 plenius
1476 2402 1662 2468 primi-

103 2498 181 2541 tus
228 2492 621 2557 acciperemus,
667 2500 722 2544 et
770 2491 837 2543 ita
889 2490 1221 2556 postmodum
1265 2492 1329 2543 ad
1387 2492 1553 2545 vicero
1593 2506 1656 2545 ex

100 2579 361 2633 omnibus.
403 2580 599 2633 nostris
652 2580 957 2633 civitatibus
1008 2581 1238 2648 integras
1296 2581 1658 2648 Longobardis

101 2665 394 2721 iaceremus
461 2668 740 2735 justitias;
806 2669 924 2722 freti
988 2670 1039 2721 in
1112 2670 1473 2736 hujuscemodi
1542 2671 1658 2737 ejus

102 2755 503 2823 pollicitatione,
532 2774 688 2826 quam
720 2759 770 2811 in
815 2760 1094 2825 praesentia
1127 2760 1499 2827 prredictorum
1531 2761 1657 2815 mis-

104 2857 272 2905 sorum
329 2857 621 2901 vestrorum
670 2847 932 2911 exhibuit,
982 2861 1194 2904 nostros
1242 2852 1433 2905 missos
1461 2852 1658 2905 direxi-

102 2950 210 2991 mus
240 2938 309 2990 ad
342 2938 556 2991 easdem
606 2939 936 3007 recipiendas
987 2939 1357 3007 faciendosque
1401 2941 1651 3007 justitias.

103 3026 213 3091 ipse
234 3042 366 3081 vero
389 3029 563 3100 varias
584 3030 843 3083 adhibens
870 3030 1208 3083 occasionum
1242 3034 1528 3098 versutias,
1560 3048 1653 3087 ne-

102 3124 356 3186 quaquam
390 3118 544 3170 nobis
572 3118 835 3184 primitus,
884 3129 939 3171 ut
977 3122 1233 3182 constitit,
1279 3122 1545 3188 plenarias
1587 3122 1653 3178 de

102 3207 344 3257 oinnibus
370 3207 483 3259 suis
522 3207 824 3261 civitatibus
854 3207 1026 3262 facere
1072 3210 1236 3263 voluit
1265 3226 1396 3279 quas
1419 3212 1658 3279 exquiri-

104 3308 213 3347 mus
236 3293 497 3363 jusutias,
527 3306 581 3348 et
605 3298 670 3348 ita
701 3297 914 3349 demum
944 3312 1068 3351 suas
1089 3298 1141 3352 in
1165 3300 1371 3369 integro
1397 3315 1462 3354 ex
1487 3302 1661 3355 omni-

104 3382 191 3435 bus
252 3387 453 3439 nostris
519 3385 818 3439 civitatibus
894 3390 1132 3456 recipere
1182 3407 1193 3442 :
1246 3391 1339 3444 sed
1388 3392 1657 3458 sigillatim

105 3476 463 3529 tantummodo
484 3476 550 3529 de
581 3492 680 3529 una
709 3478 924 3531 civitate
967 3479 1165 3543 facere,
1195 3489 1249 3533 et
1289 3480 1355 3533 de
1385 3483 1485 3534 alia
1525 3482 1661 3535 reci-

106 3578 224 3625 pere
252 3565 467 3625 maluit;
496 3566 680 3618 volens
714 3581 807 3632 per
837 3565 938 3620 hoc
985 3567 1295 3623 dilationem
1342 3568 1557 3632 inferre,
1588 3585 1659 3627 ne

106 3667 217 3719 pars
241 3661 425 3706 nostra
446 3654 803 3708 Romanorum
836 3656 1100 3722 prepriam
1123 3668 1486 3725 consequatur
1499 3660 1659 3728 justi-

106 3748 241 3799 ti-tm.
272 3746 338 3799 Et
373 3761 496 3801 ecce
524 3747 688 3799 nostri
737 3746 887 3799 missi
922 3746 1048 3799 nihil
1086 3748 1427 3814 impctrantes
1456 3750 1520 3802 ad
1560 3763 1657 3804 nos

105 3834 210 3888 sine
238 3835 430 3889 eﬂectu
477 3835 678 3889 reversi
719 3847 864 3890 sunt.
897 3836 963 3889 Et
1010 3838 1188 3904 plures
1235 3838 1657 3905 deprtedationes

106 3937 158 3973 ex
184 3932 329 3984 tunc,
360 3932 516 4001 atque
544 3924 702 3975 multa
738 3933 790 3977 et
814 3924 1048 3977 inaudita
1074 3925 1207 3977 mala
1235 3926 1285 3978 iu
1326 3928 1521 3981 nostris
1557 3928 1657 3981 iut-

106 4011 262 4064 mittit
298 4013 507 4065 ﬁnibus.
542 4013 689 4066 Unde
714 4028 839 4066 ecce
868 4028 988 4067 suas
1010 4015 1282 4067 confestim
1297 4016 1489 4070 direxit
1516 4017 1656 4072 litte-

107 4112 210 4165 ras,
242 4116 341 4170 per
371 4112 501 4167 quas
527 4102 799 4155 conﬁdens
828 4103 878 4155 in
906 4118 997 4155 sua
1031 4104 1320 4168 ieroritale,
1350 4104 1513 4159 Deum
1544 4120 1655 4174 pra:

104 4191 265 4243 oculis
299 4205 403 4242 non
423 4191 660 4254 .habens,
696 4206 791 4245 nec
817 4192 1027 4244 beatum
1056 4194 1344 4259 principem
1391 4196 1656 4261 apostolo-

105 4291 211 4331 rum
252 4276 465 4333 Petrum
490 4292 754 4345 metuens,
784 4284 1224 4337 comminationes
1254 4286 1404 4340 nobis
1434 4286 1651 4351 direxit,

104 4376 152 4422 ει
190 4368 365 4422 inania
415 4370 796 4423 detractionum
834 4376 991 4424 Verba
1043 4375 1278 4440 protulit.
1323 4376 1463 4442 Quas
1490 4389 1541 4429 et
1585 4377 1652 4429 de

1744 3661 1952 3728 pimus.

1767 1953 1824 2006 in
1872 1949 2145 2018 responsis
2186 1935 2503 2014 reddiderit,
2538 1955 2730 1999 vestra:
2768 1943 3099 1997 excellentia:
3127 1957 3326 1995 renun—

1768 2041 1862 2093 tiet
1883 2057 1903 2091 τ
1936 2038 2125 2107 reliqui
2156 2053 2283 2091 vero
2302 2038 2408 2091 duo
2434 2052 2553 2090 cum
2585 2044 2762 2089 vestro
2790 2031 3048 2099 dlSpOSilu
3088 2041 3145 2085 et
3181 2029 3325 2084 ordi-

1764 2131 1979 2183 natione
2008 2128 2145 2197 apud
2175 2143 2273 2182 nos
2303 2127 2627 2197 conjungere
2657 2126 2929 2188 festinent,
2962 2132 3018 2176 ut
3047 2123 3097 2175 in
3122 2131 3323 2184 nostro.

1764 2230 1821 2273 ut
1849 2220 2043 2273 dictum
2073 2229 2177 2284 est,
2206 2221 2499 2273 consistant
2528 2216 2748 2270 auxilio.
2796 2215 3120 2268 Incolumem
3147 2212 3325 2267 excel-

1763 2310 1979 2363 lentiam
2009 2318 2237 2363 vestram
2266 2309 2435 2379 gratia
2466 2321 2699 2376 superna
2731 2303 3018 2360 custodiat.

2323 2460 2646 2517 EPISTULA
2696 2458 2760 2513 γ.

2158 2569 2173 2582 ⁸
2248 2590 2314 2629 an
2351 2587 2592 2628 sinemus:
2630 2586 2825 2627 necent.

1765 2685 1837 2739 De
1852 2701 1997 2741 sacra
2018 2701 2186 2738 mensa
2212 2684 2471 2753 Stephano
2494 2698 2638 2751 paptB
2665 2698 2695 2733 a
2721 2680 2941 2753 Pippino
2964 2680 3321 2753 regegdonata;

1825 2767 1921 2823 qua
1954 2758 2050 2807 ritu
2085 2756 2257 2807 Romae
2284 2750 2343 2807 ab
2370 2750 2674 2823 eius_missis
2699 2752 2765 2802 ad
2794 2751 2924 2803 beati
2957 2750 3097 2801 Petri
3120 2752 3319 2815 confes-

1822 2821 2014 2878 sionem
2052 2823 2241 2886 oblata,
2290 2833 2336 2877 et
2387 2838 2418 2873 a
2475 2821 2639 2884 Paulo
2694 2837 2829 2889 papa
2882 2829 3115 2887 suscepta
3167 2827 3317 2885 atque

1826 2903 2117 2947 consecrata
2147 2892 2233 2945 ait.

1828 3027 2049 3082 Domino
2094 3028 2544 3082 excellentissmo
2593 3024 2701 3079 filio
2751 3033 2807 3078 et
2862 3032 3046 3077 nostro
3093 3021 3318 3089 spiritali

1757 3118 2016 3186 compatri
2051 3116 2276 3186 Pippino
2300 3116 2408 3185 regi
2442 3117 2764 3169 Francorum
2793 3122 2846 3168 et
2878 3113 3097 3183 patricio
3126 3113 3323 3175 Romae

1761 3224 1947 3264 norum
1978 3210 2169 3265 Paulus
2195 3226 2347 3279 papa.

1828 3302 1958 3355 Cum
1985 3302 2213 3355 maximo
2242 3301 2657 3355 honorificentia:
2683 3311 2899 3365 conatu,
2927 3308 2981 3354 et
3011 3296 3317 3353 dilectionis

1758 3388 1975 3455 alfectu,
2002 3406 2135 3459 quas
2167 3391 2422 3459 praclara
2454 3391 2767 3444 excellentia
2795 3399 2969 3444 vestra
2997 3389 3139 3442 misit
3180 3388 3319 3441 litte-

1759 3474 1867 3544 ras,
1912 3478 2204 3532 ferentibus
2254 3478 2465 3533 Andrea
2513 3487 2567 3532 et
2613 3477 2913 3531 Guuderico
2955 3476 3317 3531 solertissimis

1758 3570 1905 3632 viris,
1928 3568 2336 3624 Christianitatis
2352 3580 2539 3624 vestrae
2562 3570 2754 3634 missis,
2779 3577 3111 3638 acceptantes
3131 3582 3316 3621 susceo

2027 3660 2092 3713 Et
2136 3671 2245 3731 post
2293 3664 2444 3714 alia:
2493 3662 2691 3715 interea
2741 3660 3226 3727 praecellentissime
3257 3673 3320 3712 ac

1757 3751 2137 3820 benignissime
2192 3767 2281 3806 rex
2336 3752 2787 3805 Christianissime
2830 3752 2901 3804 fili
2952 3759 3007 3806 et
3068 3750 3319 3819 spiritalis

1757 3850 2050 3909 compater,
2083 3843 2409 3910 suscepimus
2434 3853 2487 3896 et
2516 3856 2750 3896 mensam
2780 3843 2945 3907 illam,
2991 3856 3146 3909 quam
3187 3839 3313 3894 olim

1755 3940 1954 3985 sancta:
1981 3932 2361 3985 recordationis
2392 3933 2607 3986 domino
2630 3941 2682 3985 et
2707 3946 2958 4001 germano
2982 3944 3163 3985 nostro
3190 3929 3319 3985 bea-

1756 4020 1961 4074 tissimo
2006 4021 2272 4089 Stephano
2309 4035 2476 4089 papae,
2531 4031 2586 4075 et
2641 4038 2734 4089 per
2780 4038 2897 4076 enm
2954 4022 3109 4075 beato
3155 4021 3314 4075 Petro

1755 4113 1992 4181 apostolo
2019 4112 2300 4167 obtulistis.
2332 4114 2497 4178 Quam
2528 4124 2582 4167 et
2618 4128 2737 4166 cum
2770 4113 2979 4183 hymnis
3006 4121 3058 4168 et
3094 4116 3313 4168 canticis

1722 4256 1725 4259 Α
1754 4201 2324 4281 spiritalibus,_litani:e
2352 4203 2532 4256 laudes
2546 4200 2851 4256 solemniter
2870 4203 2977 4255 Deo
3002 4203 3311 4267 referentes,

1756 4291 1889 4346 infra
1916 4292 2085 4345 aulam
2116 4292 2280 4362 ipsius
2310 4294 2559 4360 principis
2609 4294 2966 4361 apostolorum
3020 4294 3314 4349 introduxi-

1758 4396 1875 4434 mus
1898 4386 2201 4450 :Tquamque
2230 4383 2391 4437 vestri
2415 4384 2557 4437 missi
2587 4384 2637 4436 in
2666 4398 2869 4437 sacram
2902 4385 3317 4454 confessionem,

106 4458 371 4523 Ρηωεηιί.
420 4459 553 4511 inira
604 4460 741 4513 hanc
784 4471 1017 4514 nostram
1066 4464 1387 4518 exarationis
1436 4468 1649 4532 seriem,
1686 4484 1919 4544 Dsuper
1947 4484 2138 4539 corpus
2164 4472 2367 4527 scilicet
2395 4472 2631 4542 ejusdem
2679 4477 2936 4530 caelorum
2978 4476 3224 4543 janitoris
3249 4494 3316 4533 ex

104 4555 274 4599 vestro
315 4544 626 4614 prcefulgido
656 4557 709 4601 et
736 4564 764 4601 a
796 4549 901 4602 Deo
943 4550 1183 4603 instituto
1212 4554 1428 4607 culmini
1454 4557 1657 4610 direxi-

105 4645 232 4694 mus,
268 4643 327 4685 ut
352 4650 533 4687 earum
568 4637 817 4702 praecelsa
848 4641 1121 4692 exitnietas
1162 4650 1334 4694 vestra
1363 4660 1656 4713 agitoscens

103 4730 322 4787 textum,
354 4725 650 4778 consideret
677 4736 867 4793 quanta
899 4730 966 4780 sit
992 4731 1106 4795 ejus
1136 4732 1256 4781 ntali
1286 4732 1354 4795 ia,
1387 4742 1441 4786 et
1469 4736 1658 4796 elatio.

102 4813 180 4867 nis
205 4814 383 4868 cordis
408 4816 677 4883 superbia,
718 4818 770 4869 in
812 4818 862 4870 id
909 4820 1048 4884 quod
1087 4830 1270 4872 contra
1317 4822 1524 4876 beatum
1560 4826 1655 4878 νε.

105 4913 257 4981 trum,
288 4915 343 4959 et
372 4916 600 4959 vestram
632 4910 857 4976 regalem
892 4913 1176 4975 potentiam
1194 4927 1252 4965 se
1280 4916 1511 4980 erigens,
1547 4932 1659 4969 mu-

102 4993 235 5046 litias
266 4994 420 5046 nobis
444 4996 797 5048 comminatur
839 4997 1052 5050 inferre.
1084 4999 1189 5052 Sed
1234 5017 1330 5052 nos
1370 5018 1517 5069 spem
1563 5022 1659 5057 no-

103 5090 285 5147 stram,
316 5095 433 5154 post
456 5085 642 5149 Deum,
669 5086 799 5139 sicut
826 5087 1284 5155 inexpugnabilem
1304 5108 1534 5159 murum,
1564 5095 1657 5148 lir-

108 5172 388 5227 tuissimam
420 5174 472 5227 in
516 5186 745 5230 vestram
776 5191 803 5227 a
829 5176 935 5229 Deo
965 5181 1358 5235 corroboratmn
1390 5188 1657 5241 excellen~

106 5262 222 5315 tium
258 5262 532 5319 habemus.
560 5267 660 5319 l'ro
687 5282 791 5335 quo
820 5268 955 5321 ﬂexo
987 5272 1180 5337 poplite
1206 5275 1455 5340 petimus,
1484 5290 1538 5333 et
1561 5297 1655 5348 per

106 5369 195 5406 nos
232 5357 391 5409 etiam
434 5359 619 5413 beatus
652 5362 835 5414 Petrus
860 5367 1223 5429 apostolorum
1278 5373 1528 5441 princeps
1564 5391 1652 5430 ve-

106 5455 259 5535 stram
290 5453 595 5520 aggreditur
622 5454 868 5507 eximiam
910 5460 1336 5526 prtecellenliam,
1389 5472 1654 5535 quatenus

108 5533 382 5602 inspiratus
411 5539 480 5592 ob
507 5540 873 5608 omnipotente
908 5545 1036 5605 Deo,
1062 5548 1148 5613 qui
1182 5566 1275 5604 vos
1317 5533 1517 5611 sancta
1542 5574 1652 5613 sum

112 5625 349 5683 Ecclesia:
380 5630 717 5686 defensorem
758 5650 818 5686 ac
849 5635 1185 5693 liberatorem
1232 5647 1525 5711 constituit,
1568 5664 1653 5703 sa-

113 5715 266 5773 lutem
296 5730 531 5775 nostram
560 5722 882 5793 amplissime
915 5740 1216 5799 procurare,
1248 5742 1299 5788 et
1332 5746 1517 5793 contra
1544 5754 1653 5797 omo

1767 4563 1924 4615 vestri
1950 4576 2173 4630 persona
2194 4563 2519 4618 obtulerunt.
2543 4564 2709 4632 Quam
2735 4575 2788 4619 et
2807 4566 3090 4621 chrismate
3113 4570 3319 4623 unctio-

1761 4650 1842 4702 nis
1867 4652 2275 4715 sancmicantcs,
2323 4661 2377 4706 et
2420 4667 2625 4707 sacram
2655 4640 2974 4707 oblationem
3002 4670 3171 4724 super
3198 4672 3314 4711 eam

1759 4741 2116 4808 intponentes,
2146 4742 2461 4797 sacrificium
2502 4743 2670 4795 laudis
2707 4744 2814 4797 Deo
2838 4747 3188 4813 omnipotenti
3222 4763 3316 4815 pro

1757 4839 1955 4884 reteina
1981 4832 2170 4885 anim-.e
2196 4843 2385 4886 vestra:
2410 4834 2831 4888 remuneratione
2860 4843 2915 4887 et
2937 4837 3081 4905 regni
3105 4838 3316 4891 stabili-

1761 4927 1866 4974 tate
1893 4922 2214 4987 obtulimus;
2246 4922 2591 4977 decernentes
2629 4926 2921 4989 apostolica
2959 4941 3181 4980 censura
3208 4930 3315 4983 sub

1757 5011 2111 5065 anathematis
2147 5013 2562 5081 interpositione,
2596 5015 2725 5067 nulli
2751 5029 2976 5083 unquam
3007 5017 3169 5071 licere
3193 5034 3315 5073 eam

1759 5098 1825 5154 ab
1857 5100 2095 5156 Ecclesia
2128 5100 2264 5158 beati
2298 5102 2434 5156 Petri
2465 5103 2717 5156 alienare.
2750 5103 2959 5158 Etecce
3008 5109 3318 5164 memoriale

1761 5204 1990 5250 vesnum
2022 5194 2073 5245 in
2102 5194 2283 5247 eadem
2308 5194 2593 5261 apostolica
2623 5195 2737 5246 aula
2772 5193 2984 5263 fulgens
3036 5210 3316 5264 permanet

1761 5280 1809 5334 il
1864 5291 2121 5334 teternum
2154 5297 2169 5333 :
2210 5281 2362 5349 cujus
2409 5284 2886 5338 remunerationem
2926 5299 3020 5340 vos
3057 5289 3256 5342 credite
3283 5302 3315 5345 ι

1754 5370 1899 5436 justo
1940 5372 2256 5427 retributore
2286 5373 2505 5425 Domine
2532 5372 2657 5436 Deo,
2688 5382 2742 5426 et
2771 5375 2924 5430 beato
2951 5378 3310 5443 apostolorum
3338 5412 3515 5443 Hm,

1757 5462 1993 5529 principe
2020 5462 2200 5529 Petro,
2224 5463 2277 5516 in
2306 5462 2611 5517 coelestibus
2652 5466 2828 5533 regnis
2869 5466 3205 5535 adepturi)th
3237 5473 3314 5528 De

1758 5550 1986 5620 Georgio
2032 5554 2207 5621 itaque
2254 5565 2307 5609 et
2349 5554 2505 5608 Petro
2552 5558 2691 5623 quod
2745 5558 3051 5613 innotuistis
3096 5568 3320 5617 omnino

1755 5645 2081 5715 agnovimus.
2114 5646 2217 5702 Sed
2271 5646 2370 5698 hoc
2402 5648 2453 5699 in
2504 5658 2693 5701 vestrze
2752 5650 3041 5706 voluntatis
3086 5653 3313 5707 arbitrio

1758 5738 2078 5805 relaxamus,
2125 5749 2179 5793 ut
2216 5738 2439 5807 qualiter
2485 5740 2629 5794 vobis
2660 5740 2943 5808 placuerit,
2993 5742 3062 5798 ita
3116 5761 3179 5800 ex
3229 5754 3305 5820 ei,
