3910 6234
610 203 742 259 1133

1924 200 1983 257 s.
2027 154 2227 256 eam
2268 200 2464 256 eam
2506 200 2523 253 l

3723 203 3833 257 “iii

606 313 791 383 agatis,
826 314 935 365 sive
976 311 1092 363 illos
1123 309 1259 378 apud
1293 324 1384 363 vos
1431 309 1740 378 dctittendo,
1772 312 1889 364 sive
1918 312 2077 364 etiam
2106 310 2169 363 ad
2198 313 2249 370 Α
2279 308 2361 363 bis
2411 325 2504 378 per
2553 308 2823 363 vinculum
2872 306 3126 374 spiritalis
3176 307 3395 364 imderis
3447 309 3831 379 adhaerendnat,

610 422 707 458 nos
736 403 1057 457 ειιιςυινιιιιύο
1085 419 1098 453 :
1129 401 1375 477 quoniam
1398 402 1617 454 omnino
1647 416 1764 469 qua:
1792 402 1941 453 vobis
1974 400 2166 467 placita

606 503 750 557 sont,
774 503 821 545 et
853 492 1001 543 nobis
1032 491 1249 543 omnino
1276 505 1507 557 congrua
1555 499 1608 542 et
1661 504 1911 556 prospera
1941 503 2063 545 esse
2096 491 2169 541 vi-

608 584 817 643 dentur.
853 582 1063 635 Pra'iati
1112 580 1336 648 denique
1383 581 1531 657 miss’i
1563 579 1721 632 vestri
1772 582 1947 633 omnia
1994 596 2110 648 qua:
2141 595 2169 631 a

610 675 758 726 vobis
788 676 1019 739 iniuncta
1046 675 1360 743 etStiterunt
1389 671 1634 739 liquidius
1660 671 1811 724 nobis
1842 671 2167 734 retulerunt;

609 762 676 816 de
703 764 892 831 quibus
918 763 979 814 ad
1003 761 1208 829 singula
1241 775 1549 827 responsum
1594 759 1942 822 reddidimus,
1972 774 2171 827 eosque

609 854 677 908 de
711 854 911 908 cunctis
954 832 1264 906 informatus
1308 852 1370 903 ad
1431 866 1523 905 vos
1549 851 1901 905 enarrandum
1941 850 2172 903 absolvi-

609 959 747 996 mus.
798 944 1147 1012 Omnipotens
1180 954 1352 993 autem
1401 941 1672 1003 Dominus,
1706 944 1789 1008 qui
1820 940 1970 994 dives
2008 950 2086 994 est
2119 941 2169 994 in

607 1032 1000 1095 misericordia,
1041 1046 1149 1084 sure
1192 1030 1521 1084 extensionis
1553 1031 1764 1083 brachio
1793 1045 1886 1085 vos
1925 1032 2183 1097 continua

606 1117 920 1173 delensione
945 1126 1202 1187 protegat,
1224 1130 1275 1173 et
1298 1135 1485 1173 omnes
1508 1119 1839 1173 adversarios
1862 1134 1923 1175 ac
1944 1120 2170 1174 rebelles

606 1215 798 1263 vestris
827 1210 1091 1277 regalibus
1120 1209 1648 1278 subjiciatwstigiis,
1695 1209 1931 1263 tribuens
1976 1210 2170 1275 iungan-

609 1300 743 1353 viter
779 1313 840 1354 ac
868 1297 1181 1386 salubriter)
1213 1314 1311 1351 una
1344 1314 1461 1351 cum
1493 1298 1935 1353 excellentissima
1988 1297 2091 1352 ﬁlia
2118 1309 2169 1352 et

607 1387 830 1458 spiritali
875 1397 1061 1443 rostra
1107 1398 1416 1452 commatre,
1468 1390 1843 1458 benignissima
1889 1390 2089 1457 regina,
2120 1398 2172 1442 et

607 1477 990 1533 amantissimis
1013 1481 1148 1532 natis
1173 1478 1363 1533 Carolo
1390 1489 1442 1533 et
1472 1480 1879 1544 Carolomanno,
1907 1483 2174 1535 excellen-

605 1566 829 1621 tissimis
855 1569 1062 1636 regibus
1082 1578 1135 1622 et
1158 1568 1390 1637 patriciis
1420 1570 1801 1633 Romanorum,
1826 1584 1985 1639 atque
2010 1570 2168 1624 Gisila

2274 400 2421 467 juxta
2470 399 2610 467 quod
2652 398 2851 453 domno
2880 405 2934 453 et
2960 412 3213 467 germano
3243 413 3363 453 meo
3396 398 3579 452 beata:
3606 390 3851 453 record»1

2277 488 2433 540 tionis
2488 488 2851 551 sanctissimo
2883 486 3156 556 Stephano
3225 502 3374 555 papae
3438 488 3832 555 spepondistis,

2278 592 2495 648 magnas
2522 579 3070 643 gratiarnmactiones
3100 592 3127 630 a
3160 578 3266 633 Deo
3300 587 3562 647 protectae
3588 582 3835 636 excellen-

2278 666 2362 719 tia:
2410 678 2600 721 vestra:
2643 665 3030 735 persolvimus;
3084 668 3434 736 implorantes
3482 672 3676 724 crebro
3719 672 3835 725 divi-

2277 773 2395 810 nam
2432 760 2877 825 misericordiam,
2913 770 2963 814 ut
2988 760 3114 813 aevis
3154 775 3252 813 vos
3280 775 3343 837 ac
3374 763 3657 829 prosperis
3688 764 3737 817 in
3768 778 3835 817 so-

2278 846 2348 899 lio
2388 850 2532 917 regni
2578 863 2903 903 conservans
2947 860 3155 904 tueatur
3187 854 3551 919 temporibus,
3580 867 3634 907 et
3664 871 3835 927 magno

2275 940 2469 1007 gaudio
2518 939 2583 994 de
2641 941 2802 1009 ipSius
2858 942 3114 1009 spiritalis
3173 954 3369 996 nostrae
3428 944 3557 999 lilia:
3597 946 3832 1013 perfecta

2275 1035 2430 1081 aetate
2455 1043 2547 1081 vos
2566 1029 2844 1095 jucmtdari
2870 1031 3141 1099 permittat
3161 1030 3226 1084 ad
3249 1032 3632 1087 exultationem
3656 1045 3853 1099 sanctae;

2277 1130 2387 1171 sure
2437 1118 2713 1171 Ecclusim.
2762 1120 2823 1171 Et
2868 1122 2985 1186 quia
3018 1122 3229 1186 cupiosa
3262 1122 3442 1187 nobis,
3475 1122 3589 1191 ipsa
3627 1124 3853 1191 Spiritus

2276 1208 2447 1262 sancti
2474 1210 2677 1262 scilicet
2699 1196 3159 1277 compaternitat'is
3184 1214 3379 1280 gratia,
3407 1230 3528 1282 quae
3556 1217 3832 1282 Opituiante

2278 1296 2385 1350 Deo
2434 1300 2569 1352 inter
2624 1315 2719 1353 nos
2767 1309 2879 1354 rata
2932 1304 3199 1368 consistit,
3253 1306 3551 1361 auctoritas
3605 1306 3831 1367 ﬁduciam

2275 1387 2529 1452 cuntnlit,
2581 1398 2705 1454 peto
2735 1398 2788 1441 et
2817 1389 3098 1458 deprecor,
3152 1392 3543 1461 benignissime
3598 1396 3831 1461 spiritalis

2275 1483 2566 1540 compater,
2599 1479 2800 1543 optime
2826 1492 2939 1544 rex,
2990 1487 3047 1534 ut
3076 1488 3312 1545 emptum
3343 1481 3735 1549 redemptionis
3755 1482 3830 1536 Dei

2279 1558 2553 1624 Ecclesiae,
2598 1571 2652 1615 et
2696 1564 2941 1631 plenarize
2979 1565 3197 1633 justitim
3241 1568 3379 1621 beati
3415 1568 3563 1623 Petri
3594 1571 3831 1637 perﬁcere

606 1656 958 1720 ttobiiissima,
979 1660 1122 1725 regni
1151 1658 1503 1726 gubernacula
1529 1661 1866 1726 possidenda,
1894 1671 1946 1714 et
1970 1673 2167 1714 retenta

2277 1648 2455 1715 iubeas
2488 1651 2683 1705 bonum
2732 1666 2886 1720 opus.
2934 1654 3137 1708 Direxit
3185 1657 3381 1723 quippe
3428 1659 3583 1712 nobis
3630 1660 3832 1727 insignis

607 1744 802 1812 gaudia
830 1762 947 1801 cum
976 1750 1174 1803 sanctis
1196 1758 1243 1801 et
1269 1750 1451 1803 electis
1475 1750 1812 1817 perfruenda.
1848 1732 2171 1807 liteoiunictn

606 1836 971 1892 excellentiam
1010 1850 1237 1894 vestram
1266 1840 1429 1905 gratia
1472 1855 1699 1906 superna
1732 1844 2015 1897 custodiat.

1157 1992 1488 2048 EPISTOLA
1533 1996 1615 2048 \‘l.

1094 2117 1165 2156 ΑΙ)
1203 2118 1443 2157 ιιιιδιιικωι
1485 2082 1659 2159 REGE)!

607 2232 816 2306 Gratias
842 2234 944 2304 agit
978 2200 1042 2288 de
1068 2235 1218 2306 misso
1257 2236 1324 2287 ad
1349 2204 1417 2290 ἰε
1463 2241 1672 2300 sabano,
1722 2239 1773 2291 in
1813 2254 1912 2306 quo
1962 2232 2173 2306 Pippini

677 2304 787 2371 [ilio
832 2306 994 2357 sacris
1044 2305 1191 2376 undis
1248 2307 1421 2376 abluta
1472 2318 1701 2373 suscepta
1749 2304 1937 2375 fuerat,
1982 2304 2171 2376 etquo

676 2380 829 2442 pacto
857 2374 1107 2441 exceperit
1138 2375 1413 2442 signiﬁcat.

680 2468 907 2533 Domino
953 2481 1403 2536 excellentissimo
1448 2483 1578 2548 lilio,
1627 2494 1679 2538 et
1730 2494 1909 2539 nostro
1945 2486 2171 2553 spiritali

613 2572 897 2639 compatri,
950 2571 1170 2640 Pippino
1223 2574 1333 2644 regi
1372 2574 1697 2630 Francorum
1728 2587 1778 2631 et
1813 2580 2031 2646 patricio
2064 2580 2171 2633 Ro-

610 2674 910 2726 manorum,
944 2662 1132 2716 Paulus
1160 2677 1315 2732 papa.
1462 2727 1467 2731 ,
2136 2662 2142 2669 ’

682 2753 843 2809 Later
891 2746 1227 2824 prasentium
1286 2756 1579 2811 litterarum
1623 2758 2003 2814 solertissimus
2053 2760 2172 2814 Vn.-

607 2845 810 2914 iardus,
854 2848 1171 2901 eximietatis
1224 2858 1413 2903 vestra:
1457 2850 1814 2919 ﬁdelissimus,
1872 2854 2054 2921 plenas
2093 2855 2173 2920 ju-

608 2935 882 2991 cunditate
910 2936 1066 2991 nobis
1109 2937 1287 2992 attulit
1326 2940 1551 3005 litteras,
1584 2956 1717 3011 quas
1745 2951 1797 2997 et
1824 2958 1944 2997 cum
1968 2944 2242 3015 ingenti-c

552 3016 555 3017 ν
605 3022 791 3078 iaztitia
819 3026 1198 3094 mancipantes,
1222 3035 1378 3095 atque
1399 3028 1610 3081 lectioni
1637 3042 1956 3097 reSt-rantes,
1981 3047 2166 3099 magna

606 3115 962 3177 exsultatione
1002 3124 1225 3169 ovantes
1254 3118 1475 3172 relevati
1502 3134 1728 3183 sumus;
1761 3121 1940 3187 agnito
1969 3119 2171 3175 scilicet

608 3219 703 3273 per
750 3221 840 3259 eas
888 3204 1197 3274 praefuigido
1247 3207 1579 3263 excellentiae
1630 3220 1825 3263 vestrae
1870 3210 2170 3265 dilectionis

606 3293 794 3347 alieCtu
838 3307 964 3361 erga
1005 3294 1354 3362 apostolicam
1397 3307 1634 3350 sanctam
1669 3298 1957 3350 lioman’am
1991 3299 2170 3352 Eccle-

608 3382 765 3446 siam,
798 3393 956 3452 atque
990 3383 1250 3439 fautorem
1281 3395 1539 3450 vestrum,
1570 3387 1825 3441 caelorum
1854 3389 1997 3455 regni
2026 3388 2167 3456 juni-

608 3482 799 3537 torem,
849 3475 1140 3542 principem
1188 3476 1550 3542 apostolorum
1604 3476 1817 3533 beatum
1873 3479 2085 3531 Petrum
2140 3493 2168 3530 a

606 3563 756 3616 vobis
807 3562 1065 3617 exhibito.
1101 3562 1213 3629 Qua
1253 3562 1319 3617 de
1362 3578 1419 3617 re
1458 3564 1609 3632 jugcs
1659 3565 2007 3633 omnipotenti
2063 3568 2169 3620 Deo

606 3653 874 3708 efﬁcacius
932 3655 1286 3721 persolvimus
1331 3665 1545 3722 grates,
1606 3659 1842 3725 proiecto
1887 3658 2009 3711 dum
2064 3668 2167 3713 tam

607 3744 938 3813 praecipuum
985 3745 1439 3815 fortissimumque
1488 3749 1720 3802 virorum
1771 3750 1851 3802 itis
1894 3750 1943 3802 in
1983 3750 2168 3803 diebus

609 3842 815 3888 sanctae
880 3851 989 3889 suae
1044 3837 1267 3889 contulit
1320 3836 1573 3891 Ecclesiae
1632 3847 1881 3893 tutorem.
1933 3839 2163 3903 interea,

607 3924 1062 3979 Cbristianissime
1105 3925 1197 3978 Dei
1241 3926 1572 3993 providentia
1617 3927 1795 3991 victor.
1815 3943 1926 3992 rex,
1960 3928 2177 3994 gemina-

609 4014 909 4068 i‘eStivitatis
936 4015 1234 4083 peregimus
1262 4015 1473 4081 gaudio,
1508 4018 1558 4069 in
1586 4029 1650 4069 eo
1677 4017 1817 4084 quod
1847 4025 2024 4084 optata
2049 4030 2167 4068 eor-

610 4105 691 4158 dis
737 4102 914 4171 adepti
962 4104 1244 4167 desideria,
1292 4105 1341 4157 in
1393 4105 1603 4158 vinculo
1649 4107 1902 4173 spiritalis
1953 4105 2167 4160 foederis

610 4193 812 4260 pariter
861 4207 1045 4246 sumus
1091 4193 1304 4246 annexi.
1341 4192 1592 4247 Prii-tatus
1634 4209 1824 4261 nempe
1870 4194 2167 4247 sodalitatis

611 4292 800 4337 vestrae
827 4282 1047 4338 illustris
1070 4285 1264 4336 missus
1290 4268 1723 4349 pretiosissimum
1750 4284 1900 4335 nobis
1922 4296 2163 4348 superna:
2195 4283 2245 4341 Ι)

609 4373 794 4439 gratia:
838 4386 1026 4427 munus
1074 4373 1263 4435 attulit,
1290 4380 1313 4407 ει
1351 4372 1602 4424 sabanum
1652 4371 1926 4434 videlicet,
1974 4371 2026 4423 in
2061 4385 2166 4437 quo

610 4470 790 4514 nostra
833 4460 1323 4529 dulcissimamque
1352 4460 1714 4513 amantissima
1760 4459 2010 4527 spiritalis
2060 4460 2167 4512 iiiia

610 4532 979 4603 saeratissimo
1020 4551 1231 4604 lavacro
1274 4551 1449 4603 abluta
1497 4560 1741 4617 suscepta
1783 4558 1882 4604 est.
1920 4549 2084 4613 Quem
2116 4558 2170 4603 et

612 4658 731 4697 cum
784 4657 967 4710 magna
1005 4642 1354 4711 jucunditatc,
1403 4650 1683 4709 aggregata
1714 4641 1890 4709 populi
1924 4636 2165 4703 coiturte,

614 4733 748 4785 infra
808 4734 982 4797 aulam
1041 4733 1233 4785 sacrati
1289 4734 1529 4799 corporis
1586 4732 1931 4785 auxiliatticis
1978 4740 2169 4785 vestra:

616 4822 781 4875 beata
816 4811 1137 4885 Petroniilzr,
1184 4836 1295 4888 qum
1329 4836 1422 4887 pro
1456 4822 1609 4874 laude
1653 4832 1848 4873 aeterna
1898 4819 2169 4872 memoria:

618 4914 845 4967 nominis
886 4913 1045 4966 vestri
1078 4926 1217 4965 nunc
1244 4912 1479 4963 dedicata
1512 4912 1857 4977 dignoscitur,
1890 4912 2169 4964 celebran-

618 5015 694 5057 tes
726 5004 1001 5055 missarum
1027 5000 1309 5060 solemnia,
1342 5014 1460 5063 cum
1495 5014 1685 5067 magno
1716 5000 1904 5066 gaudio
1933 5000 2170 5066 suscepi-

617 5106 770 5153 mus;
821 5102 872 5143 ct
924 5105 1013 5157 per
1052 5090 1265 5140 allatum
1321 5090 1562 5140 eumdem
1610 5090 1865 5141 sabanum
1905 5104 2019 5141 cam
2054 5101 2169 5141 tan-

618 5197 773 5248 quam
808 5178 1213 5247 praesentialiter
1242 5193 1334 5252 nos
1360 5180 1655 5244 suscepisse
1682 5180 1990 5245 gaudemus.
2021 5178 2169 5232 Unde

616 5274 735 5339 quia
789 5286 938 5323 amor
987 5270 1105 5322 ﬁdei
1140 5277 1368 5321 vestrum
1404 5268 1685 5335 benignum
1720 5268 1901 5335 ignivit
1930 5281 2041 5333 cor,
2076 5282 2170 5320 no-

688 5410 708 5433 °
753 5402 1008 5453 Sabmiani
1031 5400 1273 5451 videlicet.
1309 5398 1359 5450 in
1394 5400 1574 5450 eadem
1601 5414 1655 5450 re
1689 5400 1864 5451 Victor
1912 5400 2171 5453 Uticensis

619 5470 714 5523 iii).
738 5487 793 5522 ltt
824 5472 886 5523 de
917 5472 1080 5521 “il'iiil
1114 5469 1354 5525 diacono,
1386 5480 1431 5517 ut
1482 5469 1819 5533 lipitinpitot't)
1870 5481 2105 5529 apostolo
2157 5488 2165 5518 :

622 5539 756 5589 Limn
782 5546 925 5605 forte,
956 5541 1148 5589 nescii-tt
1177 5538 1280 5587 ibin
1310 5538 1517 5599 (unctis,
1552 5540 1808 5605 imjtmdmt
1856 5542 1943 5591 illo
1990 5540 2169 5607 quibus

2276 1735 2481 1813 bonitas
2522 1748 2693 1793 vestra
2726 1754 2821 1807 per
2846 1756 2972 1796 suos
3001 1742 3210 1809 atratus,
3243 1745 3343 1798 sibi
3388 1748 3731 1804 innotescere
3757 1750 3831 1804 ad-

2274 1828 2597 1881 versantium
2639 1843 2917 1884 causarum
2967 1842 3206 1889 eventus.
3252 1835 3410 1889 Unde
3450 1846 3656 1892 certam
3682 1854 3712 1891 a
3741 1839 3833 1893 Deo

2276 1924 2568 1980 proiectam
2620 1914 3271 1978 eximietatent’vestram
3332 1909 3658 1993 reddimus,
3714 1932 3832 1982 nihil

2274 2017 2438 2072 usque
2481 2005 2735 2061 hactenus
2781 2011 3048 2079 recepisse
3084 2013 3149 2068 de
3188 2013 3269 2066 his
3312 2030 3433 2082 qua:
3488 2032 3581 2085 per
3635 2028 3834 2073 nostros

2280 2092 2479 2159 legatos
2534 2096 2861 2151 excellentia:
2914 2110 3104 2154 vestras
3161 2104 3389 2170 petendo
3444 2105 3855 2161 mandavimus:

2280 2180 2446 2235 Soiite
2472 2200 2695 2249 namque
2727 2187 2911 2252 perﬁdi
2940 2200 2993 2241 et
3016 2190 3231 2259 maligni
3261 2191 3357 2255 illi,
3389 2192 3441 2245 in
3468 2208 3667 2261 magna
3695 2186 3855 2247 arroo‘

2271 2275 2443 2342 gantia
2490 2276 2663 2328 cordis
2711 2290 3099 2345 permanentes,
3132 2297 3469 2351 nequaquam
3514 2286 3829 2341 inclinantur

2271 2362 2530 2428 justitiam
2558 2365 2695 2417 beati
2739 2365 2879 2421 Petri
2917 2369 3211 2425 restituere.
3244 2371 3448 2426 Tamen
3483 2375 3688 2439 omnia,
3721 2391 3835 2444 qua-

2272 2450 2388 2502 liter
2410 2462 2521 2503 acta
2556 2462 2700 2518 sunt.
2739 2455 3098 2512 referentibus
3122 2461 3320 2539 vestris
3345 2463 3525 2515 missis
3553 2478 3833 2533 agnoscere

2272 2542 2531 2606 potestis;
2563 2553 2648 2595 -et
2694 2544 3102 2614 subsequentem
3131 2544 3371 2603 nostrum
3402 2551 3631 2606 missum
3659 2554 3727 2608 ad
3756 2570 3835 2608 vos

2273 2630 2585 2697 direximus,
2636 2634 2824 2702 dignas
2864 2636 3014 2690 vobis
3060 2637 3259 2706 gratias
3303 2639 3376 2694 de
3415 2641 3674 2697 omnibus
3714 2646 3837 2697 reie-

2273 2727 2476 2781 rentes,
2517 2729 2569 2773 et
2608 2732 2797 2776 cuncta
2827 2737 2925 2790 per
2949 2738 3071 2779 eum
3112 2726 3409 2782 eximietati
3440 2740 3641 2786 vestra
3665 2732 3833 2801 dirigi-

2272 2821 2390 2860 mus
2418 2809 2469 2861 in
2500 2812 2775 2878 responsis
2813 2812 2881 2867 de
2923 2812 3006 2868 bis
3050 2828 3169 2882 qua:
3210 2816 3424 2872 inantea
3474 2804 3832 2895 provene‘rint.

2275 2894 2459 2963 Sergio
2483 2912 2610 2951 vero
2648 2900 3079 2971 archiepiscopo,
3101 2904 3251 2971 juxta
3280 2905 3332 2959 id
3362 2894 3509 2976 quod
3538 2920 3736 2966 vestra:
3762 2913 3835 2966 in-

2276 2986 2446 3039 notuit
2475 2987 2826 3053 excellentiae,
2854 2990 3215 3047 indesinenter
3241 2995 3615 3065 imminemus,
3654 3007 3712 3054 nt
3736 3014 3835 3055 sua

2275 3075 2579 3129 restituatur
2635 3078 2905 3133 Ecclesiae.
2966 3080 3203 3136 Petimus
3260 3093 3441 3139 autem
3492 3089 3835 3144 excelientem

2273 3162 2566 3216 bonitatem
2608 3174 2863 3231 vestram,
2905 3174 2963 3220 ut
2988 3168 3476 3224 reverentissimum
3520 3182 3576 3227 et
3604 3185 3835 3230 sanctum

2273 3252 2490 3306 fratrem
2521 3262 2575 3307 et
2604 3256 2978 3323 coepisc0pum
3020 3268 3263 3315 nostrum
3294 3259 3671 3329 Vuicltarium,
3704 3267 3832 3319 sicut

2273 3343 2520 3411 praiatus
2563 3347 2732 3398 beata:
2772 3347 3157 3402 recordationis
3186 3348 3440 3403 dominus
3468 3360 3521 3406 et
3549 3368 3833 3422 germanus

2273 3450 2419 3487 meus
2464 3437 2826 3490 sanctissimus
2873 3437 3180 3505 Stephanus
3236 3455 3373 3509 papa
3426 3457 3549 3496 eum
3600 3444 3831 3516 benigna

2271 3525 2560 3579 eximietati
2604 3536 2794 3580 vestrm
2836 3531 3250 3596 commendavit,
3292 3532 3343 3585 iu
3385 3535 3645 3590 omnibus
3690 3551 3829 3591 com-

2271 3614 2575 3669 mendatum
2610 3614 2805 3671 habere
2830 3617 3087 3686 iubeatis.
3118 3618 3208 3674 llis
3238 3622 3565 3689 praelibatis,
3601 3614 3857 3681 trinlsal

2272 3718 2405 3756 unus
2432 3704 2570 3757 Deus
2594 3715 2774 3759 noster
2795 3720 2887 3759 sua
2918 3722 3012 3761 vos
3033 3709 3365 3764 extensionis
3394 3712 3625 3768 dextera
3660 3702 3827 3785 prose.

2272 3799 2379 3859 gat,
2409 3805 2527 3844 cum
2557 3792 2864 3847 dulcissima
2888 3794 3136 3864 conjuge,
3160 3792 3619 3855 excellentissima
3640 3804 3826 3872 rgias.

2272 3880 2494 3947 Spiritali
2518 3891 2698 3935 nostra
2720 3893 3032 3949 commatre,
3058 3893 3219 3955 atque
3239 3891 3633 3947 amantissimis
3656 3896 3829 3949 vestris

2270 3972 2507 4050 meisque
2534 3972 2677 4039 (iliis,
2722 3976 2773 4028 in
2802 3972 2938 4029 solio
2977 3976 3140 4046 regni
3168 3980 3402 4047 sospites
3444 3995 3823 4051 per-manuus,

2268 4071 2326 4116 et
2353 4062 2405 4115 in
2436 4054 2686 4131 pra'scnti
2720 4068 2845 4129 vita,
2872 4073 2932 4119 et
2969 4066 3021 4119 in
3062 4074 3259 4141 eterna
3303 4067 3644 4129 beatitudine
3682 4073 3823 4129 nher-

2268 4154 2402 4207 rime
2445 4155 2706 4211 concedat
2751 4154 2949 4209 valere.
2995 4154 3322 4212 Incolumem
3353 4160 3827 4219 excellentia-ve-

2268 4252 2431 4295 stram
2460 4243 2629 4303 gratia
2657 4256 2882 4311 superna
2910 4244 3193 4299 custodiat.
3465 4248 3475 4260 '

2805 4371 3134 4428 EPISTOLA
3177 4373 3285 4429 VII.

2752 4478 2817 4519 λυ
2864 4478 3106 4519 PIPPINUI
3143 4480 3324 4521 κεαεκ

2272 4569 2409 4624 Petit
2435 4570 2681 4647 duritiam
2706 4570 2944 4647 aduersus
2973 4571 3201 4638 Gnaeos,
3236 4575 3825 4647 ουρ.

2342 4641 2541 4709 gnaturi
2586 4642 2950 4719 nuntiabantur
2963 4658 2985 4719 _;
3032 4640 3337 4719 erantquam

2341 4708 2437 4777 oue
2457 4725 2617 4777 regem
2640 4720 2684 4762 ct
2716 4708 2843 4762 alios
2863 4711 2930 4762 ad
2952 4708 3218 4779 ferendam
3243 4728 3395 4783 opem
3422 4718 3629 4772 excitet.

2344 4813 2547 4866 Domno
2576 4811 3038 4881 jexcellentissimo
3091 4813 3222 4879 tilio,
3270 4824 3326 4869 et
3374 4822 3567 4895 nostro
3608 4817 3825 4909 alia“

2271 4906 2549 4973 compatri,
2598 4906 2820 4974 Pippino
2851 4908 2960 4975 regi
2992 4906 3342 4974 Francorum,
3374 4900 3429 4964 et
3716 4908 3821 4965 h-

2272 5010 2569 5060 manorum,
2596 4993 2789 5049 Paulus
2820 5009 2975 5064 papa.

2344 5085 2613 5140 Praccelsae
2642 5095 2697 5141 et
2731 5100 2761 5139 a
2792 5086 2900 5140 Deo
2942 5094 3166 5141 servatae
3209 5086 3607 5145 Christianitati
3640 5096 3821 5167 ιω

2245 5178 2356 5251 .bis
2382 5175 2574 5229 nostris
2607 5174 2987 5230 innotescimus
3019 5175 3285 5243 apicibus.
3316 5177 3461 5245 quod
3484 5176 3604 5246 jam
3626 5168 3819 5233 3M-
3838 5214 3857 5223 η

2274 5268 2341 5319 tis
2386 5265 2570 5319 vestris
2610 5264 2806 5328 missis,
2854 5264 2942 5331 qui
2980 5277 3150 5331 nuper
3178 5264 3245 5319 ad
3274 5278 3378 5337 nos
3422 5264 3817 5337 cursim

2275 5414 2386 5449 enm
2407 5396 2686 5471 suscipiens
2712 5395 2774 5446 de
2805 5396 2941 5463 {ante
2969 5384 3164 5471 dudum
3212 5405 3405 5471 texerat

2276 5478 2411 5529 sunt,
2443 5467 2623 5539 inquit,
2649 5466 2957 5539 linteamina,
3002 5463 3353 5539 Epidaphore,
3375 5481 3495 5539 qua
3518 5474 3519 5477 “
3540 5463 3813 5539 ἕδρῃ

2279 5540 2416 5601 luent,
2450 5536 2568 5586 dum
2600 5538 2835 5602 nmjeetns
2857 5534 3038 5586 t'cncn't
3060 5532 3369 5588 lndirantis.

3782 5518 3857 5691 ii

3726 5636 3793 5681 κὲ
