3910 6234
96 308 171 371 ias
1450 300 1821 360 EPISTOLE.

3097 304 3232 364 H66

94 426 297 487 ulchario
340 423 579 478 videlicet
611 420 946 477 sanctissimo
976 417 1135 473 fratre
1166 425 1219 471 et
1248 416 1567 482 coepisc0po
1592 416 1644 473 Α
1670 427 1820 470 suum
1852 414 2106 487 Moyscm,
2138 433 2228 485 per
2256 433 2410 488 quem
2433 420 2581 491 signa
2608 428 2659 477 et
2682 418 2918 491 prodigia
2948 435 3227 487 exercens,

118 531 225 579 stro,
264 525 314 568 et
345 513 517 567 Felice
545 511 814 580 religioso,
848 521 898 563 et
927 509 1180 561 llatberto
1208 508 1319 559 viro
1350 506 1563 571 illustri,

60 607 293 675 Conjunxit
318 604 381 655 ad
413 602 650 655 nuntium
677 600 895 653 missum
923 612 952 650 a
985 595 1227 650 fidelibus
1248 604 1448 648 sancta:
1476 594 1564 646 Dei

61 696 293 761 Ecclesiae,
336 693 589 761 spiritalis
613 686 816 744 'matris
843 699 1051 755 vestrae,
1083 688 1169 756 qui
1202 699 1323 740 vera
1355 698 1568 752 semper

56 788 177 837 nobis
212 784 439 836 assolent
487 781 747 844 indicare,
793 779 1094 853 significans
1124 776 1275 828 nobis
1306 775 1442 853 quod
1475 787 1569 825 ne-

54 874 165 926 fandi
201 871 385 934 Graeci,
428 870 623 921 inimici
654 877 849 921 sancta:
884 867 1130 919 Ecclesia:
1163 864 1276 925 Dei.
1306 876 1357 916 et
1386 854 1569 919 ortho-

50 968 169 1015 dom:
198 961 310 1013 fidei
339 939 750 1027 expugnatores,
798 956 905 1011 Deo
936 956 1036 1008 sibi
1078 955 1363 1019 contrario,
1408 966 1569 1020 super

50 1068 121 1105 nos
161 1059 208 1105 et
239 1049 622 1103 Ravennatiutn
668 1055 845 1115 partes
890 1047 1090 1099 irrncie
1134 1044 1371 1111 cupiunt,
1411 1055 1568 1109 atque

50 1141 352 1193 menitionem
397 1141 587 1191 facere.
638 1135 788 1190 Unde
820 1136 937 1204 quia
969 1134 1117 1196 alibi,
1162 1142 1278 1201 post
1323 1131 1484 1183 Deum
1515 1140 1566 1183 et

50 1214 220 1282 reatum
262 1228 495 1291 Petrum,
540 1236 719 1279 nostra
754 1238 881 1292 spes
916 1238 1019 1275 non
1048 1233 1149 1284 est,
1184 1222 1282 1274 nisi
1313 1219 1448 1287 apud
1481 1234 1568 1271 ve-

48 1328 179 1371 stram
215 1298 597 1369 nobilissimam
636 1313 1034 1373 excellentiam;
1078 1310 1200 1363 ideo
1229 1308 1438 1360 obnixis
1479 1307 1565 1360 dc-

48 1406 407 1475 precationibus
458 1406 682 1472 petimus
730 1410 819 1465 te.
894 1400 1339 1455 excellentiSsime
1394 1400 1465 1450 fili
1517 1405 1571 1451 et

44 1497 259 1563 spiritalis
281 1503 576 1559 compater,
607 1500 663 1546 ut
687 1490 878 1559 jubcas
903 1498 1116 1558 prOptor
1139 1490 1303 1542 Deum
1334 1496 1389 1541 et
1422 1502 1571 1541 reve-

44 1587 231 1637 rentiam
259 1582 400 1638 beati
430 1581 573 1635 Petri
602 1582 825 1635 salutem
854 1580 1006 1633 istius
1030 1577 1314 1646 provincia:
1346 1594 1372 1630 a
1422 1579 1572 1631 vobis

44 1674 291 1739 redempta:
324 1664 630 1739 procurare,
651 1680 705 1724 et
727 1669 1003 1723 confestim
1028 1678 1256 1722 vestrum
1281 1667 1569 1735 dignemini

42 1734 233 1830 dirigere
259 1734 535 1815 Desiderio
578 1759 1040 1828 Longabardorum
1091 1760 1199 1826 regi
1244 1734 1485 1823 missum,
1518 1768 1572 1811 ut
1603 1734 1648 1791 Β

42 1851 371 1904 sinecessita‘s
420 1850 581 1905 fuerit
624 1849 942 1917 significata,
983 1849 1232 1901 auxilium
1280 1849 1431 1901 nobis
1478 1862 1572 1915 pro

42 1941 309 1995 incursione
334 1938 643 2005 earumdem
680 1938 1013 1992 inimicorum
1045 1936 1315 2006 impertire
1362 1936 1569 1989 debeat.

40 2028 330 2095 Pracipiens
363 2004 772 2094 Beneventanis,
808 2035 967 2095 atque
1005 2004 1307 2093 Spoletinis:
1342 2038 1435 2078 seu
1463 2026 1593 2077 Tn»

40 2122 186 2171 scanis
213 2116 370 2171 nobis
400 2130 432 2171 ο
468 2117 655 2170 vicino
682 2115 1114 2180 consistentibus,
1142 2125 1197 2169 ut
1247 2116 1344 2184 ipsi
1393 2128 1573 2169 nostro

40 2216 287 2260 occurrant
316 2207 532 2261 solatio.
562 2206 918 2274 Deprecantes
948 2215 999 2259 et
1028 2204 1128 2259 hoc
1156 2220 1184 2258 a
1213 2205 1318 2258 Deo
1359 2205 1572 2258 insltttt~

38 2310 120 2350 tam
149 2298 521 2353 excellentiam
552 2306 784 2351 vestram
817 2304 873 2349 ut
900 2297 964 2349 ad
995 2311 1091 2349 nos
1118 2294 1219 2349 hoc
1265 2296 1575 2349 adveniente

38 2391 198 2443 Martio
227 2404 416 2445 mense
444 2398 678 2444 vestrum
700 2388 930 2457 dirigere
950 2386 1181 2455 jubeatis
1210 2385 1452 2451 missum,
1486 2389 1574 2455 qui

38 2484 312 2539 hicﬂoma
352 2484 627 2538 nobiscum
680 2482 945 2537 demorari
990 2483 1202 2550 debeat,
1252 2491 1309 2537 ut
1355 2484 1490 2551 ipse,
1530 2483 1575 2537 si

36 2576 298 2629 necessitas
325 2574 584 2644 exegerit,
622 2577 761 2643 apud
802 2573 1131 2628 Desideriunt
1178 2574 1459 2628 imminere
1486 2573 1579 2627 de-

36 2676 127 2717 teat
156 2679 338 2735 regem
364 2680 459 2733 pro
487 2664 677 2719 eodem
712 2663 867 2717 nobis
909 2662 1317 2729 transmittendo
1344 2660 1532 2715 solatio
1561 2679 1574 2715 :

36 2755 148 2822 juia,
175 2766 229 2809 ut
260 2751 572 2825 plenissime
602 2752 869 2808 aatisfacta
912 2763 996 2809 est
1038 2763 1210 2808 vestra
1242 2752 1575 2817 excellentia,

34 2857 114 2895 non
165 2841 235 2896 ob
274 2840 421 2896 aliud
472 2841 571 2911 ipsi
629 2838 999 2895 nefandissimi
1042 2854 1141 2895 nos
1195 2850 1579 2909 persequuntur

34 2925 219 2998 Graeci,
276 2931 383 2986 nisi
447 2940 665 3001 propter
722 2939 958 2985 sanctam
1012 2939 1065 2985 et
1116 2930 1461 2985 orthodoxam
1522 2931 1581 2983 ll-

36 3032 157 3088 lem,
213 3035 267 3081 et
319 3025 674 3083 venerandam
728 3026 940 3080 Patrum
997 3027 1133 3093 piam
1194 3026 1575 3092 traditionem,

32 3128 64 3171 3t
107 3132 261 3186 quam
310 3117 532 3185 cupiunt
573 3115 847 3170 destruere
889 3125 1045 3185 atque
1090 3117 1419 3171 conculcare.
1477 3116 1578 3171 Pro

32 3224 111 3274 pio
148 3207 334 3275 jubeat
383 3206 543 3262 solito
592 3213 766 3260 vestra
816 3204 1041 3273 benigna
1081 3205 1365 3274 diSponere
1406 3207 1580 3261 excel-

37 3298 203 3362 entia,
245 3307 305 3351 ut
361 3294 667 3351 eorumdem
715 3294 1045 3348 inimicorum
1096 3295 1160 3348 ad
1217 3296 1436 3349 nihilum
1494 3312 1578 3351 rc-

32 3387 213 3455 ligatur
262 3387 509 3453 vesania,
547 3395 601 3441 et
627 3384 907 3453 perfectius
946 3385 1055 3439 hare
1090 3387 1376 3453 provincia,
1403 3396 1579 3440 vestro

32 3478 299 3532 :ertamine
325 3477 629 3546 redempta,
658 3487 709 3531 et
730 3492 759 3531 a
780 3476 929 3530 vobis
956 3477 1110 3531 beato
1158 3478 1314 3531 Petro
1354 3494 1449 3547 pro
1498 3495 1579 3531 re-

32 3570 180 3622 nedio
208 3570 414 3623 animm
435 3577 629 3623 vestrae
656 3563 926 3631 concéssa,
946 3568 1012 3621 ab
1032 3568 1341 3620 seruulorum
1374 3568 1580 3623 insidiis

38 3668 115 3713 uta
146 3667 327 3712 vestra
351 3666 607 3711 consueta
636 3665 939 3723 permaneat
962 3650 1306 3723 prdtectione,
1325 3657 1579 3725 vobisque

32 3751 220 3819 :opiosa
251 3750 308 3802 in
338 3745 813 3803 uellsascribatur
840 3760 1065 3810 merces,
1088 3756 1141 3800 et
1164 3748 1389 3799 nominis
1418 3746 1579 3800 vestri

32 3856 140 3906 aus,
160 3850 214 3895 et
238 3841 509 3895 universas
528 3837 698 3908 gentis
726 3835 995 3901 exaltatio,
1022 3836 1159 3889 sicut
1182 3845 1233 3890 et
1252 3835 1362 3903 jam
1387 3835 1579 3889 factum

32 3942 108 3995 rst,
134 3930 278 3985 nunc
311 3930 480 3984 multo
506 3928 731 3995 amplius
760 3927 812 3979 in
856 3924 1100 3978 universo
1148 3924 1273 3977 orbe
1322 3934 1579 3978 terrarum

32 4023 359 4090 llvulgetur;
392 4008 549 4087 atque
577 4016 938 4071 intercedente
966 4016 1116 4069 beato
1150 4014 1306 4070 Petro
1342 4016 1579 4070 victurire

36 4114 347 4179 riumplmm
382 4124 413 4164 e
435 4109 571 4164 coelo
600 4108 751 4163 vobis
779 4108 1031 4162 Dominus
1060 4122 1218 4175 super
1253 4124 1437 4163 omnes
1489 4111 1580 4164 tri-

32 4215 125 4255 luat
147 4210 343 4272 gentes
368 4217 384 4266 ;
407 4199 533 4253 dum
560 4210 738 4253 vestro
760 4200 955 4253 auxilio
991 4200 1224 4254 confusis
1259 4211 1579 4269 expugnato-

34 4292 143 4343 ibtts
172 4298 383 4343 sancta
412 4287 720 4341 orthodoxae
750 4287 891 4353 fidei,
918 4304 1014 4355 pax
1046 4298 1099 4342 et
1122 4290 1301 4341 laetitia
1324 4298 1376 4343 et
1398 4290 1580 4343 obser-

36 4383 141 4433 alio
162 4378 599 4433 Christianorum
625 4374 747 4430 fidei
775 4378 824 4431 in
847 4377 1091 4432 omnibus
1122 4379 1398 4445 prtedicata
1426 4380 1578 4432 fuerit

32 4469 286 4535 Icclesiis,
322 4468 620 4534 meritoque
646 4482 709 4521 ex
758 4467 857 4520 hoc
902 4470 1139 4521 coelestia
1188 4470 1336 4522 vobis
1388 4484 1416 4521 a
1476 4471 1581 4525 Deo

34 4558 362 4612 auferantur
386 4554 596 4623 gaudia.
622 4554 937 4611 incolumem
962 4558 1324 4612 excellentiam
1354 4569 1580 4615 vestram

38 4648 168 4703 ratia
196 4659 444 4716 superna
464 4646 744 4701 custodiat.

543 4778 869 4834 EPISTOLA
922 4779 1051 4834 Vill.

34 4910 63 4946 D
100 4903 365 4948 οΑιιοιωί
404 4902 469 4943 ετ
506 4902 925 4956 οικιοκΑΝΝωι,
970 4903 1153 4942 PlPPlNI
1185 4902 1337 4943 REGIS
1394 4903 1591 4955 FiLlDSa

32 5007 201 5057 .audat
228 5001 380 5063 illos,
411 5009 455 5051 et
488 4999 719 5052 hortatur
749 5011 799 5052 ut
829 5000 879 5052 in
911 5000 1095 5051 tuenda
1126 4999 1371 5053 Ecclesivv
1410 5002 1584 5069 defen-

170 5072 332 5127 sione
359 5078 628 5139 parentum
656 5083 864 5121 auorum
893 5071 1113 5138 vestigiis
1152 5071 1405 5123 insistant.

68 5184 303 5237 Domnis
357 5180 701 5235 nobilissimis
753 5193 909 5250 atque
949 5184 1410 5238 excellentissimis
1465 5185 1583 5239 filiis

32 5273 195 5327 ‘arolo
219 5280 278 5325 et
320 5269 677 5324 Carlornanno
704 5274 911 5340 regibus
932 5273 1251 5328 Francorum
1273 5285 1324 5330 et
1351 5277 1582 5340 patriciis

32 5379 378 5422 romanorum
405 5362 598 5418 Paulus
626 5379 779 5432 papa.

64 5455 211 5509 Olim
245 5451 593 5520 omnipotens
622 5452 779 5515 Dens,
808 5468 1033 5509 cernens
1065 5458 1239 5523 populi
1273 5458 1352 5511 sui
1412 5458 1580 5512 Israe-

40 5546 127 5600 tici
158 5544 627 5608 lamentationem,
659 5558 711 5599 et
740 5545 952 5614 impiam
985 5549 1051 5600 ab
1082 5548 1347 5619 (Egyptiis
1388 5551 1580 5604 illatam

32 5630 453 5708 pprcssiOncm,
509 5636 755 5691 misertus
800 5646 882 5693 est
926 5640 1279 5719 cis,tnittens
1331 5642 1581 5721 famulum

1444 5760 1485 5788 si

1251 5894 1263 5921 ί

1670 505 1912 558 eumdem
1940 520 2091 558 suum
2123 507 2315 575 eripuit
2344 511 2593 577 populum
2617 550 2633 575 ,
2665 519 2720 564 et
2748 525 2842 579 per
2892 514 3011 564 eum
3060 510 3230 579 legem

1670 591 1770 645 illis
1814 594 2108 658 instruens,
2148 596 2213 651 ad
2262 604 2496 663 Optatam
2533 611 2627 652 eos
2677 599 2921 665 perduxit
2969 599 3227 668 requiem.

1669 680 1765 735 Cui
1816 684 1972 737 etiam
2003 682 2196 748 Josue,
2236 694 2293 738 ut
2322 686 2589 752 prmlietur
2614 686 2747 739 bella
2788 686 3025 751 Domini,
3069 700 3232 741 anne-

1669 772 1863 836 ctitur;
1895 783 2054 838 atque
2102 774 2235 827 alios
2282 775 2363 827 sui
2404 774 2581 828 divini
2612 775 2839 829 nominis
2869 776 3111 831 ‘cultores
3155 780 3234 832 eis

1669 863 2311 918 concessitauxiliatores.
2355 864 2458 920 Sed
2490 866 2539 918 in
2569 867 2813 920 omnibus
2861 867 2969 922 illis
3012 876 3115 921 nun
3160 865 3233 921 ita

1669 953 1984 1021 complacuit
2004 953 2119 1021 ejus
2146 954 2323 1007 divina
2355 955 2629 1023 maiestas,
2662 958 2799 1013 sicut
2830 956 2881 1013 in
2903 958 3065 1013 David
3088 972 3231 1029 rege,

1670 1042 1735 1096 de
1780 1056 1885 1109 qno
1930 1040 2005 1095 ait
2054 1060 2065 1094 :
2118 1040 2330 1097 Servum
2380 1046 2866 1099 meum'secundttnt
2913 1062 3003 1099 car
3046 1061 3233 1107 meum.

1671 1133 1722 1183 in
1774 1133 1883 1183 oleo
1926 1142 2103 1184 sancto
2149 1133 2275 1186 ιιηεὶ
2320 1149 2435 1186 enin
2486 1131 2658 1205 (Paaf.
2711 1136 3000 1205 Lxxxvttt);
3052 1136 3137 1190 cui
3184 1140 3241 1190 et

1673 1236 1892 1289 regnum
1931 1231 1984 1274 et
2014 1221 2201 1275 semini
2232 1222 2348 1289 ejus
2383 1222 2433 1275 in
2479 1234 2734 1278 aeternum
2780 1224 3010 1293 gloriose
3056 1224 3240 1279 tribuit

1672 1311 2069 1379 possidendum.
2100 1312 2187 1367 Sic
2216 1313 2383 1376 enim,
2409 1312 2882 1384 praecellentissimi
2910 1324 3065 1384 atque
3088 1315 3241 1370 nobi-

1675 1402 1860 1456 lissitni
1890 1404 2001 1467 filii,
2023 1417 2051 1456 a
2078 1404 2187 1457 Deo
2212 1404 2437 1457 instituti
2462 1381 2633 1473 reges,
2654 1406 2793 1460 idem
2825 1381 3079 1462 Dominus
3101 1407 3240 1463 Deus

1674 1502 1853 1545 noster
1884 1491 1933 1545 in
1959 1503 2131 1545 vestra
2162 1480 2607 1546 Christianissima
2630 1493 2947 1563 complacuit
2976 1484 3243 1549 excellen-

1675 1582 1765 1643 tia,
1795 1590 1948 1649 atque
1980 1581 2031 1634 in
2064 1590 2214 1634 utero
2252 1583 2435 1635 matris
2481 1596 2577 1639 vos
2628 1583 2983 1647 sanctificans,
3012 1584 3079 1636 ad
3129 1594 3237 1637 tam

1676 1684 1923 1738 magnum
1953 1670 2129 1737 regale
2160 1671 2395 1734 pervexit
2416 1672 2646 1736 culmen,
2679 1672 2896 1725 mittens
2936 1671 3238 1740 apostolum

1676 1772 1827 1811 suum
1858 1757 2069 1810 beatum
2101 1757 2333 1822 Petrum,
2366 1771 2459 1825 per
2504 1756 2620 1826 ejus
2665 1772 2855 1826 nempe
2886 1757 3161 1824 vicarium,
3188 1768 3243 1815 et

1675 1848 1794 1901 oleo
1822 1858 2007 1901 sancto
2033 1861 2128 1900 vos
2150 1850 2493 1915 ventumque
2526 1848 3073 1917 prmcellentissimum
3096 1850 3243 1920 gettiv

1677 1946 1842 1991 torem
1875 1951 2074 2005 ungens
2099 1980 2114 2003 ,
2145 1937 2452 1992 cmlestibus
2499 1938 2719 2007 replevit
2763 1938 3240 2006 benedictionibus,

1676 2034 1726 2079 et
1754 2038 1990 2079 sanctam
2018 2040 2165 2079 suam
2196 2027 2515 2081 catholicam
2570 2035 2624 2080 et
2668 2028 3013 2095 apostolicam
3068 2028 3244 2083 Eccle-

1676 2121 1829 2184 siam,
1859 2131 2015 2188 atque
2046 2119 2395 2174 orthodoxam
2439 2120 2862 2195 Christianorum
2896 2118 3055 2173 fidem
3096 2120 3246 2174 vobis

1676 2212 1941 2265 counnisit
1971 2211 2325 2273 exaltandam,
2352 2220 2509 2279 atque
2558 2210 2784 2265 viriliter
2833 2209 3245 2265 defendendam.

1679 2301 1827 2366 Quod
1867 2302 2103 2370 profecto
2130 2298 2577 2355 excellentissimi
2626 2300 2759 2367 filii,
2809 2300 3037 2370 Spiritus
3075 2300 3245 2356 sancti

1677 2392 1844 2460 gratia
1894 2391 2103 2461 repleti,
2131 2400 2187 2445 et
2231 2392 2438 2449 crelesti
2490 2392 2823 2461 protectione
2866 2392 3051 2461 adjuti,
3090 2403 3249 2462 agere

1681 2482 1802 2535 totis
1826 2482 2027 2537 nisibus
2050 2482 2331 2549 statuistis,
2357 2493 2409 2537 et
2436 2493 2614 2537 vestro
2657 2484 2855 2538 auxilio
2880 2491 3038 2552 atque
3076 2492 3250 2540 certa-

1679 2574 1821 2627 mine
1844 2574 1955 2642 ipsa
1985 2581 2163 2627 sancta
2188 2574 2281 2627 Dei
2303 2572 2564 2639 Ecclesia,
2584 2575 2836 2644 spiritalis
2858 2584 3028 2630 mater
3051 2582 3246 2642 vestra,

1675 2662 2104 2717 abinimicorum
2136 2663 2342 2719 insidiis
2378 2663 2621 2729 liberata,
2671 2665 2905 2720 exsultat
2931 2667 2984 2720 in
3025 2665 3251 2720 Domino

1679 2753 1805 2809 Jesu
1831 2752 2067 2820 Christo,
2100 2764 2154 2809 et
2182 2756 2237 2810 iu
2268 2766 2557 2824 conspectu
2584 2758 2877 2814 divinitatis
2899 2768 3073 2815 vestra
3099 2759 3253 2813 efful-

1680 2851 1807 2911 gent
1834 2844 1917 2911 pia
1944 2857 2125 2911 opera,
2156 2854 2210 2898 et
2239 2859 2359 2899 cum
2392 2845 2555 2900 David
2582 2855 2741 2917 atque
2779 2847 3067 2903 Salomone
3106 2848 3245 2917 regis

1684 2934 1804 2998 bus.
1826 2944 1881 2989 et
1905 2936 2111 2989 cmteris
2140 2935 2235 2990 Dei
2270 2938 2597 3004 cultoribus,
2637 2946 2812 2993 vestra
2849 2941 2901 2994 lu
2945 2940 3253 2995 caelestibus

1685 3027 1862 3094 regnis
1893 3026 2121 3093 ascripta
2148 3035 2274 3079 sunt
2301 3028 2534 3081 nomina.
2565 3028 2770 3083 Interea
2797 3029 2922 3083 dum
2969 3039 3117 3092 tanto
3159 3045 3251 3085 ve-

1652 3114 1654 3151 7
1683 3123 1794 3169 stro
1826 3115 2086 3169 beneficio
2114 3114 2475 3184 dignoscimur
2500 3131 2620 3171 esse
2660 3118 2904 3183 relevati,
2949 3132 3101 3172 amor
3154 3132 3254 3173 nos

1685 3201 1947 3269 hortatur,
1977 3203 2414 3257 Christianissimi
2443 3218 2504 3257 ac
2528 3202 2817 3259 dulcissimi
2846 3205 2962 3273 filii,
2992 3206 3062 3261 de
3079 3215 3253 3262 vestra

1685 3293 2036 3363 prosperitate
2064 3293 2249 3348 sedule
2279 3294 2573 3360 addiscere,
2606 3295 2659 3349 in
2705 3293 2931 3349 Domino
2976 3296 3248 3364 gratulari.
3291 3348 3298 3358 ,

1684 3382 1753 3436 Et
1779 3384 1900 3440 ideo
1931 3384 2252 3440 visitationis
2277 3394 2433 3454 atque
2468 3386 2800 3441 salutationis
2821 3394 3040 3455 paterno
3060 3388 3252 3443 affectu

1684 3474 1767 3529 his
1797 3476 1999 3527 nOStris
2030 3475 2339 3541 apostolicis
2386 3475 2623 3543 apicibus
2671 3476 3025 3544 persolvimus
3070 3478 3253 3532 vincu-

1682 3565 1814 3629 lum,
1846 3579 2169 3633 magnopere
2192 3575 2507 3634 prmsentem
2538 3566 2772 3649 Petrgm,
2801 3567 3033 3637 primum
3064 3568 3251 3623 defen-

1681 3671 1862 3711 sorum
1907 3665 2101 3709 sancta:
2128 3666 2320 3710 nostra:
2354 3655 2626 3722 Ecclesiae,
2662 3654 3005 3725 nostrumque
3040 3657 3247 3714 fidelem

1684 3749 1901 3801 missum
1933 3747 1997 3800 ad
2030 3759 2256 3802 vestram
2302 3748 2589 3816 dirigentes
2638 3749 3030 3813 excellentiam,
3062 3759 3251 3817 quate-

1684 3852 1785 3891 nus
1815 3837 2223 3892 desiderabilem
2249 3847 2427 3892 nostra
2450 3839 2567 3893 vice
2588 3840 2782 3894 referat
2802 3840 3047 3894 salutem.
3085 3841 3252 3907 Quem

1684 3929 1913 3996 petimus
1942 3928 2165 3995 benigne
2190 3941 2218 3980 a
2243 3928 2395 3981 vobis
2416 3929 2637 3999 suscipi,
2655 3937 2709 3982 et
2734 3928 2801 3982 de
2822 3938 2993 3983 vestra
3019 3945 3112 3997 per
3132 3946 3253 3984 eum

1681 4017 1934 4083 sospitate
1956 4030 2052 4069 nos
2077 4024 2253 4072 certos
2276 4018 2528 4086 laetosque
2552 4018 2734 4081 reddi;
2768 4017 2962 4072 obnixe
2990 4027 3251 4086 petentes,

1681 4104 1983 4159 dulcissime
2009 4107 2120 4169 ﬁlii,
2142 4103 2508 4163 excellentiam
2540 4118 2766 4164 vestram
2789 4148 2803 4173 ,
2834 4118 2892 4163 ut
2922 4108 3004 4177 pia
3035 4110 3253 4179 vestigia

1679 4204 1982 4263 sequentes,
2016 4194 2310 4250 imitatores
2351 4196 2655 4251 efficiamini
2687 4196 3109 4251 Christianorum
3155 4213 3250 4266 pa-

1680 4293 1890 4339 rentum
1924 4292 2220 4338 vcstrorum
2241 4327 2253 4351 ,
2284 4285 2368 4339 avi
2399 4300 2588 4354 nempe
2616 4296 2670 4341 et
2698 4286 2901 4355 proavi,
2940 4296 3100 4356 atque
3156 4302 3253 4343 ex-

1610 4407 1662 4467 D
1685 4375 2051 4431 cellentissimi
2076 4386 2125 4431 et
2154 4391 2183 4430 a
2215 4376 2322 4430 Deo
2346 4376 2570 4430 instituti
2600 4380 2772 4447 magni
2804 4378 2946 4446 regis
2996 4376 3255 4444 genitoris

1689 4466 1849 4520 vestri
1875 4475 1929 4520 et
1958 4463 2463 4533 praecellentissima:
2510 4466 2776 4534 genitricis
2828 4475 3021 4520 vestrae
3065 4480 3093 4518 a
3145 4465 3255 4521 Deo

1686 4554 2069 4609 conservanda:
2091 4556 2321 4624 reginae;
2351 4555 2439 4624 qui
2470 4570 2594 4611 vere
2620 4569 2727 4623 pm
2754 4558 3001 4610 omnibus
3035 4557 3250 4625 regibus

1687 4644 1867 4697 fideles
1896 4645 2003 4697 Deo
2033 4652 2085 4698 et
2111 4643 2264 4697 beato
2290 4646 2446 4701 Petro
2476 4659 2595 4700 esse
2640 4648 3077 4713 comprobantur,
3109 4662 3249 4715 quo-

1685 4748 1800 4787 rum
1838 4733 2023 4787 merita
2063 4734 2117 4789 in
2160 4735 2467 4790 coelestibus
2516 4736 2691 4805 regnis
2735 4736 2953 4804 fulgent.
3008 4736 3158 4791 Unde
3198 4746 3253 4793 et

1688 4826 1911 4892 petimus
1940 4824 2494 4880 misericordissimam
2525 4826 2617 4881 Dei
2666 4827 2832 4883 nostri
2884 4827 3254 4895 longanimita-
3321 4834 3329 4876 '-

1687 4923 1789 4968 tem
1818 4924 1872 4967 ut
1900 4929 1993 4968 sua
2022 4930 2118 4970 vos
2159 4918 2325 4985 gratia
2379 4928 2660 4988 protegens
2707 4923 2831 4974 aevis
2876 4930 2929 4977 et
2985 4922 3253 4991 prosperis

1686 5006 2013 5070 temporibus
2072 5007 2262 5074 regalia
2316 5018 2527 5075 sceptra
2578 5012 2836 5065 concedat
2892 5010 3249 5078 perfruenda.

1686 5094 1909 5149 dilatans
1932 5097 2185 5151 terminos
2212 5100 2359 5167 regni
2391 5100 2571 5165 vestri,
2601 5110 2653 5154 et
2694 5101 2943 5157 victorias
2990 5102 3140 5160 vobis
3186 5104 3255 5158 de

1684 5189 1820 5240 cmlo
1853 5187 2068 5253 tribuat,
2099 5200 2391 5257 omnesque
2416 5187 2751 5245 adversarios
2791 5192 2982 5246 vestris
3010 5200 3257 5259 proster-

1684 5284 1776 5330 nat
1799 5276 2055 5344 vestigiis,
2083 5286 2138 5332 et
2179 5278 2311 5343 sicut
2342 5288 2637 5345 terrenum,
2688 5281 2757 5335 ita
2794 5289 2849 5335 et
2893 5281 3117 5337 cceleste
3167 5297 3254 5337 re-
3309 5268 3329 5285 ’

1684 5380 1843 5433 gnum
1876 5367 2026 5421 vobis
2055 5382 2149 5435 per
2177 5366 2378 5423 infinita
2405 5369 2598 5427 saecula
2628 5370 2823 5426 tribuat
2851 5370 3257 5441 possidendum.

1687 5456 1827 5512 Bene
1859 5458 2047 5513 valete.
