3910 6234
3685 218 3821 276 “83

583 232 707 285 ι187
1907 222 1965 275 8.
2010 217 2148 274 PAU

2255 217 2450 277 PAF/1‘3
2493 219 2511 272 Ι
2601 300 2614 304 _

1131 339 1458 394 EPiSTOLA
1501 335 1588 390 IX.
2167 334 2216 390 Α

1065 487 1130 525 Αἰ)
1173 485 1415 524 ρηψιμωι
1451 481 1646 522 ῐιεϐειι.

2808 331 3134 388 EPISTULA
3176 332 3243 386 Χ.

2681 475 2710 511 Α
2719 475 2748 511 D
2786 474 3015 514 FIANCOS
3049 476 3356 516 UNIVEISOS.

582 606 860 662 Monachos
889 621 921 658 a
945 577 1183 658 Remedio
1207 600 1437 667 Pippini.
1446 604 1604 668 fratre
1633 595 1848 668 Romam
1873 595 2049 668 missos
2074 594 2142 668 ad
2241 587 2450 668 Crat-ias
2488 589 2595 668 ggt't
2614 605 2731 668 _pro
2767 589 2908 656 ﬁdeli
2942 605 3100 668 gnem
3128 591 3369 668 Ecclesia;
3395 594 3652 648 Romam:
3687 611 3822 660 pra-
3880 599 3881 652 ὲ

2310 657 2678 736 stitu.__Lqudnt
2705 670 2903 736 gentem
2933 657 3279 736 Francorum,
3313 664 3534 733 ejusque
3577 657 3739 736 reges,
3771 676 3824 720 et

650 677 942 728 discendam
969 671 1264 740 psalmodiis
1280 664 1702 740 modulationem,
1729 665 1982 740 Simeoni;
2003 664 2144 731 prio-
2310 664 2678 740 stitazpuudnt
2705 670 2903 740 gentem
2933 664 3019 740 Fr:

2313 727 2676 780 benedictiones
2702 727 2979 782 uberrimas
3002 730 3244 796 impertit.

649 746 723 796 ris
770 736 978 796 scholis
1009 754 1271 794 cantorum
1322 738 1604 805 disciplina:
1645 736 1858 787 traditos
1909 749 2034 797 esse,
2087 740 2144 784 ut

649 813 956 884 postulabat.

2247 906 2328 959 bis
2349 905 2633 973 episcopis,
2665 915 2720 959 et
2744 906 3138 961 venerabilibus
3185 911 3532 978 presbyteris,
3573 918 3630 964 et
3654 911 3822 964 abba-

656 940 864 996 Domno
913 939 1360 994 excellentissimo
1409 936 1536 1000 filio,
1588 943 1644 989 et
1689 945 1871 989 nostro
1923 931 2146 999 spiritali

584 1032 868 1099 eompatri,
894 1031 1116 1098 Pippino
1145 1028 1464 1082 Francorum
1494 1026 1604 1094 regi
1633 1034 1688 1078 et
1713 1023 1935 1094 patricio
1961 1023 2149 1076 Roma-

583 1134 798 1185 norum,
825 1121 1015 1174 Paulus
1041 1133 1197 1188 papa.

659 1227 790 1282 Cum
815 1228 1090 1300 charitatis
1111 1243 1262 1281 amor
1310 1221 1467 1296 quem
1521 1239 1645 1294 erga
1687 1233 1915 1278 vestram
1965 1237 1995 1275 a
2041 1223 2152 1276 Deo

588 1315 902 1370 illustratum
930 1317 1188 1383 insignem
1203 1316 1438 1383 gerimus
1451 1315 1821 1367 excellentiam
1835 1321 2014 1366 nostro
2029 1326 2156 1365 enu-

587 1409 812 1463 cleatius
850 1409 1022 1478 vigeat
1045 1409 1224 1472 cordi,
1267 1421 1410 1459 cura:
1467 1406 1665 1458 idcirco
1711 1413 1923 1458 nostras
1949 1391 2152 1467 existit,

588 1496 1036 1551 excellentissime
1072 1510 1275 1564 regum,
1294 1499 1485 1548 veStrte
1519 1493 1757 1560 gnaviter
1792 1501 1845 1545 et
1884 1491 2154 1559 praeclaras

594 1586 724 1639 totis
750 1587 1118 1652 obtemperare
1138 1584 1339 1638 nisibus
1367 1583 1627 1636 voluntati
1658 1597 1670 1632 :
1704 1581 1998 1648 praesertim
2027 1580 2149 1632 dum

2246 996 2422 1060 tibus,
2464 1007 2623 1064 atque
2677 996 2942 1065 religiosis
2991 999 3302 1065 monachis,
3333 999 3612 1066 'gloriosis
3655 1001 3818 1056 etiam

2251 1085 2478 1140 ducibus
2516 1094 2570 1140 et
2609 1085 2913 1152 comitibus,
2941 1100 3036 1141 seu
3080 1088 3344 1142 universae
3370 1087 3584 1146 Christo
3608 1090 3817 1144 dilectae

2256 1179 2591 1247 generalitati
2638 1179 2903 1234 exercitus
2943 1193 2973 1232 a
3016 1179 3127 1235 Deo
3163 1181 3388 1249 protecti
3415 1181 3562 1251 regni
3588 1179 3817 1237 Franco-

2252 1285 2366 1322 rum
2391 1268 2710 1323 constitutis.

2330 1377 2808 1433 Considerantihus
2856 1379 3048 1442 nobis,
3097 1389 3154 1434 et
3197 1380 3342 1434 velut
3389 1381 3603 1449 ignitam
3635 1395 3813 1436 coram

2319 816 2520 872 Paulus
2547 832 2735 873 servus
2775 833 3050 873 servorum
3080 819 3175 874 Dei
3201 821 3450 876 omnibus
3476 821 3691 877 dilectis
3720 838 3824 878 no-
3880 801 3881 806 γ

2255 1469 2452 1520 nostris
2474 1469 2780 1536 aspectibus
2802 1470 3170 1539 splendifluam
3201 1473 3413 1527 Christo
3442 1474 3688 1536 amabilis
3716 1475 3816 1528 τοτ-
3879 1457 3881 1466 4

2254 1554 2495 1608 titudinis
2526 1565 2714 1610 vestrae
2743 1556 2922 1622 ﬁdem,
2967 1567 3022 1610 et
3062 1558 3383 1612 laboriosum
3411 1569 3683 1614 certamen
3725 1563 3816 1615 ad-

591 1685 651 1730 et
678 1676 1002 1746 amplissimo
1031 1683 1219 1727 vestrae
1248 1671 1577 1725 excellentiae
1622 1669 1865 1738 praesidio
1898 1668 2144 1731 relevati,

2258 1643 2602 1711 bibentibus,
2654 1647 2795 1713 quod
2843 1647 3143 1702 liberationi
3194 1660 3393 1709 sancta:
3438 1651 3718 1706 catholicae
3765 1664 3815 1707 et

593 1774 650 1819 et
676 1775 794 1833 post
821 1765 985 1819 Deum
1011 1765 1077 1817 ab
1105 1763 1468 1817 insidiatorum
1508 1761 1778 1813 videamur
1807 1760 2004 1812 saevitia
2031 1772 2152 1810 ere-

597 1856 698 1923 pti.
731 1855 799 1909 Et
829 1856 948 1909 ideo
976 1856 1182 1923 quoties
1204 1854 1356 1910 nobis
1383 1853 1692 1916 relationum
1723 1858 2012 1903 vestrarum
2035 1848 2153 1915 api-

595 1957 688 1998 ces
733 1945 1087 2011 perferuntur,
1137 1942 1366 2011 gratuito
1410 1950 1744 2007 acceptantes
1783 1937 1982 2002 animo,
2027 1952 2155 1990 con-

594 2032 771 2085 festim
792 2032 932 2099 quod
955 2046 1139 2084 eorum
1163 2040 1336 2084 textus
1357 2029 1618 2096 eloquitur
1635 2026 1841 2081 effectui
1873 2025 2154 2093 satagimus

594 2123 1026 2190 mancipandum.
1052 2121 1208 2176 Unde
1228 2121 1487 2188 susceptis
1509 2118 1563 2172 in
1592 2117 1868 2186 prtescntia
1897 2115 2007 2169 Deo
2035 2130 2152 2182 pro-

603 2219 764 2264 tecta:
805 2211 1131 2265 excellentia:
1177 2218 1365 2264 vestra;
1404 2206 1640 2276 syllabis,
1681 2220 1876 2270 nempe
1923 2205 2150 2266 retectis,

557 2301 834 2368 protinus
885 2308 1076 2353 cuncta
1126 2313 1245 2367 que
1319 2298 1624 2351 ferebantur
1679 2296 1731 2348 in
1784 2293 1886 2347 illis
1934 2293 2023 2346 libr
2059 2302 2156 2346 iter

592 2387 1021 2456 adimplevimus.
1068 2386 1125 2440 In
1170 2387 1247 2438 cis
1295 2385 1552 2453 siquidem
1591 2384 1941 2451 comperimus
1971 2396 2155 2436 exara-

603 2484 716 2528 tum
747 2475 887 2543 quod
937 2485 1224 2542 praesentes
1256 2473 1363 2527 Deo
1391 2473 1630 2526 amabilis
1657 2463 1891 2525 llémedii
1920 2471 2154 2541 germani

595 2565 758 2618 vestri
803 2564 1090 2641 monachos
1137 2564 1371 2618 Simeoni
1419 2562 1615 2616 schola:
1672 2571 1947 2616 cantorum
1996 2562 2153 2628 priori

593 2655 908 2709 contradere
935 2654 1270 2720 deberemus,
1314 2653 1381 2707 ad
1409 2653 1769 2706 instruendum
1811 2666 1904 2704 eos
1931 2651 1983 2703 in
2014 2652 2166 2718 psal-~

593 2745 786 2800 modia:
813 2744 1190 2809 modulatione,
1213 2759 1368 2812 quam
1398 2745 1465 2797 ab
1485 2757 1548 2796 eo
1571 2741 1988 2811 apprehendere,
2015 2751 2150 2794 tem-

592 2848 725 2904 pore
745 2849 851 2904 quo
879 2835 988 2889 illic
1014 2837 1065 2888 in
1100 2836 1293 2888 vestris
1321 2835 1626 2902 regionibus
1653 2835 1870 2897 exstitit,
1904 2834 2154 2900 nequive-

595 2939 719 2985 rant
751 2947 761 2980 :
793 2944 888 2995 pro
915 2943 1018 2997 quo
1040 2928 1194 2982 valde
1219 2929 1392 2996 ipsum
1419 2937 1655 2982 vestrum
1685 2927 1920 2980 asseritis
1945 2939 2151 2994 germa-

596 3033 725 3072 num
757 3020 960 3073 tristem
984 3017 1253 3082 effectum,
1283 3018 1335 3071 in
1363 3031 1428 3071 eo
1469 3017 1608 3085 quod
1646 3030 1752 3069 non
1780 3015 1895 3083 ejus
1919 3015 2150 3083 perfecte

594 3105 932 3160 instruxisset
976 3104 1282 3159 monachus.
1351 3106 1417 3158 Et
1472 3104 1682 3172 quidem
1711 3146 1726 3169 ,
1776 3103 2150 3170 benignissime

593 3212 713 3262 rex,
742 3197 1093 3252 satisfacimus
1117 3195 1503 3250 Christianitati
1534 3205 1660 3261 tute,
1689 3194 1827 3262 quod
1856 3194 1954 3247 nisi
1976 3193 2146 3246 Geor-

591 3287 732 3354 gius,
771 3285 860 3356 qui
911 3287 1085 3340 eidem
1127 3287 1323 3339 scholae
1368 3285 1595 3354 przefuit,
1626 3285 1692 3337 de
1738 3284 1834 3337 hac
1872 3283 2150 3352 migrasset

593 3375 734 3440 luce,
762 3390 1091 3443 nequaquam
1141 3374 1386 3429 eumdem
1431 3372 1730 3428 Simeonem
1769 3387 1796 3424 a
1828 3373 1989 3426 vestri
2026 3387 2148 3439 ger-

593 3463 739 3518 mani
781 3463 1002 3518 servitio
1043 3464 1348 3517 abstrahere
1393 3464 1702 3516 niteremur.
1747 3461 1850 3514 Sed
1887 3460 2148 3513 defuncto

592 3554 814 3623 praefato
844 3555 1093 3622 Georgio,
1121 3564 1176 3608 et
1199 3553 1256 3606 in
1283 3554 1398 3621 ejus
1422 3553 1561 3605 idem
1587 3551 1820 3618 Simeon,
1853 3561 2033 3619 utpote
2055 3561 2144 3602 se-

595 3658 769 3712 quens
796 3644 956 3709 illius,
980 3642 1236 3697 accedens
1260 3644 1452 3707 locum,
1479 3642 1597 3695 ideo
1619 3655 1714 3709 pro
1734 3640 1968 3694 doctrina
1991 3639 2148 3692 scho-

600 3732 667 3787 lae
696 3747 818 3787 eum
859 3732 924 3785 ad
955 3747 1055 3786 nos
1083 3732 1477 3786 accersivimus.
1507 3731 1634 3784 Nam
1665 3730 1799 3783 absit
1843 3745 1872 3782 a
1911 3729 2063 3782 nobis
2093 3736 2149 3780 ut

597 3820 865 3889 quidpiam
893 3808 1034 3888 quod
1068 3821 1216 3875 vobis
1258 3821 1550 3888 vestrisque
1580 3819 1821 3873 fidelibus
1864 3832 2145 3872 onerosum

593 3912 771 3967 existit
824 3927 1132 3980 peragamus
1159 3926 1366 3980 quoquo
1406 3911 1584 3965 modo.
1616 3910 1796 3964 Potius
1839 3921 2036 3973 autem,
2089 3918 2148 3964 ut

593 4003 866 4072 prmfatum
907 4015 1008 4068 est,
1055 4004 1106 4057 in
1155 4015 1347 4057 vestras
1393 4003 1662 4056 charitatis
1688 4003 1971 4057 dilectione
2009 4003 2144 4057 firmi

594 4102 985 4160 permanentes,
1039 4094 1409 4161 libentissime,
1437 4095 1490 4149 in
1529 4104 1783 4162 qttantum
1828 4096 1994 4148 virtus
2021 4109 2147 4161 sup-

595 4183 746 4249 petit,
773 4183 1023 4236 voluntati
1050 4193 1241 4236 vestra:
1270 4184 1740 4250 obtemperandum
1789 4183 2139 4236 decertamus.

594 4271 815 4339 Propter
835 4273 975 4341 quod
1005 4281 1060 4326 et
1103 4272 1348 4339 prazfams
1390 4273 1548 4326 vestri
1577 4274 1812 4339 germani
1856 4272 2142 4326 monachos
2168 4287 2220 4345 ι)

600 4361 891 4426 saepedicto
939 4362 1355 4415 contradidimus
1396 4361 1650 4424 Simeoni,
1697 4376 1893 4429 eosque
1946 4365 2143 4430 optime
2190 4406 2195 4411 .

597 4449 955 4510 collocantes,
1005 4449 1185 4501 solerti
1244 4449 1494 4501 industria
1549 4449 1787 4501 eamdem
1841 4449 2141 4514 psalmodia:

595 4537 1005 4590 modulationem
1050 4537 1234 4590 instrui
1283 4539 1649 4604 praecepimus,
1694 4547 1748 4591 et
1786 4540 1945 4592 erebo
1973 4539 2024 4592 in
2054 4553 2143 4592 ea-

596 4628 740 4692 dem,
775 4629 942 4681 donec
981 4628 1210 4695 perfecte
1240 4629 1424 4680 eruditi
1456 4627 1771 4695 efficiantur,
1810 4643 1903 4696 pro
1927 4630 2143 4699 amplis-

597 4721 729 4772 sima
759 4732 946 4771 vesme
983 4707 1307 4773 excellcnlize
1343 4731 1499 4789 atque
1545 4722 1858 4777 nobilissimi
1910 4724 2139 4791 germani

597 4809 758 4859 vestri
803 4807 1123 4869 dilectione,
1172 4811 1542 4863 ecclesiasticze
1588 4810 1839 4863 doctrina:
1878 4813 2137 4865 cantilena

597 4895 955 4960 disposuimus
981 4897 1182 4948 efficaci
1230 4912 1353 4950 cura
1400 4912 1709 4966 permanere
1743 4916 1754 4949 :
1785 4907 2028 4979 Optantes
2073 4899 2140 4952 de

599 4986 804 5051 reliquo
828 4987 1189 5039 excellentiam
1217 4997 1441 5041 vestram
1467 4990 1593 5041 savis
1626 5003 1687 5042 ac
1719 4989 1983 5056 prosperis
2009 4999 2140 5042 tem-

601 5074 817 5139 poribus
850 5075 897 5125 in
932 5074 1152 5128 Domino
1195 5078 1372 5129 valere
1417 5084 1470 5129 ct
1499 5077 1640 5144 regni
1680 5077 1877 5144 perfrui
1907 5086 2135 5144 sceptro,

597 5172 752 5227 atque
788 5163 1128 5229 triumphales
1175 5164 1241 5217 de
1288 5166 1545 5229 hostibus,
1593 5166 1953 5220 intercedente
1987 5166 2138 5219 beato

599 5252 774 5312 l'etro.
805 5255 1051 5321 censequi
1102 5256 1363 5309 victorias.
1413 5257 1730 5311 Incolumem
1770 5259 2136 5312 excellentiam

599 5349 820 5392 vestram
847 5341 1014 5408 gratia
1044 5357 1264 5410 superna
1295 5345 1575 5398 custodiat.
2127 5358 2134 5366 ‘

2258 1736 2564 1802 apostolicae
2595 1736 2848 1790 Romana:
2871 1733 3142 1805 Ecclesiae,
3171 1753 3288 1806 qua:
3312 1753 3408 1793 vos
3441 1741 3599 1794 verbo
3621 1743 3813 1808 pradi-

2253 1823 2488 1876 cationis
2535 1824 2909 1891 peculiaritatis
2953 1825 3114 1880 modo
3158 1827 3398 1881 sinceros
3443 1831 3627 1898 genuit
3655 1828 3811 1896 filios,

2266 1912 2524 1967 exhibere
2569 1915 2694 1969 totis
2725 1915 2926 1970 nisibus
2964 1917 3208 1981 stndetis,
3241 1932 3430 1985 magna
3471 1919 3623 1974 nobis
3651 1920 3813 1973 admi-

2258 2001 2411 2054 randi
2443 2003 2670 2057 inhmret
2695 2004 2942 2072 qualitas,
2976 2013 3031 2059 et
3072 2005 3186 2060 haec
3221 2007 3390 2062 laudis
3433 2009 3698 2075 praeconia
3727 2025 3813 2064 ve-

2254 2101 2366 2144 stro
2413 2091 2628 2156 nomini,
2664 2103 2719 2146 et
2757 2094 3044 2150 benedicta:
3081 2095 3406 2164 generationi
3460 2092 3704 2165 proferre
3761 2100 3812 2152 in

2263 2181 2511 2236 universo
2539 2196 2644 2236 non
2670 2183 2976 2237 desistimus
3004 2185 3134 2240 orbe
3160 2195 3442 2246 terrarum.
3474 2187 3521 2241 Ο
3562 2187 3810 2242 dulcissi-

2260 2267 2332 2322 mi
2356 2277 2514 2337 atque
2539 2270 2889 2335 amantissimi
2931 2272 3104 2335 nobis,
3137 2287 3292 2340 quam
3334 2274 3713 2329 vicissitudinis
3736 2292 3812 2330 re-

2256 2354 2622 2424 pcnsationem
2651 2367 2827 2411 vestro
2871 2361 3130 2413 exercitui
3156 2359 3538 2416 conferemus?
3581 2374 3674 2417 aut
3702 2382 3810 2433 qua

2255 2443 2629 2499 thesaurorum
2659 2446 2826 2514 copiae
2854 2447 3027 2515 digna:
3071 2450 3175 2501 sint
3221 2449 3286 2502 ad
3328 2459 3405 2504 tot
3433 2451 3809 2507 beneficiorum

2256 2533 2494 2599 praesidia
2528 2549 2646 2601 qua:
2666 2543 2867 2589 sancta:
2891 2536 3140 2591 Ecclesizr
3163 2541 3497 2602 contulistis?
3523 2541 3590 2594 At
3619 2541 3743 2597 licet
3762 2546 3808 2597 in

2255 2621 2355 2674 hoc
2401 2622 2594 2676 mentis
2640 2623 2997 2678 consideratio
3045 2637 3096 2678 et
3145 2627 3467 2692 possibilitas
3516 2640 3808 2686 coarctetur

2255 2710 2404 2763 vobis
2431 2711 2587 2780 digna
2611 2713 2921 2782 rependere,
2958 2725 3320 2770 verumtamen
3351 2728 3433 2770 est
3450 2719 3614 2785 judex
3640 2721 3810 2788 justus

2254 2800 2306 2853 in
2335 2802 2482 2858 cmlis
2507 2803 2761 2857 Dominus
2791 2805 2925 2859 Deus
2964 2794 3166 2869 uester,
3209 2807 3299 2875 qui
3327 2809 3485 2876 digna
3514 2818 3806 2866 vestrorum

2253 2892 2512 2945 retribuet
2553 2904 2774 2959 operum
2826 2895 3033 2950 merita.
3083 2895 3220 2949 Vere
3265 2896 3406 2949 enim
3442 2897 3706 2952 elevatum
3733 2908 3810 2952 est

2173 2969 2220 3031 (Ξ
2256 2994 2448 3035 nomen
2480 2984 2623 3050 genti
2653 2993 2844 3037 vestra:
2874 2998 3032 3051 super
3070 2985 3264 3039 multas
3293 2988 3691 3052 generationem
3722 3004 3802 3041 na-

2253 3069 2443 3136 tiones,
2474 3079 2528 3124 et
2549 3085 2765 3139 regnum
2795 3071 3118 3127 Francorum
3145 3074 3359 3130 vibrans
3383 3077 3574 3130 emicat
3603 3079 3657 3130 in
3685 3092 3810 3132 con.

2249 3171 2432 3227 spectu
2458 3161 2667 3216 Domini
2690 3178 2704 3227 ;
2735 3163 2873 3231 quod
2899 3163 3090 3217 talibus
3114 3163 3510 3230 benignissimis
3531 3167 3810 3221 catholica
3880 3185 3881 3200 π

2250 3259 2304 3304 et
2365 3252 2667 3319 apostolicae
2723 3262 2922 3306 sanctae
2981 3254 3074 3308 Dei
3132 3255 3385 3309 Ecclesia:
3438 3257 3810 3311 liberatoribus

2251 3352 2589 3409 prmornatur
2617 3345 2850 3414 regibus.
2873 3344 3046 3398 Novus
3067 3345 3264 3415 quippe
3285 3347 3514 3415 Moyses,
3538 3362 3807 3416 novusque
3880 3361 3881 3420 ξ

2252 3430 2416 3485 David
2444 3432 2497 3485 in
2524 3433 2766 3486 omnibus
2794 3435 3044 3502 Operibus
3070 3436 3180 3488 suis
3207 3434 3426 3489 ell‘ectus
3451 3435 3804 3490 estChristia-
3880 3459 3881 3482 ι

2249 3522 2496 3600 nissimus
2540 3538 2568 3576 a
2601 3524 2711 3576 Deo
2740 3533 3010 3590 protectus
3041 3525 3177 3578 filius
3212 3537 3266 3579 et
3308 3527 3564 3592 spiritalis
3590 3542 3802 3596 corripe-

2250 3619 2353 3674 ter,
2403 3611 2648 3664 dominus
2691 3611 2981 3679 Pippinus,
3031 3612 3126 3666 Dei
3174 3623 3302 3666 nutu
3339 3615 3802 3669 victoriosissimo:
3880 3611 3881 3680 Ῐ

2247 3713 2365 3764 rex,
2413 3713 2507 3768 per
2534 3715 2689 3768 quem
2720 3701 2945 3754 exaltata
2991 3702 3081 3754 Dei
3127 3702 3360 3756 Ecclesia
3413 3704 3724 3772 triumphat,
3749 3715 3800 3759 et
3880 3701 3881 3716 ¹

2252 3786 2382 3842 fides
2431 3789 2688 3844 catholica
2743 3791 2810 3843 ab
2853 3781 3217 3844 haereticorum
3263 3792 3368 3846 telo
3406 3793 3602 3846 illibata
3631 3793 3799 3846 consi-

2247 3881 2361 3932 stit.
2392 3880 2456 3932 Et
2482 3894 2575 3933 vos
2600 3879 2836 3948 quidem,
2863 3881 3184 3944 charissimi,
3221 3895 3351 3950 gens
3398 3891 3600 3944 sancta,
3631 3884 3798 3949 regale

2247 3969 2644 4035 sacerdotium,
2693 3970 2916 4037 populus
2971 3970 3355 4037 acquisitionis,
3405 3972 3488 4024 cui
3535 3959 3794 4024 benedixit
3880 4009 3881 4016 η

2246 4059 2498 4113 Dominus
2528 4059 2665 4113 Deus
2693 4060 2874 4123 lsrael,
2906 4060 3130 4128 gaudete
3169 4069 3222 4113 et
3265 4060 3520 4124 exultate,
3559 4060 3680 4125 quia
3705 4075 3788 4114 no-
3880 4067 3881 4086 ξ

2245 4148 2386 4200 mina
2433 4155 2606 4201 vestra
2652 4161 2936 4214 regumque
2981 4157 3278 4201 vestrorum
3324 4157 3539 4201 exarata
3577 4157 3703 4202 sunt
3742 4149 3788 4201 in

2245 4237 2414 4300 caalis,
2446 4246 2500 4288 et
2529 4249 2735 4288 merces
2765 4243 2935 4287 vestra
2967 4249 3149 4302 magna
3180 4245 3260 4288 est
3285 4249 3465 4288 coram
3495 4235 3603 4290 Deo
3624 4244 3679 4290 et
3703 4249 3787 4288 an-
3880 4229 3881 4236 “

2247 4324 2378 4393 gelis
2402 4323 2536 4391 ejus.
2565 4323 2798 4377 Firmum
2827 4324 3016 4391 quippe
3042 4323 3397 4386 beatissimum
3429 4324 3642 4378 Petrum
3670 4337 3787 4393 apo-

2245 4413 2502 4467 stolorum
2530 4412 2844 4480 principem,
2863 4412 2997 4464 cuia
3021 4411 3372 4478 Redemptore
3395 4421 3581 4466 nostro
3603 4410 3786 4482 ligandi
3880 4475 3881 4480 η

2245 4502 2591 4570 solvendique
2621 4510 2835 4567 peccata
2866 4501 2918 4553 in
2945 4501 3081 4553 coelo
3108 4513 3170 4552 ac
3191 4501 3243 4573 in
3275 4508 3414 4552 terra
3441 4514 3690 4554 concessa
3713 4511 3787 4554 est

2244 4600 2496 4660 potestas,
2538 4589 2710 4655 adepti
2747 4589 2877 4642 cetis
2917 4597 3286 4655 protectorem.
3329 4587 3434 4641 Sed
3463 4589 3784 4655 omnipotens
3880 4607 3881 4660 ξ

2246 4680 2519 4743 Dominus,
2551 4666 2897 4747 ejusdem'sui
2929 4677 3152 4744 apostoli
3183 4675 3674 4739 intercessionibus,
3703 4676 3786 4729 be-

2246 4771 2480 4830 nedicat,
2508 4775 2768 4836 protegat,
2796 4777 2951 4834 atque
2973 4765 3250 4829 confortet,
3275 4773 3330 4820 et
3353 4764 3663 4818 corroboret
3687 4763 3784 4818 Deo

2243 4861 2526 4914 amabilem
2554 4859 2982 4913 communitatem
3021 4867 3269 4919 vestram,
3300 4856 3560 4922 actusque
3593 4863 3786 4909 vestros

2241 4939 2294 5003 in
2337 4948 2670 5016 bencplacito
2721 4960 2818 5000 suo
2863 4945 3127 5013 diSponat,
3159 4944 3393 4998 tribuens
3417 4944 3620 4996 VubiSI
3659 4941 3785 4995 calo

2245 5039 2534 5102 victoriam,
2566 5036 2696 5091 flues
2736 5045 2938 5091 vestros
2961 5035 3173 5100 dilatet,
3204 5033 3491 5100 subjiciens
3528 5033 3782 5088 excellen

2243 5128 2461 5183 tissimis
2492 5126 2706 5194 regibus
2731 5119 2922 5178 vestris
2950 5137 3133 5176 omnes
3155 5122 3408 5176 barbaras
3434 5124 3704 5188 nationes,
3727 5119 3785 5173 ad

2242 5218 2526 5286 perfectam
2555 5215 2921 5269 liberationem
2945 5221 2998 5266 et
3046 5211 3420 5264 exaltationem
3449 5221 3650 5267 sancta
3679 5211 3786 5264 uli-

2243 5306 2464 5359 versalis
2493 5303 2584 5356 Dei
2638 5303 2908 5366 Ecclesiae,
2939 5310 2991 5354 et
3021 5301 3142 5355 fidei
3167 5300 3478 5355 orthodoxae
3527 5299 3786 5369 integrita-

2247 5406 2348 5447 tem
2387 5411 2398 5446 :
2425 5396 2617 5460 detque
2646 5393 2794 5445 vobis
2822 5406 2880 5444 ea
2905 5404 3088 5459 sapere
3112 5404 3229 5457 qua:
3255 5389 3329 5443 illi
3350 5399 3474 5444 sunt
3505 5389 3716 5458 placita,
3740 5399 3785 5442 et

2245 5485 2410 5538 multo
2442 5482 2666 5550 amplius
2693 5481 2850 5535 corda
2881 5489 3053 5532 vestra
3085 5479 3134 5531 in
3166 5491 3347 5532 amore
3388 5477 3536 5533 beati
3581 5477 3788 5534 Petriet
