3910 6234
175 181 306 239 "89

1584 161 1951 220 EPISTULA-2.
2310 152 2339 181 ‘

3239 149 3376 202 H90

174 292 288 357 ejus
307 286 614 357 apostolica
645 282 787 337 sedis
828 278 1052 335 illustrct
1083 293 1095 333 ;
1130 276 1369 344 ﬁdelique
1407 272 1583 327 studio
1609 272 1725 338 ejus
1756 272 1802 327 Α
1831 269 2119 336 lmperante
2148 268 2346 321 domno
2378 264 2612 334 piissimo
2657 265 2891 332 Augusto
2934 276 2963 315 a
2998 261 3102 312 Deo
3126 268 3378 312 coronato

174 378 446 451 mpii!
491 370 800 443 apostolicis
846 369 1315 435 obtemperantes.
1358 371 1412 416 et
1451 360 1727 427 prasentis

176 472 292 523 vita:
316 480 529 521 cursum
559 478 677 519 cum
708 461 929 515 victoria
955 466 1010 513 et
1051 458 1186 509 bona
1216 454 1352 506 fama
1392 452 1630 517 exsequi,
1675 455 1730 501 et

174 567 372 613 aeterna
395 555 583 625 gaudia
609 568 728 607 cum
759 551 878 606 σεξιὶ
900 549 1103 603 civibus
1135 544 1328 613 perfrui
1359 537 1684 596 mereamini.

716 656 1040 713 EPISTOLA
1081 653 1171 718 XI,

170 792 290 831 II"
346 788 570 828 DIPLOIA
623 785 726 823 ΡΜ)
787 779 1114 821 ΙΙΙυΝΙτΑτΕ
1176 772 1495 815 IONASTEMI
1548 770 1730 809 SANCTI

248 859 423 899 ιιιιιιι
463 852 800 897 αιιιλτιιιιειε
851 850 946 889 808
984 845 1290 885 MI’BNNATB
1344 841 1598 881 ιοαιεειλ
1636 840 1731 878 ιδυ-

249 928 371 967 SI'I’I.

251 1005 414 1073 Igitur
434 1002 502 1055 de
526 1001 709 1053 divino
732 1006 860 1050 nutu
890 1002 1015 1049 ante
1044 992 1304 1047 horum...
1333 1002 1589 1042 annorum
1617 1000 1738 1039 san-

186 1103 287 1148 cta
314 1091 698 1146 recordationis
740 1087 986 1139 dominus
1014 1091 1067 1135 et
1106 1094 1388 1151 germanus
1411 1086 1590 1131 noster
1618 1075 1739 1128 bea-

186 1183 423 1237 tissimus
465 1178 788 1244 Stephanus,
821 1171 976 1241 hujus
1020 1169 1324 1238 apostolica:
1370 1165 1511 1219 sedis
1549 1162 1742 1231 prmsul

186 1272 255 1325 ad
289 1268 654 1323 redimendam
693 1264 853 1317 Italite
899 1260 1246 1330 provinciam,
1296 1258 1556 1323 simulque
1589 1266 1742 1306 exar—

183 1361 399 1413 chatum
433 1353 814 1408 Ravennatium
844 1350 913 1403 de
949 1348 1194 1400 manibus
1224 1347 1475 1413 gentium,
1506 1341 1743 1395 Francite

192 1452 533 1515 preperasset
558 1442 825 1510 regionem
850 1436 1125 1502 ;contigit,
1152 1448 1216 1487 eo
1247 1442 1565 1493 revertente,
1591 1444 1743 1481 suum

185 1535 457 1605 peragrari
504 1532 604 1585 iter
653 1544 747 1597 per
786 1536 1166 1579 monasterium
1210 1522 1343 1575 beati
1372 1520 1553 1584 Ililari,
1583 1520 1742 1573 situm

186 1630 245 1679 In
283 1625 552 1679 territorio
587 1620 904 1687 Populieuse
933 1634 945 1667 :
975 1622 1217 1669 cessante
1262 1616 1568 1667 :emu!orum
1596 1608 1747 1664 savi—
1776 1596 1821 1654 Β

190 1716 291 1780 tia,
325 1713 628 1782 gratissime
674 1719 830 1775 atque
873 1720 993 1759 cum
1024 1706 1250 1757 maxima
1295 1703 1512 1755 honoris
1541 1698 1750 1753 humili-

187 1813 301 1857 tate
330 1811 612 1868 susceptus
639 1808 721 1850 est
756 1796 823 1848 ab
854 1797 1123 1847 Anseauso
1152 1791 1416 1858 quondam
1465 1784 1749 1856 Popiliensi

189 1905 446 1959 episcopo
492 1898 545 1943 et
587 1887 779 1939 abbate
819 1884 983 1950 ipsius
1026 1880 1347 1934 venerabilis
1398 1876 1747 1931 monasterii:

188 1996 341 2040 et....
386 1980 629 2035 eumdem
677 1974 1039 2028 beatissimum
1091 1966 1506 2037 p0ntilicem.....
1559 1967 1751 2035 praedi—

189 2083 280 2127 tus
306 2071 575 2139 quondam
624 2074 925 2121 Anscausus
959 2062 1239 2129 episcopus
1266 2060 1548 2113 attluenter
1590 2059 1753 2126 ipsius

190 2160 407 2213 itineris
432 2157 669 2211 subsidia
697 2156 771 2207 illi
801 2155 1003 2207 tribuit.

268 2250 339 2301 Et
373 2247 500 2299 dum
526 2246 664 2299 idem
690 2245 1027 2297 beatissimus
1056 2251 1416 2309 prmoecessor
1455 2244 1633 2290 noster
1661 2251 1756 2288 nu-

190 2337 285 2405 jus
312 2332 618 2401 apostolica:
648 2332 793 2385 sedis
823 2330 1043 2382 antistes
1068 2342 1164 2381 suo
1188 2328 1449 2381 laborioso
1474 2325 1758 2378 certamine

192 2426 524 2494 provinciam
570 2424 765 2485 illam,
795 2419 1040 2473 videlicet
1091 2417 1428 2471 exarcltatum
1489 2414 1759 2465 Ravenna-

196 2518 358 2579 tinm,
392 2528 419 2565 a
454 2513 584 2581 jugo
624 2510 895 2564 servitutis
938 2508 1151 2559 ditionis
1192 2507 1423 2572 gentium
1467 2503 1556 2555 Dei
1589 2502 1759 2569 provi-

200 2604 388 2657 dentia
433 2601 683 2663 redemit;
718 2608 840 2650 tunc
886 2596 1295 2649 viciSsitudinem
1336 2592 1578 2659 propensi
1604 2596 1760 2643 bene-

196 2695 308 2751 ﬁcii
352 2692 525 2747 eidem
576 2689 850 2741 Anscauso
878 2687 1130 2751 episcopo
1168 2683 1429 2747 irrogans,
1454 2680 1758 2747 przedictum

194 2783 582 2839 monasterium
624 2782 807 2835 diebus
832 2779 951 2831 vita:
983 2793 1091 2831 suae
1131 2776 1405 2829 fruendum
1436 2773 1505 2825 illi
1546 2784 1760 2825 conces-

182 2860 292 2929 sit.
343 2874 494 2927 Unde
523 2882 577 2925 et
606 2886 702 2924 nos
746 2868 1042 2936 hujusmodi
1073 2866 1305 2918 coacessi
1336 2862 1563 2931 pra-sidii
1604 2861 1757 2927 largi-

200 2974 370 3039 tatem
396 2961 496 3015 sub
524 2959 825 3028 aposwlica:
859 2951 1228 3022 pt‘azceptionis
1258 2952 1440 3017 pagina
1478 2948 1759 3000 confirma—

197 3035 416 3117 vimus,
464 3061 622 3119 atque
653 3045 1003 3116 jurisdictioni
1049 3054 1246 3097 Sancta:
1273 3050 1468 3093 nostra:
1512 3035 1762 3091 Ecclesia:

198 3143 548 3198 submisimus
576 3155 720 3195 eum.

276 3233 432 3289 Nunc
455 3246 583 3285 vero
611 3230 785 3283 divina
816 3226 1091 3280 vocatione
1130 3226 1245 3289 ipso
1273 3224 1542 3275 Anscauso
1570 3219 1635 3272 de
1668 3219 1764 3272 hac

201 3324 471 3389 migrante
523 3319 662 3383 luce,
718 3324 1066 3385 agnoscentes
1117 3312 1189 3366 rei
1237 3313 1531 3371 veritatem,
1576 3309 1765 3375 prardi-

200 3422 354 3464 ctum
383 3407 685 3462 venerabile
726 3404 1105 3459 monasterium
1147 3402 1280 3468 juris
1322 3408 1517 3451 sancta:
1561 3397 1766 3450 Raven-

202 3500 349 3554 natis
378 3498 628 3551 Eccfesim
656 3510 685 3547 a
716 3494 976 3547 diuturnis
998 3492 1226 3545 existere
1253 3488 1593 3555 temporibus,
1622 3487 1765 3539 ideo-

206 3603 326 3659 que
372 3586 761 3654 perpendentes
806 3592 986 3636 contra
1033 3595 1242 3633 omnem
1281 3581 1537 3631 rationein
1567 3591 1685 3629 esse
1713 3583 1769 3628 ut

204 3683 331 3749 ipse
359 3677 675 3733 venerabilis
706 3675 854 3728 locus
900 3689 928 3725 a
970 3680 1149 3725 sancta
1198 3670 1498 3721 Itavcnnate
1537 3666 1767 3719 Ecclesia

202 3766 694 3822 abstrahatur......
744 3777 804 3816 ea
848 3775 965 3829 qua:
1017 3761 1218 3826 pridem
1271 3772 1367 3820 pro
1417 3756 1768 3808 subtractione

201 3857 332 3923 ejus
374 3852 699 3921 promulgata
746 3858 871 3901 sunt
916 3848 1205 3914 incongrue
1248 3855 1404 3911 atque
1432 3843 1767 3897 irrationabi-

203 3942 524 3997 Iiteromnia
542 3939 689 3993 irrita
705 3948 758 3992 et
778 3936 1002 3990 invalida
1014 3949 1131 3989 es:e
1147 3942 1456 3993 statuentes,
1472 3932 1765 3984 statuimus.

215 4062 228 4074 -
282 4032 439 4087 Unde
483 4045 577 4099 per
620 4028 778 4095 hujus
826 4028 1021 4079 uestrae
1066 4024 1367 4090 apostolica:
1405 4021 1769 4088 pra-ceptiouis

203 4124 489 4195 paginam,
514 4121 688 4174 denuo
715 4119 885 4187 ipsum
907 4114 1203 4168 venerabile
1231 4112 1605 4165 monasterium
1630 4109 1769 4163 beati

1831 373 2023 425 magno
2052 359 2387 426 imperatore,
2411 372 2550 409 anno
2581 373 2666 419 ιι..
2690 365 2740 409 ct
2770 355 2910 423 pacis
2930 353 3048 420 ejus
3071 365 3210 404 anno
3229 348 3381 420 [Lego

1833 457 1952 514 post
1979 445 2330 515 consulatum]
2363 462 2427 499 xx
2461 443 2616 517 [six],
2644 445 2736 498 sed
2770 452 2825 497 et
2860 443 3036 497 Leone
3062 442 3381 510 imperatore

1830 535 1946 605 ejus
1978 536 2087 591 filio
2112 551 2251 589 anno
2282 550 2373 601 vn,
2410 536 2697 589 indictione
2728 534 2811 585 12.

2371 645 2696 700 EPISTULA
2735 644 2847 697 XII.

2285 772 2352 809 AD
2387 770 2617 809 JOANNEI
2656 770 2919 808 ΑΒΒΑΤΕΙ.
2988 788 2989 791 η

1834 861 1913 916 De
1933 863 2137 915 ecclesia
2163 879 2223 914 ac
2250 862 2563 915 monasteriis
2591 880 2623 915 a
2648 880 2701 916 se
2722 864 2897 916 erectis
2926 862 2978 915 in
3011 861 3234 931 paternis
3256 861 3383 916 tedi-

1906 931 2108 1010 bus‘spb
2134 933 2283 1010 titttlo
2303 942 2597 1010 saurtorunt
2615 932 2857 1010 Stephani
2877 948 3025 1001 papa
3048 940 3097 985 et
3128 933 3386 1001 martyris,

1905 1008 1952 1052 et
1975 999 2203 1053 Silvestri
2229 1017 2374 1066 papa:
2400 1012 2446 1052 et
2474 1002 2794 1068 confessoris.

1914 1092 2107 1144 Paulus
2158 1093 2439 1157 ep’scopus
2494 1103 2678 1142 servus
2731 1102 3003 1141 servorum
3057 1087 3149 1141 Dei
3195 1088 3403 1142 Ιιξοινιιξεδ⁵

1845 1174 2103 1247 [Leontio]
2154 1175 2401 1245 religioso
2450 1176 2759 1243 presbytero
2787 1184 2837 1227 et
2877 1175 3050 1228 abbati
3084 1178 3396 1231 venerabilis

1844 1266 2151 1319 monasterii
2197 1274 2503 1318 sanctorum
2546 1264 2800 1330 Stephani
2843 1265 3090 1334 martyris
3113 1278 3267 1335 atque
3294 1267 3397 1321 Sil-

1849 1357 2012 1409 vestri
2031 1354 2350 1408 confessoris
2376 1354 2591 1416 Christi,
2616 1364 2667 1405 et
2689 1356 2909 1406 aliorum
2936 1356 3389 1409 innumerabilium

1851 1455 2152 1513 martyrum
2184 1452 2238 1495 et
2265 1444 2627 1496 t-oufessorunt
2652 1444 2745 1496 Dei
2776 1444 2826 1496 in
2857 1445 3041 1497 eodem
3072 1440 3253 1499 saneto
3283 1462 3397 1500 mo—

1850 1535 2084 1587 nasterio
2105 1549 2133 1587 a
2161 1532 2313 1587 nobis
2338 1545 2603 1587 annuente
2629 1535 2734 1587 Deo
2758 1535 2971 1588 fundato
2993 1539 3397 1603 quiescendum,

1851 1632 1908 1678 et
1951 1641 2070 1679 cum
2102 1640 2167 1679 eo
2197 1627 2294 1693 ipsi
2324 1626 2609 1679 venerabili
2638 1628 2959 1681 monasterio
2987 1627 3038 1679 iu
3071 1626 3400 1701 perpetuum.

1920 1717 2066 1769 Inter
2093 1716 2300 1768 diversa
2328 1715 2617 1768 studiorum
2658 1717 2903 1768 examina
2934 1728 2986 1769 et
3028 1722 3195 1771 varias
3221 1718 3402 1772 Imma-

1852 1820 1933 1857 πω
1976 1805 2343 1857 inconstantia:
2388 1806 2721 1868 (iterationes
2747 1844 2762 1867 ,
2794 1819 2910 1871 quae
2940 1807 3185 1857 nimirum
3220 1808 3269 1859 in
3304 1808 3399 1860 hac

1852 1892 2125 1960 temporali
2172 1893 2271 1945 vita
2328 1901 2746 1959 pertractanmr,
2799 1894 2885 1946 ilta
2944 1893 3231 1960 praesertim
3285 1896 3413 1948 toto'

1854 1985 2046 2035 mentis
2078 1982 2194 2035 nisu
2222 1982 2541 2048 perficienda
2573 1994 2692 2036 sunt
2723 2000 2836 2051 qua:
2866 1987 2931 2037 ad
2960 1986 3166 2039 laudem
3198 1987 3408 2043 Domini

1854 2070 1947 2124 Dei
1974 2072 2139 2123 nostri
2160 2080 2212 2122 et
2235 2082 2535 2124 sanctorum
2558 2072 2668 2138 ejus
2691 2072 3091 2126 celeberfnnum
3123 2075 3407 2140 respiciunt

1858 2159 2139 2212 honorem.
2168 2158 2229 2211 Et
2260 2159 2498 2225 profecto
2527 2161 2699 2210 omnia
2732 2170 3024 2223 sequuntur
3052 2177 3299 2229 prospera
3324 2204 3337 2223 ,
3365 2164 3409 2215 si

1857 2247 2096 2315 primitus
2126 2262 2241 2314 qnze
2272 2247 2379 2298 Deo
2409 2256 2528 2297 sunt
2557 2248 2805 2313 gloriosa,
2840 2257 2893 2301 et
2912 2251 3107 2317 sanctis
3134 2252 3248 2317 ejus
3278 2266 3410 2317 pra:—

1856 2335 2049 2401 fulgida
2077 2373 2093 2397 ,
2141 2348 2503 2401 procuramus.
2550 2337 2628 2387 Ub
2674 2334 2774 2388 hoc
2822 2352 3033 2403 nempe,
3073 2339 3196 2390 dum
3237 2341 3409 2393 divina

1858 2422 2225 2490 Redemptoris
2250 2423 2411 2474 nostri
2436 2423 2713 2475 incffaliiiis
2733 2424 2976 2489 potentia:
2995 2430 3158 2492 gratia
3178 2427 3227 2477 in
3243 2441 3408 2478 meam

1858 2511 2123 2579 respicere
2169 2511 2379 2577 dignata
2427 2518 2508 2562 est
2552 2510 2886 2575 exiguitatem
2941 2528 3125 2579 magna
3173 2530 3298 2566 cura
3339 2515 3411 2566 iu-

1859 2602 2160 2665 sistcte,et
2190 2596 2472 2651 anhelante
2498 2600 2604 2651 frre
2633 2599 2928 2653 dilectionis
2951 2601 3137 2654 affectu
3165 2604 3408 2655 diuturna

1858 2692 1972 2757 ejus
1999 2690 2321 2756 benignitate
2351 2702 2411 2738 ac
2451 2689 2809 2739 misericordia
2837 2704 3178 2755 procuratntts
3210 2691 3408 2751 laudes,

1860 2790 1913 2832 et
1942 2792 2180 2831 meorum
2212 2776 2308 2843 ipsi
2342 2775 2531 2828 oﬂ'ct're
2560 2777 2817 2843 majestati
2860 2777 3118 2830 desideria
3149 2786 3409 2830 votorum.

1866 2871 2033 2933 Atque
2062 2882 2126 2919 ex
2158 2865 2258 2917 hoc
2306 2862 2496 2915 divinae
2542 2865 2903 2917 illustratiouis
2947 2876 3290 2933 tornpunctus
3336 2869 3412 2918 in-

1863 2959 2173 3027 spiratione,
2208 2958 2568 3019 vcliementer,
2612 2959 2731 3010 licet
2775 2958 3084 3020 immeritus,
3131 2973 3412 3025 procurare

1863 3048 2037 3100 studui
2069 3062 2129 3101 ea
2162 3061 2280 3113 qua:
2322 3045 2386 3098 ad
2427 3046 2622 3097 cultum
2657 3046 2744 3101 Dei
2776 3054 2829 3099 et
2869 3047 3078 3113 dignam
3110 3059 3411 3101 sanctorum

1864 3138 2160 3203 pertineant
2203 3135 2636 3201 venerationem,
2686 3143 2740 3188 et
2785 3136 3012 3188 maxima
3061 3137 3415 3190 roborationis

1863 3237 2089 3279 censura
2115 3224 2446 3275 confirmare.
2922 3234 2927 3237 '

1932 3314 2187 3377 Quoniam
2220 3314 2371 3364 valde
2419 3326 2524 3373 me,
2565 3312 2749 3375 fateor,
2782 3313 2995 3381 optimis
3042 3301 3414 3368 beneficiorum
3484 3344 3487 3347 »

1864 3403 2171 3456 eormndem
2196 3412 2498 3454 sanctorum
2538 3401 2796 3471 suffragiis
2826 3405 2961 3470 apud
2999 3405 3225 3457 divinam
3262 3406 3416 3473 adju-

1867 3504 1976 3545 tum
2030 3491 2466 3553 miseriuirdiam,
2520 3506 2614 3558 pro
2662 3505 2727 3543 eo
2775 3493 3115 3559 quod'nullis
3167 3494 3415 3547 virtutqu

1869 3581 2191 3649 profectibus
2220 3595 2427 3632 mereor
2458 3582 2788 3654 institutum,.
2812 3579 3013 3633 scilicet
3055 3580 3195 3649 gravi
3235 3597 3418 3649 pecca-

1869 3682 2038 3723 torum
2071 3671 2209 3721 mole
2241 3677 2643 3737 prtegiavatum,
2677 3669 2808 3722 adeo
2832 3685 3075 3737 magnum
3105 3680 3155 3724 et
3187 3672 3417 3727 terribile

1868 3759 2167 3825 apostolicae
2204 3758 2344 3809 sedis
2373 3754 2602 3809 officium
2638 3760 2904 3825 prosequi,
2946 3758 3046 3811 nisi
3076 3773 3256 3812 eorum
3285 3774 3417 3828 prae»

1870 3851 2004 3904 sidio
2030 3850 2205 3902 divina
2235 3863 2319 3902 me
2353 3851 2665 3917 prmveuerit
2693 3849 2944 3915 dignatio.
2975 3848 3340 3903 Verumtamen
3365 3853 3415 3905 in

1873 3944 1972 3995 hoc
2000 3941 2395 4007 omnipotentiae
2436 3952 2545 3991 sua:
2571 3949 2878 3991 cunctorum
2906 3954 2994 4005 pra
3013 3942 3152 3993 scius
3179 3940 3418 3995 conditor

1870 4042 1925 4086 et
1954 4032 2257 4097 redemptor
2281 4030 2531 4083 Dominus
2561 4039 2738 4082 noster
2761 4029 2910 4082 .lcsus
2936 4031 3174 4083 Christus
3200 4032 3417 4086 demon-
3486 4028 3489 4031 ’

1871 4129 2002 4172 strat
2051 4119 2265 4184 indicia,
2311 4120 2445 4185 quod
2490 4132 2550 4170 ea
2572 4133 2685 4185 quae
2714 4118 2850 4184 apud
2889 4132 2981 4172 eos
3008 4119 3149 4185 ipsos
3176 4121 3416 4189 despecta

204 4212 390 4269 lIilari
435 4225 553 4263 cum
600 4209 847 4263 omnibus
894 4207 942 4259 ei
992 4203 1372 4272 pertinentibus
1418 4202 1516 4253 sub
1557 4200 1756 4268 jurisdi-

1874 4222 2014 4273 sunt,
2046 4211 2200 4264 nobis
2227 4210 2291 4262 ad
2323 4225 2469 4277 spem
2517 4209 2799 4276 profectus,
2833 4212 3077 4277 potentia:
3120 4226 3228 4266 sua:
3253 4215 3417 4280 gratia

205 4304 397 4356 ctione
445 4298 768 4353 Ravennatis
815 4296 1081 4358 Ecclesiae,
1129 4302 1284 4360 atque
1332 4293 1629 4346 reverenda:
1667 4292 1770 4344 fra-

205 4389 481 4444 ternitatis
533 4396 1157 4450 tutesuccessorumque
1202 4392 1453 4447 tuorum,
1506 4384 1772 4448 perpetuis

203 4488 381 4547 atque
423 4475 746 4543 perennibus
792 4474 1116 4538 temporibus
1156 4472 1429 4523 statuimus
1460 4484 1772 4535 permanen-

204 4567 347 4621 dum
377 4582 389 4616 :
418 4573 551 4618 etut
599 4572 771 4618 ture...
816 4560 1315 4627 successoribusqne
1364 4560 1465 4611 tuis
1496 4559 1767 4626 placuerit,

206 4654 528 4723 perenniter
572 4652 688 4719 ipse
731 4649 1046 4704 venerabilis
1098 4650 1244 4701 locus
1287 4648 1610 4713 disponatur.
1641 4638 1769 4701 Sta-

124 4794 127 4795 ν
208 4742 433 4798 tuentes
479 4739 767 4805 apostolica
819 4752 1041 4790 censura
1090 4738 1189 4789 sub
1234 4736 1771 4790 anatliematisinter-

208 4828 479 4891 dictione,
509 4835 561 4879 et
581 4825 745 4877 divini
784 4825 976 4891 judicis
1005 4823 1373 4885 obtestatione,
1403 4823 1530 4874 nulli
1560 4824 1772 4877 cuilibet

211 4930 466 4986 persona:
495 4928 667 4983 parvas
691 4914 769 4966 vel
799 4926 999 4979 magna:
1024 4925 1235 4978 quoquo
1267 4912 1421 4964 modo
1448 4911 1607 4964 licere
1631 4910 1769 4966 idem

211 5006 533 5060 venerabile
582 4996 960 5056 monasterium
992 5016 1019 5053 a
1066 5001 1426 5068 jurisdictioue
1452 5014 1644 5054 sancite
1673 5001 1775 5055 Ita.

212 5097 472 5149 vennatis
524 5095 797 5156 Ecclesia),
847 5100 1005 5158 atque
1053 5100 1152 5142 tua:
1198 5092 1436 5143 fraterna:
1468 5093 1773 5145 reverentia:

210 5198 693 5250 successorumqtte
740 5194 943 5234 tuorum
992 5182 1243 5235 auferre:
1279 5182 1369 5233 sed
1417 5183 1513 5235 etsi
1569 5170 1773 5251 quodli-

212 5275 315 5328 bet
344 5271 607 5323 munimen
637 5272 703 5323 de
742 5271 926 5323 eodem
978 5270 1295 5322 tumtasterio
1322 5270 1639 5324 contrarium
1674 5273 1773 5324 Ec.

212 5360 403 5416 desis:
452 5366 635 5409 vestra:
683 5356 973 5409 Ravennati
1024 5366 1286 5421 repertum
1336 5355 1512 5420 fuerit,
1554 5373 1768 5410 vacuum

210 5460 275 5504 et
309 5448 465 5521 inane
492 5459 606 5499 esse
647 5445 996 5499 όοεθηιὶιιιυέ.
1034 5444 1219 5495 Datum
1263 5443 1420 5497 Nonis
1453 5443 1769 5512 I’cbtuariis,

1870 4300 2182 4361 illustrante,
2218 4297 2477 4364 perducit,
2508 4298 2648 4363 quod
2701 4299 2752 4350 in
2800 4314 2885 4351 me
2916 4301 3160 4352 nimirum
3187 4303 3420 4356 cernitur

1870 4387 2132 4462 evenisse.
2186 4386 2384 4439 Idcirco
2428 4385 2623 4453 ingenti
2693 4388 3059 4454 gutulationis
3110 4390 3286 4443 laetitia
3336 4408 3420 4446 re-

1872 4476 2062 4538 fectus,
2112 4476 2319 4527 laudem
2369 4476 2573 4527 Domini
2627 4476 2857 4541 loqmtnr
2904 4491 2963 4528 os
3005 4493 3201 4542 meum,
3250 4494 3341 4533 cor
3369 4490 3420 4533 et

1873 4565 2045 4633 lingua
2071 4564 2333 4617 benedicit
2362 4574 2600 4615 sanctum
2634 4580 2823 4616 nomen
2855 4566 2989 4631 ejus,
3026 4582 3223 4635 magna:
3258 4570 3419 4636 picta-

1874 4656 1940 4705 tis
1969 4656 2264 4707 clt'menlia:
2295 4664 2645 4719 Congruenler
2676 4652 2892 4705 confero
2922 4666 3058 4706 vota.

1943 4743 2101 4810 Igitur
2139 4758 2255 4794 cum
2304 4756 2394 4807 par
2438 4743 2643 4793 evoluta
2689 4757 2942 4794 annorum
2989 4744 3178 4811 spatia,
3216 4744 3419 4801 diversa

1869 4840 2170 4883 sanctorum
2198 4831 2392 4882 Christi
2426 4840 2710 4899 martyrum
2736 4843 2892 4896 atque
2921 4832 3279 4887 confessorum
3318 4838 3431 4900 ejus

1874 4920 2014 4972 foras
2043 4932 2223 4971 muros
2250 4918 2405 4985 hujus
2434 4920 2682 4970 [imitante
2708 4921 2850 4971 urbis
2872 4920 2968 4971 sita
2999 4923 3288 4991 antiquitus
3324 4938 3429 4979 cm—

1873 5008 2091 5060 tneteiia
2146 5012 2381 5075 neglecta
2438 5008 2565 5061 satis
2621 5017 2897 5061 manerent
2950 5010 3155 5072 diruta,
3207 5014 3429 5079 contigit

1874 5096 2204 5163 postmodum
2252 5097 2316 5147 ab
2366 5094 2523 5162 impia
2557 5096 3020 5164 Longobardorum
3048 5101 3276 5166 gentium
3330 5102 3425 5153 im-

1874 5186 2189 5252 pugnatione
2222 5185 2456 5237 fumlLtus
2488 5200 2605 5238 esse
2637 5187 2904 5240 demolita.
2932 5188 3030 5253 Qui
3060 5191 3216 5242 etiam
3245 5199 3298 5242 et
3330 5191 3424 5243 ali-

1871 5282 2063 5339 quanta
2098 5275 2329 5338 ipsorum
2385 5274 2698 5327 elTodientcs
2744 5287 3033 5343 martyrum
3078 5279 3338 5345 sepulcra,
3370 5288 3423 5331 et

1874 5362 2028 5427 impia
2068 5361 2424 5422 devastantes,
2475 5364 2821 5428 quorumdam
2869 5376 3168 5419 sanctorum
3217 5371 3418 5434 deprm-

1872 5447 1998 5513 dati,
2030 5448 2326 5501 auferentes
2357 5464 2530 5503 secum
2558 5450 2971 5517 deportaverunt
2999 5468 3241 5521 corpora.
3267 5452 3330 5507 Et
3354 5469 3415 5508 es
