3910 6234
476 296 604 353 1191

1813 273 1890 345 s.‘
1913 259 2123 374 PAULl
2157 279 2357 337 Paris
2395 279 2413 333 ι

3576 273 3714 330 “93

477 421 547 458 en
574 413 809 472 tempore
857 402 1069 456 omnino
1111 400 1376 456 desidiose
1403 406 1559 470 atque
1599 397 1925 468 negligenter
1963 395 2041 452 eis
2071 404 2118 460 Α
2148 386 2466 444 venerabilia
2485 385 2594 438 loca
2619 397 2735 438 cum
2756 381 3016 437 universis
3040 379 3460 449 possessionibus
3480 385 3712 442 etomni-

478 494 688 552 debitus
737 492 1107 546 venerationis
1159 489 1509 546 exhibebatur
1562 486 1753 540 honor.
1797 483 1936 538 Nam
1986 489 2043 537 et

478 582 644 654 (quod
695 579 800 636 dici
850 579 1000 634 nefas
1048 581 1154 647 est)
1185 579 1341 638 etiam
1373 585 1426 630 et
1465 577 1671 630 diversa
1717 572 1960 627 animalia
1991 574 2042 624 in

394 683 397 686 ‘
482 671 766 740 aliquantis
794 669 994 726 eisdem
1034 677 1337 724 sanctorum
1375 665 1695 720 cmmeteriis
1721 665 1921 718 aditum
1953 663 2045 715 ha-

484 760 664 816 bentia
697 775 711 815 :
739 757 850 814 illic
874 758 1068 813 etenim
1098 771 1279 812 eorum
1319 755 1620 810 existebant
1659 746 1807 821 septa
1845 753 2045 807 anima-

490 852 639 916 lium,
672 851 723 904 in
745 848 933 920 quibus
963 848 1142 903 ictoris
1163 847 1450 915 egerebant
1476 844 1806 914 squalorem.

558 941 712 997 Unde
761 944 1042 1007 canspecta
1095 935 1402 990 eorumdem
1452 941 1760 988 sanctorum
1811 931 2046 984 locorum

483 1028 751 1086 desidiosa
799 1028 1020 1091 incuria,
1063 1037 1116 1081 et
1141 1041 1209 1080 ex
1253 1025 1354 1079 hoc
1385 1024 1535 1078 valde
1566 1021 1933 1091 ingemiscens,
1967 1028 2050 1071 at-

483 1135 590 1190 que
636 1119 861 1186 p‘lurima
893 1117 1093 1172 doloris
1138 1117 1350 1181 attritus
1398 1114 1670 1178 moestitia,
1715 1121 1890 1190 aptum
1928 1123 2050 1178 pro—

477 1188 678 1278 spexit;
711 1207 820 1261 Deo
867 1214 1153 1270 annuente,
1189 1205 1406 1259 eosdem
1435 1215 1665 1256 .sanctos
1711 1188 1968 1270 martyres
1999 1208 2051 1253 et

483 1297 823 1353 confessores
873 1296 1090 1360 Christi,
1135 1304 1186 1350 e't
1234 1296 1468 1364 virgines
1506 1309 1570 1347 ex
1618 1293 1807 1345 iisdem
1861 1290 2051 1344 dirutis

488 1391 696 1444 auterre
726 1387 873 1443 locis.
904 1385 1048 1455 Quos
1076 1397 1130 1442 et
1158 1401 1276 1439 cum
1311 1385 1520 1454 hymnis
1559 1393 1612 1437 et
1639 1382 1856 1436 canticis
1899 1380 2052 1448 spiri-

485 1469 681 1533 talibus
708 1478 761 1530 in
804 1479 940 1530 hanc
989 1476 1280 1530 ltomanam
1308 1462 1714 1527 introduximus
1763 1470 1965 1534 urbem,
1999 1478 2052 1522 et

483 1569 540 1624 in
570 1561 872 1634 ecclesiam,
900 1551 1299 1635 quamlnoviter
1340 1580 1368 1618 a
1399 1563 1755 1617 fundamentis
1785 1562 1837 1614 in
1868 1547 2052 1616 eorum

482 1663 740 1716 honorem
773 1661 1040 1723 constrvxi
1090 1658 1255 1725 (intra
1302 1656 1501 1712 mmnia
1543 1655 1746 1708 scilicet
1785 1655 1838 1708 in
1889 1654 2052 1706 domo

2144 481 2244 536 bus
2273 479 2351 533 eis
2374 476 2694 548 generaliter
2720 483 2773 530 et
2796 476 2846 530 in
2878 475 3080 544 integro
3109 473 3516 541 pertinentibus.

2219 569 2341 622 lianc
2367 580 2557 633 nempe
2586 563 2760 618 omnia
2790 563 2906 618 loca
2931 603 2946 630 ,
2999 562 3371 631 possessiones
3401 560 3481 616 vel
3510 561 3707 630 praedia

2148 661 2346 714 urbana
2371 657 2452 710 vel
2482 656 2698 720 rustica,
2721 669 2838 708 cunt
2865 652 3126 707 universis
3145 650 3466 719 generaliter
3479 658 3536 706 et
3560 653 3613 705 itt
3638 653 3713 706 in-

2150 757 2294 814 tegro
2314 747 2391 801 eis
2423 743 2841 813 pertinentibus,
2871 742 2956 795 ubi
2987 750 3040 796 et
3067 755 3386 810 quocunque
3417 743 3532 795 loco
3558 751 3611 796 et
3640 742 3713 796 ci-

2151 840 2312 890 vitate
2338 837 2662 898 consistunt,
2696 844 2747 886 et
2776 848 2805 885 a
2836 833 2986 886 nobis
3005 832 3110 900 jatn
3145 830 3364 900 prmiato
3391 838 3572 885 nostro
3601 844 3714 883 rno-

2150 929 2382 982 nasterio
2411 940 2662 982 concessa
2691 935 2853 990 sunt,
2889 927 2968 978 vel
3001 924 3053 978 in
3087 932 3362 992 posterum
3394 922 3587 977 fuerint
3615 923 3726 976 lar-.

2148 1005 2362 1087 gierfda,
2396 1032 2489 1085 per
2514 1024 2770 1084 prmcepta
2797 1013 3115 1082 pontiﬁcalia
3145 1014 3198 1068 e't
3225 1021 3449 1067 cmteras
3476 1014 3715 1066 monitio‘

2151 1123 2246 1162 nes
2275 1107 2468 1162 ibidem
2516 1105 2732 1159 sintvel
2775 1087 2970 1158 fuerint
2999 1103 3355 1168 conﬁrmatas,
3404 1101 3715 1170 presidente

2151 1198 2468 1254 sacerdotali
2501 1197 2732 1251 concilio
2756 1239 2770 1263 ,
2805 1206 3097 1250 statuentes
3126 1195 3398 1249 sancimus
3427 1194 3707 1263 apostolica

2151 1304 2374 1346 censura
2399 1331 2413 1356 ,
2457 1300 2511 1342 et
2538 1287 2636 1341 sub
2674 1276 2836 1341 divini
2865 1286 3048 1355 iudicii
3078 1287 3434 1340 obtestatione
3460 1287 3708 1358 a_nostris

2153 1381 2551 1436 successoribus
2575 1378 2912 1450 pontiﬁcibus
2940 1378 3201 1432 servanda
3237 1377 3574 1432 decernimus
3604 1395 3618 1440 ;
3650 1386 3701 1431 ut

2154 1471 2206 1525 in
2233 1471 2420 1525 eodem
2453 1459 2754 1523 venerabili
2795 1469 3118 1521 monasterio
3167 1468 3475 1534 perenniter
3511 1481 3711 1535 perma-

2156 1545 2337 1629 neabt,
2387 1571 2544 1629 atque
2587 1561 2638 1613 iit
2689 1560 2804 1626 ejus
2843 1573 2938 1612 usu
2980 1572 3075 1626 pro
3120 1557 3426 1625 quotidiana
3474 1555 3707 1610 sacriﬁcii

2155 1653 2442 1717 oblatione,
2487 1653 2537 1705 iii
2579 1648 2916 1704 luminarium
2955 1649 3382 1711 concinnatione,
3415 1655 3566 1714 atque
3603 1659 3710 1700 sus-

428 1775 432 1779 ι
486 1764 605 1819 quae
646 1748 775 1803 mihi
822 1747 1080 1815 parentali
1125 1748 1462 1800 successione
1491 1745 1724 1807 obvenit,
1759 1743 1809 1796 in
1839 1757 1938 1812 qua
1970 1756 2054 1796 me
2083 1730 2129 1788 Β
2165 1745 2456 1798 tentatione
2503 1743 2608 1797 illic
2635 1741 2973 1798 existentiunt
3004 1738 3384 1794 monachorum
3409 1740 3707 1806 sempiterno

485 1850 667 1893 natum
711 1847 918 1892 constat
968 1847 1124 1904 atque
1182 1834 1459 1904 nutritum)
1487 1849 1671 1888 eorum
1720 1835 2053 1886 satietissima

491 1928 762 1983 collocaris
791 1927 1030 1981 condidit
1057 1940 1302 1994 corpora.
1331 1925 1428 1980 Ubi
1452 1923 1912 1993 congregationem
1936 1936 2058 1977 con-

487 2018 635 2072 stitui
666 2015 1045 2072 monachorum
1094 2015 1314 2084 speciali
1346 2023 1570 2068 censura
1613 2013 1669 2066 in
1719 2013 1973 2065 honorem
2003 2019 2057 2064 et

490 2110 547 2164 in
579 2108 795 2163 nomine
826 2106 1099 2161 beatorum
1129 2104 1386 2172 Stephani
1423 2117 1573 2176 papa:
1604 2111 1654 2156 et
1678 2101 1946 2171 martyris,
1977 2110 2057 2154 at-

489 2216 599 2268 que
638 2198 884 2255 Silvestri
936 2210 1083 2265 papa:
1127 2204 1183 2250 et
1222 2194 1546 2248 confessoris
1593 2191 1810 2246 Christi.
1860 2191 1914 2243 lu
1954 2202 2058 2258 quo

487 2289 788 2345 veneranda
837 2301 1022 2342 eorum
1064 2287 1344 2354 quiescunt
1391 2296 1639 2364 corpora,
1677 2280 2056 2334 monasterium

486 2379 722 2434 virorum
773 2376 1155 2431 monachorum
1201 2387 1320 2428 esse
1359 2370 1563 2436 censui,
1593 2369 1801 2425 scilicet
1847 2368 1911 2422 ad
1942 2383 2057 2422 mo-

495 2466 785 2529 dulationis
833 2463 1184 2519 exercendam
1235 2459 1602 2531 psalmodiam,
1655 2459 1709 2512 in
1749 2467 2056 2526 perpetuum

495 2569 616 2612 esse
640 2552 873 2620 decrevi,
897 2553 1226 2614 constituens
1249 2551 1461 2606 sedulas
1489 2547 1682 2603 ibidem
1703 2547 1922 2602 Domino
1952 2546 2058 2601 Deo

495 2639 824 2714 redemptori
846 2650 1029 2699 nostro
1052 2641 1240 2698 referri
1265 2640 1469 2706 laudes,
1495 2646 1549 2693 et
1570 2646 1822 2693 aeternam
1848 2651 2060 2693 eorum-

489 2736 617 2792 tlem
646 2745 950 2790 sanctorum
994 2732 1103 2786 illic
1131 2729 1518 2802 quiescentium
1548 2727 1909 2783 venerationis
1943 2741 2056 2780 me-

499 2825 722 2882 moriam
753 2825 817 2878 ad
847 2822 1070 2894 gloriam
1094 2821 1284 2876 divina:
1314 2820 1562 2888 potentia:
1592 2818 1869 2884 celebrari,
1899 2828 2058 2885 atque

498 2934 597 2990 pro
625 2918 881 2974 dilatione
903 2928 1062 2983 atque
1091 2913 1380 2968 stabilitate
1407 2913 1727 2980 reipublicm,
1756 2917 1853 2964 nec
1879 2923 1982 2962 non
2007 2919 2060 2963 et

495 3013 664 3067 salute
703 3008 940 3064 omnium
987 3005 1218 3062 lidelium
1249 3002 1693 3069 Christianorum,
1727 3011 1780 3058 et
1817 3002 1884 3057 ob
1911 3016 2055 3056 meo-

491 3116 615 3156 rum
643 3099 849 3173 veniam
879 3097 1191 3152 delictorum
1234 3094 1567 3164 quotidianas
1595 3094 1740 3148 fundi
1773 3107 1976 3159 preces,
2006 3103 2059 3147 et

491 3189 730 3244 debitum
758 3196 812 3243 et
840 3186 1220 3245 condecentem
1244 3183 1447 3240 eisdem
1467 3185 1711 3239 omnibus
1742 3183 1835 3239 Dei
1864 3182 2061 3238 sanctis

498 3277 745 3333 exhiberi
775 3277 1054 3332 honorem.

566 3369 826 3444 Quoniam
881 3367 1005 3422 dum
1051 3365 1148 3436 ipsi
1199 3373 1461 3437 martyres
1498 3364 1716 3431 Christi,
1747 3365 2061 3432 contemptis

501 3459 747 3528 humanae
776 3456 956 3525 gloria:
985 3455 1381 3522 blandimentis,
1407 3463 1566 3521 atque
1590 3453 1797 3508 diversa
1830 3465 2061 3508 tormen-

498 3556 673 3601 torum
721 3547 977 3614 supplicia
1019 3545 1278 3614 perpessi,
1311 3558 1406 3612 pro
1445 3545 1640 3598 Christi
1682 3554 1806 3599 sunt
1849 3546 2062 3599 nomine

495 3638 668 3706 capite
720 3637 969 3701 truncati,
999 3644 1052 3689 et
1098 3634 1256 3688 amici
1297 3635 1389 3689 Dci
1435 3635 1606 3688 eﬁ'ecti
1638 3649 1654 3688 :
1685 3637 1902 3687 omnino
1931 3648 2060 3688 con-

495 3732 636 3799 gruit
664 3737 719 3784 ut
749 3731 887 3782 sicut
916 3743 1096 3782 eorum
1120 3729 1306 3782 animae
1332 3728 1384 3780 in
1405 3727 1710 3782 coelestibus
1739 3727 1915 3795 regnis
1942 3742 2061 3780 cum

499 3820 704 3889 angelis
731 3817 1073 3884 triumphant,
1099 3818 1168 3870 ita
1195 3825 1249 3871 et
1270 3818 1320 3870 in
1351 3818 1505 3870 terris
1532 3831 1741 3885 quoque
1763 3831 1946 3870 eorum
1977 3830 2063 3870 sa—

502 3913 798 3968 cratissima
831 3924 1048 3979 corpora
1083 3908 1420 3963 lucidissimis
1452 3907 1764 3962 habitaculis
1801 3909 2061 3963 collocata

505 4004 703 4075 optime
727 4002 794 4055 ab
821 3995 1067 4054 omnibus
1109 4008 1426 4052 venerentur
1453 3998 1788 4060 Christianis,
1826 3997 1950 4050 dum
1984 3999 2063 4050 ni—

498 4094 690 4150 mirum
742 4091 1032 4160 impensius
1081 4103 1175 4160 pro
1222 4088 1332 4143 suis
1377 4088 1668 4141 cultoribus
1697 4087 1923 4140 divinam
1956 4101 2060 4139 non

498 4185 758 4241 resistunt
800 4181 1082 4247 implorare
1111 4178 1569 4250 omnipotentiarn.
1603 4177 1838 4245 ipsorum
1870 4177 2061 4245 quippe

498 4292 585 4333 me
622 4284 924 4330 sanctorum
976 4273 1191 4327 confero
1236 4270 1519 4339 prasidiis,
1562 4271 1838 4324 conﬁdens
1877 4285 2056 4322 eorum

496 4383 582 4422 me
604 4364 866 4432 sulh-agiis
893 4375 922 4414 a
955 4370 1285 4429 peccatorum
1315 4373 1414 4428 qua
1440 4373 1650 4428 premor
1680 4357 1800 4411 exui
1822 4359 1980 4414 mole.

563 4455 630 4510 Et
659 4470 801 4519 ecce,
834 4452 1148 4522 prOpitianto
1173 4451 1395 4504 Domino
1421 4491 1436 4516 ,
1469 4451 1607 4505 idem
1638 4465 1664 4502 a
1693 4451 1842 4503 nobis
1876 4451 1925 4502 in
1957 4463 2054 4503 eo-

496 4560 613 4598 rum
643 4545 900 4597 honorem
938 4541 1214 4600 fundatum
1250 4541 1623 4594 monasterium
1662 4540 1886 4593 diversis
1919 4554 2054 4608 pra:-

426 4621 431 4627 ’
497 4635 600 4688 diis
641 4645 794 4701 atque
822 4632 985 4686 rebus
1004 4639 1056 4683 et
1089 4629 1508 4698 possessionibus
1537 4628 1753 4683 urbanis
1786 4629 1867 4681 vel
1897 4629 2054 4681 rusti-

495 4728 594 4791 cis,
619 4736 671 4779 et
694 4727 896 4780 cunctis
920 4725 1230 4779 necessariis
1252 4723 1561 4778 utensilibus
1586 4723 1783 4789 Optime
1806 4723 2052 4785 ditantes,

496 4817 673 4868 omnia
708 4831 824 4888 qua:
853 4815 915 4867 ad
938 4814 1398 4875 concinnationem
1428 4813 1784 4876 luminarium,
1813 4825 1864 4866 et
1893 4813 2055 4866 sedu-

495 4906 598 4959 lam
627 4888 1003 4962 sacriﬁciorum
1057 4904 1380 4957 oblationem
1405 4943 1419 4966 ,
1465 4902 1551 4955 vel
1580 4917 1640 4955 ea
1690 4918 1805 4968 qua:
1835 4903 1898 4954 ad
1932 4916 2058 4954 usus

500 4998 607 5050 illic
669 4995 1070 5049 consistentium
1123 4994 1502 5046 monachorum
1565 4991 1875 5053 sufﬁciunt,
1933 5006 2059 5044 con-

497 5088 774 5149 cessimus,
800 5086 848 5138 id
871 5091 948 5138 est
968 5098 1188 5147 massas,
1217 5082 1426 5148 fundos,
1452 5084 1672 5145 casales,
1705 5084 1958 5146 colonias,
1981 5084 2058 5135 vi-

501 5189 627 5228 neas
657 5174 813 5228 etiam
863 5183 1018 5240 atque
1060 5177 1239 5225 hortos
1265 5212 1278 5236 ,
1331 5182 1382 5224 et
1412 5171 1600 5225 oliveta
1627 5211 1642 5235 ,
1677 5185 1769 5224 seu
1794 5172 1978 5225 domos
2008 5181 2059 5225 et

505 5263 747 5328 hospitia,
771 5261 985 5327 salinas,
1019 5268 1073 5314 et
1092 5259 1403 5327 aquimolas,
1441 5260 1523 5313 vel
1552 5260 1820 5326 piscarias,
1855 5272 1909 5313 et
1939 5261 2059 5313 reli-

502 5369 602 5421 qua
634 5356 1021 5420 possessionum
1057 5352 1250 5422 praedia
1292 5354 1344 5405 in
1384 5353 1607 5407 diversis
1640 5353 1767 5408 locis
1797 5366 1845 5408 et
1878 5357 2060 5410 civita-

506 5447 643 5499 tibus
665 5446 760 5498 sita
781 5487 793 5506 ,
825 5445 1082 5513 simulque
1106 5453 1159 5500 et
1182 5461 1457 5498 servorum
1498 5444 1859 5501 famulantium
1879 5464 2054 5502 secum

509 5538 728 5601 peculia.
760 5536 1026 5590 Athlentes
1047 5537 1226 5596 etiam,
1253 5546 1306 5590 et
1329 5538 1425 5590 sub
1446 5538 1563 5606 jure
1595 5549 1642 5593 et
1667 5539 1866 5593 ditione
1898 5540 2060 5608 ipsius

505 5626 667 5678 nostri
701 5624 1003 5679 monasterii
1042 5624 1412 5681 conﬁrmantes
1454 5625 1624 5699 aliqua
1659 5627 1977 5687 monasteria
2011 5639 2060 5683 et

2150 1834 2271 1904 jure
2301 1835 2595 1908 proﬁciant.

2228 1924 2377 1980 Unde
2403 1933 2457 1978 et
2493 1925 2594 1980 sub
2623 1924 2842 1980 terribili
2880 1932 2932 1978 et
2963 1925 3235 1978 tremenda
3265 1924 3439 1976 latura
3467 1932 3704 1976 cavemus

2154 2015 2241 2069 die
2261 2015 2518 2069 adventus
2559 2017 2734 2084 magni
2778 2015 2981 2068 Domini
3025 2014 3189 2068 nostri
3229 2014 3358 2068 Jesu
3402 2011 3696 2075 Christirin

2155 2120 2260 2174 qua
2284 2104 2616 2173 iudicaturus
2637 2113 2717 2159 est
2745 2106 2890 2158 vivos
2921 2113 2972 2157 et
3001 2113 3233 2156 mortuos
3265 2111 3319 2156 et
3341 2102 3584 2156 sarculum
3608 2112 3696 2168 per

2158 2198 2333 2266 ignem
2359 2235 2375 2262 ,
2421 2197 2581 2249 etiam
2613 2205 2667 2250 et
2714 2195 2960 2249 maximis
2993 2195 3090 2248 sub
3121 2195 3474 2248 anathematis
3501 2184 3703 2246 interdi-

2156 2289 2418 2343 ctionibus
2468 2287 2680 2341 Domini
2735 2287 2900 2340 nostri
2941 2286 3066 2341 Jestt
3116 2285 3334 2350 Christi,
3387 2295 3440 2339 et
3482 2285 3538 2337 Β.
3577 2282 3706 2337 Petri

2160 2381 2421 2450 principis
2447 2378 2809 2449 apostolorum
2840 2378 3156 2432 auctoritate
3186 2375 3518 2430 decernimus
3546 2417 3559 2441 ,
3592 2372 3705 2427 nulli

2155 2485 2368 2538 quoque
2397 2470 2553 2523 modo
2580 2478 2884 2524 nostrorum
2926 2482 3295 2524 successorum
3332 2471 3625 2536 pontiﬁcum
3656 2467 3706 2520 li-

2159 2561 2302 2624 cere,
2334 2559 2414 2613 vel
2440 2559 2594 2612 alicui
2619 2573 2822 2628 magnae
2855 2571 3133 2628 parvasque
3161 2571 3427 2626 personae,
3453 2555 3706 2624 cujuscun-

2158 2665 2262 2719 que
2308 2650 2378 2704 sit
2409 2649 2623 2703 honoris
2655 2649 2872 2716 praadita
2917 2648 3194 2716 dignitate“,
3230 2649 3466 2715 qualibet
3491 2647 3705 2716 exquisi-

2161 2740 2296 2793 tiore
2342 2739 2537 2809 ingenii
2579 2749 2693 2793 arte
2723 2739 3010 2792 dissolvere
3059 2738 3169 2791 hcce
3201 2752 3316 2804 quae
3364 2753 3394 2790 a
3440 2738 3586 2790 nobis
3627 2751 3705 2805 pro

2160 2830 2351 2883 intuitu
2396 2829 2461 2888 ad
2504 2827 2713 2883 laudem
2760 2826 3133 2895 Redemptoris
3176 2825 3342 2878 nostii
3393 2837 3444 2896 et
3476 2827 3706 2879 honorem

2159 2930 2463 2975 sanctorum
2487 2921 2601 2983 ejus
2627 2921 2905 2973 constituta
2921 2928 3062 2971 sunt.
3089 2917 3196 2972 Nec
3220 2919 3427 2986 penitus
3450 2931 3512 2972 ex
3537 2917 3706 2971 iisdem

2157 3007 2291 3066 locis
2332 3010 2414 3065 vel
2442 3009 2863 3077 possessionibus
2888 3016 3044 3076 atque
3082 3006 3239 3061 rebus
3281 3016 3334 3060 et
3360 2994 3704 3067 facultatibus,

2084 3059 2129 3121 C
2161 3059 2414 3154 satis."
2433 3059 2695 3153 signa
2713 3059 2990 3165 'pécums‘,
3022 3059 3133 3151 in“
3153 3059 3425 3166 .untdquid
3457 3059 3544 3150 ίεά
3588 3059 3708 3151 an;

2163 3183 2469 3243 venerabile
2499 3186 2878 3240 monasterium
2926 3186 3196 3251 pertinere
3231 3185 3554 3257 dignoscitur
3577 3222 3592 3248 ,
3626 3199 3706 3238 au-

2164 3278 2345 3344 ferre;
2378 3291 2549 3347 neque
2576 3290 2786 3345 quoquo
2825 3275 2984 3329 modo
3014 3275 3291 3341 alienare;
3337 3277 3512 3343 potius
3553 3284 3708 3329 autem

2163 3369 2341 3422 omnia
2366 3406 2382 3433 ,
2428 3376 2488 3421 ut
2517 3367 2787 3434 prtelatum
2818 3374 2936 3433 est,
2972 3367 3023 3420 in
3057 3365 3242 3422 eodem
3271 3376 3460 3420 sancto
3493 3365 3600 3420 luco
3629 3380 3708 3433 pe-

2164 3462 2406 3517 renniter
2429 3461 2482 3514 in
2507 3461 2712 3527 integro
2742 3465 3103 3526 permaneant.
3135 3456 3240 3512 Sed
3272 3472 3374 3512 nec
3411 3457 3570 3510 abbas
3593 3497 3607 3521 ,
3631 3455 3706 3525 qui

2165 3568 2260 3622 pro
2285 3561 2524 3621 tempore
2565 3565 2748 3605 curam
2778 3551 2942 3619 ipsius
2970 3549 3275 3602 monasterii
3303 3550 3530 3615 gesserit
3555 3590 3568 3613 ,
3597 3562 3706 3615 quo-

2165 3658 2268 3713 quo
2285 3643 2444 3696 modo
2468 3652 2748 3710 praesumat
2763 3640 3051 3708 quemlibet
3073 3638 3246 3693 locum
3263 3641 3353 3708 qui
3377 3642 3430 3694 in
3445 3654 3538 3694 usu
3549 3639 3704 3694 existit

2168 3735 2474 3788 monasterii
2505 3733 2745 3798 cuiquam
2779 3732 2952 3786 locare
2976 3742 3064 3784 aut
3093 3734 3422 3795 venundare,
3449 3746 3544 3785 nec
3569 3729 3701 3798 quid-

2163 3840 2315 3894 quam
2341 3839 2401 3878 ex
2428 3822 2588 3877 rebus
2615 3822 2662 3876 ei
2689 3821 3069 3890 pertinentibus
3093 3834 3352 3888 usurpare
3377 3835 3439 3876 ac
3462 3820 3697 3874 fraudare.

2238 3915 2540 3969 Statuentes
2583 3913 2781 3967 imerea
2814 3923 2868 3966 et
2897 3912 3380 3965 hoc‘decernimus
3407 3952 3422 3976 ,
3456 3921 3518 3964 ut
3540 3921 3700 3967 cuncta

2163 4002 2504 4073 congregatio
2527 4001 2903 4055 monachorum
2936 4001 2989 4052 in
3013 4001 3198 4054 eodem
3222 4011 3408 4054 sancto
3433 4003 3699 4055 consisten-

2163 4095 2292 4147 tiutn
2339 4093 2659 4147 monasterio
2691 4092 2741 4144 in
2773 4091 2856 4144 die
2895 4091 3115 4144 Domino
3148 4089 3256 4144 Deo
3287 4076 3698 4146 nostrorclerant

2162 4185 2366 4249 laudes,
2397 4194 2446 4237 et
2477 4185 2715 4237 debitum
2742 4182 2848 4236 illic
2875 4182 3270 4251 quiescentibus
3301 4186 3612 4253 martyribus
3631 4193 3697 4236 at-

2161 4293 2262 4345 que
2291 4275 2682 4331 conlessoribus
2722 4273 2914 4327 Christi
2959 4273 3256 4341 persolvant
3288 4273 3544 4328 honorem
3575 4291 3586 4325 :
3617 4273 3694 4327 sed

2086 4383 2134 4439 ι)
2161 4367 2318 4421 etiam
2360 4367 2404 4419 ei
2435 4409 2446 4432 ,
2480 4367 2566 4433 qui
2602 4367 2738 4419 vires
2768 4367 3008 4419 subvenit
3047 4365 3334 4437 {subjecit},
3366 4367 3693 4434 amplissimas

2163 4459 2400 4510 omnium
2431 4457 2766 4523 ltedcmptori
2798 4465 2980 4509 nostro
3004 4455 3248 4508 studeant
3272 4455 3475 4508 referre
3497 4456 3686 4518 laudes;

2160 4549 2407 4616 quoniam
2461 4548 2711 4613 scriptum
2760 4557 2881 4599 cst:
2934 4544 2997 4598 Et
3040 4545 3280 4615 adjiciam
3327 4561 3482 4610 super
3529 4559 3691 4599 omnem

2161 4642 2362 4693 laudem
2390 4649 2523 4690 tuam
2545 4637 2768 4704 (Psaltn.
2797 4637 2939 4704 Lxx).
2973 4636 3101 4689 Nam
3125 4647 3175 4689 et
3206 4638 3302 4689 hoc
3329 4636 3690 4704 promulgaates

2160 4733 2426 4785 sancimus
2455 4773 2468 4794 ,
2500 4741 2551 4784 et
2586 4745 2678 4796 per
2704 4729 3078 4796 omnipotentis
3108 4728 3200 4781 Bci
3232 4729 3403 4782 nostri
3436 4730 3685 4784 virtutem.

2161 4821 2257 4874 sub
2285 4821 2505 4873 terribili
2554 4819 2904 4872 anathematis
2933 4817 3250 4883 obligatione
3278 4858 3290 4876 ,
3324 4830 3532 4870 omnes
3567 4817 3689 4869 obte-

2161 4919 2359 4962 stantes
2412 4909 2742 4960 decernimus
2778 4950 2790 4970 ,
2851 4906 3048 4959 nullum
3106 4921 3335 4972 unquam
3399 4918 3690 4972 praesumere

2159 5000 2446 5067 quamlibet
2479 4999 2900 5050 contrarietatem
2933 5006 3019 5049 aut
3051 4996 3303 5049 malitiam
3333 4994 3388 5050 in
3416 4996 3593 5051 eodem
3617 5009 3689 5049 no-

2161 5098 2271 5141 stro
2297 5090 2636 5164 monasterio,
2676 5087 2758 5141 vel
2787 5088 3169 5155 pertinentibus
3198 5087 3243 5140 ei
3269 5088 3448 5141 causis
3482 5087 3686 5150 inferre;

2161 5178 2250 5231 sed
2285 5178 2447 5244 magis
2477 5192 2569 5244 pro
2600 5176 2690 5229 Dei
2728 5177 2915 5229 timore
2942 5183 2995 5229 et
3027 5175 3252 5228 maximo
3275 5186 3575 5227 Sanctorum
3594 5172 3687 5243 ejus

2160 5265 2361 5318 honore
2389 5267 2565 5318 cuncti
2595 5265 2863 5332 juvantina
2894 5273 2944 5319 ct
2972 5262 3147 5316 auxilii
3179 5261 3563 5329 opemipsivel
3592 5272 3691 5329 per-

2162 5357 2449 5434 tinentibus
2481 5358 2526 5408 ei
2577 5357 2746 5408 causis
2793 5364 2947 5422 atque
2988 5353 3301 5407 utilitat'btts
3348 5351 3689 5420 ingerant,ut

2162 5448 2442 5515 participes
2492 5456 2542 5499 et
2585 5448 2680 5514 ipsi
2718 5446 2869 5513 hujus
2918 5445 3037 5498 boni
3077 5442 3371 5498 efﬁciantur
3415 5438 3688 5508 operis,e,t

2162 5539 2416 5592 mercedis
2451 5538 2660 5605 premia
2689 5535 3050 5602 hujuscemodi
3093 5522 3346 5590 beneflcio
3375 5531 3440 5584 ab
3470 5529 3686 5600 omnipo-

2164 5630 2289 5684 tenti
2321 5629 2425 5684 Deo
2446 5637 2854 5697 consequantur.
