3910 6234
140 223 242 278 “93

1533 212 1910 269 EPISTOLHE.

3211 218 3345 276 H9}

189 336 289 388 llmc
318 347 443 386 vero
470 331 647 386 omnia
689 344 716 383 τι
762 330 910 384 nobis
946 327 1009 380 ad
1041 325 1246 380 laudem
1293 322 1663 391 Redemptoris
1694 329 1744 384 Α
1772 323 2020 376 llomanzc
2054 322 2303 377 Ecclesia:
2337 322 2455 378 huic
2490 325 2778 379 conSIituto
2801 342 2828 378 a
2863 327 3012 381 nobis
3044 328 3185 385 facto
3212 332 3337 387 sub-

136 426 268 476 ιιιιμιτί
300 421 652 489 promulgata,
686 428 738 472 et
768 420 833 471 ab
864 420 1114 471 universo
1149 416 1465 470 sacerdotali
1495 414 1670 467 conci-

137 514 189 565 lio
207 514 524 574 conllrmata,
549 521 603 563 et
623 510 866 562 maximis
890 508 1299 574 obligationibus
1326 506 1670 557 corroborata

136 605 220 657 Deo
265 603 377 655 vivo
432 611 485 654 ct
542 615 668 653 vero
723 601 1059 652 decernimus
1112 597 1417 665 perenniter
1453 608 1670 649 conser-

134 693 285 745 vanda.
317 693 369 745 Si
392 692 509 758 quis
537 700 713 744 autem
738 700 804 743 es
830 691 1021 742 nostris
1042 687 1438 740 successoribus
1462 684 1672 753 pontifi-

131 784 266 845 cibus,
291 793 377 833 aut
394 797 457 835 ex
482 796 799 849 quocunque
822 780 1034 832 homine
1052 778 1170 848 (sic)
1197 785 1409 844 potente
1429 776 1507 828 vel
1533 774 1669 828 infe-

132 876 268 937 riore,
296 888 481 941 magna
505 873 709 928 scilicet
731 886 998 941 parvaque
1032 885 1279 935 persona,
1304 872 1671 936 cujuscunque

129 964 183 1015 sit
231 964 438 1015 honoris
487 962 743 1029 praeditus
798 971 851 1014 et
898 960 1169 1027 dignitatis
1201 997 1219 1024 ,
1266 959 1673 1027 prmsumpserit

129 1068 410 1121 quocunque
454 1062 770 1119 argumento
813 1051 892 1103 vel
930 1051 1190 1115 exquisita
1242 1052 1521 1103 occasione
1561 1050 1673 1102 haec

127 1157 222 1208 qua:
264 1156 291 1193 a
339 1139 603 1192 nobis-ad
633 1139 833 1209 cultum
874 1138 963 1191 Dei
1007 1148 1198 1191 statuta
1242 1146 1368 1190 sunt
1397 1139 1672 1193 destruere

128 1240 200 1281 aut
219 1228 525 1293 dissolvere,
559 1228 642 1282 vel
665 1243 874 1296 quoquo
899 1232 1056 1278 modo
1083 1238 1365 1289 temerare,
1395 1237 1486 1279 aut
1511 1230 1669 1279 etiam

127 1321 358 1389 lrangcre,
407 1329 462 1373 et
510 1321 669 1388 (quod
714 1335 819 1373 non
861 1319 1129 1386 Optamus)
1174 1319 1465 1385 quemlibet
1499 1317 1671 1372 locum

126 1420 199 1462 aut
226 1410 617 1475 possessionem
643 1448 658 1471 ,
692 1410 774 1461 vel
810 1408 1061 1477 quidquid
1098 1409 1350 1474 praedicto
1382 1409 1673 1462 venerabili

129 1500 423 1553 monasterio
463 1500 730 1566 pertinere
773 1498 1100 1566 dignoscitur
1123 1538 1135 1559 ,
1170 1498 1379 1550 auferre
1422 1509 1514 1550 aut
1541 1499 1673 1551 alie-

132 1603 237 1641 nare
264 1604 327 1642 es
362 1588 554 1641 eodem
595 1600 779 1641 sancto
821 1589 935 1640 loco
968 1596 1194 1640 ηεοηειυς
1226 1586 1406 1652 fuerit,
1439 1588 1571 1641 sciat
1614 1603 1673 1642 se

1774 427 1989 479 scripsr.

1842 503 2073 556 Joannes
2104 503 2313 556 humilis
2342 504 2625 571 episcopus
2653 517 2848 559 sanctae
2883 508 3131 561 Ecclesia:
3170 509 3343 577 Nepe-

1772 593 1902 645 sina:
1935 593 2055 647 huic
2087 594 2372 646 constituto
2402 582 2615 648 anubis
2647 595 2783 648 factu
2813 599 3345 654 iuterluietsubscri-

1777 683 1873 750 psi.

1844 771 2075 825 Joannes
2100 772 2308 825 humilis
2330 774 2611 841 episc0pus
2635 774 2885 830 Ecclesia:
2908 777 3194 833 Tiburtina:
3219 779 3341 836 huic

1776 862 2071 915 constituto
2101 877 2129 914 a
2158 864 2309 915 nobis
2339 866 2479 916 tacto
2509 865 2723 919 interfui
2775 875 2831 918 et
2854 868 3163 935 subscripsi.

1846 950 2127 1004 Gratianus
2183 950 2398 1007 humilis
2441 956 2721 1022 episcopus
2750 956 3057 1012 Velitrensis
3089 958 3345 1015 Ecclesiae

1778 1041 1900 1093 huic
1929 1044 2219 1095 Constituto
2243 1061 2268 1092 :t
2302 1045 2453 1098 nobis
2480 1044 2618 1098 facto
2651 1047 2858 1098 interfui
2889 1058 2943 1101 et
2969 1051 3281 1118 subscripsi.

1850 1135 2036 1187 Petrus
2089 1135 2300 1190 humilis
2342 1136 2621 1202 episcopus
2676 1138 2927 1191 Ecclesia
2968 1140 3345 1197 Lahicanensis

1777 1222 1899 1275 huic
1930 1226 2220 1277 constituto
2250 1239 2278 1275 δ
2312 1226 2465 1279 nobis
2497 1226 2635 1279 facto
2661 1227 2871 1279 interfui
2896 1237 2950 1281 et
2976 1231 3287 1298 subscripsi.

1849 1311 2048 1366 Parvus
2079 1314 2291 1368 humilis
2321 1316 2605 1385 episc0pus
2640 1332 2750 1368 sant
2772 1328 2836 1370 tae
2878 1318 3127 1372 Ecclesiae
3151 1321 3201 1373 in
3231 1319 3349 1391 Tri-

1778 1402 1873 1456 bus
1902 1403 2160 1458 Tabernis
2184 1405 2307 1459 huic
2337 1406 2625 1459 constituto
2655 1423 2681 1459 a
2710 1409 2861 1461 nobis
2891 1408 3028 1463 lucto
3058 1410 3267 1467 interfui
3290 1421 3348 1467 et

1775 1494 2085 1558 subscripsi.

1853 1586 2155 1639 Bonifacius
2201 1586 2413 1641 humilis
2466 1589 2745 1657 episcopus
2791 1590 3040 1645 Ecclesiae
3095 1592 3345 1663 Tifernus,

128 1677 310 1732 Domini
340 1679 509 1733 nostri
531 1677 654 1732 Jesu
682 1678 917 1742 Christi,
948 1688 1105 1747 atque
1134 1679 1276 1733 beati
1309 1680 1448 1732 Petri
1475 1679 1673 1745 princi-
1708 1647 1751 1706 Β
1779 1686 1909 1739 ctc.,
1934 1688 1985 1729 ut
2006 1693 2184 1746 supra.

128 1769 198 1833 pis
221 1772 572 1836 apostolorum
620 1771 936 1824 auctoritate
959 1810 975 1837 ,
1020 1770 1289 1824 insolubili
1322 1771 1675 1825 anathematis

127 1860 311 1916 vinculo
346 1862 598 1917 nodatum
647 1878 787 1926 esse,
826 1874 882 1919 et
923 1880 953 1918 a
1002 1879 1165 1933 regno
1216 1863 1307 1917 Dei
1355 1864 1673 1927 alienatum,

124 1954 397 2007 contrarios
438 1953 541 2007 sibi
586 1955 820 2007 sentiens
850 1968 1037 2007 omnes
1058 1954 1275 2007 eosdem
1300 1964 1516 2008 sanctos
1541 1970 1675 2008 mar-

127 2049 285 2108 tyres,
312 2052 368 2095 et
391 2044 742 2107 conlessores,
771 2053 822 2097 et
854 2043 1087 2113 virgines
1116 2043 1338 2107 Christi,
1365 2056 1418 2096 et
1443 2058 1564 2099 cum
1598 2046 1675 2113 ip-

126 2129 188 2182 sis
214 2141 331 2185 ante
356 2130 585 2185 tribunal
613 2131 702 2187 Dei
732 2132 1114 2201 omnipotentis
1155 2133 1206 2186 in
1238 2133 1518 2187 tremenda
1550 2146 1678 2187 exa-

125 2220 262 2273 minis
290 2221 375 2277 die
402 2222 590 2290 iudicii
633 2222 824 2279 debeat
850 2237 970 2278 cum
1014 2223 1218 2279 eisdem
1251 2224 1451 2278 sanctis
1504 2224 1677 2279 facere

123 2312 352 2367 rationes.

185 2424 352 2491 Ipsum
393 2426 534 2493 enim
576 2425 807 2496 iudicem
856 2433 980 2494 peto
1005 2426 1093 2493 qui
1123 2433 1203 2480 est
1246 2426 1537 2480 retributor
1562 2442 1676 2481 om-

122 2501 273 2575 nium.
305 2527 402 2583 pro
432 2515 582 2583 cujus
610 2516 764 2571 laude
791 2510 905 2570 haec
928 2530 1025 2571 nos
1045 2516 1389 2571 constituisse
1410 2517 1676 2586 dignosci-

122 2620 244 2669 mur,
292 2617 349 2661 ut
398 2608 530 2660 iram
561 2620 674 2661 sum
715 2608 984 2676 potentiae,
1034 2608 1283 2662 omnibus
1323 2610 1480 2678 hujus
1510 2609 1678 2663 nostri

120 2697 377 2762 apostolici
406 2698 676 2753 constituti
710 2699 1191 2767 transgressoribus
1218 2701 1432 2767 inierat,
1467 2711 1521 2755 et
1544 2702 1677 2755 insa-

120 2786 265 2840 nabili
298 2787 518 2842 ultionis
547 2790 769 2843 vulnere
808 2791 1071 2857 percutiat
1111 2800 1330 2843 cunctos
1369 2792 1457 2859 qui
1490 2794 1677 2857 praedi-

118 2886 246 2930 ctum
276 2888 512 2932 nostrum
545 2881 924 2933 mottasterium
966 2880 1165 2934 laedere
1192 2921 1207 2943 ,
1240 2882 1322 2934 vel
1353 2884 1671 2936 contrariam

1848 1768 2084 1821 Demnus
2130 1767 2342 1823 humilis
2366 1770 2651 1838 episcopus
2676 1770 2928 1825 Ecclesia:
2962 1773 3346 1830 Maturanensis

1777 1858 2263 1930 [Marturaneusis],
2295 1870 2427 1927 ctc.,
2459 1872 2515 1913 ut
2540 1878 2714 1931 supra.

1849 1949 2173 2017 Epiphanius
2197 1958 2443 2017 peccator
2467 1949 2749 2020 episc0pus
2774 1951 3030 2006 Ecclesia:
3055 1952 3350 2019 Perusiam,

1775 2048 1907 2101 ctc.,
1943 2048 1995 2090 ut
2016 2052 2202 2105 supra.

1850 2130 2225 2185 Constantinus
2266 2130 2485 2185 humilis
2522 2130 2801 2200 episcopus
2840 2142 3049 2188 sancta:
3095 2134 3351 2203 Ecclesia:

1778 2223 2089 2292 Anagninus,
2117 2231 2248 2286 ctc.,
2285 2232 2338 2273 ut
2364 2238 2542 2292 supra.

1850 2311 2167 2365 Anastasius
2194 2309 2411 2364 humilis
2432 2312 2716 2381 episcopus
2743 2321 2940 2369 sanctas
2970 2314 3223 2370 Ecclesiae
3252 2316 3353 2371 Se-

1777 2400 2123 2469 nogaliensis,
2156 2410 2285 2464 ctc.,
2318 2410 2372 2452 ut
2397 2417 2578 2467 supra.

1852 2492 1963 2546 Leo
1995 2492 2216 2544 humilis
2262 2492 2547 2560 episcoltus
2585 2501 2782 2547 sanctae
2817 2492 3069 2554 Ecclesia:
3113 2492 3353 2548 Salerni-

1776 2590 1938 2648 tantn,
1967 2591 2094 2642 ctc.,
2123 2589 2175 2633 ut
2201 2597 2377 2647 supra.
2789 2592 2793 2597 ‘

1853 2670 2042 2724 Petrus
2086 2672 2300 2725 humilis
2331 2671 2616 2740 episcopus
2643 2679 2840 2726 sanctae
2874 2671 3126 2725 Ecclesiae
3156 2671 3354 2727 Geren-

1778 2763 1876 2829 sis,
1905 2774 2033 2829 ctc.,
2060 2774 2110 2817 ut
2132 2780 2307 2832 supra.

1855 2860 1959 2913 Leo
1991 2857 2208 2911 humilis
2247 2858 2524 2925 cpiscr-pus
2560 2871 2760 2911 εδιιοςε
2800 2857 3047 2914 Ecclesim
3083 2859 3353 2916 Albanen-

120 2978 335 3023 mentem
368 2971 417 3023 in
446 2971 618 3024 causis
650 2972 1034 3037 pertinentibus
1063 2971 1109 3023 ei
1150 2972 1409 3025 exhibere
1439 2982 1675 3027 tentave-
1700 2978 1749 3039 c
1783 2950 1890 3039 “is:
1910 2961 2042 3013 θίαν
2064 2956 2118 2999 ’(⁸
2138 2965 2318 3017 "Wm-

117 3058 231 3122 rint,
266 3061 347 3114 vel
386 3060 672 3128 quidquam
704 3075 768 3114 ex
800 3062 1048 3114 omnibus
1071 3062 1117 3114 ei
1146 3062 1532 3128 pertinentibus
1553 3063 1673 3117 abs-

119 3149 291 3203 tollerc
316 3149 670 3223 [abstrahere]
696 3152 1122 3217 prmsumpserint
1148 3169 1161 3202 :
1188 3160 1250 3205 ut
1270 3154 1343 3206 sit
1364 3153 1469 3206 vita
1491 3168 1675 3207 eorum

118 3237 367 3293 laboriosa
387 3248 441 3293 et
471 3241 720 3307 pessima,
757 3241 1021 3308 nimisque
1061 3240 1300 3309 lugubris
1326 3285 1341 3306 ,
1376 3252 1535 3311 atque
1566 3243 1679 3296 lan-

114 3341 323 3397 guentes
352 3332 627 3392 deﬁciant,
656 3340 710 3383 et
752 3345 968 3384 suorum
1000 3332 1217 3385 minime
1241 3342 1638 3400 consequantur
1658 3374 1673 3399 ,

115 3419 205 3470 nisi
234 3419 570 3487 resipuerint,
601 3422 806 3472 veniam
843 3420 1181 3484 delictorum,
1235 3424 1553 3475 sententiam
1586 3437 1673 3475 su-

114 3519 306 3564 mentes
334 3510 551 3562 Ananiaa
581 3518 635 3561 et
664 3510 937 3577 Sapphirm
964 3549 979 3571 ,
1012 3510 1099 3575 qui
1133 3509 1395 3563 mendacii
1420 3525 1559 3564 noxa
1595 3512 1673 3564 in-

112 3600 236 3664 septi
267 3598 360 3667 IF.
382 3638 396 3663 ,
446 3598 649 3667 inlecti]
680 3610 801 3654 ante
836 3599 997 3667 pedes
1040 3601 1402 3666 apostolorum
1434 3604 1677 3665 exspira-

112 3700 314 3745 verunt.
354 3690 740 3759 Contingatqu
784 3693 861 3746 eis
910 3695 1045 3743 sicut
1094 3692 1295 3745 Dathan
1350 3704 1401 3747 et
1450 3696 1670 3759 Abiron,

110 3795 254 3846 qur‘s,
277 3781 523 3849 aperiens
546 3790 683 3833 terra
705 3794 766 3834 os
785 3797 958 3845 suum,
981 3782 1130 3834 vivos
1155 3783 1450 3850 dcglutivit.
1481 3784 1541 3836 Et
1556 3800 1673 3837 cum

110 3872 313 3927 diabolo
350 3876 573 3941 ejusque
613 3873 960 3928 at-rocissimis
1003 3886 1052 3927 et
1095 3877 1402 3930 deterrimis
1443 3880 1668 3945 pompis,

108 3971 257 4022 atque
299 3979 422 4017 cum
482 3963 615 4017 Juda
646 3966 899 4017 traditore
943 3966 1144 4019 Domini
1180 3967 1344 4019 nostri
1383 3968 1674 4021 Salvatoris

107 4051 223 4105 Jesu
250 4053 450 4106 Christi
477 4094 492 4117 ,
536 4064 588 4106 et
616 4055 863 4107 omnibus
893 4055 1064 4122 impiis
1093 4055 1327 4121 deputati
1361 4058 1411 4109 in
1447 4067 1676 4111 tartareo

107 4140 240 4206 igne,
287 4152 340 4194 et
392 4141 803 4209 inexstinguibili
853 4143 1098 4197 incendio
1131 4184 1145 4207 ,
1202 4154 1256 4198 et
1312 4147 1364 4198 in
1419 4146 1673 4219 voragine

106 4228 263 4284 chaos
287 4232 520 4285 demersi
552 4241 855 4285 crctnentur
882 4234 932 4285 itt
958 4239 1242 4287 aeternum:

171 4344 339 4399 Porro
360 4346 447 4413 qni
479 4345 675 4397 inventi
708 4344 898 4399 fuerint
922 4348 1296 4400 monasterium
1321 4358 1557 4402 nostrum
1583 4350 1672 4404 de-

104 4435 337 4501 fendere,
373 4436 512 4501 quod
541 4436 607 4488 ad
640 4436 843 4508 laudem
876 4437 965 4488 Dei
994 4428 1045 4489 et
1071 4437 1330 4491 honorem
1362 4449 1670 4493 sanctorum

100 4527 211 4590 ejus
241 4525 640 4589 constituimus,
665 4532 719 4577 et
762 4512 1104 4603 omniaquae
1150 4527 1202 4579 in
1244 4526 1341 4579 hoc
1384 4530 1676 4594 apostolico

98 4616 438 4667 continentur
483 4614 876 4676 constituimus,
901 4628 1105 4668 annexa
1133 4617 1515 4679 custodientes,
1540 4618 1678 4674 iute~

95 4718 183 4766 gra
233 4705 430 4757 mentis
469 4704 776 4758 sinceritate
818 4702 1217 4757 observaverint
1241 4745 1256 4769 ,
1289 4720 1317 4757 a
1352 4706 1554 4759 dextris
1584 4707 1675 4763 Dei

98 4800 438 4852 inveniantur
466 4799 518 4851 in
550 4797 667 4851 loco
696 4797 827 4851 lucis
849 4799 1140 4864 constituti,
1171 4808 1226 4853 et
1250 4815 1437 4854 omnes
1466 4813 1677 4857 sanctos

97 4890 186 4942 Dei
215 4902 503 4960 martyres,
536 4889 868 4947 confessores
919 4901 971 4945 et
1001 4891 1233 4961 virgines
1260 4893 1479 4957 Christi,
1509 4898 1596 4961 qui
1624 4898 1676 4951 in

93 4984 281 5036 eodem
330 4981 625 5037 venerabili
655 4984 979 5051 monasterio
1008 4987 1289 5053 quiescunt
1314 5029 1329 5051 ,
1364 4989 1545 5061 lirmos
1578 4988 1676 5042 ha-

92 5073 254 5129 beant
278 5074 636 5144 protectores,
660 5064 952 5147 eorumque
979 5077 1240 5148 suﬂ‘ragiis
1266 5076 1322 5135 et
1345 5080 1399 5134 in
1422 5081 1674 5149 prasenti

92 5166 195 5217 vita
229 5165 575 5235 adiuventur,
606 5167 737 5221 etin
766 5167 938 5220 futura
973 5168 1295 5221 beatitudine
1324 5167 1559 5235 cmlestis
1592 5186 1670 5223 re-

87 5255 175 5319 gui
216 5255 460 5325 gaudere
489 5271 609 5311 cum
652 5257 854 5326 angelis
897 5257 989 5311 Dei
1018 5268 1072 5311 et
1098 5260 1345 5313 omnibus
1388 5264 1587 5314 sanctis
1619 5272 1669 5313 et

88 5343 277 5399 electis
304 5361 398 5412 per
430 5346 634 5399 inﬁnita
661 5356 1053 5415 consequantur
1074 5349 1286 5401 sarcula.

478 5456 887 5525 Subscriptiones
914 5458 1287 5529 episcoporum.

150 5565 351 5620 Paulus
403 5569 681 5634 episcopus
729 5580 926 5623 sancta:
970 5571 1250 5625 catholica:
1285 5580 1336 5624 ct
1367 5572 1673 5641 apostolicae

363 5678 636 5738 Parnm"
687 5678 1040 5740 LXXXIX.

1854 3038 2045 3107 Grego:
2061 3039 2141 3091 ius
2168 3038 2381 3091 humilis
2401 3038 2686 3107 episcopus
2704 3037 2961 3093 Ecclesiae
2984 3038 3345 3108 Praenestina,

1778 3140 1908 3193 ctc.,
1928 3140 1980 3182 ut
2003 3146 2180 3193 supra.

1850 3147 1884 3183 3.
1928 3147 1980 3182 us
2003 3147 2060 3183 su
2102 3147 2180 3182 ra.

1850 3147 2113 3273 Jordantfs
2154 3217 2368 3271 humilis
2408 3220 2688 3288 episcopus
2732 3226 2930 3274 sanctae
2967 3217 3218 3274 Ecclesia:
3253 3218 3351 3273 Se-

1780 3310 1980 3373 nensis,
2004 3318 2139 3373 ctc.,
2172 3317 2229 3362 ut
2254 3324 2432 3378 supra.
2596 3348 2599 3349 ν
3242 3329 3249 3335 -
3345 3350 3348 3353 Α

1850 3400 2015 3453 Adam
2041 3399 2254 3452 humilis
2281 3398 2561 3468 cpiscopus
2588 3405 2789 3455 sancta
2809 3395 3061 3453 Ecclesiae
3080 3394 3353 3464 Hortanm,

1776 3499 1905 3551 ctc.,
1929 3496 1982 3540 ut
2012 3504 2193 3551 supra.

1857 3511 1877 3541 ξ.
1929 3505 1982 3540 ut
2012 3505 2070 3540 su
2140 3505 2193 3541 a.
3126 3505 3132 3507 ’

1857 3505 2164 3643 Ιίοάυιριῗε
2188 3576 2405 3630 humilis
2433 3578 2714 3643 episcopus
2739 3588 2936 3630 sanctae
2959 3576 3213 3631 Ecclesiae
3238 3574 3356 3631 Cel-

1779 3668 1939 3721 lensis
1966 3665 2303 3737 lCalpiensis,
2335 3668 2411 3719 vel
2447 3665 2842 3736 Vercellensisj,
2876 3675 3004 3730 ctc.,
3067 3676 3119 3719 ut
3175 3683 3353 3732 supra.

1850 3759 2135 3827 Gregorius
2184 3759 2400 3811 humilis
2437 3761 2716 3825 episcopus
2747 3766 2944 3811 sancta:
2970 3757 3225 3811 Ecclesia:
3248 3757 3356 3813 Sil-

1777 3866 1853 3903 ναὶ
1882 3851 2150 3912 Οτηιάίὼε,
2185 3860 2310 3910 ctc.,
2341 3858 2392 3899 ut
2420 3863 2600 3912 supra.

1846 3940 2112 3993 Sunalbus
2139 3940 2351 3990 hnrnilis
2380 3936 2659 4003 episcopus
2688 3942 2884 3988 sancta:
2912 3936 3163 3991 Ecclesia:
3186 3940 3353 3993 Ame-

1776 4029 1924 4093 rinm,
1956 4043 2085 4090 ctc.,
2119 4039 2171 4080 ut
2202 4045 2384 4097 supra;
2417 4037 2468 4081 et
2498 4025 2586 4079 alii
2613 4025 2794 4087 creteri
2825 4028 2913 4094 qui
2946 4041 3139 4094 capere
3166 4042 3355 4096 possu-

1778 4131 1897 4169 mus
1930 4134 1941 4167 :
1978 4119 2045 4170 ita
2078 4118 2169 4171 ibi.

2167 4252 2577 4321 Subscripliones
2597 4255 2961 4307 cardinalium.

1708 4312 1759 4371 D

1854 4384 2140 4452 Gregorius
2166 4386 2594 4455 archipresbyter
2619 4402 2783 4441 sacrae
2814 4388 3065 4442 Romanae
3095 4387 3351 4443 Ecclesia:

1783 4473 1920 4525 tituli
1952 4486 2147 4525 sancta:
2179 4476 2435 4529 llalbttm.

1853 4562 2121 4631 Philippus
2149 4564 2360 4618 humilis
2388 4567 2664 4633 presbyter
2693 4579 2860 4620 sacrae
2882 4565 3134 4621 Romana:
3166 4567 3353 4622 Eccle-

1778 4659 1871 4706 sim
1900 4655 2033 4707 tituli
2062 4658 2229 4710 sancti
2262 4658 2440 4711 Marci.

1851 4744 2136 4813 Gregorius
2157 4761 2320 4801 sacra:
2345 4750 2597 4801 llomanre
2626 4748 2871 4802 Ecclesia:
2891 4748 3099 4803 humilis
3123 4750 3346 4819 presby-

1781 4844 1862 4887 ter
1892 4834 2027 4888 tituli
2058 4843 2254 4889 sanctaa
2284 4836 2577 4889 Anastasim

1850 4925 2174 4994 Theophilus
2199 4941 2364 4981 sacra:
2388 4928 2642 4981 Romanae
2664 4927 2913 4981 Ecclesia:
2943 4929 3158 4983 humilis
3187 4944 3311 4995 pres
3331 4953 3347 4969 ο

1775 5020 1930 5089 byter
1977 5020 2115 5071 tituli
2148 5028 2345 5073 sancta
2378 5019 2611 5073 Sabinas.
2814 5021 2853 5027 ”
2976 5052 2985 5061 -
3154 5074 3157 5075 ν

1851 5110 2169 5164 Eustochius
2200 5109 2411 5163 humilis
2442 5110 2717 5178 presbyter
2762 5123 2927 5165 sacrm
2965 5108 3222 5164 Romanae
3254 5108 3354 5164 Ec.-

1777 5201 1955 5256 clesite
1991 5201 2272 5255 titttli......

1845 5291 2147 5356 Stephanus
2187 5291 2399 5343 humilis
2442 5298 2719 5359 presbyter
2760 5302 2926 5343 sacra:
2962 5290 3213 5344 Romanae
3247 5290 3348 5344 Ee-

1778 5388 1955 5441 clesia:
1989 5386 2122 5439 tituli
2149 5394 2346 5439 sanctae
2368 5384 2618 5439 Cmciliae.

1845 5479 2224 5541 Constantinus
2269 5480 2482 5532 humilis
2534 5479 2813 5549 presbyter
2865 5494 3031 5533 sacrm
3090 5479 3346 5533 Romana:

1777 5570 2027 5625 Ecclesia:
2054 5570 2186 5625 tituli
2211 5580 2514 5626 sanctorum
2537 5578 2763 5639 quatuor
2794 5570 3205 5627 Coronatorum.

2919 5680 3000 5741 38
