3910 6234
360 252 493 306 “59

1241 257 1298 311 S.
1343 258 1730 313 AMBROSIUS
1769 257 2236 315 CADURCENSIS
2280 262 2342 313 lu
2371 259 2669 315 .oudi‘US.

3457 262 3479 314 l
3489 259 3602 316 200

359 376 512 426 rere;
546 363 838 429 ρηῐερετιίιιι
870 377 988 416 cum
1017 366 1133 432 ipse
1163 364 1404 420 laudatus
1436 366 1811 422 Benedictintts
1846 370 1919 422 fa—
1952 376 1993 427 Α
2025 370 2223 433 praeltet
2269 372 2566 423 coenobium
2597 386 2716 423 cunt
2765 371 3008 437 adjuncta
3050 372 3278 428 ecclesia
3329 375 3431 429 sub
3479 378 3603 443 ejus

359 458 527 504 tentur
557 452 1014 507 annmttiatiottent
1046 455 1205 507 sancti
1232 456 1485 510 Ambrosii
1513 460 1565 510 in
1597 458 1751 511 litura
1782 462 1922 524 posi-

358 550 457 590 tam
477 554 614 594 esse.
642 543 887 605 Aliunde,
911 554 961 594 ut
984 545 1092 611 jam
1119 547 1479 613 praediximus,
1501 557 1659 618 utque
1681 553 1924 603 enni-lea-

360 631 461 683 tius
513 634 643 683 iulra
698 635 1153 699 nmnstt'abi'tmts,
1212 639 1363 690 nobis
1418 648 1625 691 constat
1677 650 1918 692 sanctum

360 730 597 785 hostium
646 724 1031 776 Cadurccnscut
1073 725 1376 779 cathedram
1428 743 1742 795 occupasse,
1799 731 1922 783 .lure

360 811 515 871 igitur
548 822 737 862 merito
790 812 1084 866 Ii'uuntntttu
1135 815 1593 885 Martyrologium,
1629 835 1655 874 a
1697 820 1922 872 Barottio

357 901 748 962 Concinnzttuut,
786 901 943 955 hodie
971 907 1247 957 annuntiat
1287 922 1295 956 :
1331 924 1347 954 t
1395 906 1448 958 ltt
1483 909 1749 961 territoro
1782 910 1922 961 llitu-

359 992 547 1043 ticcnsi
589 976 757 1043 sancti
808 994 1071 1045 Ambrosii
1102 997 1335 1061 cpisco,.i
1371 996 1728 1051 Caturcensis.
1762 1017 1780 1048 ο
1821 1001 1921 1050 l'a-

356 1083 582 1134 tisiense
650 1097 859 1145 quoque
916 1084 1351 1152 lilartyrulogiutu
1408 1088 1555 1149 jussu
1630 1085 1789 1140 Cartl.
1857 1090 1923 1139 de

355 1169 611 1235 Noailles,
650 1182 700 1224 et
734 1174 1170 1226 Autisiodoreu-e
1205 1177 1352 1241 jussu
1402 1178 1572 1228 Caroli
1619 1178 1686 1229 de
1731 1180 1922 1245 L‘aylus

355 1258 579 1323 editum,
610 1262 968 1325 episcopatum
1007 1259 1399 1315 Cadurcenscm
1431 1275 1615 1316 sancto
1644 1266 1923 1319 Ambrosio

355 1349 629 1409 adscribit,
658 1346 840 1399 dicens
868 1362 879 1397 :
914 1365 931 1398 ι
966 1351 1115 1413 Apud
1145 1348 1427 1419 Bituriges,
1458 1352 1728 1418 depositio
1754 1356 1923 1407 sancti

356 1436 645 1500 Ambrosii,
681 1437 915 1503 episcopi
942 1436 1313 1491 Cadurceusis.
1347 1459 1365 1491 ι
1397 1448 1466 1493 Ita
1496 1457 1622 1510 ergo
1651 1444 1921 1497 Adoniana

354 1529 694 1596 npographa,
745 1546 861 1597 quae
899 1531 1151 1583 Smmtum
1214 1535 1532 1598 simpliciter
1580 1540 1923 1607 presbyterum

353 1619 645 1686 appellant,
696 1622 1032 1686 interpretari
1068 1634 1298 1686 oportet,
1332 1634 1389 1677 ut
1434 1626 1577 1677 salva
1611 1633 1783 1680 tamen
1816 1644 1923 1681 ma-

2025 458 2369 512 invocatione
2403 459 2680 513 fundatum
2710 472 2799 513 aut.
2824 459 2992 528 potius
3025 463 3374 517 instauratum
3396 481 3425 517 a
3450 465 3600 519 (ian.

2023 548 2179 606 lrido.
2228 549 2397 602 Nobili
2449 550 2613 613 dicto,
2662 553 2970 605 vicecomite
3026 552 3358 609 Bituricensi.
3406 556 3599 611 Exstat

2022 641 2201 691 charta
2258 638 2411 704 hujus
2451 642 2523 694 rei
2558 641 2695 695 inter
2728 644 3079 697 Instrumenta
3114 645 3366 700 Ecclesia:
3401 647 3598 701 Bituri-

2021 733 2194 781 ccnsis
2226 731 2275 782 itt
2304 731 2469 783 Gallia
2500 732 2796 785 Christiana
2820 733 2897 801 (α)
2924 750 2937 784 :
2965 744 3123 802 atque
3145 751 3207 788 ex
3240 736 3325 789 illa
3347 736 3598 794 clarescit:

2023 820 2221 871 dictum
2269 820 2581 874 Gaul'ritluut
2611 822 2892 876 ecclesiam
2942 825 3111 877 sancti
3142 824 3281 879 Petri
3321 835 3375 878 et
3424 825 3597 881 sancti

2025 910 2290 963 Ambrosii
2334 926 2437 962 non
2464 921 2565 962 tam
2593 910 2865 975 fundasse,
2905 926 3062 980 quam
3094 913 3266 967 eidem
3295 915 3597 970 reddidisse

2022 997 2160 1062 quod
2208 1000 2506 1068 amiserat:
2563 1002 2631 1051 ita
2684 1001 2825 1052 enim
2881 1001 3158 1068 loquitur:
3215 1022 3235 1054 ε
3277 1002 3416 1058 Anni
3466 1016 3598 1058 sunt

2026 1089 2270 1139 transaCti
2342 1090 2409 1137 ah
2464 1088 2791 1140 institutione
2853 1088 3239 1144 lncarnationis
3301 1092 3595 1148 Dominica

2025 1189 2299 1241 nsqueqtto
2326 1178 2439 1228 huic
2466 1178 2646 1228 charta
2676 1192 2794 1230 aeta
2827 1179 2943 1240 fuit.
2975 1181 3120 1234 mille
3164 1181 3593 1238 duodecim......

2024 1264 2227 1317 Idcirco
2258 1265 2365 1318 Deo
2394 1269 2744 1334 omnipotenti
2789 1270 2983 1337 gratias
3030 1271 3204 1325 refero
3249 1288 3349 1341 ego
3379 1274 3602 1330 Gaufri-

2024 1353 2142 1415 dus,
2171 1356 2465 1408 VlCCCtlllicS
2501 1356 2740 1410 Biturica:
2769 1357 3024 1423 civitatis,
3054 1360 3144 1427 qui
3174 1378 3257 1415 me
3282 1366 3597 1433 prospicere

2024 1451 2076 1494 et
2107 1444 2286 1496 videre
2319 1444 2441 1497 facit
2468 1446 2694 1499 salutem
2726 1450 2916 1501 anima:
2940 1464 3073 1501 mea:
3103 1462 3157 1503 et
3185 1439 3440 1506 honoem
3472 1469 3597 1509 cor-

2028 1532 2171 1598 potis
2204 1534 2325 1599 mei,
2355 1533 2480 1586 dum
2512 1535 2683 1587 locum
2712 1540 2878 1590 sanati
2906 1538 3043 1592 l‘etri
3073 1549 3127 1592 et
3154 1542 3317 1593 sancti
3364 1544 3596 1596 Ambro~

2025 1623 2110 1683 sii,
2136 1622 2223 1690 qui
2256 1625 2304 1675 in
2337 1623 2477 1676 illius
2501 1626 2724 1679 ecclesia
2756 1629 3066 1695 requiescit,
3093 1631 3146 1683 in
3174 1631 3375 1686 honore
3402 1644 3456 1687 et
3482 1646 3597 1687 sta-

354 1725 479 1768 ueat
515 1718 629 1780 ejus
678 1716 993 1782 episcopalis
1024 1716 1255 1783 dignitas
1292 1735 1302 1767 :
1337 1717 1438 1771 nisi
1491 1719 1711 1783 proinde
1754 1720 1911 1773 inter-

2027 1711 2231 1765 bilitate
2262 1713 2518 1767 reducere
2550 1715 2729 1777 volui;
2761 1714 2827 1767 ad
2860 1717 3030 1782 ipsum
3061 1718 3202 1771 enim
3242 1718 3417 1773 locum
3447 1719 3594 1774 beati

357 1806 655 1872 polatorum
707 1804 1019 1873 ignorantia:
1052 1805 1188 1857 hunc
1218 1806 1351 1857 tituli
1397 1821 1634 1860 errorem
1684 1810 1921 1876 assigne-

355 1909 489 1956 mus,
522 1895 715 1948 dicere
752 1909 971 1948 necesse
1021 1895 1199 1959 fuerit,
1234 1895 1351 1949 ideo
1394 1899 1567 1950 vocari
1612 1899 1921 1965 simpliciter

353 1986 721 2055 presbyterum,
752 1985 901 2053 quia,
930 1986 1172 2050 deposita
1204 1986 1490 2053 episcopali
1538 1987 1811 2054 dignitate,
1852 1988 1919 2041 ad

354 2077 665 2131 inferiorem
697 2075 834 2128 hunc
859 2075 1100 2129 ordinem
1134 2090 1191 2127 sc
1222 2087 1413 2142 Sponte
1440 2068 1531 2131 sua
1566 2079 1786 2145 redegit.

420 2168 475 2220 2.
495 2168 623 2233 Qua:
649 2167 713 2220 de
739 2166 1128 2235 Martyrologiis
1151 2165 1405 2219 hactenus
1427 2166 1679 2232 diximus,
1708 2168 1919 2222 abunde

353 2262 720 2315 demonstrant
748 2262 916 2313 sancti
952 2258 1214 2313 Ambrosii
1239 2260 1463 2321 cultunt,
1488 2260 1612 2313 licet
1639 2275 1743 2313 non
1767 2260 1918 2314 valde

351 2359 666 2415 extensum,
740 2349 1056 2402 firmissimis
1115 2356 1287 2402 tamen
1364 2349 1459 2403 niti
1532 2349 1915 2404 fundamentis.

352 2440 480 2509 Ejus
510 2440 822 2495 memoriam
852 2440 974 2493 colit
1006 2438 1245 2493 Ecclesia
1283 2437 1638 2493 Cadurcensis
1681 2439 1807 2501 ritu,
1862 2447 1919 2492 ut

349 2531 508 2599 vulgo
539 2531 751 2594 dicitur,
795 2530 1140 2600 aemiduplici,
1168 2532 1315 2598 juxta
1360 2530 1675 2585 hodiernum
1709 2531 1917 2584 Brevia-

349 2622 484 2674 tium
514 2622 851 2693 Cadurcense
878 2622 1044 2711 :\olim
1080 2636 1207 2675 vero
1251 2620 1353 2674 ritu
1394 2621 1589 2688 duplici
1616 2622 1915 2675 celebraba-

348 2724 433 2763 tur
485 2720 701 2765 sanctus
750 2711 1084 2775 Ambrosius,
1128 2710 1215 2785 _uti_
1265 2710 1525 2765 habemus
1575 2723 1639 2765 ex
1695 2710 1914 2779 Propria

350 2803 658 2854 Sanctorum
698 2788 935 2870 ejusdem
982 2780 1229 2854 dtmcesis
1276 2818 1297 2855 ς
1344 2800 1619 2862 utriusque
1679 2801 1915 2869 legendas

348 2890 714 2958 apographum
746 2889 972 2957 benigne
1004 2888 1281 2961 nobiscum
1308 2892 1718 2944 communicavit
1750 2892 1823 2944 Ἃ.
1850 2891 1910 2943 D.

350 2979 570 3047 Layrac,
620 2979 938 3032 secretarius
986 2966 1233 3033 muccosis
1280 2979 1594 3033 (Iadttrcitta:
1628 2999 1639 3031 :
1670 2980 1907 3048 ejusdem

349 3068 523 3124 cultus
552 3048 918 3138 antiquitatem
969 3070 1153 3135 probat
1186 3067 1327 3130 Vita.
1371 3068 1666 3123 Sanam-ali
1712 3068 1909 3123 Cadur-

348 3157 484 3211 cenai
514 3158 680 3222 illata,
728 3171 882 3226 quam
913 3157 1127 3211 exhibet
1159 3155 1458 3210 Gulielmus
1493 3158 1559 3211 de
1592 3159 1640 3209 la
1667 3157 1825 3212 Croix
1860 3158 1910 3211 in

346 3260 447 3301 suo
473 3246 607 3300 libro
635 3263 646 3298 :
682 3245 850 3300 Series
879 3254 924 3298 et
956 3246 1081 3298 Acta
1111 3246 1462 3314 cpisc0pornm
1490 3245 1909 3300 Cadurrensiztm.

352 3336 575 3405 PrOpter
595 3337 774 3391 Sancti
812 3337 1133 3403 sepulturam
1160 3344 1214 3389 et
1240 3338 1620 3391 monasterium
1644 3346 1732 3389 aut
1763 3338 1909 3404 capi-

350 3413 515 3476 tulum
545 3424 646 3477 sub
674 3423 788 3491 ejus
822 3425 1154 3476 invocatione
1202 3423 1499 3489 fundatum,
1533 3424 1724 3479 festum
1772 3426 1907 3480 diem

348 3509 453 3577 agit
499 3526 711 3577 quoque
750 3512 1000 3564 dimcesis
1041 3512 1379 3565 llituriceusis
1405 3552 1419 3576 ,
1473 3516 1573 3566 ritu
1622 3515 1907 3581 probabili-

346 3610 425 3653 ter
454 3592 771 3667 remiduplt‘ci
799 3615 817 3652 :
851 3616 969 3653 nam
1002 3600 1373 3678 Kalendaiium
1422 3604 1720 3673 liturgiium
1767 3607 1908 3658 Bitu-

346 3688 575 3752 ricente,
615 3690 753 3757 quod
782 3703 962 3743 coram
998 3690 1186 3753 habeo,
1211 3700 1293 3745 est
1315 3693 1437 3744 anni
1471 3694 1596 3748 l85l
1632 3712 1645 3758 ;
1674 3705 1725 3747 et
1754 3694 1905 3761 proin

346 3787 560 3845 propter
583 3793 898 3832 concursum
933 3780 1035 3833 diei
1065 3781 1349 3833 Dominica:
1381 3797 1499 3834 cum
1528 3798 1611 3835 xrt
1640 3783 1901 3848 Octobris,

343 3870 515 3922 solum
565 3872 734 3923 sancti
787 3872 1149 3938 prtescribitur
1202 3872 1479 3925 memoria.
1530 3874 1583 3925 In
1637 3874 1903 3928 Breviario

347 3960 659 4013 Bituricensi
712 3960 865 4027 jussu
924 3961 1153 4014 Bolandi
1212 3962 1431 4026 llabert,
1488 3964 1900 4032 grcltiepiswpi,

343 4065 483 4102 anno
513 4049 648 4103 1625
671 4050 847 4113 edito,
880 4052 1035 4117 cujus
1066 4050 1425 4118 apograpltum
1473 4040 1525 4103 in
1553 4053 1777 4118 quodam
1808 4066 1900 4105 co-

345 4139 463 4193 dice
494 4138 682 4205 partim
726 4140 1103 4206 manuscripto,
1158 4141 1347 4205 partim
1399 4142 1536 4209 typis
1586 4155 1801 4205 excuso,
1850 4150 1901 4193 et

348 4232 486 4283 varia
534 4228 710 4296 Οιῇσὶα
758 4231 967 4296 prapria
1034 4231 1337 4282 diuacesium
1390 4229 1677 4283 Galliarum
1732 4231 1901 4283 conti-

2024 1800 2164 1852 Petri
2195 1840 2210 1860 ,
2265 1804 2628 1868 apostolorum
2684 1804 2958 1871 principis,
3013 1821 3082 1859 ex
3133 1810 3266 1861 bona
3319 1808 3595 1863 voluntate

2024 1902 2198 1942 annuo
2224 1904 2321 1958 ego
2350 1889 2634 1945 Gaufridus
2662 1899 2716 1944 et
2746 1908 2879 1945 uxor
2912 1908 3030 1947 mea
3059 1894 3374 1965 Eldeburgis
3404 1907 3470 1966 et,
3499 1898 3595 1952 lilii

2023 1975 2339 2039 Gaulredus,
2372 1987 2425 2031 et
2471 1979 2853 2045 liladalbertus,
2897 1991 2951 2035 et
2999 1983 3191 2038 fratres
3222 2001 3355 2061 uteie
3405 1988 3593 2043 uxoris

2020 2067 2135 2119 (:tdo
2165 2078 2214 2120 et
2250 2068 2418 2133 Ebbo,
2450 2083 2541 2136 pro
2566 2070 2799 2125 remedio
2818 2072 3009 2129 anima:
3044 2078 3205 2141 patris
3238 2090 3372 2131 mea:
3403 2080 3594 2133 uxoris

2017 2155 2255 2223 Radulfi,
2287 2168 2339 2212 et
2380 2175 2474 2227 pro
2512 2161 2747 2214 remedio
2790 2163 3082 2217 animarum
3130 2176 3428 2221 nostrarum
3475 2185 3595 2221 om-

2020 2248 2269 2316 niumque
2324 2263 2601 2316 parentum
2663 2261 2999 2319 nostrorum,
3030 2266 3296 2310 annuente
3328 2272 3453 2327 rrge
3484 2259 3595 2311 Ro-

2020 2333 2192 2400 berto,
2244 2337 2496 2405 episcopo
2552 2346 2727 2392 autem
2785 2340 3049 2396 Dacberto
3095 2344 3377 2409 firmante,
3421 2358 3595 2401 terras

2017 2439 2135 2491 quae
2162 2425 2224 2477 ad
2255 2427 2426 2494 ipsum
2458 2427 2630 2481 locum
2664 2430 2947 2495 pertinent.
2968 2432 3214 2489 videlicet
3243 2435 3407 2493 has...
3440 2437 3594 2491 Dono

2020 2528 2176 2566 ETIAM
2228 2529 2291 2568 ex
2329 2530 2434 2569 κει
2486 2531 2845 2572 rnoetttcn're
2884 2520 3017 2575 duas
3066 2510 3371 2588 nundinas,
3424 2543 3590 2580 unam

2022 2603 2228 2657 scilicet
2259 2606 2309 2658 in
2341 2606 2626 2660 festivitate
2655 2609 2823 2661 sancti
2850 2609 2989 2664 Petri
3017 2610 3083 2664 de
3110 2626 3293 2667 mense
3320 2614 3506 2679 .lunio,
3536 2630 3594 2669 et

2018 2695 2243 2749 alteram
2277 2697 2329 2749 in
2362 2699 2540 2751 natale
2579 2699 2745 2751 sancti
2774 2700 3043 2755 Ambrosii
3069 2712 3123 2756 et
3161 2718 3595 2775 unamquamque

2018 2800 2107 2852 per
2131 2798 2388 2855 septenos
2414 2789 2530 2842 dies
2562 2790 2887 2858 totidemque
2914 2803 3119 2857 noctes,
3145 2802 3249 2847 etc.
3278 2812 3300 2845 ι
3328 2794 3595 2850 Videntur

2014 2879 2151 2932 bona
2182 2894 2301 2945 qua:
2334 2878 2615 2933 Gaufridus
2644 2880 2817 2935 reddit
2842 2882 3083 2937 ecclesiae
3110 2883 3185 2936 illi
3208 2885 3492 2941 obvenisse
3523 2903 3593 2941 ex

2022 2968 2337 3022 hmreditate
2362 2983 2455 3021 seu
2487 2969 2614 3024 dote
2646 2970 2980 3037 Eldeburgis,
3010 2972 3269 3040 siquidem
3311 2974 3401 3027 illa
3431 2976 3591 3029 resti-

2018 3042 2129 3116 tuat
2153 3073 2214 3109 ex
2245 3059 2517 3111 voluntate
2538 3058 2693 3112 dictae
2724 3063 2902 3113 uxoris
2925 3076 3037 3115 sum
3069 3060 3396 3132 ftatruutque
3426 3064 3547 3133 ejus
3572 3106 3591 3130 .

2011 3154 2064 3199 et
2098 3161 2193 3213 pro
2220 3148 2534 3201 remedioin
2567 3148 2748 3217 primis
2777 3150 2969 3204 animai
3003 3149 3211 3205 Radulfi
3240 3154 3402 3221 patris
3430 3156 3587 3221 ejus:

2010 3253 2128 3289 cum
2165 3252 2288 3291 vero
2312 3237 2577 3305 significat
2600 3253 2658 3293 se
2688 3239 2866 3307 aliqua
2896 3241 3107 3294 reddere
3135 3256 3198 3295 ex
3230 3244 3364 3297 bona
3399 3245 3589 3315 volun-

2012 3336 2118 3381 tate
2144 3328 2414 3391 ecclesite,
2445 3329 2618 3397 aliqua
2643 3338 2817 3382 autem
2846 3344 2905 3385 se
2931 3331 3124 3385 donare
3146 3348 3211 3387 ea:
3230 3349 3323 3384 sua
3351 3335 3587 3402 proprie-

1994 3425 2134 3479 λαις,
2160 3419 2287 3469 satis
2316 3418 2649 3487 demonstrat
2676 3419 2874 3479 dictam
2902 3424 3181 3475 ecclesiam
3206 3425 3317 3476 suis
3343 3422 3587 3479 dotatam

2012 3508 2161 3561 bonis
2188 3508 2312 3560 olim
2345 3509 2633 3576 exstitisse,
2672 3519 2724 3563 et
2775 3510 2995 3576 proinde
3024 3527 3083 3565 se
3127 3528 3230 3566 non
3259 3522 3364 3566 tam
3396 3513 3585 3568 fundat

2011 3607 2177 3649 torem
2219 3613 2374 3664 quam
2412 3597 2820 3653 iiistauratoretn
2867 3615 3010 3655 esse.
3041 3602 3152 3656 luto
3182 3604 3263 3657 vel
3315 3613 3441 3659 ante
3465 3604 3586 3663 obi-

2012 3694 2119 3737 tum
2161 3687 2330 3739 sancti
2365 3687 2631 3741 Ambrosii
2671 3688 2779 3755 jam
2812 3691 3064 3756 templum
3106 3692 3212 3746 illic
3245 3692 3411 3747 fuisse
3452 3708 3587 3761 pro-

2010 3771 2099 3824 bat
2146 3774 2413 3837 sepultura
2471 3773 2663 3843 Sigini,
2708 3775 3054 3831 Bituriccmis
3107 3779 3364 3847 episcopi,
3419 3783 3587 3848 paulo

2009 3872 2132 3931 post
2162 3864 2395 3917 medium
2427 3868 2675 3918 saeculum
2722 3876 2967 3921 octavum
3000 3869 3251 3937 defuncti,
3283 3870 3434 3939 cujus
3464 3871 3585 3941 epic

2009 3953 2169 4018 tapliii
2206 3955 2784 4021 l'ragmentunt‘citatur
2811 3957 2862 4009 itt
2886 3956 3052 4010 Gallia
3091 3958 3388 4011 Christiana
3417 3977 3429 4012 :

2190 4060 2279 4128 ilic
2293 4061 2424 4128 jacet
2450 4060 2674 4128 Ecclesiae
2701 4070 2880 4128 pastor,
2906 4063 3125 4128 fidusque
3150 4070 3384 4128 maritus;

2250 4121 2507 4169 Abscondit
2531 4124 2680 4169 durus
2704 4121 2887 4171 'vi‘scura
2911 4121 3055 4173 chara
3078 4126 3216 4186 lapis.

2076 4224 2128 4277 5.
2155 4224 2319 4291 Quam
2346 4234 2519 4279 tamen
2550 4227 2993 4282 sanctiAutbrosii
3014 4232 3290 4284 ecclesiam
3331 4232 3583 4289 fundavit

347 4331 524 4382 ttente,
547 4321 595 4371 in
621 4335 718 4373 usu
750 4321 1022 4384 habemus,
1055 4319 1244 4374 festum
1273 4324 1439 4375 sancti
1468 4324 1729 4376 Ambrosii
1759 4326 1901 4377 cele'

2016 4314 2119 4366 sive
2160 4314 2473 4366 instauravit
2523 4312 2839 4379 Gaufredua,
2895 4318 3147 4371 swrulare
3188 4322 3577 4378 canatticoruru

346 4414 523 4467 bratur
582 4410 682 4463 ritu
731 4411 949 4477 duplici,
1008 4422 1059 4464 et
1109 4426 1338 4479 sequens
1387 4415 1640 4466 recitatur
1694 4414 1898 4466 oratio:

350 4516 370 4549 ι
406 4498 670 4561 Concede,
697 4512 1017 4565 quaesumus,
1056 4499 1297 4563 Domine,
1328 4501 1572 4553 fidelibus
1607 4503 1709 4554 tuis
1734 4502 1901 4553 sancti

346 4587 610 4640 Ambrosii
643 4586 966 4640 confessoris
995 4588 1066 4639 tui
1102 4598 1257 4653 atque
1289 4589 1550 4656 pontificis
1577 4588 1733 4657 digne
1764 4592 1903 4644 cele-

344 4676 501 4728 brare
528 4674 819 4737 solemnia,
854 4686 909 4727 ut
941 4690 1001 4727 ea
1032 4690 1149 4741 qua:
1182 4675 1409 4728 fideliter
1438 4686 1819 4745 exsequuntur,
1852 4690 1903 4731 et

348 4766 432 4818 hic
456 4770 795 4832 experiantur
832 4766 1025 4817 auxilio
1068 4776 1119 4817 et
1157 4767 1371 4819 aeternis
1398 4767 1674 4821 affectibus
1718 4784 1904 4835 apprc-

348 4854 605 4908 ltendant.
646 4856 745 4908 Per
773 4856 1060 4908 Christum.
1098 4876 1114 4906 ι
1150 4857 1402 4911 Canoniei
1429 4852 1605 4911 tamen
1637 4860 1903 4927 regulares

345 4945 783 5012 COngt-egatiunis
808 4945 1119 5009 Gallicana),
1151 4963 1373 5014 quorum
1405 4959 1513 5001 erat
1560 4953 1729 5002 sancti
1772 4952 1900 5001 Am-

349 5035 510 5089 brosii
564 5038 785 5088 ecclesia
819 5079 831 5099 ,
892 5038 1097 5101 pati-oui
1151 5038 1231 5090 sui
1304 5038 1497 5089 festum
1566 5038 1903 5091 celebrabant

346 5122 433 5175 die
459 5138 582 5175 xvm
611 5122 871 5183 Octobris,
904 5132 960 5174 ut
996 5124 1058 5174 ad
1101 5139 1193 5177 nos
1224 5125 1406 5176 scribit
1434 5125 1494 5175 lt.
1531 5126 1586 5175 Ι).
1621 5124 1793 5192 Figier
1816 5140 1902 5179 ca-

347 5213 573 5264 nonicos
602 5221 655 5263 et
685 5213 995 5263 secretariUs
1028 5212 1507 5281 atchiepiscopatus
1539 5213 1899 5280 Bituricensis,

347 5297 533 5353 littctis
569 5315 673 5353 xtttt
725 5298 1032 5353 Novembris
1076 5302 1241 5363 18w;
1294 5315 1322 5352 a
1371 5316 1476 5368 quo
1505 5303 1635 5365 alias
1689 5315 1900 5370 quoque

346 5396 584 5457 egro-gius
614 5392 750 5442 circa
783 5399 1019 5443 sanctum
1052 5391 1392 5442 Ambrosium
1443 5393 1658 5443 notitias
1688 5395 1899 5459 accepi-

350 5493 485 5529 mus.
521 5483 894 5544 Argumentum
941 5483 1099 5531 etiam
1134 5482 1307 5534 cultus
1337 5480 1716 5537 validissimum
1752 5482 1902 5537 nobis

418 5568 482 5632 (at
517 5567 582 5620 Τ.
617 5568 654 5618 ll
684 5569 860 5630 lttStr.,
891 5570 993 5621 col.
1029 5568 1112 5620 43.

2008 4403 2290 4470 capitulum
2317 4402 2412 4456 fuit
2443 4406 2626 4471 magis,
2647 4420 2802 4472 quam
2822 4407 3136 4474 regularium
3162 4412 3577 4478 monasterium.

2011 4492 2138 4545 Nam
2192 4492 2399 4545 laudata
2424 4492 2608 4545 charta
2640 4495 2893 4559 permittit
2938 4495 3359 4566 uniuscujusque
3406 4514 3578 4553 cauo-

2006 4582 2111 4636 nici
2138 4581 2356 4635 arbitrio
2386 4594 2535 4635 suam
2568 4582 2927 4647 prmbendam,
2961 4583 3028 4635 ita
3050 4592 3105 4635 ut
3133 4585 3274 4636 illam
3306 4586 3385 4639 vel
3411 4586 3573 4642 alteri

2004 4674 2261 4725 eanonico
2303 4671 2453 4736 dare,
2487 4671 2568 4724 vel
2624 4672 2923 4738 relinquere
2965 4673 3169 4739 possit;
3203 4689 3320 4743 quas
3345 4662 3572 4732 libertas

2005 4761 2308 4826 longissime
2340 4760 2487 4811 abest
2540 4774 2568 4811 a
2601 4762 2774 4825 rigore
2796 4760 2923 4828 .vita:
2964 4760 3242 4829 religiosa.
3290 4763 3368 4817 En
3402 4768 3569 4820 verba

2003 4850 2254 4905 Gaufredi
2288 4866 2299 4899 :
2342 4868 2358 4898 ε
2384 4849 2567 4903 Reddo
2617 4861 2791 4902 autem
2814 4859 2867 4903 et
2894 4851 2999 4904 illis
3048 4853 3370 4919 (canonicls)
3404 4858 3570 4923 quid-

2002 4942 2125 5008 quid
2152 4942 2214 4993 ad
2248 4941 2411 4995 altare
2441 4941 2581 4995 illius
2613 4943 2780 4996 sancti
2806 4942 2948 4995 Petri
2973 4952 3024 4994 et
3069 4943 3134 4994 ad
3167 4956 3377 4997 omnem
3413 4946 3560 5012 illam

2006 5032 2301 5085 Ecclesium
2328 5029 2552 5093 venerit,
2578 5030 2690 5083 sive
2716 5031 2766 5083 iu
2796 5044 2946 5092 auro,
2969 5032 3080 5084 sive
3110 5030 3163 5083 in
3186 5044 3437 5099 argento,
3464 5051 3565 5092 seu

2004 5129 2192 5183 terras,
2218 5134 2312 5174 seu
2335 5120 2628 5183 luminaria,
2663 5119 2741 5171 vel
2780 5134 2965 5173 omnes
2989 5133 3072 5173 res
3099 5135 3431 5191 qmecunque
3466 5139 3563 5181 ve-

2002 5211 2177 5265 nerint
2208 5209 2291 5263 vel
2324 5210 2459 5262 data:
2488 5210 2718 5273 fuerint;
2776 5207 3111 5271 concedimus
3139 5210 3240 5263 illis
3283 5215 3567 5274 canonici.

2002 5310 2251 5368 quantum
2285 5313 2560 5351 numerum
2592 5299 2692 5349 illis
2716 5299 2970 5364 placuerit
3000 5299 3218 5362 addere,
3247 5302 3327 5353 vol
3355 5316 3384 5352 ι
3413 5312 3563 5359 emta

2003 5390 2190 5444 tollere
2221 5390 2447 5458 propria:
2492 5386 2933 5455 congregationis,
2984 5387 3037 5440 in
3061 5389 3293 5455 ipsorum
3344 5403 3568 5446 maneat

1997 5478 2113 5546 jure
2144 5479 2224 5532 vel
2274 5485 2554 5546 powstate,
2616 5476 2927 5542 praebendas
2992 5491 3200 5545 quoque
3231 5478 3399 5547 ipsius
3458 5478 3569 5537 bc!
