3910 6234
347 350 491 410 12οι

1296 349 1560 401 ΝΟΊΠΙᾹ
1607 349 1960 401 IIISTUIUCA
2007 349 2066 401 ΙΝ
2110 350 2166 402 S.
2229 351 2636 426 AMBROSIEM.

3439 359 3570 414 1202

357 463 571 516 eisdem
603 460 871 512 canonicis
900 473 961 510 ea
987 459 1098 525 lege
1119 461 1476 520 concedimus,
1506 471 1560 511 ut
1592 460 1766 512 nullus
1790 459 1900 525 epi-
1931 466 1973 519 Α
2011 458 2346 510 Itibliuheca:
2378 462 2531 526 t‘t'giac
2566 460 2935 514 Bruxeliensis.
2994 465 3046 515 lu
3081 465 3176 516 hoc
3206 475 3378 520 autem
3409 470 3558 522 codi-

347 568 574 620 scopus,
603 551 772 604 nullus
801 549 984 612 abbas,
1006 549 1180 601 nullus
1207 551 1363 602 homo
1392 551 1506 602 illas
1525 565 1751 616 unquam
1773 565 1902 602 ven~

349 642 751 704 dere,autdare
771 639 1063 693 auttellere
1096 649 1397 706 priesumat.
1429 640 1530 691 Sed
1552 639 1907 706 unusquisque

348 731 642 783 canonicns
665 735 975 796 potestatem
1007 728 1194 778 habeat
1222 727 1554 791 praebendam
1573 740 1721 777 suam
1754 726 1904 777 alteri

354 821 618 872 canonico
648 818 771 870 dare
801 815 883 868 vel
927 815 1220 881 relinquere
1253 830 1342 880 per
1371 814 1644 865 consilium
1679 812 1902 865 aliorum

353 910 752 971 canonicorum,
774 898 861 971 qui
892 906 942 957 in
959 905 1143 958 eodem
1161 907 1272 956 loco
1297 904 1468 971 reipsa
1491 903 1903 956 deserviunt.....

354 999 520 1052 Facta
543 1006 620 1050 est
649 998 760 1048 hac
791 993 1000 1061 largitio
1027 1008 1083 1046 ιιι
1113 992 1242 1047 Non.
1271 993 1508 1060 Augusti,
1535 1000 1783 1059 regnante
1805 990 1907 1044 Ro-

361 1089 520 1138 ιιι-τω
550 1101 667 1153 rege
697 1099 834 1135 anno
862 1084 1090 1147 decimo,
1124 1083 1438 1149 prmsidente
1468 1083 1518 1134 in
1547 1081 1796 1136 cathedra
1826 1082 1910 1134 Bi-

355 1177 640 1230 turicensis
667 1175 919 1229 Ecclesia:
947 1174 1202 1229 Dacberto
1235 1175 1478 1242 praesule,
1498 1189 1634 1228 anno
1664 1184 1903 1227 octavo.»

359 1267 461 1318 lla:
490 1277 656 1318 tamen
686 1272 823 1316 notas
852 1262 1237 1328 chronological:
1270 1277 1370 1314 non
1398 1261 1719 1314 conveniunt
1773 1262 1908 1313 inter

357 1369 424 1407 se
480 1367 642 1419 neque
669 1366 786 1404 cum
833 1365 972 1402 anno
999 1350 1196 1401 Christi
1255 1349 1408 1400 1012.
1449 1347 1735 1414 Dagbertus
1765 1349 1906 1400 enim

364 1440 733 1506 episcopatum
784 1439 1163 1491 Bituricensem
1201 1437 1418 1501 adeptus
1463 1445 1543 1489 est
1587 1436 1910 1502 probabilius

359 1545 554 1584 novem
604 1530 820 1597 integris
870 1528 1021 1580 annis
1051 1537 1328 1592 antequam
1383 1526 1664 1585 Robertus,
1701 1515 1960 1577 mortuo“

356 1636 506 1674 anno
531 1619 630 1675 996
672 1621 889 1687 llugoue
922 1619 1125 1682 Capeto
1161 1629 1304 1682 patre
1328 1631 1423 1667 suo
1448 1654 1462 1678 ,
1494 1629 1708 1681 regnum
1743 1613 1906 1666 Fran-

359 1713 470 1764 cia:
498 1709 685 1763 adierit
718 1725 733 1762 :
765 1708 1086 1776 proindeqnc
1104 1720 1272 1758 annus
1301 1704 1520 1756 decimus
1541 1701 1756 1760 Boberti
1783 1715 1906 1753 con-

2011 563 2094 608 ce,
2129 551 2247 612 quia
2276 551 2535 602 recentior
2580 565 2657 603 esr
2689 551 2988 616 Labbeano,
3032 565 3155 606 sunt
3181 557 3322 609 varia
3356 558 3561 611 addita-

2011 651 2186 692 menta
2219 682 2234 706 ,
2279 658 2496 709 quorum
2528 643 2696 710 aliqua
2745 659 2828 698 res
2878 656 3050 713 gestas
3095 649 3371 711 illustrant,
3401 659 3560 716 atque

2012 747 2131 785 cum
2177 733 2240 784 iis
2266 747 2418 799 quam
2441 735 2670 788 maxime
2689 737 3008 788 conveniunt
3039 752 3233 804 :quare
3263 738 3371 791 haec
3402 739 3564 805 subji-

2012 822 2212 873 ciemus
2244 821 2520 874 Labbeano
2549 826 2835 892 exemplari
2859 827 2992 878 inter
3016 826 3303 891 Annotata,
3339 838 3422 880 aut
3450 839 3559 881 tex-

2013 908 2084 960 tui
2120 910 2168 961 in
2198 911 2743 966 animadversionibus
2773 914 3110 980 subjiciemus
3138 933 3148 966 :
3183 915 3454 970 breviores
3486 933 3566 970 ve-

2011 1010 2069 1048 ro
2093 999 2351 1050 variantes
2383 1039 2396 1059 ,
2432 1014 2549 1065 qua:
2599 1000 2647 1051 in
2705 1015 2805 1054 una
2837 1002 3071 1054 alterave
3127 1003 3309 1056 vocula
3367 1004 3560 1063 addita,

2009 1085 2222 1146 omissa,
2254 1088 2332 1138 vel
2377 1089 2689 1153 transposita
2720 1091 3029 1153 consistunt,
3062 1104 3153 1155 pro
3187 1106 3332 1144 more
3382 1102 3563 1143 nostro

2010 1175 2390 1240 admarginem
2419 1186 2588 1230 textus
2635 1179 2863 1244 primarii
2903 1180 3224 1232 ascribemus
3251 1221 3264 1241 ,
3318 1195 3437 1234 cum
3471 1196 3561 1235 no-

2013 1271 2061 1313 ta
2111 1263 2214 1326 liS,
2270 1279 2370 1330 qua
2419 1267 2654 1318 codicem
2710 1269 2899 1333 regina:
2946 1267 3147 1321 Suecize
3192 1269 3559 1322 indicabimus.

2012 1347 2164 1402 Hisce
2190 1352 2542 1404 monumentis
2569 1355 2906 1406 annumerari
2945 1365 3119 1420 posset
3145 1355 3254 1407 Vita
3286 1357 3449 1409 sancti
3481 1359 3564 1408 Al-

2010 1437 2194 1505 logiosi
2220 1478 2234 1502 ,
2267 1440 2404 1492 edita
2439 1440 2490 1491 in
2549 1439 2710 1493 Gallia
2741 1442 3031 1495 Christiana
3061 1443 3130 1512 (ε)
3161 1429 3434 1512 quamque
3454 1447 3558 1497 Ed-

2011 1526 2233 1578 mundus
2262 1529 2491 1581 Marteue
2526 1544 2587 1582 ex
2632 1531 2810 1583 codice
2857 1533 3272 1598 octingentorum
3304 1523 3559 1588 nunerum

2010 1614 2144 1668 eruit
2173 1615 2258 1685 (ι’).
2289 1636 2305 1665 ι
2333 1615 2494 1683 llujus
2523 1618 2707 1680 sancti,
2740 1619 3226 1684 aiuntcollectures,
3250 1621 3374 1673 alibi
3407 1623 3552 1676 nulla

2013 1704 2227 1756 habetur
2251 1706 2474 1767 mentio;
2499 1720 2563 1757 ex
2594 1705 2691 1758 hac
2715 1715 2885 1758 autem
2915 1707 3026 1758 Vita
3050 1723 3149 1760 non
3175 1711 3432 1774 potuimus
3457 1711 3558 1764 dis-

355 1805 602 1850 curreret
652 1795 821 1863 potius
847 1809 966 1848 cum
997 1808 1135 1844 anno
1164 1793 1354 1844 decimo
1378 1801 1546 1842 octavo
1577 1789 1907 1856 pontiﬁcatus
1943 1769 1980 1824 Β
2013 1806 2135 1845 cere
2165 1807 2267 1859 quo
2296 1801 2529 1860 tempore
2556 1795 2776 1846 vixerit:
2823 1805 3136 1862 quapropter
3177 1797 3288 1862 ejus
3321 1799 3446 1851 Acta
3478 1799 3555 1852 in-

361 1889 634 1956 Dagberti.
677 1887 779 1942 Sed
829 1886 1061 1940 neutrius
1100 1886 1220 1935 anni
1266 1883 1581 1934 conveniunt
1610 1895 1726 1932 eum
1774 1891 1912 1930 anno

357 1993 490 2031 aera
518 1977 742 2044 vulgaris
789 1974 953 2034 1012.
971 1974 1067 2040 ρει]
1097 1975 1269 2040 potius
1318 1987 1436 2023 cum
1490 1983 1626 2020 anno
1654 1968 1786 2021 1005
1826 1974 1913 2018 aut

361 2065 540 2128 4000;
588 2082 741 2134 quam
775 2063 1169 2128 chronologiam
1201 2060 1467 2126 adoptavit
1495 2057 1744 2111 Gulielm.
1777 2056 1841 2109 de
1868 2058 1913 2108 la

361 2156 531 2210 Croix
557 2155 609 2207 in
640 2169 735 2208 suo
764 2154 897 2206 libro
917 2152 983 2204 de
1013 2151 1160 2204 Serie
1183 2159 1234 2200 et
1264 2148 1404 2200 Actis
1420 2148 1786 2213 episcoporum
1810 2143 1912 2196 Ca-

358 2239 704 2296 durcensium
736 2237 831 2307 (α).
861 2235 993 2290 Cum
1023 2251 1148 2289 vero
1173 2234 1266 2286 has
1300 2236 1454 2285 tricas
1474 2231 1721 2293 enodare,
1751 2244 1917 2298 neque

362 2337 598 2395 tempus,
633 2341 804 2394 neque
836 2325 1066 2378 subsidia
1097 2332 1185 2375 aut
1211 2322 1367 2374 etiam
1399 2321 1470 2373 rei
1497 2329 1816 2372 momentum
1847 2321 1915 2371 si-

363 2420 519 2478 tta'nt,
567 2413 788 2467 sufﬁciat
839 2412 923 2464 hic
973 2411 1236 2465 indicasse
1292 2409 1524 2461 chartam
1581 2407 1838 2471 Gaufridi,
1867 2417 1919 2461 et

369 2505 595 2574 proinde
633 2503 1060 2556 instaurationem
1091 2501 1333 2554 ecclesias
1352 2500 1518 2551 sancti
1546 2498 1805 2550 Ambrosii
1839 2498 1916 2550 in-

365 2605 452 2646 tra
477 2591 1064 2660 primumdnodennium
1094 2589 1270 2643 seculi
1292 2587 1550 2641 undecimi
1583 2589 1911 2641 constituen-

360 2683 442 2736 da
469 2696 602 2735 esse.
634 2680 926 2747 Capitulum
962 2680 1132 2732 sancti
1164 2678 1425 2732 Ambrosii
1458 2679 1784 2730 Bituriccnse
1827 2677 1919 2731 de-

363 2787 527 2825 cursu
559 2771 808 2838 temporis
845 2787 872 2822 a
903 2780 1039 2822 statu
1070 2769 1304 2822 szeculari
1327 2771 1389 2821 ad
1423 2771 1661 2836 regulare
1687 2770 1916 2822 Canonio

365 2874 554 2912 corum
588 2857 752 2910 sancti
783 2859 1056 2925 Augustini
1088 2857 1351 2910 intitutum
1366 2859 1672 2910 translatum
1705 2857 1800 2910 fuit
1822 2858 1920 2910 sub

363 2949 531 3003 Petro
547 2947 612 3001 de
633 2949 834 3011 Castra,
861 2947 1280 3015 archiepiscOpo,
1307 2961 1442 2999 anno
1472 2947 1600 3000 1151
1632 2945 1728 3014 (b),
1764 2955 1819 2999 ut
1842 2946 1922 2998 in-

368 3037 411 3088 fi
427 3050 455 3088 ε
484 3037 721 3103 pluribus
745 3037 1241 3090 demonstrabimus.

447 3125 501 3177 ι.
541 3129 665 3178 Arta
689 3125 853 3178 sancti
885 3125 1146 3178 Ambrosii
1179 3132 1401 3190 quatuor
1432 3125 1758 3190 potissimum
1811 3141 1920 3177 mo-

368 3216 638 3269 nniuentis
679 3214 1016 3267 continentur
1049 3232 1059 3264 :
1097 3229 1317 3282 quorum
1354 3214 1480 3276 duo,
1535 3213 1786 3267 lectiones
1802 3224 1923 3268 sunt

367 3301 576 3367 antiqui
618 3300 865 3353 Breviarii
891 3300 1232 3354 Bituricensis
1261 3309 1312 3353 et
1365 3301 1686 3354 Sanctoralis
1713 3303 1923 3355 Cadur-

371 3392 576 3453 censis,
601 3401 652 3442 et
675 3391 810 3443 inter
859 3404 919 3443 se
946 3392 1074 3442 satis
1137 3388 1457 3442 conveniunt
1485 3429 1499 3452 ,
1533 3399 1589 3442 ut
1621 3391 1920 3444 historicam

373 3484 730 3535 narrationem
760 3483 825 3552 ab
857 3482 1076 3534 invicem
1101 3489 1332 3532 mutuata
1364 3482 1652 3533 videantur.
1688 3482 1922 3533 Tertium

371 3579 770 3622 monumentum
803 3578 882 3622 est
938 3570 1160 3637 hymnus
1191 3570 1535 3637 rhythmicus,
1586 3585 1740 3636 quem
1773 3572 1920 3624 nobis

370 3657 592 3709 exhibet
621 3657 866 3712 Culielm.
918 3656 982 3709 de
1014 3657 1060 3708 la
1107 3655 1268 3709 Croix
1312 3659 1400 3724 (c).
1437 3657 1568 3709 Nihil
1603 3657 1756 3710 habet
1784 3659 1922 3725 quod

372 3745 482 3796 alia
516 3746 704 3810 scripta
738 3759 838 3796 non
865 3744 1086 3796 referant
1117 3763 1126 3795 :
1158 3750 1278 3810 quin
1323 3755 1374 3798 et
1421 3746 1469 3796 in
1504 3747 1800 3798 narratione
1831 3761 1920 3798 sua

371 3835 548 3886 solum
584 3848 642 3883 ea
671 3833 1054 3898 complectitur,
1083 3850 1195 3900 qua:
1225 3831 1446 3886 Sanctus
1468 3835 1716 3887 Cadurcis
1745 3837 1922 3903 gessit,

374 3923 524 3977 nulla
551 3922 685 3974 facta
714 3921 980 3974 mentione
999 3923 1196 3974 itineris
1221 3919 1548 3975 Romani'aut
1569 3923 1919 3987 Turonensis,

365 4004 565 4065 νιιιυιιὶε
592 4013 670 4064 vel
705 4011 985 4077 sepultura:
1034 4013 1310 4075 Bituricis;
1363 4023 1633 4081 postquam
1669 4017 1822 4081 Igitur
1848 4031 1926 4066 re-

380 4104 581 4165 tulerit,
618 4105 882 4164 quomodo
933 4105 1113 4154 beatus
1145 4104 1378 4168 pontifex
1407 4103 1458 4156 in
1512 4105 1755 4170 spelunca
1784 4106 1924 4157 dete-

375 4201 520 4253 ctus,
547 4206 608 4244 ex
637 4192 721 4245 illa
769 4192 1004 4255 exiverit,
1034 4196 1222 4258 populo
1239 4193 1576 4260 deprecante,
1603 4202 1657 4245 ut
1686 4199 1915 4260 regimen

379 4283 632 4334 Ecdesia:
652 4296 759 4334 sua:
783 4291 1094 4344 resumeret,
1142 4284 1340 4335 desinit
1370 4283 1593 4352 hymnus
1623 4284 1765 4337 brevi
1798 4299 1920 4337 ora-

374 4372 527 4424 tione
555 4370 616 4423 ad
646 4380 880 4422 sanctum
917 4370 1252 4420 Ambrosium
1282 4387 1293 4420 :

747 4475 984 4532 Ambrosi,
1015 4474 1090 4530 pie
1115 4471 1356 4518 confessor
1377 4507 1388 4527 ,

747 4534 858 4579 Esto
883 4545 1042 4579 uester
1069 4536 1355 4578 intercessor
1375 4569 1386 4590 ,

747 4592 857 4638 Esto
882 4601 1043 4639 noster
1068 4593 1317 4638 advocatus
1345 4631 1356 4648 ,

687 4652 694 4668 ‘
749 4654 931 4708 meus
953 4652 1097 4709 judex
1128 4661 1200 4697 est
1226 4652 1389 4697 iratus.

374 4737 631 4800 Quartum
659 4743 1048 4784 monumentum
1077 4739 1156 4781 est
1185 4732 1294 4781 Vita
1325 4731 1792 4798 S‘JHCliAmeOaii,
1816 4745 1926 4801 sty-

379 4827 437 4875 lo
463 4822 670 4888 quidem
701 4821 911 4882 fusiori,
965 4820 1184 4884 simplici
1218 4829 1389 4870 tamen
1422 4821 1715 4885 cooscripta
1745 4837 1758 4870 :
1795 4822 1926 4874 hanc

376 4911 587 4963 edimus
613 4912 741 4961 inl'ra
772 4924 833 4962 ex
870 4908 1188 4960 Bibliotheca
1221 4908 1693 4972 manuscriptorum
1726 4908 1926 4976 Philip-

381 5004 436 5071 pi
464 5005 634 5058 Labhe
655 5002 756 5070 (ά).
802 4999 895 5052 Cui
927 5009 1096 5051 tamen
1129 4998 1341 5050 editioni
1371 4999 1623 5051 addeums
1669 5001 1918 5054 lectiones

381 5093 667 5150 variantes,
695 5090 918 5142 maxime
945 5103 1006 5140 ex
1037 5086 1227 5138 Codice
1251 5087 1532 5138 Christina:
1567 5089 1755 5155 regina)
1787 5088 1922 5140 Sue-

288 5243 295 5249 ,
377 5182 481 5235 ciae
503 5221 516 5243 ,
548 5195 674 5246 quas
714 5179 973 5241 excerpsit
1003 5186 1275 5232 accurate.
1311 5185 1364 5225 ut
1399 5174 1507 5240 ipse
1541 5184 1791 5227 testatur.
1830 5191 1925 5227 no-

381 5280 496 5325 ster
522 5268 673 5324 Joan.
706 5267 1007 5326 llollaudus,
1063 5278 1293 5331 quasque
1326 5265 1617 5329 reperimus
1642 5267 1690 5316 in
1717 5266 1924 5318 scriniis

457 5382 535 5452 (ᾳ)
570 5378 738 5452 Ρητὸιο
767 5446 872 5452 ___.
930 5445 972 5452 -_
1201 5444 1236 5452 ..
1384 5444 1409 5452 ..

572 5450 731 5502 Labb.
766 5446 894 5499 Bibl.
930 5445 1050 5498 Mss.
1083 5485 1096 5506 ,
1127 5451 1166 5494 t.
1199 5444 1266 5514 llL
1294 5456 1344 5514 p.
1381 5443 1465 5494 58.

455 5512 530 5586 (ε)
556 5519 669 5570 Ser.
692 5517 852 5582 episc.
880 5515 1126 5586 Cadmca,
1158 5529 1206 5578 p.
1241 5512 1325 5562 so.

457 5583 538 5655 (α’)
571 5586 610 5637 'r
636 5586 718 5655 Il,7
750 5601 796 5650 p.
825 5583 944 5636 sn.

459 5645 533 5726 {ej
555 5655 615 5709 Τ.
650 5645 944 5707 Ητὶειτιιιιι.
975 5652 1112 5704 Eccl.
1149 5648 1392 5711 Cadurc.,
1424 5645 1637 5698 (01.28.

2017 1887 2101 1930 ter
2131 1881 2473 1932 instrumenta
2503 1880 2795 1946 rejecimns.
2825 1899 2841 1929 ι
2875 1882 3057 1934 Nullus
3085 1882 3334 1936 Cadurcis
3363 1888 3566 1938 exstitit

2018 1966 2314 2034 Allogiosus
2347 1984 2359 2017 :
2401 1957 2616 2032 simplex
2641 1977 2720 2020 est
2763 1969 2988 2022 nominis
3028 1971 3291 2038 corruptio
3318 1987 3410 2040 pro
3440 1975 3560 2024 Am.

2019 2053 2184 2106 brosio
2208 2069 2227 2105 :
2262 2055 2327 2107 ad
2360 2055 2572 2108 verbum
2599 2048 2760 2120 enim,
2809 2056 2851 2108 si
2885 2058 3099 2123 paucula
3126 2061 3373 2126 excipias,
3418 2063 3561 2113 Actis

2018 2145 2182 2197 sancti
2231 2145 2489 2198 Ambrosii
2527 2147 2787 2199 simillima
2835 2158 2976 2212 sunt,
3034 2157 3089 2201 ut
3134 2151 3215 2201 vel
3256 2151 3424 2202 obiter
3475 2151 3556 2202 in-

2019 2231 2259 2299 spicienti
2293 2243 2448 2300 patet.
3414 2232 3419 2237 ”

2089 2317 2141 2373 5.
2173 2322 2301 2373 Acta
2328 2337 2441 2389 qua:
2473 2322 2604 2374 infra
2634 2323 2848 2375 edemus
2876 2334 3144 2377 auctorem
3197 2323 3388 2378 habent
3428 2341 3556 2379 ano-

2021 2425 2234 2478 nymum
2264 2411 2564 2479 quemdam,
2595 2414 2679 2479 qui
2721 2412 2930 2479 quidem
2981 2429 3082 2467 non
3123 2415 3315 2468 indicat
3353 2424 3558 2469 aetatem

2022 2511 2195 2562 suam,
2227 2497 2326 2551 nisi
2379 2499 2524 2552 hisce
2566 2501 2756 2562 verbis,
2805 2503 2992 2569 quibus
3039 2506 3390 2556 narrationem
3434 2519 3565 2559 con-

2021 2587 2223 2641 cludit:
2261 2604 2278 2636 c
2312 2588 2607 2653 Discipulos
2639 2604 2764 2642 vero
2812 2589 3000 2656 (sancti
3036 2591 3346 2660 Ambrosii),
3376 2593 3562 2662 Agrip-

2023 2674 2173 2741 pinus
2214 2681 2444 2741 nomine,
2475 2688 2688 2732 secutus
2717 2690 2795 2732 est
2826 2695 2946 2733 eum
2988 2683 3283 2749 ubicunque
3331 2682 3567 2737 ambula-

2025 2765 2114 2825 vit,
2143 2773 2196 2816 et
2223 2763 2401 2817 dueuit
2432 2765 2601 2818 omnia
2636 2781 2751 2832 qua:
2779 2770 2972 2834 scripta
2998 2779 3172 2821 sunt.»
3213 2771 3370 2822 Paulo
3412 2772 3563 2824 aliter

2023 2865 2080 2903 se
2109 2851 2264 2904 habet
2307 2862 2482 2905 textus
2526 2856 2718 2922 regina:
2764 2856 3002 2910 Snecize:
3042 2876 3060 2906 ‹
3096 2859 3388 2926 Discipulus
3435 2876 3564 2912 vero

2024 2937 2158 3004 ejus,
2189 2939 2508 3008 Agrippinus
2537 2943 2770 3007 nomine,
2799 2946 2886 3011 qui
2929 2954 3140 2998 scentus
3166 2957 3246 2998 est
3293 2962 3413 3000 eum
3445 2949 3531 3000 ubi
3551 2979 3563 2987 -

2026 3043 2229 3095 cunque
2257 3030 2572 3090 ambulavit,
2592 3031 2774 3084 docuit
2821 3034 2970 3086 nobis
3003 3037 3177 3086 Omnia
3210 3051 3325 3100 quae
3364 3039 3559 3100 scripta

2023 3129 2144 3172 sunt
2171 3121 2236 3173 de
2262 3135 2344 3173 eo.
2372 3139 2388 3171 ι
2427 3121 2497 3173 Ex
2532 3134 2749 3188 utroque
2775 3132 2917 3176 textu
2939 3125 3131 3178 elicere
3160 3137 3261 3189 εει,
3292 3135 3562 3180 auctorem

2023 3223 2338 3278 anonymum
2369 3211 2603 3263 hausisse
2630 3214 2983 3266 narrationem
3011 3229 3156 3266 suam
3184 3230 3247 3267 ex
3281 3224 3412 3269 teste
3439 3231 3563 3268 ocu-

2026 3296 2150 3360 lato,
2179 3297 2464 3364 Agrippino
2511 3298 2735 3360 scilicet,
2768 3300 3139 3354 archidiacouo
3189 3303 3435 3356 Ecclesia:
3465 3305 3562 3359 Ca-

2024 3387 2326 3449 durcensis,
2360 3388 2524 3439 sancti
2588 3386 2754 3440 nostri
2785 3388 2936 3442 valde
2969 3389 3229 3452 familiari,
3261 3399 3312 3442 et
3338 3392 3450 3445 solo
3478 3394 3564 3458 qui

2024 3485 2238 3528 secretae
2280 3474 2593 3528 secessionis
2615 3476 2726 3540 ejus
2755 3476 2996 3529 conscius
3027 3486 3186 3530 esset.
3223 3479 3306 3530 Est
3339 3490 3386 3531 et
3417 3480 3556 3532 aliud

2025 3565 2163 3627 quod
2197 3564 2351 3615 nativi
2391 3562 2513 3630 quid
2543 3573 2596 3615 et
2624 3564 2782 3616 coaevi
2819 3565 3020 3618 redolet
3051 3582 3193 3618 num.
3227 3569 3289 3622 l0
3317 3588 3326 3618 :
3361 3569 3564 3620 scilicet

2025 3654 2188 3703 sancti
2235 3652 2493 3704 Ambrosii
2542 3667 2602 3704 ex
2649 3653 2898 3716 spelunca
2945 3656 3262 3722 egredientis
3298 3674 3316 3705 ι
3345 3658 3556 3709 barbam

2024 3745 2085 3795 ad
2112 3755 2286 3811 pectus
2317 3762 2333 3792 ι
2361 3744 2472 3809 ejus
2496 3744 2847 3811 descendisse,
2881 3763 2898 3795 ι
2920 3748 3147 3798 etfuisse
3172 3749 3319 3812 quasi
3340 3750 3526 3800 laicum
3549 3792 3561 3808 .

2026 3835 2143 3899 quia
2189 3834 2440 3885 novacula
2487 3833 2535 3885 in
2589 3835 2700 3897 ipso
2743 3834 2966 3886 triennio
3014 3850 3115 3887 non
3160 3840 3466 3890 ascenderat
3511 3841 3557 3889 iu

2025 3933 2177 3988 caput
2199 3924 2381 3988 CjUSJ_
2402 3922 2702 3988 llujusmodi
2729 3922 2915 3990 imago,
2947 3940 3062 3990 qua:
3093 3940 3200 3976 rem
3245 3926 3558 3977 levissimam

2025 4013 2085 4063 ad
2130 4014 2338 4064 oculum
2391 4012 2645 4077 depingit,
2681 4022 2731 4064 et
2779 4014 2969 4065 comvis
3018 4014 3252 4065 moribus
3295 4016 3562 4080 aptissime

2025 4101 2286 4161 convenit,
2321 4100 2425 4161 vix,
2459 4101 2808 4163 meoiudicio,
2847 4111 3149 4154 occurreret
3178 4103 3442 4168 scriptori,
3476 4105 3563 4168 qui

2025 4207 2133 4244 rem
2163 4192 2240 4244 vel
2285 4206 2460 4244 coram
2510 4206 2610 4241 non
2658 4197 2986 4255 spectasset,
3044 4192 3120 4242 vel
3171 4205 3200 4241 a
3251 4201 3381 4244 teste
3426 4207 3562 4245 ocu-
3649 4248 3652 4251 1

2027 4283 2131 4331 lato
2175 4294 2275 4331 nun
2327 4279 2628 4331 audivisset.
2701 4278 2829 4329 Nam
2878 4279 3001 4329 olim
3053 4294 3251 4331 morem
3299 4279 3459 4332 fuisse
3511 4281 3562 4333 in

1957 4371 2259 4442 DEcclesia
2316 4369 2631 4422 Occidentali
2692 4378 2747 4420 ut
2798 4369 2972 4421 clerici
3027 4369 3238 4422 barbam
3287 4372 3564 4438 raderent,

2033 4470 2251 4512 testatur
2292 4462 2340 4512 in
2393 4459 2572 4526 primis
2615 4467 2826 4511 sanctus
2872 4458 3150 4525 Gregorius
3187 4457 3301 4525 VII,
3335 4460 3428 4514 lib.
3454 4478 3568 4527 vm,

2029 4555 2183 4617 epist.
2227 4552 2312 4614 19,
2360 4551 2422 4601 ad
2453 4551 2765 4613 Orzoccum,
2806 4550 3032 4615 judicent
3084 4548 3436 4602 Caluritanum
3464 4554 3564 4619 (g).

2035 4658 2051 4688 ι
2081 4640 2263 4692 Totius
2301 4639 2651 4690 Uccidentalis
2694 4638 2937 4689 Ecclesia:
2985 4638 3156 4689 clerus
3185 4638 3250 4690 ab
3294 4639 3416 4705 ipsis
3446 4639 3566 4691 lidei

2028 4727 2339 4779 Christiana:
2386 4726 2685 4791 primordiis
2719 4726 2930 4776 barbam
2981 4725 3192 4776 radendi
3237 4739 3431 4777 morem
3485 4737 3561 4779 te-

2030 4818 2204 4869 nuit.»
2252 4816 2378 4868 Huic
2421 4805 2648 4865 concinit
2695 4813 3048 4864 testimonium
3097 4813 3396 4870 Ratramni.
3431 4816 3560 4867 Cor-

2030 4907 2258 4959 beiensis
2309 4906 2570 4967 monachi,
2608 4904 2880 4970 scriptoris
2928 4904 3106 4956 sazculi
3153 4905 3298 4970 noni,
3335 4906 3422 4972 qui
3471 4907 3564 4960 lib.

2027 5012 2098 5058 tv,
2119 5011 2233 5062 cap.
2261 4996 2313 5060 ὕ,
2334 5014 2349 5045 ι
2372 5005 2550 5048 contra
2570 4995 2866 5048 Graecorum
2882 4996 3117 5061 Opposita
3142 5013 3158 5044 ι
3182 4995 3260 5062 (li)
3281 4997 3405 5048 dicit
3422 4997 3568 5050 Grrc-

2028 5101 2116 5138 eos
2140 5103 2240 5138 non
2271 5089 2438 5139 vereri
2477 5105 2494 5136 r
2523 5088 2584 5138 de
2609 5086 2783 5138 barba
2815 5089 3050 5138 tonsione
3072 5088 3290 5140 clericos
3318 5088 3556 5154 culpare,

2029 5190 2130 5227 non
2165 5177 2360 5228 tantum
2413 5175 2786 5236 Romanorum,
2817 5189 2995 5227 verum
3042 5176 3272 5228 omnium
3302 5177 3558 5228 Occiden-

2029 5265 2204 5317 talium
2238 5263 2617 5325 Ecclesiarum;
2646 5281 2664 5314 ι
2697 5269 2750 5316 et
2778 5271 2897 5330 apte
2925 5263 3239 5330 respondet:
3278 5281 3296 5315 ι
3330 5265 3418 5318 Est
3444 5266 3557 5331 qni-

2100 5374 2170 5440 (Ῑ)
2205 5373 2358 5437 Ibid.,
2393 5373 2491 5426 col.
2519 5371 2636 5425 118.

2101 5443 2176 5577 (μζ
2209 5442 2371 5494 Labb.
2409 5451 2446 5495 t.
2477 5443 2518 5494 Χ
2549 5442 2732 5500 Conc.,
2764 5443 2864 5494 Col.
2886 5441 2990 5495 258
3016 5453 3068 5497 et
3097 5456 3206 5508 seq.
3292 5457 3295 5459 ·

2101 5512 2148 5575 (h
2209 5515 2304 5576 Ap.
2344 5511 2600 5577 d‘Achcry
2621 5511 2821 5576 Spici|.,
2853 5520 2885 5561 t.
2917 5510 2962 5577 Ι,
2992 5527 3042 5577 p.
3072 5511 3188 5563 102.
3226 5510 3295 5563 Ed

2033 5510 2174 5630 17(,I_t.)
2209 5515 2304 5576 Ap.
2344 5511 2600 5577 d‘Achcry
2621 5511 2821 5576 Spici|.,
2853 5520 2885 5561 t.
2917 5510 2962 5577 Ι,
2992 5527 3042 5577 p.
3072 5511 3188 5563 102.
3226 5510 3357 5563 Edit.
3396 5511 3561 5566 Paris.

2099 5595 2178 5630 ιι).
2225 5612 2228 5613 ν

2099 5595 2178 5630 ΖΟ.
2225 5612 2228 5613 ν
