3910 6234
516 479 663 529 “03
1423 484 1473 532 ς.

1522 479 1899 532 AMBROSIUS
1941 478 2405 531 (ῑλυιτιυεεςκδιε
2448 480 2825 535 ΕΡΙΞΟΟῘῚΪΞ.

3566 492 3703 543 {208

526 586 645 639 dem
679 591 774 639 iste
814 580 1120 640 clericoriun
1162 591 1366 641 lt-hitus
1416 600 1604 648 .tonsa:
1649 602 1739 640 aut
1786 588 2054 652 promissa?
2085 588 2135 641 Α
2160 585 2355 637 ctorale
2379 584 2711 639 Cadurcense
2740 589 2984 650 adstruit,
3019 606 3135 641 eum
3171 611 3187 639 r
3218 604 3451 659 tempore
3468 594 3704 662 Pippini,

531 673 729 737 barba!)
758 690 856 725 non
886 676 1156 729 uniformis
1180 678 1382 727 cunctis
1411 676 1675 735 Ecclesiis,
1698 677 1787 727 sed
1813 691 1904 742 pro
1933 689 2052 725 con-

525 763 805 815 suetudine
836 766 1085 829 majorum
1119 768 1292 817 varius
1317 776 1469 829 atque
1505 766 1760 827 diversus,
1800 779 1895 816 nec
1939 765 2057 814 hinc

466 854 483 857 ”
532 850 805 915 al'quando
835 852 965 904 inter
989 853 1247 905 Ecclesias
1271 855 1348 903 vel
1376 852 1737 904 Occidentales
1760 852 1840 903 vel
1874 852 2057 902 Orien-

536 938 665 987 tales
694 940 958 988 contentio
991 949 1107 989 nata
1129 947 1228 999 est,
1258 939 1349 991 sed
1381 947 1656 991 tenuerunt
1678 940 1894 1005 singulae
1916 936 2052 1003 quod

524 1024 634 1075 suis
668 1038 697 1075 a
731 1024 1009 1089 majoribus
1053 1037 1349 1089 suscepere,
1380 1026 1459 1077 vel
1492 1024 1629 1091 quod
1672 1025 2052 1091 provinciarum

531 1127 655 1163 usus
695 1113 864 1178 potius
892 1113 1220 1178 approbavit.
1248 1131 1264 1160 ι
1303 1112 1460 1165 Paulo
1506 1122 1677 1165 tamen
1726 1112 1854 1164 infra
1886 1111 2011 1164 dicit
2040 1129 2050 1160 :

532 1217 547 1247 ι
578 1198 723 1250 llnnc
766 1213 960 1250 morem
1007 1210 1284 1265 sequentes
1332 1200 1502 1253 clerici
1552 1202 1935 1265 Romanorum,
1968 1198 2049 1250 vel

522 1298 826 1337 eunetarum
852 1285 960 1337 fere
988 1301 1078 1352 per
1103 1288 1434 1340 Occidentem
1463 1290 1835 1347 Ecclesiarum,
1862 1287 2049 1338 barbas

528 1375 768 1426 radunt.»
808 1373 952 1427 Unde
973 1374 1124 1425 datur
1152 1374 1386 1441 intelligi,
1414 1376 1658 1439 pauculas
1681 1376 1728 1425 in
1750 1376 1863 1439 ipso
1895 1374 2045 1427 Occi-

470 1532 471 1535 η
520 1460 678 1512 dente
705 1462 969 1513 e*stitisse
989 1463 1324 1525 exceptiones
1350 1482 1360 1512 :
1390 1475 1659 1528 propterea
1692 1464 1911 1515 tenenda
1946 1478 2047 1514 non

524 1561 601 1603 εει
625 1551 777 1602 lectio
796 1551 1009 1602 canonis
1021 1552 1398 1629 q‘uadragesimi
1427 1554 1597 1619 quarti
1620 1552 1822 1603 concilii
1847 1552 2048 1604 Cartha.

434 1674 441 1677 τ
522 1638 753 1703 ginensis
798 1653 865 1699 tv,
896 1652 1030 1689 anno
1056 1637 1155 1691 508
1178 1639 1447 1701 celebrati,
1473 1639 1676 1703 qualem
1704 1638 1915 1690 exhibet
1938 1638 2047 1690 Mo-

523 1723 668 1775 lanus
695 1724 768 1787 (a)
792 1741 804 1774 :
845 1742 862 1770 ι
884 1723 1115 1775 Clericus
1137 1738 1231 1775 nec
1252 1739 1452 1776 comam
1483 1725 1693 1785 nutriat,
1720 1738 1813 1775 nec
1837 1724 2045 1776 barbam

525 1811 705 1863 radat:
740 1830 757 1861 ι
794 1812 937 1877 quasi
976 1811 1288 1876 prohibitum
1336 1810 1593 1861 Africanis
1623 1811 1824 1861 clericis
1865 1809 2046 1861 fuisset

2160 670 2476 723 Francorum
2510 677 2665 739 regis,
2699 675 2944 727 Cadurcae
2967 678 3105 727 urbis
3134 680 3639 746 episeopumlnisse.
3679 703 3701 734 ι

2159 756 2327 824 Atque
2358 760 2405 809 in
2439 766 2534 811 hoc
2572 764 2775 826 tempus
2798 766 3127 815 consentiunt
3157 770 3383 835 catalogi
3415 771 3708 837 episcopo-

2128 914 2131 917 Δ
2162 858 2275 895 rum
2304 844 2728 900 Cadurcensium.
2762 849 2950 902 Verum
2983 866 3083 902 non
3126 868 3271 919 teque
3320 857 3517 920 liquide
3565 872 3700 907 con-

2156 941 2260 985 stat
2294 945 2528 986 sanctum
2565 938 2894 989 Ambrosium
2939 941 3238 995 cathedram
3282 945 3506 1009 primum
3536 960 3701 998 occu.

2155 1035 2325 1085 passe,
2375 1034 2642 1089 postquam
2693 1026 2958 1093 Pippinus,
3010 1044 3102 1081 rex
3157 1030 3501 1099 Francorum,
3554 1050 3703 1085 anno

2155 1104 2255 1159 752
2282 1110 2531 1162 salutatus
2560 1108 2677 1172 fuit,
2718 1123 2771 1163 ut
2818 1114 3047 1179 insinuet
3073 1130 3135 1169 ex
3176 1118 3335 1171 allato
3377 1130 3527 1173 textu
3564 1124 3699 1175 Sm-

2154 1195 2365 1246 ctoralis
2394 1191 2698 1250 Guldelmus
2728 1200 2793 1252 de
2822 1201 2866 1251 la
2912 1202 3095 1263 Croix,
3126 1204 3305 1257 dicens
3329 1216 3570 1259 sanctum
3616 1213 3667 1260 vi

2154 1282 2293 1333 xisse
2321 1292 2435 1347 post
2464 1300 2583 1337 ann.
2610 1288 2732 1351 751,
2766 1304 2868 1355 quo
2916 1290 3163 1356 Pippinus
3207 1294 3255 1345 in
3286 1309 3462 1359 regem
3506 1306 3700 1357 unctm

2152 1378 2232 1435 est
2276 1385 2454 1423 mense
2504 1369 2715 1437 Martio;
2747 1378 2896 1428 multi
2938 1378 3076 1428 enim
3109 1380 3228 1430 anni
3271 1376 3478 1432 initium
3521 1397 3550 1433 ι
3600 1397 3697 1448 pa-

2154 1455 2314 1506 schali
2363 1460 2691 1512 solemnitate
2732 1463 3091 1514 ordiebantur.
3129 1464 3315 1517 Verum
3346 1468 3387 1518 is
3415 1476 3531 1520 erat
3567 1467 3697 1519 Gal-

2153 1540 2234 1591 lia:
2283 1552 2470 1604 status,
2500 1554 2555 1595 ut
2586 1548 2833 1598 nonnulla
2862 1549 2924 1599 de
2952 1549 3175 1602 viduatis
3215 1548 3467 1604 Ecclesiis
3496 1555 3694 1620 praevia

2150 1629 2463 1683 advertenda
2515 1634 2807 1687 videantur.
2837 1636 3045 1688 Certum
3087 1638 3287 1689 scilicet
3329 1651 3409 1692 est
3458 1655 3525 1694 ex
3572 1645 3693 1709 epi-

2151 1720 2283 1770 stola
2329 1723 2491 1773 sancti
2527 1722 2771 1775 Bonifacii
2821 1724 3104 1791 Moguntini
3136 1728 3197 1777 ad
3238 1727 3546 1781 Zachariam
3594 1746 3695 1797 pa-

2151 1818 2297 1868 pam,
2336 1821 2473 1858 anno
2507 1807 2625 1868 742,
2661 1811 2819 1874 epist.
2852 1812 2913 1863 5i
2942 1811 3034 1880 (ε),
3076 1814 3320 1865 miserum
3352 1816 3502 1867 valde
3531 1816 3698 1869 fuisse

524 1899 746 1951 tondere
769 1899 999 1950 barbam.
1027 1899 1230 1962 Etenim
1250 1899 1456 1964 optima:
1482 1908 1614 1951 notae
1633 1899 1838 1950 codices
1861 1913 2049 1964 expun-
2078 1885 2123 1943 Β
2152 1892 2395 1944 Ecclesia:
2418 1904 2609 1946 Statum
2643 1896 2693 1946 in
2724 1896 2914 1957 Gallia,
2948 1899 3205 1964 praecipue
3226 1902 3322 1955 sub
3343 1901 3534 1954 Carolo
3562 1904 3697 1955 Mar-

521 1995 853 2055 guntvoccm
894 1986 1037 2037 radat
1064 1984 1172 2054 (b);
1227 2001 1329 2053 quo
1381 2000 1503 2039 casu
1554 1988 1603 2037 in
1654 2000 1761 2038 rem
1815 1994 2048 2037 nostram

520 2073 645 2125 facit
668 2084 853 2125 canOn.
905 2074 1002 2137 Qui
1034 2074 1179 2140 plura
1208 2074 1272 2125 de
1314 2066 1409 2126 hac
1437 2073 1708 2140 disciplina
1732 2086 2047 2140 cognoscere

523 2162 690 2227 cupit,
720 2162 870 2214 adeat
904 2160 1059 2214 Card.
1087 2159 1393 2223 Baronium,
1415 2143 1598 2213 Annal.
1631 2161 1929 2212 Eccl..ann.
1960 2159 2045 2222 58,

519 2250 547 2318 ς
594 2248 688 2299 i5?
745 2259 793 2301 et
843 2263 953 2315 seq.
1041 2250 1201 2300 l’orro
1245 2249 1598 2313 antiquitatem
1650 2247 1869 2299 laudata:
1920 2247 2048 2298 Vita:

515 2336 685 2388 sancti
729 2335 991 2388 Ambrosii
1019 2336 1292 2388 certiorem
1338 2335 1457 2387 facit
1499 2336 1762 2387 silentium
1790 2336 1854 2388 de
1882 2336 2045 2387 altera

516 2421 768 2474 Bituricas
815 2421 1175 2484 translatione,
1205 2436 1320 2473 cum
1350 2422 1554 2475 dicatur
1582 2422 1888 2488 simpliciter
1930 2431 2047 2474 actu

516 2509 844 2573 requiescere
873 2509 922 2559 in
958 2507 1176 2560 Ernotro
1219 2510 1502 2572 vico;dum
1552 2518 1755 2561 constat
1799 2524 1859 2560 ex
1912 2526 1962 2560 n.
1992 2511 2045 2573 5,

512 2598 681 2663 qualis
710 2585 893 2665 legiiur
935 2600 983 2651 in
1013 2599 1193 2653 codice
1224 2601 1414 2666 regina:
1446 2601 1668 2663 Suecitr,
1695 2601 1801 2668 jam
1850 2601 2047 2652 sazculo

513 2686 719 2738 decimo
758 2684 945 2753 corpus
985 2682 1435 2739 sancti'Bituricas
1474 2689 1777 2739 translatum
1804 2728 1816 2749 ,
1847 2688 2045 2739 cultum

512 2774 705 2828 ibidem
740 2776 1014 2836 habuisse;
1046 2778 1167 2842 quin
1194 2776 1298 2827 imo
1341 2778 1534 2829 saeculo
1562 2777 1871 2841 praecedenti
1911 2777 2045 2828 intra

510 2864 694 2915 urbem
725 2863 923 2917 delatas
946 2861 1110 2917 fuisse
1132 2866 1263 2916 sacri
1286 2865 1522 2931 corporis
1550 2856 1795 2930 reliquias
1824 2873 2037 2930 propter

515 2950 933 3004 Normannornm
969 2951 1345 3013 furores,’satis
1376 2951 1639 3016 probabile
1670 2960 1769 3017 est,
1800 2952 1872 3003 uti
1901 2952 2045 3003 vidc-
2080 2959 2087 2965 '

515 3041 687 3093 bimus
714 3040 948 3093 inferius.
977 3044 1144 3107 Atque
1170 3042 1286 3093 hinc
1308 3043 1621 3101 concludere
1648 3043 1788 3107 licet,
1815 3041 2045 3094 codicem

514 3126 706 3195 regina:
732 3127 933 3181 Succia:
963 3128 1270 3195 recentioris
1310 3127 1575 3194 cujusdam
1611 3143 1794 3180 manus
1821 3141 1953 3188 esse,
1987 3135 2041 3179 ut

2153 1980 2310 2030 tello:
2351 1999 2367 2029 ι
2400 1980 2584 2033 Franci
2617 1984 2778 2043 enim,
2811 1986 2899 2047 ait;
2934 1986 3204 2052 plusquam
3245 2002 3337 2052 per
3367 1997 3573 2054 tempus
3599 2003 3698 2039 oc-

2153 2069 2343 2133 toginta
2376 2084 2627 2139 annorum
2662 2072 2917 2135 synodum
2965 2088 3065 2125 non
3096 2071 3355 2136 fecerunt,
3388 2088 3486 2127 nec
3515 2076 3697 2127 archi-

2151 2156 2452 2220 episcOpum
2508 2157 2819 2220 habuerunt,
2853 2172 2947 2212 nec
2992 2160 3240 2213 Ecclesiae
3269 2162 3521 2213 canonica
3566 2163 3692 2228 jura

2150 2244 2342 2294 alicubi
2372 2242 2662 2295 l'undabant
2699 2258 2787 2296 aut
2822 2247 3161 2301 renovabam.
3191 2248 3344 2300 Modo
3370 2259 3547 2302 autem
3578 2264 3694 2301 ma-

2150 2330 2284 2381 xima
2313 2345 2374 2382 ex
2408 2341 2552 2396 parte
2586 2348 2675 2399 per
2716 2334 2975 2399 civitates,
3002 2336 3328 2399 episcottales
3375 2337 3533 2389 sedes
3578 2346 3691 2391 tra-

2151 2417 2270 2467 ditae
2297 2426 2416 2468 sunt
2445 2418 2589 2471 laicis
2616 2421 2817 2486 cupidis
2847 2412 2910 2472 ad
2942 2422 3329 2487 possidendum,
3359 2426 3443 2476 vel
3484 2425 3699 2478 adulte-

2153 2502 2276 2553 ratis
2302 2504 2527 2565 clericis,
2559 2506 2934 2559 sr-ortatoribus
2966 2518 3019 2560 et
3047 2508 3335 2574 publicanis
3362 2511 3691 2564 szeculariter

2154 2589 2217 2639 ad
2245 2588 2635 2655 perimendum.
2666 2612 2682 2642 ι
2722 2593 2798 2645 Ad
2843 2595 2951 2645 ha-c
2972 2594 3129 2660 igitur
3173 2597 3304 2647 mala
3333 2599 3399 2649 ab
3431 2598 3688 2651 Ecclesiis

2151 2674 2431 2729 Galliarum
2463 2680 2765 2741 avertenda,
2793 2681 2974 2732 scribit
3002 2692 3210 2735 sanctus
3236 2684 3533 2736 Bonifacius
3557 2684 3693 2737 Car-

2152 2761 2482 2826 lomannum,
2532 2767 2715 2818 ducem
2766 2766 3108 2829 Francorum.
3153 2770 3235 2821 cui
3273 2773 3550 2823 Austrasia
3596 2788 3695 2838 gu-

2158 2847 2424 2902 bernanda
2467 2849 2771 2916 obvenerat,
2805 2854 2936 2905 velle
2980 2868 3294 2922 congregare
3324 2838 3601 2925 synodum,
3636 2858 3694 2909 in

2155 2958 2276 3009 qua,
2304 2956 2418 3007 qum
2457 2942 2561 3007 jam
2601 2959 2616 2989 ι
2650 2943 2800 3007 longo
2830 2951 3060 3010 tempore
3087 2945 3281 2997 calcata
3322 2955 3375 2999 et
3422 2947 3686 3012 dissipata

2154 3031 2374 3092 fuerant,
2422 3030 2804 3095 corrigerentur
2829 3039 2875 3082 et
2906 3032 3359 3084 emendarentur.»
3389 3034 3561 3098 Atque
3589 3033 3696 3085 hoc

2158 3118 2443 3181 prtestitum
2477 3128 2733 3180 utcunque
2775 3115 2870 3168 fuit
2910 3117 3114 3169 concilii
3145 3118 3459 3183 Liptinensis
3486 3132 3698 3171 unone

513 3225 634 3281 pete
663 3216 751 3282 qui
793 3216 929 3267 circa
962 3214 1113 3267 finem
1156 3216 1548 3267 translationem
1583 3217 1819 3281 corporis
1864 3216 2043 3281 adjun-
2082 3183 2126 3243 Ο
2159 3208 2388 3259 secundo
2413 3208 2517 3273 (τί),
2546 3220 2672 3272 quo,
2702 3208 2958 3273 episcopis
2987 3215 3036 3259 ει
3066 3207 3417 3261 (Σθτιοιηθηηο
3462 3222 3693 3262 0005811—

511 3305 603 3373 git.
632 3304 939 3357 Labbcantts
982 3313 1153 3357 textus
1193 3305 1259 3356 de
1301 3304 1526 3357 Ernotro
1556 3306 1671 3356 vico
1699 3318 1858 3373 agens
1885 3304 2007 3356 dicit
2037 3322 2047 3354 :

520 3410 542 3451 ε
567 3391 660 3464 Ubi
696 3407 887 3459 corpus
931 3391 1043 3459 ejus
1083 3393 1367 3459 requiescit
1406 3395 1455 3445 in
1506 3407 1653 3459 pace,
1687 3392 1769 3444 ubi
1814 3407 1903 3457 per
1920 3406 2045 3445 ,eutu

515 3482 767 3534 Dominus
800 3482 1016 3535 virtutes
1046 3483 1235 3535 multas
1274 3482 1551 3535 ostendere
1594 3484 1835 3547 dignatus
1878 3491 1995 3534 est:
2030 3500 2048 3531 ι

518 3569 681 3620 codex
709 3582 830 3621 vero
858 3568 1051 3636 regina:
1082 3568 1282 3622 Sueciuc
1310 3567 1465 3620 habet
1491 3585 1501 3617 :
1558 3568 1642 3619 ubi
1682 3584 1698 3616 ι
1727 3582 1913 3632 corpus
1942 3568 2053 3631 ejus

518 3656 916 3723 requievit......
947 3668 1121 3723 postea
1149 3657 1363 3723 jubrnte
1395 3658 1613 3710 Domino
1651 3658 1952 3709 translatum
1976 3665 2055 3708 est

512 3761 704 3813 corpus
731 3748 846 3814 ejus
875 3762 1034 3817 prope
1074 3748 1296 3800 Biturica
1324 3748 1549 3809 civitate,
1580 3756 1629 3798 et
1662 3748 1860 3813 positus
1890 3757 1968 3798 est
1997 3747 2048 3798 in

516 3836 635 3889 loco
659 3836 742 3901 qui
769 3844 983 3889 vocatur
1007 3836 1280 3900 Bissiacus,
1307 3845 1553 3907 regnante
1582 3835 1641 3886 Ι).
1662 3836 1723 3887 Ν.
1743 3835 1788 3887 J.
1810 3832 2009 3896 C.,etc.
2029 3854 2045 3884 ι

520 3924 595 3978 Ex
644 3923 721 3977 his
770 3924 1021 3977 omnibus.
1051 3926 1180 3975 satis
1247 3922 1498 3995 liquidum
1549 3923 1633 3985 ﬁt,
1692 3936 1719 3972 a
1768 3922 2048 3988 subacquali

523 4027 782 4082 anonymo
824 4027 940 4065 esse
970 4013 1314 4079 conscriptam
1352 4012 1515 4063 Vitam
1546 4011 1675 4061 infra
1705 4009 1979 4061 edendam.

590 4166 616 4231 ᾗ
657 4161 719 4215 Il.
772 4163 945 4216 Sancti
985 4163 1230 4213 Ambrosii
1274 4163 1583 4228 episcopatus
1627 4170 1673 4211 el
1713 4177 1786 4210 res
1837 4163 1886 4212 in
1927 4176 1983 4211 eo

1206 4240 1370 4296 gestia.

591 4367 642 4417 6.
675 4364 747 4417 De
775 4374 912 4425 ortu,
941 4364 1231 4430 juventute,
1261 4350 1517 4428 rebusque
1546 4370 1663 4412 ante
1700 4361 2050 4426 episcopatum

518 4453 677 4519 gestis
704 4453 867 4528 sancti
892 4451 1151 4503 Ambrosii
1183 4450 1308 4502 nihil
1342 4449 1575 4501 refermit
1604 4450 1719 4515 ejus
1746 4447 2049 4513 biographi;

519 4556 639 4595 nam
684 4542 821 4609 quod
857 4539 1021 4591 immit
1068 4538 1202 4599 Vita,
1234 4552 1346 4604 qua:
1378 4551 1649 4602 perperam
1696 4536 1857 4586 sancti
1903 4534 2045 4585 Allo-

520 4634 650 4701 giosi
695 4630 1015 4690 inscribitur,
1046 4629 1113 4681 de
1157 4643 1254 4694 qua
1294 4641 1450 4694 supra
1486 4644 1536 4703 u.
1562 4626 1613 4688 4,
1647 4626 1795 4692 quasi
1843 4635 2051 4677 sanctus

525 4721 834 4774 Ambrosius
875 4728 994 4771 ante
1040 4718 1409 4793 episcopatum,
1436 4725 1763 4781 conjugatus,
1795 4716 1859 4767 ab
1887 4729 2052 4766 uxore

521 4827 611 4865 sua
663 4819 887 4865 tentatus
938 4810 1145 4871 luisset,
1176 4806 1362 4859 nullius
1393 4815 1471 4858 est
1516 4803 1792 4865 momenti,
1834 4816 1949 4854 cutn
2004 4803 2053 4853 in

523 4910 619 4955 hoc
649 4902 763 4955 solo
792 4884 973 4953 codice
1017 4900 1326 4967 reperiatur,
1368 4904 1524 4962 atque
1561 4894 1677 4947 istic
1724 4893 1926 4946 uncinis
1978 4892 2056 4943 in-

520 4996 746 5054 clusum,
776 4992 1026 5056 nulloque
1071 5002 1206 5040 nexu
1253 5000 1371 5038 cum
1406 4983 1821 5055 prazcedentihus
1848 4991 1899 5032 et
1930 4995 2054 5031 con-

522 5082 856 5151 ~«uiuentibus
896 5079 1217 5145 colligatum,
1262 5074 1581 5142 adjectitium
1625 5086 1836 5136 prorsus
1879 5070 2057 5121 videa-

526 5183 628 5225 tur.
656 5172 804 5235 Quod
848 5184 970 5221 vero
1002 5167 1277 5219 dolendum
1308 5173 1411 5228 est,
1441 5162 1577 5214 nulla
1625 5170 1821 5213 vetusta
1867 5159 2057 5223 St'l‘ipla

529 5263 753 5326 produnt
784 5271 1001 5325 tempus,
1025 5270 1125 5323 quo
1152 5255 1375 5307 Sanctus
1399 5252 1616 5313 vixerit;
1652 5249 1786 5300 unde.
1816 5262 2057 5300 necessa-

530 5353 608 5405 rio
633 5353 819 5404 fluctua
844 5356 921 5400 est
941 5346 1159 5409 epocha,
1183 5359 1278 5410 qua
1302 5341 1652 5409 episcOpatum
1676 5338 2060 5390 (jatlurccnsem

529 5437 775 5502 suscepit,
810 5444 855 5484 ct
888 5446 988 5499 qua
1017 5432 1151 5482 diem
1197 5444 1345 5481 suum
1397 5440 1697 5493 suprenmm
1740 5424 1884 5474 obiit.
1932 5424 2063 5473 San-

600 5590 676 5652 lu)
711 5589 779 5638 ile
810 5586 937 5635 llist.
975 5600 1166 5635 sarrar.
1207 5585 1383 5646 imag.,
1418 5580 1621 5652 ρξξυὲ,
1654 5591 1757 5631 iiot.
1785 5596 1833 5643 υ,

598 5648 670 5719 t/vj
703 5657 895 5714 Lalilie,
928 5667 962 5702 t.
991 5652 1026 5701 ll
1058 5652 1237 5711 Coum,
1271 5653 1372 5703 col.
1402 5648 1552 5701 ΗΘΒ.

601 5715 673 5788 (1")
706 5723 1047 5783 \Yut‘dtweiu,
1086 5721 1249 5785 liptst.
1288 5723 1340 5770 ὃ.
1398 5718 1584 5769 Ιέιηιίίζ.
1614 5732 1726 5783 pag.
1763 5715 2061 5767 lilii.SCI'.‘tt‘.

2154 3298 2425 3363 tientibus,
2470 3305 2715 3347 statutum
2762 3294 2877 3357 fuit,
2926 3306 2980 3348 ut
3022 3312 3139 3363 quae
3174 3298 3299 3349 olim
3341 3299 3407 3350 ab
3437 3297 3694 3354 Ecclesiis

2152 3385 2320 3435 ablata
2355 3386 2576 3445 fuerant,
2602 3383 2950 3436 retinerentur
2966 3384 3200 3449 quidem,
3222 3385 3315 3437 sed
3338 3385 3437 3437 sub
3462 3404 3482 3436 ι
3507 3400 3697 3455 preca-

2155 3470 2231 3521 rio
2246 3481 2295 3521 et
2314 3483 2495 3531 censu,
2510 3488 2527 3518 ι
2548 3470 2614 3521 ita
2641 3480 2692 3519 ut
2711 3469 2775 3520 de
2804 3488 2820 3518 ο
2843 3485 3147 3537 unaquaque
3163 3483 3359 3533 casata,
3374 3490 3393 3521 ι
3413 3486 3525 3534 seu,
3546 3483 3704 3539 prout

2153 3558 2427 3629 Zacharias
2458 3571 2583 3622 papa
2607 3558 2760 3621 epist.
2777 3573 2871 3609 ιιι
2894 3558 2986 3609 int.
3004 3558 3194 3622 Bonif.,
3213 3559 3442 3626 loquitur
3458 3560 3557 3627 (e),
3592 3579 3610 3611 ι
3632 3562 3704 3615 de

2156 3660 2464 3711 unoquoque
2507 3646 2746 3712 conjugia
2776 3661 3069 3709 servorum,
3100 3665 3119 3697 ι
3169 3648 3367 3700 denarii
3414 3650 3703 3702 duodecim

2155 3732 2374 3799 singulis
2403 3733 2551 3782 armis
2598 3734 2977 3793 redderentur;
3007 3743 3058 3786 et
3088 3735 3321 3799 insuper,
3351 3745 3403 3786 ut
3437 3737 3704 3790 moriente

2156 3833 2456 3883 possessore
2484 3820 2642 3879 laico;
2657 3834 2738 3871 res
2766 3819 2871 3886 ipsa
2900 3821 3145 3873 Ecclesia:
3169 3822 3701 3888 restitueretur.Opo

2156 3920 2225 3955 fit}
2259 3907 2477 3971 pretium
2506 3906 2641 3957 duco
2667 3906 2731 3957 de
2771 3925 2787 3954 ι
2805 3908 3068 3973 precario»
3089 3908 3258 3973 aliqua
3293 3909 3376 3959 hic
3404 3912 3700 3975 explicare,

2156 3992 2406 4059 siquidem
2442 3988 2735 4059 hujusrnodi
2767 3982 2936 4060 pacta,
2960 3994 3077 4060 jure
3116 3997 3331 4060 antiquo
3356 3998 3570 4057 usitata,
3598 3997 3701 4050 sed

2154 4081 2257 4146 jam
2288 4082 2377 4131 diu
2405 4082 2618 4173 abolita,
2650 4083 2732 4132 vix
2762 4082 2841 4132 sui
2880 4082 3151 4148 vestigium
3183 4083 3530 4149 reliquerunt.
3561 4082 3701 4139 Pre-

2156 4169 2349 4221 carium
2384 4169 2799 4221 recte'definiunt
2839 4170 3079 4222 doctores
3105 4185 3169 4222 ex
3200 4172 3327 4236 ipsis
3353 4171 3529 4224 verbis
3551 4170 3710 4238 juris

2157 4258 2410 4318 canonici,
2434 4274 2479 4308 c.
2506 4271 2583 4322 Ill,
2610 4258 2675 4309 (lc
2716 4257 2899 4309 liccar.
2929 4256 3028 4324 (ut,
3056 4255 3179 4322 14):
3215 4275 3233 4306 ι
3259 4255 3314 4309 Id
3343 4258 3479 4325 quod
3530 4258 3711 4324 preci-

2158 4347 2251 4398 lms
2284 4346 2506 4411 petentis
2534 4346 2779 4397 utendum
2818 4349 3121 4398 conceditur
3151 4346 3351 4416 tandiu,
3381 4346 3619 4411 quandin
3655 4347 3710 4402 is

2158 4436 2242 4501 qui
2274 4436 2532 4486 concessit
2562 4434 2772 4497 patitur.
2802 4452 2819 4482 ι
2855 4435 2943 4485 Est
2974 4434 3126 4500 igitur
3154 4433 3365 4485 donatio
3395 4448 3527 4487 usus
3556 4448 3709 4489 sem-

2157 4539 2247 4589 per
2277 4516 2605 4575 revocabilis.
2636 4524 2711 4574 Ex
2749 4524 2831 4575 his
2861 4522 3193 4574 manifestum
3222 4521 3325 4589 jam
3358 4522 3434 4584 lit,
3466 4523 3614 4589 quod
3652 4518 3711 4575 in

2153 4612 2372 4664 concilio
2419 4608 2699 4675 Liptineusi
2730 4609 2941 4661 concedi
2991 4608 3179 4660 dicitur
3208 4625 3227 4657 ι
3259 4608 3357 4660 sub
3388 4612 3660 4673 precario,
3684 4627 3707 4659 ι

2155 4716 2269 4751 cum
2302 4700 2550 4765 usquead
2585 4708 2802 4761 mortem
2855 4697 3171 4761 possessoris
3212 4697 3325 4748 laici
3372 4698 3549 4749 alieno
3579 4700 3709 4751 usui

2157 4790 2476 4854 subjiciatur,
2510 4790 2690 4838 stricte
2722 4786 3015 4851 precarium
3057 4786 3157 4838 dici
3204 4799 3305 4837 non
3339 4798 3501 4850 Ροεεο
3540 4796 3713 4853 θῑίῑηο

2157 4882 2218 4931 ad
2252 4897 2269 4928 Ι
2302 4878 2583 4945 precariam
2607 4894 2623 4925 )
2658 4876 2929 4939 accedere,
2955 4870 3067 4942 qua:
3110 4874 3394 4938 delinitur:
3426 4891 3446 4924 ι
3480 4872 3536 4926 Id
3566 4876 3715 4943 quod

2159 4968 2403 5019 utendum
2431 4965 2736 5017 Conceditur
2764 4980 2928 5031 usque
2959 4964 3022 5016 ad
3053 4972 3271 5018 mortem
3301 4963 3439 5014 illius
3459 4965 3549 5014 cui
3580 4978 3718 5018 usus

2161 5058 2480 5110 conceditur.
2512 5074 2529 5104 ι
2578 5055 2742 5121 Atque
2786 5054 2835 5105 id
2882 5069 3046 5121 genus
3095 5054 3225 5119 pacti
3278 5049 3716 5105 confundendum

2163 5164 2262 5200 non
2294 5154 2373 5198 est
2400 5134 2513 5213 cum
2544 5161 2560 5192 ι
2593 5141 2870 5206 precariis:
2900 5158 2917 5187 ι
2944 5149 3063 5191 sunt
3088 5139 3226 5190 enim
3257 5140 3516 5203 precaris:
3542 5156 3563 5189 ι
3586 5155 3721 5192 con-

2164 5250 2355 5292 tractus
2396 5250 2496 5301 quo
2540 5247 2622 5284 res
2660 5231 2846 5283 utenda
2888 5228 3040 5280 datur
3066 5227 3128 5279 ad
3156 5236 3357 5279 certum
3393 5235 3634 5294 tempus,
3662 5238 3721 5282 et

2162 5332 2203 5383 si
2237 5314 2587 5381 concessionis
2618 5334 2817 5387 tempus
2852 5319 2919 5370 sit
2947 5318 3260 5376 diuturnius,
3292 5330 3362 5368 ne
3397 5315 3713 5385 longinqui.

2166 5429 2266 5470 late
2316 5416 2450 5467 illius
2503 5411 2751 5463 tnenioria
2794 5408 3031 5465 intereat,
3060 5402 3278 5470 singulis
3330 5401 3728 5472 quinquenniis

2191 5575 2206 5605 ι’
2237 5594 2242 5599 .
2407 5567 2491 5617 ΓΞ.

2173 5571 2521 5701 Ιιιῖιῗξιιῖιῖὼυ
2553 5644 2587 5683 t.
2622 5631 2676 5681 Vl
2706 5630 2890 5701 Cone,1
2912 5620 3190 5701 cul.__l§37.

2242 5693 2308 5773 (ε’)
2342 5706 2618 5764 \\'urdtw.,
2648 5716 2697 5766 p.
2726 5698 2837 5751 lsi.
2861 5696 2975 5749 Scr.
3005 5693 3121 5747 158.
