3910 6234
256 312 391 366 1205
1184 316 1400 369 tso'rm
1424 321 1446 364 \
1492 308 1838 367 lllSTUllltlA

1885 314 1943 365 IN
1982 317 2036 367 s.
2079 306 2483 371 sannosum.
2657 350 2664 360 .
3271 325 3395 379 istis

250 429 334 472 est
381 420 725 473 renovandus.
755 439 772 470 ι
821 420 1061 471 Naturam
1098 432 1151 473 et
1196 422 1543 473 diﬂ‘erentiam
1596 425 1776 473 Itorum
1816 422 1857 475 Α
1884 426 2068 489 gestis,
2090 436 2247 489 pauca
2264 424 2536 477 admodum
2570 428 2723 478 tradit
2749 444 3036 495 auouyuus,
3070 447 3118 481 ιι.
3152 432 3171 482 l
3204 446 3217 483 :
3254 434 3402 484 ιυιιι-
3474 452 3477 461 λ

251 516 519 572 pactorum
550 518 628 557 sat
658 506 827 571 lepide
864 506 1088 572 explicat
1128 506 1379 559 Ostiensis
1422 518 1641 573 quatuor
1676 521 1789 559 ver-

252 595 431 664 siculis
456 612 468 644 :
490 660 538 664 ,Δ
611 660 641 664 _
818 662 825 664 _
1374 596 1461 664 [Id
1487 604 1555 649 est
1579 612 1596 646 :
1619 593 1791 663 preCa]

345 660 464 721 Bias,
488 660 589 718 Bia,
611 660 747 708 Rinm
770 662 858 707 tria
880 666 1009 719 sunt,
1034 665 1205 721 quibus
1228 670 1303 710 est
1332 660 1471 720 caput
1496 660 1637 710 unum
1664 677 1675 710 :

348 718 444 780 ξιιω
463 727 577 780 sunt
599 721 753 767 solita
772 734 858 780 per
882 718 1069 777 singula
1095 723 1236 770 lustra
1264 718 1421 768 novari
1443 734 1457 780 ;

347 776 433 839 Bia
458 777 506 823 fit
528 781 584 823 ad
610 776 888 839 vitam,'nec
911 776 1025 826 citra
1052 780 1152 827 vult
1174 782 1387 827 revocari
1410 793 1423 839 ;

350 836 632 896 Fiuitnrque
658 837 793 884 Rium
818 844 930 885 tunc
949 840 1133 897 quando
1158 840 1252 886 vult
1269 851 1384 885 suus
1403 836 1583 886 auctor.

327 935 379 987 7.
418 935 519 988 Sed
551 936 660 987 haec
706 934 1053 987 Ecclesiarum
1087 937 1391 988 instauratio
1433 945 1702 1003 spectare,
1736 950 1794 989 ut

259 1023 496 1076 Insinuat
522 1023 724 1074 laudata
752 1024 969 1088 epistola
1001 1028 1164 1074 sancti
1198 1024 1443 1077 Bonifacii
1463 1024 1707 1084 .Nidetur
1730 1026 1793 1077 ad

256 1111 607 1180 Austrasi‘m,
659 1126 811 1174 quam
863 1112 1072 1174 regebat
1117 1112 1513 1177 Carlomanuus,
1562 1115 1681 1180 quin
1731 1114 1794 1165 ad

256 1199 490 1267 reliquas
528 1199 753 1260 Gallias.
798 1201 847 1250 in
887 1201 1070 1263 quibus
1106 1213 1217 1252 erat
1246 1202 1563 1266 Cadurcum,
1590 1204 1794 1257 extendi

257 1282 493 1338 deberet.
549 1286 895 1339 Nihilominus
935 1289 1148 1352 epistola
1178 1287 1210 1337 9
1239 1289 1500 1343 Zacharias
1532 1305 1675 1356 papa:
1704 1292 1797 1359 (α),

271 1392 292 1423 ι
323 1373 441 1426 data
472 1373 637 1440 pridie
666 1373 922 1427 Kalendas
950 1374 1274 1441 Novembris,
1301 1380 1583 1446 imperante
1611 1380 1801 1431 domno

268 1463 508 1529 piissimo
534 1464 765 1530 Augusto
791 1462 1133 1515 Constantino
1159 1479 1187 1517 a
1216 1465 1318 1515 Deo
1341 1474 1589 1518 coronato
1616 1481 1803 1532 magno

267 1553 619 1617 imperatore,
658 1566 795 1605 anno
833 1552 935 1617 27,
975 1553 1171 1619 imperii
1219 1554 1331 1620 ejus
1384 1569 1505 1608 ann.
1554 1554 1607 1615 5.
1668 1556 1802 1609 indi-

267 1640 445 1691 ctione
496 1654 604 1701 xtv,
664 1658 682 1689 ι
737 1647 913 1705 aperte
966 1641 1219 1707 synodum
1273 1642 1398 1694 dicit
1442 1652 1803 1709 congregatam

265 1728 433 1781 fuisse
478 1746 495 1778 t
534 1726 880 1781 mediantibus
927 1728 1143 1795 Pippino
1182 1737 1236 1780 et
1271 1731 1649 1794 Carlomanuo;
1690 1749 1708 1780 ι
1754 1744 1805 1783 et

266 1814 479 1883 quidem
521 1816 572 1866 in
605 1814 738 1867 dicta
778 1814 979 1883 synodo
1018 1827 1187 1867 aetum
1222 1816 1379 1870 fuisse
1411 1816 1477 1870 de
1515 1832 1673 1870 censu
1715 1832 1808 1868 au-

270 1920 379 1956 nuo
432 1904 705 1957 duodecim
754 1904 1085 1957 denariorum
1146 1906 1391 1979 Ecclesia:
1447 1908 1806 1971 persolvendo.

268 1991 420 2044 Nulla
452 2003 622 2044 tamen
651 2001 818 2043 exstat
848 1994 1099 2043 memoria
1128 1993 1353 2052 concilii,
1384 1994 1446 2045 ad
1476 1994 1611 2060 quod
1641 1994 1808 2059 Pippi-

268 2094 373 2134 nus
414 2089 467 2133 et
515 2080 919 2143 Carlomannus,
968 2094 1085 2132 cum
1132 2081 1389 2148 episcopis
1438 2082 1592 2133 totius
1635 2082 1811 2134 Gallias

271 2155 620 2224 convenerint
651 2187 663 2220 :
697 2170 961 2236 probabile
992 2170 1167 2237 itaque
1190 2178 1273 2223 est
1309 2172 1563 2239 synodum
1600 2173 1812 2234 biparti-

272 2266 381 2310 tam
408 2257 588 2316 fuisse.
618 2256 817 2309 scilicet
846 2256 1065 2322 Liptinze
1092 2273 1183 2323 pro
1216 2258 1502 2320 Austrasia,
1533 2272 1667 2309 anno
1689 2256 1811 2321 7‘3,

269 2342 559 2397 secundum
591 2342 721 2394 Phil.
746 2342 1042 2409 Labbe(b),
1081 2352 1189 2409 aut,
1228 2354 1379 2409 prout
1402 2346 1509 2396 vult
1532 2344 1688 2397 Μειηεί
1721 2345 1811 2411 (ο),

275 2446 419 2486 anno
446 2430 566 2496 7&5,
601 2441 652 2484 et
679 2431 997 2495 Suessiouis,
1030 2446 1121 2498 pro
1152 2432 1346 2499 reliqua
1374 2433 1536 2486 Gallia
1568 2449 1652 2485 an.
1685 2433 1814 2493 7N;

273 2534 343 2575 ex
374 2533 571 2571 canone
608 2529 779 2572 autem
802 2519 957 2571 tertio
980 2519 1129 2585 hujus
1166 2520 1371 2576 concilii
1402 2521 1483 2585 (ά)
1512 2531 1651 2586 patet
1691 2536 1817 2572 t-on-

276 2608 493 2661 stitutus
532 2614 654 2660 tunc
679 2604 837 2658 fuisse
872 2625 890 2657 ι
926 2620 1019 2672 per
1044 2607 1277 2658 civitates
1317 2606 1577 2674 legitimos
1613 2610 1819 2673 episco-

280 2706 401 2760 pos,
433 2700 485 2745 et
510 2692 576 2745 de
617 2693 894 2763 subtractis
923 2694 1079 2746 rebus
1105 2709 1318 2747 censum
1361 2700 1586 2748 annuum
1630 2699 1822 2763 pariter

279 2780 446 2834 fuisse
484 2780 803 2833 reddendum
836 2797 847 2831 :
887 2799 906 2831 ι
940 2780 1078 2834 unde
1116 2793 1332 2849 apparet
1371 2786 1595 2836 maxime
1635 2797 1824 2836 conve-

278 2868 399 2922 nire
426 2866 854 2929 Suessionensem
886 2869 1142 2937 synodum
1172 2885 1289 2922 cum
1320 2872 1627 2937 Liptinensi.
1651 2872 1822 2935 Quaeri

1893 506 2046 559 nibus
2076 509 2289 572 diebus,
2334 513 2421 571 ait.
2472 527 2532 563 ac
2562 514 2797 566 noctibus
2826 515 2874 564 in
2906 514 3090 581 vigiliis
3119 526 3167 566 et
3209 518 3402 568 Oratio-

1884 584 2040 661 'uibus
2076 608 2187 650 erat
2232 604 2746 671 semperintentus:
2793 619 2891 656 non
2932 606 3068 657 enim
3118 605 3168 655 in
3214 605 3404 657 divitiis

1892 684 2094 746 mundi,
2124 700 2218 738 nec
2244 687 2296 738 in
2322 689 2578 741 thesauris
2610 689 2850 742 Ecclesia
2879 691 3165 744 confidebat
3184 733 3198 755 ,
3231 692 3318 743 sed
3351 693 3400 743 in

1893 771 2243 823 misericordia
2293 773 2527 837 Domini,
2555 777 2675 841 quia
2718 777 2901 841 plenus
2934 788 3045 829 erat
3072 764 3351 844 gratia’Dei
3386 796 3398 827 :

1894 870 1995 907 non
2022 857 2266 923 diligebat
2291 854 2559 929 séculmn,
2585 876 2677 913 nec
2702 876 2808 925 eas,
2833 878 2945 929 quae
2974 862 3023 913 in
3051 864 3238 915 seculo
3265 876 3403 923 sunt,

1896 942 2181 1009 facultates,
2221 952 2272 997 et
2315 961 2397 997 res
2442 947 2707 1010 Ecclesiae,
2750 962 2809 999 ac
2849 950 3081 1014 proprias
3119 963 3241 1013 opes
3283 965 3405 1012 quas

1899 1035 2142 1097 habebat,
2191 1035 2498 1103 pauperibus
2544 1036 2806 1103 erogabat,
2859 1039 3020 1089 nudus
3065 1037 3404 1101 coopt-rieba',

1900 1126 2189 1177 esurientes
2218 1124 2473 1187 satiabat,
2507 1126 2737 1177 Sillenles
2771 1129 2994 1191 petebat,
3024 1129 3250 1193 captivos
3281 1120 3413 1197 rt'di-i

1899 1212 2088 1277 mebat,
2120 1204 2423 1265 thesaurum
2445 1215 2540 1264 sibi
2573 1213 2622 1265 in
2644 1215 2776 1266 cteio
2811 1218 3145 1280 prmparahat.
3170 1214 3412 1265 Dicebant

1900 1312 2079 1349 omnes
2120 1306 2388 1350 senatores
2410 1300 2476 1350 .iu
2508 1299 2631 1349 urbe
2676 1300 2828 1349 verba
2870 1300 3037 1362 initiua
3069 1309 3244 1349 contra
3273 1311 3408 1348 eum.

1900 1384 2027 1437 Cum
2065 1393 2235 1437 autem
2272 1384 2482 1435 vidisset
2526 1395 2731 1437 sanctus
2775 1385 2863 1434 Dei
2886 1384 3197 1463 Ἀιιιὶποςίιιε
3233 1395 3412 1433 omnes

1904 1471 2019 1522 illus
2060 1470 2260 1522 fervere
2301 1479 2480 1520 contra
2518 1484 2592 1532 se,
2626 1484 2909 1522 conversus
2952 1475 3000 1521 in
3040 1470 3323 1520 orationem
3356 1468 3417 1519 ad

1908 1557 2175 1608 Dominum
2214 1556 2383 1609 dixit:
2430 1557 2663 1617 Domine,
2708 1556 2841 1609 Deus
2884 1554 3048 1618 méus,
3087 1571 3171 1621 qm
3216 1538 3421 1607 benedi-

1909 1642 2025 1695 xiSIi
2075 1642 2366 1704 Abraham,
2417 1643 2554 1696 Isaac
2603 1653 2654 1695 et
2699 1643 2886 1705 Jacnb,
2936 1643 3149 1694 bcnedic
3199 1642 3451 1693 animatn'

1912 1744 2074 1781 meam
2105 1739 2157 1782 et
2183 1732 2352 1782 Omnia
2382 1731 2621 1783 interiora
2652 1745 2761 1782 mea
2796 1734 2842 1781 iu
2876 1731 3083 1782 nomine
3107 1741 3285 1782 saneto
3317 1740 3421 1787 tuo.

1908 1830 1957 1872 et
1981 1821 2110 1872 educ
2138 1837 2219 1873 me
2249 1820 2312 1872 de
2340 1820 2551 1872 civitate
2588 1822 2682 1871 hac
2710 1831 2763 1872 et
2801 1821 2865 1871 de
2895 1808 3083 1886 populo
3122 1820 3313 1884 iniquo,
3342 1821 3425 1883 qui

1910 1907 2031 1959 tnihi
2060 1908 2351 1960 contrarius
2380 1917 2491 1967 est,
2536 1919 2586 1959 et
2620 1907 2942 1972 blaspltcmat
2970 1920 3122 1971 opera
3157 1920 3269 1969 quae
3300 1906 3428 1956 facio

1909 1998 1960 2049 lu
1989 1997 2199 2049 nomine
2230 2006 2339 2048 tuo.
2367 1996 2492 2047 Cum
2521 1997 2631 2048 base
2660 1996 2909 2058 dixisset,
2938 1996 3101 2061 gratia
3135 1994 3220 2047 Dei
3254 1993 3433 2059 plenus

1912 2081 2130 2135 reclusit
2157 2096 2215 2135 se
2244 2082 2295 2133 in
2324 2077 2532 2141 cellula,
2562 2096 2678 2147 quae
2718 2091 2829 2132 erat
2864 2080 3012 2146 juxta
3051 2076 3431 2131 ecclcsiam.....

1915 2171 2033 2222 Post
2058 2170 2167 2222 hrcc
2196 2177 2370 2223 autem
2401 2170 2547 2223 stetit
2574 2169 2765 2221 ibidem
2792 2169 2904 2220 dies
2939 2167 3143 2221 multos.
3184 2185 3200 2216 ι
3240 2167 3310 2218 Ει
3341 2169 3437 2218 hoc

1917 2260 2035 2311 vita:
2062 2266 2241 2310 tenore
2264 2257 2465 2309 facilem
2493 2257 2644 2308 fidem
2674 2255 2979 2306 adhibemus
3006 2254 3066 2304 iis
3093 2268 3205 2320 qua:
3236 2253 3283 2303 in
3314 2253 3431 2304 Bre-

1916 2347 2078 2397 vlario
2116 2344 2431 2398 Cadurcenai
2473 2335 2713 2411 leguntur
2745 2360 2755 2394 :
2807 2361 2823 2392 t
2859 2341 3297 2401 Ambrosius,.....
3340 2340 3432 2393 Ec-

1917 2432 2091 2485 clesiae
2134 2446 2241 2484 sua:
2286 2430 2544 2484 diuturnis
2588 2429 2821 2483 cladibus
2868 2428 3071 2480 afﬂictas
3114 2426 3442 2493 splendorem

1920 2533 2172 2573 renovare
2200 2518 2524 2579 desiderans,
2553 2516 2675 2569 cleri
2705 2516 3028 2581 disciplinam
3056 2522 3108 2566 et
3136 2513 3305 2579 populi
3338 2528 3445 2564 mo-

1926 2622 2008 2659 res
2050 2606 2333 2660 emendare
2373 2620 2644 2673 aggressus
2684 2614 2765 2661 est
2804 2604 3020 2656 monitis
3050 2602 3360 2656 salutaribus
3398 2610 3448 2667 et

1873 2748 1879 2753 ,
1924 2697 2202 2759 exetnplis.
2246 2713 2264 2744 ι
2326 2694 2379 2745 Si
2421 2696 2852 2761 itaquesanetum
2895 2700 3126 2744 nostrum
3159 2691 3292 2757 apud
3328 2705 3447 2743 auu-

1924 2799 2136 2853 nymum
2164 2784 2380 2849 legimus
2415 2800 2432 2831 ι
2471 2783 2728 2834 reclusum
2751 2782 2895 2848 juxta
2926 2781 3201 2833 ecclesiam
3228 2793 3403 2845 suam,
3426 2795 3444 2825 ι

1927 2871 2030 2924 hoc
2056 2874 2126 2924 ita
2156 2871 2545 2938 intelligendum
2574 2878 2674 2934 est,
2707 2880 2761 2921 ut
2787 2869 2987 2922 cellulas
3011 2884 3118 2920 sua:
3146 2868 3342 2921 coleret
3365 2882 3452 2921 so-

277 2953 439 3022 igitur
466 2962 633 3020 potest
662 2970 783 3006 num
812 2956 954 3009 dicto
983 2970 1120 3009 anno
1148 2957 1250 3010 7M
1276 2966 1487 3011 sanctus
1518 2958 1824 3011 Ambrosius
1855 2978 1899 3037 ρ
1931 2957 2202 3011 litudlnem
2221 2996 2235 3020 ,
2264 2957 2387 3023 quin
2430 2965 2600 3007 tamen
2630 2955 2903 3023 pasmralis
2931 2970 3052 3007 cura
3082 2954 3277 3006 nullum
3319 2963 3456 3019 pate-

279 3043 592 3110 prtrpositus
621 3043 779 3097 fuerit
810 3044 1057 3098 Ecclesiae
1082 3044 1396 3099 Cadurcensi
1428 3064 1441 3111 ;
1476 3063 1644 3114 neque
1672 3049 1826 3100 dubia

281 3141 429 3182 esset
467 3131 736 3195 responsio
776 3129 1061 3195 affirmans,
1108 3133 1151 3184 si
1196 3140 1409 3199 pacatus
1451 3134 1632 3186 fuisset
1675 3135 1825 3199 Aqui-

286 3217 445 3269 taniae
473 3226 639 3269 status
667 3235 678 3268 :
710 3219 801 3270 sed
827 3233 943 3271 cum
973 3218 1069 3271 hoc
1099 3219 1212 3286 ipso
1255 3230 1487 3286 tempore
1518 3223 1567 3273 in
1599 3222 1682 3272 illa
1715 3236 1830 3285 pio-

284 3304 457 3357 vincia
506 3304 721 3357 turbam
761 3316 929 3358 essent
980 3288 1256 3373 plurimum
1303 3323 1386 3360 res
1428 3325 1629 3373 omnes,
1675 3325 1831 3360 unum

291 3394 583 3447 alterumve
613 3410 803 3446 annum
840 3395 1072 3449 fluxisse
1096 3397 1230 3449 inter
1257 3400 1577 3450 sanctionem
1610 3400 1834 3466 synodu-

286 3482 393 3535 lem
432 3488 486 3533 et
520 3480 779 3534 cathedrae
818 3481 1159 3535 Cadurccnsis
1205 3484 1635 3537 instaurationem
1685 3486 1834 3535 fat-ile

283 3564 591 3620 admiserim
642 3586 652 3619 :
706 3582 807 3620 non
856 3578 1026 3621 tamen
1075 3570 1330 3637 engimur,
1382 3581 1437 3623 ιιι
1481 3573 1831 3638 episcOpatum

289 3655 465 3708 sancti
494 3654 753 3707 Ambrosii
784 3669 945 3722 usque
973 3655 1035 3706 ad
1080 3664 1284 3723 tempus
1328 3657 1529 3724 Pippini
1573 3661 1706 3724 tegis
1746 3676 1835 3711 snt

292 3741 363 3795 ad
403 3756 593 3793 annum
628 3742 729 3793 752
766 3756 1136 3810 prorogemus;
1184 3745 1276 3796 sed
1323 3750 1615 3797 cinnanno
1646 3749 1746 3798 744
1788 3760 1840 3800 et

287 3829 529 3897 sequenti
574 3829 952 3882 Carlomannus
1002 3833 1049 3882 in
1103 3834 1429 3899 Aquitaniam
1485 3836 1659 3897 iverit,
1719 3846 1841 3888 tunc

296 3932 412 3971 rem
481 3918 891 3971 ecclesiasticam
941 3921 1275 3973 constituisse
1328 3924 1589 3987 probabile
1632 3933 1745 3983 est;
1791 3932 1845 3977 et

299 4007 523 4074 proinde
566 4006 631 4059 ab
675 4008 770 4059 hac
797 4008 1004 4059 circiter
1032 4010 1227 4074 epoclta
1273 4010 1629 4077 episcopatum
1675 4017 1840 4067 sancti

293 4095 557 4149 Ambrosii
598 4096 904 4148 ordiendum
953 4111 1086 4149 esse.
1140 4097 1352 4150 Videtur
1393 4102 1545 4167 igitur
1592 4102 1843 4155 receden-

291 4184 421 4237 dum
458 4198 486 4234 a
524 4186 777 4237 sententia
806 4181 1044 4237 Gulielmi
1073 4188 1133 4237 dc
1155 4172 1203 4238 ila
1246 4186 1401 4241 Croix
1432 4188 1525 4256 (ε),
1555 4200 1609 4241 et
1634 4190 1844 4243 Adriani

299 4270 505 4333 Baillet,
547 4272 631 4335 qui
681 4271 882 4322 initium
928 4275 1257 4340 episcopatus
1307 4280 1476 4329 Sancti
1527 4281 1689 4330 nostri
1738 4290 1849 4345 post
1884 4266 1921 4317 εἶ

300 4373 496 4413 annum
526 4358 717 4410 Christi
748 4357 875 4420 752,
910 4376 1011 4425 quo
1043 4362 1290 4429 Pippinus
1322 4380 1408 4418 rex
1442 4368 1696 4419 salutatus
1730 4369 1840 4433 fuit,

304 4444 564 4512 figendum
609 4449 845 4508 putavit:
888 4449 1225 4515 corrigcudus
1265 4467 1472 4520 quoque
1515 4456 1717 4509 videtur
1763 4458 1845 4508 hi-

300 4534 525 4584 storiCns
554 4532 895 4584 Cadurcensis
920 4534 1387 4591 Cathala-Cothure
1419 4541 1494 4610 [Η
1525 4544 1614 4608 ωε
1654 4560 1756 4609 quo
1797 4554 1848 4594 ct

299 4618 436 4693 infra
457 4621 606 4671 nobis
628 4621 880 4687 agendum
905 4624 1048 4687 erit),
1078 4624 1161 4688 qui
1192 4624 1321 4677 dicit
1348 4639 1585 4678 sanctum
1618 4633 1845 4681 Ambro-

301 4711 438 4763 sium
471 4711 699 4776 regimen
731 4711 1075 4765 Cadurcensis
1111 4716 1353 4767 Ecclesia:
1392 4718 1684 4783 suscepisse
1713 4737 1849 4771 anno

301 4797 494 4848 Christi
523 4795 661 4859 742;
703 4813 807 4863 quo
836 4787 981 4851 certe
1014 4815 1097 4853 res
1129 4803 1177 4852 in
1207 4802 1387 4856 Galliis
1415 4819 1515 4857 non
1547 4820 1695 4859 erant
1724 4811 1851 4858 satis

299 4894 550 4946 matura';
598 4895 652 4935 ut
692 4884 997 4938 reformatio
1044 4899 1209 4943 status
1257 4893 1600 4947 ecclesiastici
1650 4896 1849 4960 incipe-

299 4982 472 5028 ιθιυι.

380 5062 433 5114 8.
473 5062 547 5116 De
601 5066 756 5117 rebus
804 5080 831 5116 a
884 5077 1065 5119 sancto
1110 5068 1390 5124 Ambrosio
1444 5073 1523 5124 inx
1552 5074 1852 5141 episcopatu

404 5218 457 5276 a)
500 5211 786 5274 Wurdtw.,
823 5230 869 5279 p.
909 5214 1025 5266 184.
1059 5218 1171 5267 Ser.
1206 5218 1321 5270 158.

403 5281 452 5344 ὁ)
490 5279 553 5331 Τ.
590 5280 647 5330 Vl
679 5276 862 5343 Comi,
894 5285 995 5333 col.
1026 5283 1177 5339 1557,
1390 5276 1404 5291 ’

378 5352 452 5419 (gi
487 5348 549 5419 Τ.
573 5348 598 5419 ΔΙ
626 5348 827 5419 Suppl.,
859 5351 957 5419 col.
991 5351 1112 5404 551.

379 5415 462 5480 ια)
498 5415 670 5469 Labbe
700 5427 737 5468 t.
774 5417 830 5467 VI
862 5417 1043 5480 Cone,
1076 5421 1174 5471 col.
1214 5422 1362 5475 135.3.

382 5488 449 5550 (ε)
486 5483 598 5536 Ser.
632 5495 683 5538 et
712 5492 821 5537 Act.
858 5487 1005 5551 l‘l’pisc
1059 5486 1300 5553 Ctttlurc.,
1336 5508 1384 5555 ιι.
1419 5490 1502 5540 5‘2.

1932 3054 2072 3097 retur
2109 3045 2497 3097 detrimentum.
2544 3043 2704 3096 [tecte
2752 3045 2902 3109 igitur
2949 3042 3209 3108 laudatum
3251 3042 3456 3100 Brevia.

1931 3133 2063 3185 rium
2093 3130 2427 3185 Cadurreuse
2450 3174 2463 3195 ,
2494 3132 2707 3198 vestigia
2738 3130 2979 3198 anonymi
3008 3143 3186 3196 presse
3216 3142 3459 3195 sequens.

1935 3219 2082 3271 addit
2108 3218 2222 3284 ejus
2253 3219 2496 3270 miracula
2528 3219 2790 3271 saniorem
2836 3219 3007 3283 populi
3052 3224 3246 3283 partem
3290 3217 3339 3267 in
3384 3218 3462 3268 sui

1934 3307 2334 3359 admirationem
2366 3308 2602 3373 rapuisse
2636 3324 2647 3357 :
2679 3307 2815 3372 quod
2850 3302 3077 3370 profectu
3114 3318 3214 3354 non
3245 3303 3461 3365 accidis-

1934 3402 2032 3459 set,
2075 3394 2116 3444 si
2160 3382 2317 3445 officii
2364 3394 2675 3458 episcopalis
2717 3394 2999 3460 negligens,
3040 3392 3464 3457 contemplationi

1938 3480 2086 3534 unice
2142 3491 2395 3533 vacasset.
2452 3481 2577 3533 Dein
2636 3483 2893 3547 quomodo
2948 3481 3124 3532 dicere
3179 3479 3468 3545 potuissent

1938 3587 1990 3621 ιι.
2037 3571 2112 3620 8:
2162 3587 2180 3618 ι
2223 3570 2308 3620 νυ
2354 3570 2501 3620 nobis
2544 3567 2901 3634 peccatoribus
2943 3568 3026 3634 qui
3067 3566 3471 3619 contradisimus

1939 3672 2096 3724 opera
2124 3671 2214 3708 sua
2243 3665 2298 3709 et
2328 3648 2427 3708 non
2460 3656 2679 3707 vidimus
2706 3655 2929 3707 virtutes
2957 3652 3166 3714 multas,
3197 3667 3325 3721 quas
3352 3653 3473 3706 fecit

1942 3758 2034 3812 per
2062 3758 2180 3796 eum
2228 3744 2382 3807 Deus,
2419 3762 2436 3809 ι
2481 3745 2521 3794 si
2556 3743 2799 3808 populum
2840 3742 2935 3794 sibi
2975 3743 3311 3794 commissum
3354 3753 3474 3793 san-

1941 3840 2054 3883 ctus
2084 3844 2185 3882 non
2218 3832 2436 3883 rexisset
2462 3831 2633 3882 verbis
2664 3838 2714 3881 el
2742 3829 3026 3893 exemplis?

2012 3918 2064 3972 9.
2108 3918 2363 3971 Incertum
2392 3931 2547 3984 porro
2575 3928 2656 3970 est
2681 3917 2906 3984 quandiu
2933 3926 3143 3969 sanctus
3170 3917 3477 3971 Ambrosius

1945 4022 2053 4060 sua)
2078 4006 2344 4075 praefuerit
2384 4006 2651 4067 Ecclesir,
2695 4006 2880 4067 donec,
2931 4004 3109 4057 relicto
3152 4005 3477 4072 episcopatus

1946 4110 2126 4157 onere,
2170 4097 2219 4161 in
2266 4094 2597 4146 solitudinem
2623 4093 2864 4145 omnibus
2896 4094 3207 4161 incognitam
3246 4107 3363 4146 sese
3389 4096 3478 4147 alio

1950 4183 2157 4235 diderit.
2210 4170 2552 4249 Septeunimn
2611 4182 2874 4246 regitninis
2930 4189 3162 4234 statuunt
3218 4182 3475 4234 Breviaria

1953 4268 2324 4332 Cadurccusia,
2352 4269 2442 4321 sed
2474 4268 2637 4328 nullo,
2669 4252 2753 4334 qui
2783 4270 2990 4335 quidem
3019 4279 3265 4335 apparet,
3298 4269 3484 4323 ἰιΙοιιειι

1952 4367 2080 4410 teste
2134 4356 2362 4411 suffulta.
2420 4358 2707 4410 llistoricus
2752 4356 3099 4412 Catlurcencis
3148 4360 3489 4413 (Iathala-Co-

1949 4445 2370 4514 ture(g)c0njicit
2390 4457 2624 4499 sanetmn
2650 4447 2978 4501 Ambrosium
3004 4463 3234 4501 eremum
3264 4450 3488 4501 incolere

1948 4535 2171 4599 ccepisse
2214 4548 2276 4587 eo
2322 4548 2478 4597 anno,
2525 4550 2626 4598 quo
2679 4536 2889 4587 basilica
2940 4534 3255 4603 Figiaceusis
3303 4551 3484 4589 conse«

1949 4634 2089 4675 erata
2133 4622 2245 4685 fuit,
2281 4624 2621 4688 prmseutibus
2650 4624 2914 4689 Stephano
2942 4624 2981 4677 ll
3012 4638 3139 4690 papa
3171 4626 3246 4691 (Ιι)
3280 4635 3332 4679 et
3368 4625 3490 4692 Pip-

1952 4713 2071 4779 piuo
2098 4726 2255 4778 rege,
2287 4711 2404 4776 quia
2436 4712 2548 4777 ejus
2590 4727 2781 4763 nomen
2815 4727 2917 4764 non
2962 4714 3179 4766 recurrit
3221 4714 3357 4765 inter
3385 4715 3496 4780 cpia

1952 4815 2160 4867 scopos,
2186 4802 2270 4865 qui
2301 4801 2453 4852 dictae
2483 4802 2865 4869 consecrationi
2901 4802 3270 4859 interfuerunt.
3307 4804 3493 4856 Verum

1952 4892 2123 4943 adhuc
2168 4891 2367 4943 nullum
2412 4892 2583 4957 reperi
2626 4901 2889 4947 auctorem
2938 4894 3225 4962 antiquum,
3268 4897 3352 4963 qui
3405 4911 3497 4948 no-

1957 4982 2092 5032 mina
2121 4980 2504 5047 episcoporum,
2537 4982 2914 5035 consecrationi
2944 4982 3233 5050 Figiacensi
3269 4998 3495 5049 praisew-

1957 5071 2105 5136 tium,
2132 5070 2392 5121 recitaret.
2426 5068 2711 5120 Gulielmus
2742 5070 2805 5122 de
2828 5071 2871 5121 la
2892 5069 3043 5123 Croix
3068 5110 3081 5133 ,
3113 5070 3197 5137 qui
3230 5087 3281 5123 n.
3316 5070 3381 5124 67
3410 5070 3493 5137 (ἱ),

2028 5226 2104 5291 (1⁸)
2147 5224 2275 5276 Hist.
2310 5225 2375 5275 du
2408 5225 2625 5292 qurcy,
2665 5235 2699 5275 t.
2739 5224 2775 5285 Ι,
2812 5239 2858 5290 p.
2898 5223 2984 5278 8‘2.

2029 5292 2106 5360 (g)
2149 5292 2291 5349 Ibid,
2327 5308 2374 5352 p.
2409 5293 2493 5343 87.

2031 5358 2104 5427 (It)
2146 5360 2466 5423 Quaudouuc
2489 5361 2644 5411 etiam
2686 5361 2997 5425 Stepltanus'
3024 5363 3081 5412 lll
3124 5361 3393 5428 dictus,jut
3420 5358 3500 5413 vlo
3530 5423 3535 5427 _

1960 5429 2084 5479 dere
2111 5436 2191 5478 est
2219 5427 2351 5490 apud
2382 5427 2755 5493 Chronoloéos.

2040 5496 2096 5561 (ἔ)
2140 5496 2255 5546 Str.
2294 5492 2461 5560 Epist.
2500 5492 2740 5553 (ἶςιέΙιιιΓη
2775 5512 2821 5561 ιι.
2854 5498 2918 5545 ΞΠ
