3910 6234
519 326 542 379 1
553 325 650 379 9.οἸ

1409 324 1464 377 S.
1511 325 1891 382 AMBROSIUS
1930 327 2396 388 CADURCENSIS
2443 334 2831 392 EPISCOPUS.

3618 348 3759 402 1208

518 434 624 487 late
653 432 899 487 describit
932 432 1278 499 prodigiosatn
1312 435 1445 485 hanc
1474 438 1959 499 consecrationem,
1992 438 2071 489 di-
2102 441 2146 496 A
2179 439 2508 506 Pontificum,
2543 446 2629 511 qui
2680 460 2811 498 nova
2844 445 3133 513 privilegia,
3180 448 3587 516 Figiacensibns
3621 440 3768 508 eoo?

518 522 586 575 rit
611 523 821 590 quidem
854 537 919 574 ex
948 524 1093 576 Actis
1124 524 1173 575 in
1202 521 1493 589 Figiacensi
1523 526 1735 576 archivo
1764 528 2069 599 asservatis,

519 629 540 662 ι
578 610 769 666 multos
820 611 1049 665 adfuisse
1107 610 1421 678 pontifices,
1481 612 1618 665 inter
1671 628 1804 680 quos
1850 615 2073 667 celebris

511 706 782 755 memoriae
810 700 1142 754 beatissimus
1174 699 1457 763 Vivianus,
1490 703 1575 768 qui
1610 710 1733 755 tunc
1774 703 1911 754 sedis
1943 704 2071 754 San-

515 791 731 843 ctonicz
782 789 968 857 praesul
1017 798 1071 842 et
1115 802 1294 841 comes
1341 789 1577 841 ﬂorebat.
1620 808 1638 841 ι
1691 792 1783 843 Ast
1832 799 2070 843 sanctum

515 878 795 935 Vivianum
848 878 1264 933 Sanctonensein
1338 888 1573 931 statuunt
1647 879 1811 929 nostri
1878 881 1939 929 ad
2004 878 2072 931 98

510 969 731 1037 Augusti
788 967 898 1038 (α).
955 969 1093 1021 circa
1145 966 1373 1020 medium
1431 966 1681 1019 savculum
1714 948 1770 1015 Iv
1827 966 2067 1037 obiissev:

510 1059 610 1112 hoc
657 1070 859 1111 certum
903 1065 1005 1121 est,
1058 1066 1296 1110 sanctum
1346 1054 1657 1124 Gisgorium
1709 1055 2069 1124 Turonensem

508 1164 647 1205 anno
674 1139 869 1202 Christi
900 1116 1003 1203 592i
1030 1148 1363 1209 defunctum,
1400 1116 1580 1198 invsuo
1623 1146 1756 1197 libro
1786 1146 1852 1199 de
1895 1116 2069 1198 (floria

505 1237 867 1294 coufestsorum
889 1277 903 1299 ,
943 1252 1057 1305 cap.
1094 1238 1159 1292 57
1190 1237 1288 1306 (lt),
1321 1236 1499 1287 dicere
1526 1244 1763 1287 sanctum
1794 1233 2067 1287 Vivianutn

506 1341 601 1380 seu
632 1314 908 1380 Blbianum
964 1326 1241 1394 quiescere
1284 1324 1334 1377 in
1371 1324 1624 1377 suburbio
1665 1324 1809 1376 urbis
1850 1322 2069 1377 Sancto-

505 1415 665 1469 uicae:
717 1425 770 1470 et
815 1416 1032 1484 proinde
1056 1427 1275 1469 .certum
1321 1422 1399 1467 est
1446 1413 1644 1466 obiisse
1688 1412 1874 1464 saltem
1920 1426 2069 1487 sexa-

506 1506 647 1572 ginta
691 1504 842 1558 annis
881 1512 1012 1575 ante
1044 1503 1404 1570 Figiacensem
1449 1502 1923 1555 consecrationem.
1971 1500 2069 1555 Su-

505 1609 683 1667 specta
733 1610 856 1653 sunt
913 1601 1067 1667 igitur
1116 1601 1213 1653 hac
1267 1600 1317 1652 in
1372 1607 1519 1665 parte
1569 1597 2101 1667 ActaFigiacensES‘

502 1688 738 1757 archivi,
810 1705 980 1758 neque
1034 1691 1188 1743 tidem
1250 1699 1569 1745 merentur,
1618 1688 1750 1753 Quin
1794 1690 1899 1741 imo
1954 1689 2065 1740 haec

2177 542 2345 588 cessa,
2384 529 2605 583 fundant
2631 532 2681 585 in
2713 534 2959 600 primaria
2999 535 3250 602 Stephani
3295 539 3479 592 bulla:
3515 543 3669 596 unde
3700 556 3753 597 et

2173 625 2417 669 auctores
2446 621 2627 672 Galliae
2654 620 2970 676 Christiana:
3011 625 3192 678 dicunt
3216 627 3285 695 (f)
3326 629 3519 683 litteris
3578 650 3598 677 ο
3629 632 3753 689 8η-

2176 702 2330 767 pltutti
2386 710 2750 760 auctoritatem
2820 726 3033 763 omnem
3082 712 3219 766 haud
3276 730 3395 770 esse
3443 718 3746 773 detraheno

2173 792 2316 845 dam.
2348 810 2367 844 ι
2402 794 2594 848 Verum
2622 813 2736 862 qua:
2765 799 3055 852 afferuntur
3086 801 3265 867 bullzn,
3297 814 3348 857 et
3385 804 3517 871 ipsa:
3550 811 3749 863 merito

2173 892 2428 947 suspectu:
2479 895 2764 938 censentur
2796 888 3026 940 :citatur
3072 889 3209 943 enim
3256 892 3532 959 .imprintis
3597 898 3742 950 bulla

2122 968 2126 970 Ἴ
2173 969 2438 1021 Paschalis
2468 970 2507 1032 1,
2542 973 2664 1025 anui
2694 973 2798 1025 822
2824 975 2919 1043 (g),
2950 976 3001 1028 in
3034 991 3130 1041 qua
3156 978 3369 1044 dicitur,
3400 990 3457 1033 ut
3487 998 3510 1034 ι
3547 999 3738 1036 mona-

2170 1059 2410 1124 sterium,
2468 1062 2606 1127 quod
2648 1061 2889 1115 Conchas
2933 1066 3254 1132 nominatur,
3292 1087 3312 1118 ι
3366 1071 3435 1120 sit
3488 1070 3586 1122 sub
3632 1072 3737 1140 Ay-

2170 1151 2307 1204 mnri
2343 1170 2361 1203 r
2394 1156 2649 1220 regimine
2694 1157 3133 1226 quemadmodum
3181 1161 3310 1213 olim
3350 1160 3548 1226 fuerat,
3596 1173 3652 1217 et
3682 1174 3735 1216 ut

2171 1254 2289 1292 eum
2319 1240 2422 1309 (id)
2456 1244 2504 1295 in
2550 1245 2760 1311 priorali
2786 1224 3056 1313 digtiitate,
3091 1250 3209 1315 quia
3253 1224 3592 1304 destructum
3626 1265 3727 1314 est,

2170 1340 2455 1384 restauret.
2490 1335 2583 1385 Ast
2623 1335 2735 1386 hzuc
2788 1336 3003 1387 omnino
3045 1339 3308 1389 centraria
3335 1351 3459 1392 sunt
3500 1341 3572 1392 iis
3615 1356 3732 1405 quze

2168 1417 2219 1469 in
2283 1418 2392 1471 Vita
2442 1420 2687 1474 Ludovici
2731 1423 2802 1475 Pii
2846 1439 2873 1473 a
2917 1438 3094 1477 coxevo
3120 1464 3136 1487 ,
3203 1427 3499 1480 Auronomo
3542 1429 3729 1491 dicto,

2168 1505 2463 1571 conscripta
2505 1511 2836 1574 reperiuntur
2862 1526 2872 1559 :
2901 1519 2957 1561 ut
3001 1520 3119 1576 pote
3148 1510 3198 1563 in
3230 1528 3330 1577 qua
3357 1513 3443 1580 (It)
3474 1526 3729 1567 monaste-

2165 1593 2297 1645 rium
2349 1594 2540 1649 Cancer
2584 1608 2895 1651 numeratur
2937 1598 3066 1651 inter
3100 1602 3257 1653 multa
3278 1617 3305 1652 a
3336 1601 3605 1656 Ludovico
3637 1604 3727 1657 Pio

2164 1695 2420 1751 reparata,
2466 1687 2567 1739 imo
2602 1704 2633 1739 a
2684 1688 3023 1755 fundamentis
3072 1690 3347 1756 mitiﬁcato,
3399 1696 3725 1748 monasteria.

502 1780 613 1842 ipsa
647 1753 940 1847 prodigiosa
988 1777 1309 1845 Figiacensis
1330 1778 1570 1832 ecclesiae
1600 1776 1946 1839 consecratio,
1964 1775 2065 1828 sal-
2102 1753 2140 1807 Β
2171 1772 2533 1828 Narrationem
2561 1753 2723 1829 coaevi
2769 1776 2983 1831 roborat
3020 1753 3247 1845 diploma
3276 1753 3515 1847 ejusdem
3550 1783 3721 1836 Ludo.

502 1873 611 1920 tem
664 1876 923 1935 quatenus
971 1866 1163 1919 comvis
1210 1864 1512 1933 diplomatis
1568 1863 1831 1917 fulcienda
1882 1870 2062 1927 esset,

504 1957 723 2009 omnino
750 1963 919 2009 nutat.
984 1960 1241 2008 Accurate
1263 1954 1448 2022 probat
1474 1952 1710 2006 Cointius
1736 1951 1810 2019 (c)
1842 1951 2060 2019 Stepha-

499 2060 625 2097 num
653 2044 691 2098 Il
718 2066 728 2109 ι
749 2059 923 2112 apam,
947 2044 1035 2110 qui
1060 2043 1250 2096 bullam
1276 2044 1487 2097 dedisse
1509 2042 1700 2096 dicitur
1722 2041 1801 2111 (ό)
1814 2043 1865 2094 in
1889 2034 2063 2095 eodem

499 2135 815 2187 monasterio
861 2131 1221 2202 (Figiaeensi).
1249 2147 1321 2185 vtt
1369 2131 1493 2200 gid.
1544 2130 1875 2195 Novembris,
1927 2147 2063 2183 anno

501 2224 790 2277 Dominiczn
822 2223 1195 2276 lncarnationis
1220 2222 1325 2276 755
1375 2220 1555 2275 indict.
1579 2235 1672 2284 vn,
1697 2235 1835 2272 anno
1864 2235 1991 2273 vero
2010 2235 2064 2273 tv

499 2312 707 2366 domini
739 2310 989 2379 Stephani
1019 2326 1163 2377 pupae
1192 2308 1252 2371 ll,
1295 2328 1313 2359 ι
1348 2310 1534 2363 eodem
1566 2323 1704 2361 anno
1728 2304 1832 2359 755
1863 2309 1915 2361 in
1944 2306 2063 2360 Gal-

500 2402 600 2477 liis.
638 2417 740 2456 non
785 2401 946 2454 fuisse
979 2418 991 2453 :
1024 2402 1160 2468 quod
1207 2402 1250 2455 si
1297 2402 1362 2453 ad
1413 2414 1607 2453 annum
1653 2400 2056 2467 praecedentem,

499 2505 607 2560 quo
655 2490 823 2556 reipsa
876 2488 1173 2554 Stephanus
1223 2490 1272 2540 in
1324 2488 1507 2541 Galliis
1556 2494 1911 2540 commoratus
1956 2496 2057 2548 est,

498 2578 834 2634 consecratio
878 2576 1163 2643 rejiciatur,
1221 2590 1325 2628 non
1366 2574 1587 2628 solvitur
1631 2572 1944 2632 difficultas;
1991 2572 2061 2624 si-

500 2664 714 2734 quidem
746 2671 952 2717 constat
982 2662 1304 2727 Stephanum
1339 2675 1525 2729 papam
1547 2702 1561 2723 ,
1598 2659 1794 2713 relictis
1824 2657 2059 2721 Parisiis,

498 2765 646 2809 recta
705 2756 785 2807 via
844 2769 936 2821 per
981 2753 1141 2817 Alpes
1195 2753 1245 2803 in
1303 2750 1499 2802 Italiam
1559 2748 1871 2815 porrexisse,
1906 2750 2093 2813 atque'

498 2845 683 2901 Romae
730 2841 892 2896 fuisse
940 2854 1119 2895 mense
1166 2838 1415 2893 Januario
1462 2837 1583 2889 anni
1618 2837 1737 2889 755.
1786 2836 1897 2901 Ipsa
1941 2835 2057 2887 dein

499 2931 761 2997 Stephani
798 2945 944 2997 papae
984 2929 1122 2983 bulla
1159 2926 1434 2991 Cadurcis,
1481 2937 1535 2978 ut
1574 2922 2056 2992 supponiturdata,

496 3020 674 3087 aliqua
707 3018 989 3083 exhibent,
1061 3003 1206 3085 quae.
1242 3017 1419 3069 saeculi
1462 3028 1552 3067 vni
1597 3014 1736 3082 stylo
1779 3027 1880 3065 non
1937 3026 2060 3080 qua-

500 3109 657 3161 drant
691 3126 704 3160 :
736 3098 937 3160 dicitttr'
972 3108 1111 3160 enim
1153 3106 1201 3158 in
1248 3104 1387 3158 bulla
1441 3104 1595 3156 citata
1632 3121 1642 3154 ε
1683 3121 1702 3153 ‹
1738 3101 1874 3155 Nulli
1926 3114 2061 3168 prte-

500 3210 645 3252 terea
677 3195 1095 3262 archiepiscopo,
1144 3192 1226 3245 vel
1275 3192 1544 3258 episcopo,
1578 3200 1666 3242 aut
1694 3176 1951 3241 cardinali
1991 3186 2061 3238 sit

499 3287 717 3341 laeultas
764 3286 907 3337 illum
960 3282 1225 3351 (abbatem
1268 3277 1649 3346 Figiacensem)
1699 3276 2060 3329 excommuni-

502 3376 676 3437 candi,
730 3376 831 3429 nisi
882 3381 1078 3426 tantum
1128 3369 1364 3437 Romano
1417 3364 1680 3420 Pontifici.
1738 3385 1756 3419 ι
1808 3366 2061 3433 Quamvis

500 3466 867 3532 antiquissima
917 3462 987 3516 sit
1033 3461 1089 3513 S.
1136 3460 1199 3515 Β.
1244 3462 1302 3515 Ε.
1348 3457 1688 3513 cardinalium
1735 3456 1964 3523 dignitas
2009 3464 2062 3508 et

502 3552 924 3624 praeminentia,
956 3549 1175 3607 videtur
1205 3562 1379 3606 tamen
1428 3550 1490 3601 ad
1542 3547 1829 3614 posteriora
1867 3546 2059 3597 secula

502 3645 800 3711 pertinere,
833 3652 888 3695 ut
932 3641 1227 3696 cardinales
1267 3638 1477 3704 speciali
1520 3646 1785 3689 mentione
1823 3634 2059 3688 recolan-

502 3744 612 3785 tur.
659 3736 826 3799 Atque
870 3731 988 3783 hinc
1018 3730 1174 3783 etiam
1207 3728 1345 3780 bulla
1376 3724 1695 3794 Figiacensis
1724 3716 1949 3791 aliquam
1981 3720 2056 3773 itt-

500 3819 908 3889 terpolationem
937 3818 1162 3871 subiis~e
1190 3818 1406 3868 omnino
1436 3815 1661 3867 videtur.

574 3911 659 3963 i0.
686 3908 885 3960 Citatur
908 3920 1117 3974 quoque
1144 3904 1371 3971 diploma
1405 3902 1606 3971 Pippini
1635 3901 1769 3968 regis
1794 3897 1890 3968 (θ),
1923 3918 1939 3947 ‹
1966 3899 2057 3950 da-

499 4012 611 4055 tum
660 4000 711 4054 in
758 3998 945 4053 eodem
997 3996 1112 4049 loco
1142 3996 1361 4064 (scilicet
1411 3995 1465 4045 in
1514 3992 1836 4045 monasterio
1890 3990 2060 4057 Figia-

500 4090 671 4158 censi)
704 4101 751 4141 vt
801 4085 917 4139 idus
951 4084 1103 4148 Non,
1150 4098 1288 4135 anno
1328 4083 1393 4135 ab
1438 4080 1800 4134 incarnatione
1853 4080 2058 4131 Domini

500 4176 626 4243 755,
680 4176 962 4230 indictione
1010 4189 1163 4226 nona.
1193 4190 1211 4222 ι
1256 4171 1447 4225 Verum
1477 4186 1593 4223 cum
1648 4171 1699 4221 in
1739 4170 1834 4222 hac
1879 4171 2059 4221 charta

507 4270 650 4323 dicat
678 4283 767 4321 rex
794 4281 870 4330 se,
905 4276 929 4315 te
960 4272 1220 4332 prasente
1244 4259 1460 4315 domino
1486 4259 1752 4326 Steplrano
1778 4274 1931 4325 papa,
1963 4259 2055 4310 mi-

2170 1860 2271 1915 vici
2297 1863 2357 1931 (i)
2397 1880 2412 1912 ε
2447 1864 2623 1917 datum
2648 1876 2803 1917 sexto
2834 1866 2949 1918 idus
2974 1868 3190 1933 Aprilis.
3218 1883 3358 1920 anno
3379 1882 3554 1935 sexto,
3574 1872 3727 1924 Chri-

2166 1960 2249 2002 sto
2301 1954 2547 2019 propitio,
2596 1954 2804 2021 imperii
2856 1956 3034 2009 domui
3082 1958 3329 2011 Ludovici
3383 1946 3721 2014 excellentis-

2165 2039 2285 2092 simi
2316 2042 2554 2107 Augusti,
2586 2043 2870 2097 indictione
2902 2059 2992 2097 xit.
3022 2046 3207 2099 Actum
3236 2048 3553 2114 Aquisgrani
3582 2051 3722 2116 pale-

2166 2132 2240 2183 tio
2268 2133 2431 2200 regio.
2466 2150 2486 2183 ›
2516 2133 2630 2185 1am
2669 2148 2801 2199 vero,
2827 2135 2927 2187 boc
2955 2151 3092 2188 anno
3133 2147 3282 2189 sexto
3311 2132 3588 2202 Ludovici,
3628 2153 3718 2193 seu

2164 2219 2358 2274 Christi
2389 2220 2491 2274 820
2536 2222 2727 2275 dicitur
2754 2224 2977 2277 ecclesia
3005 2224 3203 2278 ibidem
3237 2225 3494 2278 zrdificata
3536 2227 3589 2278 in
3628 2225 3719 2279 ho-

2166 2322 2297 2361 nore
2341 2309 2544 2361 Domitii
2592 2318 2646 2362 et
2676 2308 2963 2364 Salvatoris
2988 2309 3113 2365 Jesu
3162 2306 3383 2375 Christi,
3423 2312 3722 2366 Medraldtts

2165 2399 2326 2452 abbas
2383 2401 2705 2462 nominatur,
2760 2400 2990 2453 refertur
3036 2415 3247 2468 quoque
3289 2402 3632 2470 congregatio
3666 2402 3715 2455 in

2112 2504 2113 2507 ‘
2163 2488 2277 2541 dies
2306 2502 2552 2541 crescens
2573 2527 2588 2551 ,
2619 2503 2732 2556 quae
2763 2488 2971 2541 tandem
3001 2489 3102 2541 sub
3144 2488 3317 2556 regula
3364 2494 3532 2542 sancti
3566 2490 3719 2542 Bene-

2164 2577 2287 2632 dicti
2342 2579 2566 2631 militare
2620 2585 2811 2645 cmpit.
2851 2577 2981 2643 Quae
3029 2566 3201 2629 omnia
3254 2579 3559 2631 nullatenus
3587 2592 3713 2644 qua-

2166 2666 2323 2718 drant
2348 2681 2465 2717 cum
2501 2666 2562 2717 lis
2590 2682 2706 2732 quae
2738 2666 2945 2718 duobus
2974 2675 3091 2732 post
3128 2666 3279 2718 anuis
3308 2666 3504 2733 scripta
3538 2665 3708 2733 perbi-

2170 2754 2359 2807 bentur
2398 2768 2432 2805 a
2483 2753 2720 2806 Paschali
2755 2755 2792 2807 Ι.
2827 2753 3005 2821 Neque
3050 2752 3205 2806 dictae
3257 2754 3412 2807 bullae
3453 2753 3714 2819 suppetias

2167 2842 2307 2896 ferre
2340 2853 2514 2910 petest
2544 2840 2853 2907 rescriptum
2897 2843 3093 2901 Urbani
3134 2843 3199 2906 ll,
3230 2857 3260 2894 a
3290 2843 3555 2897 Gulielmo
3578 2842 3643 2896 de
3670 2841 3713 2895 la

2168 2922 2417 3000 Croix,(j)
2439 2934 2652 2984 citatum
2678 2972 2694 2995 ,
2737 2945 2839 2997 quo
2870 2930 3105 2985 Pontifex
3133 2940 3254 2997 post
3282 2931 3580 2995 exordium,
3627 2930 3714 2982 Pa-

2170 3018 2422 3078 schalina:
2452 3021 2607 3072 bullae
2638 3019 2985 3079 simillimum,
3024 3018 3309 3085 plenariam
3357 3018 3603 3071 concedit
3642 3017 3714 3068 in-

2166 3110 2485 3177 dulgentiam
2533 3109 2782 3162 Ecclesia:
2827 3105 3118 3176 Figiacensi
3160 3122 3175 3159 :
3225 3106 3532 3160 inscribitur
3582 3104 3711 3158 enim

2165 3200 2425 3265 Slephana
2481 3198 2787 3251 Cadurcettsi
2840 3198 3104 3263 episcopo,
3149 3211 3268 3249 cum
3325 3204 3536 3248 constat
3584 3209 3713 3247 anno

2162 3289 2358 3342 Christi
2408 3286 2563 3351 1093,
2595 3301 2699 3354 quo
2745 3286 2864 3339 data
2914 3284 3108 3337 dicitur
3137 3283 3299 3347 bulla,
3344 3298 3450 3336 non
3498 3281 3711 3347 Stepha—

2164 3392 2287 3429 num
2321 3377 2572 3441 aliquem,
2606 3373 2701 3427 sed
2731 3371 3015 3426 Gcraldum
3039 3372 3080 3425 ll
3110 3385 3401 3437 occupasse
3423 3370 3711 3423 Cadurcen-

2164 3483 2275 3521 sem
2307 3466 2633 3525 cathedram,
2684 3469 2748 3514 ut
2805 3462 3048 3529 probaot-
3071 3468 3313 3513 auctores
3340 3458 3530 3513 Gallis
3572 3456 3712 3510 Chri-

2162 3558 2350 3608 stiana:
2378 3554 2473 3622 (κ).
2527 3552 2698 3605 Fictas
2748 3550 2967 3618 proinde
3002 3550 3161 3602 credo
3182 3547 3277 3600 has
3316 3548 3489 3600 bullas
3513 3557 3706 3604 omnes,

2162 3653 2318 3713 atque
2365 3643 2481 3696 ideo
2531 3642 2698 3702 fictas,
2738 3638 2875 3707 quod
2930 3638 2992 3691 lis
3042 3644 3336 3690 verteretur
3386 3636 3522 3688 inter
3554 3633 3711 3700 Figia-

2145 3725 2350 3788 censes
2405 3743 2460 3785 et
2505 3730 2844 3784 Conchenses
2898 3728 3197 3787 monachos
3248 3728 3386 3779 circa
3432 3726 3707 3792 (primatum

2161 3822 2466 3876 alterutrius
2499 3819 2826 3872 monasterii.
2856 3818 2956 3870 Pro
2996 3831 3056 3870 se
3084 3816 3316 3870 citabant
3360 3811 3706 3883 Figiaeenses,

2164 3921 2355 3979 praeter
2414 3911 2649 3963 laudatas
2698 3909 2896 3961 litteras
2934 3906 3182 3976 Stephani
3230 3920 3383 3973 papa:
3421 3916 3477 3959 et
3518 3903 3707 3971 Pippini

2162 4003 2324 4070 regis,
2351 4000 2585 4067 ejusdem
2618 3998 2867 4065 principis
2904 3998 3152 4063 diploma,
3182 4011 3286 4065 quo
3328 3996 3394 4061 (Ι)
3424 4012 3444 4044 ι
3481 3992 3705 4048 eremita

2162 4090 2506 4145 Conchenses
2566 4088 2740 4141 abbati
2804 4086 3096 4153 Figiacensi
3169 4083 3706 4141 commendabantur.

2162 4188 2418 4247 quatenus
2440 4193 2503 4231 ex
2530 4192 2620 4235 sua
2648 4174 2968 4228 abundantia
2998 4173 3203 4226 illorum
3230 4171 3468 4238 inopiam
3506 4166 3707 4236 supple-

2163 4274 2365 4321 ret:et
2389 4265 2509 4332 quia
2555 4266 2605 4316 in
2637 4259 2959 4325 asperrimis,
3006 4259 3184 4311 ard‘uis
3212 4271 3416 4310 necnon
3465 4250 3707 4322 angustis.

504 4358 743 4414 rabiliter
792 4372 819 4406 a
871 4354 981 4407 Deo
1031 4360 1396 4405 consecratum
1440 4348 1838 4415 (monasterium
1898 4344 2051 4411 Figa-
2092 4358 2306 4418 Dsimis
2337 4355 2597 4421 ἀεεοωιυ,
2624 4352 2773 4412 locis,
2814 4350 3067 4401 haberent
3096 4354 3252 4412 caput
3297 4345 3347 4397 in
3390 4346 3631 4413 spatioso
3652 4346 3701 4392 et

507 4448 687 4515 cense)
721 4444 1087 4511 prospexisse;
1123 4462 1141 4492 ι
1197 4441 1439 4493 videntur
1480 4438 1666 4492 eadem
1709 4435 1867 4502 objici
1910 4449 2061 4503 posse

509 4545 687 4587 contra
726 4532 927 4598 Pippiui
974 4530 1111 4596 regis
1140 4528 1395 4589 chartam,
1438 4540 1553 4593 qua!
1604 4524 1758 4576 bullte
1809 4521 2060 4588 Stephani

510 4640 655 4691 papre
686 4624 922 4686 opposita
955 4621 1185 4679 fuerunt,
1228 4616 1427 4668 scilicet
1460 4612 1655 4665 nullum
1698 4611 1927 4663 existere
1977 4624 2064 4662 ve-

505 4714 715 4778 stigiuui
751 4710 951 4762 itineris
998 4707 1247 4773 Stephani
1279 4720 1425 4773 papa:
1466 4704 1800 4771 Aquitaniam
1836 4714 2061 4763 versus;

509 4819 603 4855 nec
634 4810 985 4867 Opportunum
1017 4807 1247 4861 tempus,
1293 4796 1404 4847 sive
1450 4808 1644 4845 antrum
1693 4790 2063 4859 quinquagesi-

509 4908 650 4945 tnnn;
678 4898 941 4956 quartum,
976 4888 1086 4937 sive
1122 4895 1429 4949 sequentem
1465 4892 1783 4947 Spectemus,
1835 4881 2057 4934 inveniri

509 4995 685 5045 posse.
720 4978 1063 5030 Nihilominus
1107 4973 1406 5041 ltujnsmodi
1458 4985 1635 5023 ttzcvos
1674 4970 1950 5036 detergere
1980 4968 2058 5020 vi-

506 5070 685 5121 dentur
744 5068 1129 5132 subsequentcs
1181 5062 1332 5113 hullze
1389 5061 1649 5111 variorum
1704 5057 2060 5109 Romanorum

578 5202 654 5271 (α)
694 5200 1209 5271 Τλνιᾉυξξυδιὶκρᾲ.
1246 5194 1365 5271 ιθιε

576 5258 649 5337 (si
680 5269 921 5321 pastioni.
948 5258 1257 5337 ίηξειχηριίρ..
1283 5271 1318 5313 ι.
1354 5260 1444 5337 xi,
1478 5258 1679 5337 psse.

580 5325 655 5399 (c’)
685 5337 756 5387 Ad
790 5356 874 5387 ait.
909 5333 1030 5391 754,
1115 5349 1260 5389 lxtv,
1291 5342 1325 5381 ι.
1358 5330 1415 5391 V,
1449 5344 1496 5400 p3
1527 5325 1650 5400 4:59.

582 5396 659 5471 (ἀ)
690 5404 797 5454 Cal.
834 5396 1131 5471 Cinisth
1164 5401 1175 5450 I
1209 5403 1383 5471 lns_t_r_.,
1418 5396 1635 5471 co|_._fi5.

583 5464 655 5536 (ei
684 5470 947 5536 D'Achcry
978 5470 1178 5536 Spicil..
1212 5478 1229 5519 ἶ
1282 5468 1361 5531 lli,
1399 5483 1446 5531 p.
1480 5464 1580 5517 519

586 5536 654 5606 (ι’)
681 5541 742 5590 Τ.
774 5542 788 5589 ι
823 5540 1065 5591 lustrum.
1095 5538 1192 5588 col.
1229 5536 1312 5585 45,

581 5610 657 5676 (ει)
684 5607 812 5661 nisi.

2165 4443 2471 4497 delectabili
2506 4443 2642 4502 loco,
2676 4440 2761 4493 ubi
2784 4451 2963 4491 eorum
2990 4448 3213 4501 corpora
3235 4442 3288 4485 et
3311 4446 3341 4483 a
3371 4431 3559 4483 labore
3582 4425 3706 4481 rele-

2164 4539 2413 4586 varentur
2460 4540 2512 4582 et
2542 4535 2910 4582 recrearentur
2961 4539 2989 4577 a
3022 4522 3257 4589 penuria.
3295 4537 3314 4569 ι
3366 4517 3505 4571 Tum
3535 4517 3602 4571 de
3625 4515 3707 4567 ab-

2167 4621 2305 4673 batis
2355 4620 2612 4673 electione
2665 4619 2775 4668 haec
2805 4611 3102 4668 subdentur
3128 4606 3155 4665 :‘
3178 4628 3197 4660 ι
3224 4608 3353 4662 Cum
3387 4623 3524 4661 vero
3562 4604 3706 4659 abbas

2164 4711 2389 4763 istarum
2442 4704 2874 4777 (Figlacensium)
2914 4703 3121 4765 obierit,
3176 4692 3407 4781 quandiu
3470 4698 3606 4750 inter
3652 4707 3704 4746 se

2164 4799 2399 4852 invenire
2444 4796 2733 4862 petuerint,
2764 4809 2829 4847 ex
2881 4792 2989 4844 suis
3035 4790 3255 4857 eligant,
3289 4782 3377 4852 qu‘i
3409 4799 3507 4838 eos
3536 4796 3704 4837 secun-

2164 4872 2288 4941 dum
2337 4888 2566 4951 regulam
2611 4884 2776 4936 sancti
2833 4878 3096 4933 Benedicti
3140 4890 3322 4945 regere
3350 4875 3540 4941 possit.
3570 4869 3701 4936 Quod

2163 4977 2205 5028 si
2260 4976 2394 5027 inter
2424 4972 2677 5027 eremitas
2726 4968 3064 5022 Conchenses
3093 4968 3170 5018 eis
3218 4964 3407 5016 melior
3433 4956 3583 5015 visus
3606 4956 3703 5010 foe-

2166 5068 2257 5130 rt’t,
2289 5078 2392 5115 non
2424 5062 2773 5127 dedignentur
2801 5058 2925 5111 inde
2971 5055 3073 5108 sibi
3115 5068 3328 5106 sumere
3369 5061 3575 5120 patrem
3599 5066 3614 5114 ;
3638 5046 3700 5103 ita

2234 5192 2313 5258 (ﬁt)
2339 5192 2397 5242 D.
2434 5191 2688 5258 Bouqttet,
2720 5197 2757 5238 t.
2796 5185 2880 5258 _Vl.
2913 5198 2963 5258 ρ.

2232 5249 2455 5329 (n'cau.
2479 5249 2835 5329 ctiitst.',__t._t.
2860 5254 2961 5305 col.
2988 5249 3111 5329 ass.

2232 5318 2300 5396 (1")
2327 5330 2438 5380 Ser.
2480 5328 2656 5396 Ερίεεἶ
2678 5322 2941 5396 ρειιιιπρι³
2959 5334 3009 5387 p.
3035 5318 3121 5372 56.

2334 5398 2392 5446 Τ.
2430 5398 2467 5455 Ι,
2500 5388 2600 5447 (fol.
2640 5393 2737 5444 127
2757 5388 2965 5464 _el12_3.

2234 5443 2703 5531 (tilll'labi'llenn.
2757 5443 2978 5523 lienem,
3033 5456 3122 5510 lib.
3153 5467 3311 5517 xxvn,
3370 5452 3511 5520 ειη,
3563 5458 3602 5503 t.
3638 5443 3699 5510 ll.

2167 5551 2216 5602 ρ.
2242 5534 2361 5588 595.
