3910 6234
242 376 380 429 116‘)

1162 378 1417 432 ΝΟΤΙΊΊΑ
1461 376 1817 447 ΗΙΞΤΟΒΙΟᾹ
1847 376 1910 429 IN
1949 376 2005 431 S.
2048 373 2455 429 AMBltOSlUM.

3268 376 3399 428 1216

234 496 415 535 tamen
446 492 501 534 ut
536 482 692 547 priori
720 483 1052 545 monasterio,
1098 484 1147 537 id
1186 494 1265 536 est
1300 486 1525 550 Figiaco,
1553 486 1770 539 abbatis:
1802 492 1846 546 Α
1875 485 2189 537 Deserebant
2231 484 2465 535 homines
2495 482 2689 544 absque
2719 498 2952 535 rcmorsu
3005 487 3171 537 officia
3215 502 3394 541 essen—

236 569 537 623 reverentia
592 578 919 633 reservetur,
969 580 1020 622 et
1066 572 1286 637 dignitas
1330 574 1588 638 prioratus
1634 573 1769 639 apud

230 656 480 708 Com-has
509 665 791 708 remaneat.
828 675 844 705 ι
890 658 1146 708 llactenus
1173 658 1379 721 quidem
1413 659 1765 724 Figiaceoses,

228 744 331 796 sed
374 743 473 796 alia
525 743 737 795 omnino
766 752 975 795 cantant
1016 742 1363 804 Concltenses,
1414 745 1499 809 qui
1543 745 1767 809 diploma

232 830 497 882 exhibent
542 846 568 881 a
600 830 839 896 Pippino,
893 831 1182 897 Aquitanim
1233 847 1371 897 rege,
1404 833 1652 884 Ludovici
1695 832 1769 884 Pii

228 915 367 977 filio,
396 916 569 968 datum
594 920 674 981 (α)
701 933 714 967 ;
739 932 767 969 ι
817 916 937 971 Kal.
990 936 1007 967 t
1037 918 1379 983 Septembris,
1412 919 1690 973 indictione
1717 935 1767 984 t,
1794 992 1797 993 ν

226 1018 379 1054 anno
407 1018 507 1055 xxv
539 1005 740 1070 imperii
784 1004 1030 1057 Ludovici
1061 1003 1281 1058 Cmsaris
1311 1009 1525 1074 Augusti
1550 1021 1597 1060 et
1626 1010 1770 1076 regni

228 1091 406 1143 nostri
448 1106 589 1153 xxtt,
625 1110 643 1141 ι
697 1094 746 1144 id
797 1102 904 1154 est,
955 1108 1091 1147 anno
1136 1093 1258 1148 858.
1312 1095 1363 1148 lu
1418 1097 1515 1149 ista
1564 1098 1769 1163 quidem

226 1176 421 1230 etiam
453 1179 676 1232 dicitur:
706 1198 725 1231 ι
754 1180 953 1233 Interea
1001 1192 1193 1234 nostra:
1240 1184 1504 1235 serenitati
1555 1184 1769 1250 placuit,

228 1272 293 1315 ut
334 1266 457 1331 quia
507 1266 644 1318 idem
692 1268 1066 1321 monasterium
1098 1268 1445 1336 (Couchense)
1497 1269 1545 1322 in
1593 1270 1771 1322 arduis

226 1360 397 1419 atque
432 1354 735 1420 asperrimis
766 1354 890 1407 locis
935 1364 1013 1407 est
1052 1356 1410 1419 constitutum,
1474 1357 1543 1409 ita
1584 1368 1640 1408 ut
1678 1370 1770 1423 pro

192 1454 331 1494 'sua
362 1444 599 1510 angustia
647 1443 987 1510 plurimorum
1032 1445 1169 1497 obsit
1214 1444 1532 1507 habitationi,
1573 1441 1770 1511 et‘pro

229 1530 527 1593 asperitate
548 1530 791 1582 victualia
822 1530 1062 1597 prohibet
1085 1531 1205 1584 illuc
1232 1531 1443 1593 deferri,
1478 1542 1534 1584 ut
1558 1532 1609 1583 in
1635 1532 1769 1592 loco,

225 1617 387 1684 cujus
418 1619 723 1672 vocabulum
771 1632 849 1672 est
890 1619 1143 1687 Figiacus,
1173 1632 1326 1687 quem
1367 1630 1538 1671 tamen
1583 1619 1771 1673 abhinc

226 1718 404 1757 novas
445 1703 685 1758 Concbas
729 1706 903 1759 vocari
935 1707 1166 1771 placuit,
1220 1706 1588 1759 monasterium
1644 1720 1781 1757 con-v

223 1799 490 1854 struatur,
519 1805 773 1859 quatenus
802 1794 867 1844 ab
894 1794 1213 1860 angustiaet
1241 1792 1449 1859 penuria
1476 1791 1761 1859 portando-
1798 1784 1839 1839 Β

224 1893 352 1930 rum
377 1878 737 1931 alimentorum
762 1879 896 1932 idem
925 1880 1068 1932 locus
1082 1880 1382 1932 sublevatus
1399 1878 1534 1945 (sic),
1554 1880 1763 1931 liberius

226 1976 395 2034 atque
437 1966 795 2020 delectabilius
840 1968 1031 2021 ibidem
1084 1968 1373 2021 habitantes
1421 1968 1531 2021 Deo
1566 1966 1764 2020 servire

221 2054 575 2120 possint.....,
605 2053 675 2106 ita
706 2064 875 2109 tamen
919 2065 972 2108 ut
994 2055 1152 2121 priori
1186 2056 1503 2109 monasterio
1528 2054 1766 2109 Conchas

221 2143 461 2211 dignitas
490 2144 753 2211 prioratus
782 2135 837 2198 et
857 2144 1178 2211 antiquitatis
1210 2147 1502 2197 reverentia
1532 2158 1766 2212 reserve-

225 2238 394 2279 tur.»
450 2227 574 2281 llaec
622 2238 765 2282 certe
801 2244 919 2281 cum
967 2228 1345 2297 Figiacensium
1393 2229 1768 2283 assertionibus

221 2322 380 2366 stare
407 2327 512 2366 non
544 2324 780 2379 possunt,
814 2325 871 2367 ut
893 2326 1010 2383 pote
1037 2330 1153 2385 quze
1180 2328 1299 2369 sunt
1328 2316 1482 2385 plane
1499 2319 1766 2371 contradi-

218 2401 436 2463 ctoris;
467 2398 672 2453 interim
704 2416 877 2455 meum
905 2417 1008 2456 non
1050 2412 1132 2457 est
1159 2404 1301 2457 litem
1335 2405 1611 2470 implexam
1639 2404 1767 2457 diri-

220 2503 380 2543 mere
396 2506 409 2541 :
428 2489 652 2543 sufticiat
672 2492 979 2543 observasse
999 2489 1082 2541 bic
1112 2487 1378 2543 falsarium
1408 2492 1629 2559 aliquem
1645 2493 1768 2545 sub-

217 2590 387 2629 esse:
434 2576 559 2629 satis
586 2577 823 2643 limpide,
855 2590 970 2629 mea
1008 2578 1284 2642 sententia,
1328 2577 1768 2633 fluitConcbense

224 2665 487 2732 diploma,
518 2675 572 2719 et
599 2667 689 2719 illo
715 2666 990 2721 verborum
1020 2675 1204 2721 tenore
1230 2669 1407 2733 utitur,
1442 2669 1525 2738 qui
1555 2678 1769 2723 contro-

222 2753 425 2807 versis
454 2752 763 2807 definienda:
793 2764 946 2822 aptus
987 2767 1089 2808 non
1124 2756 1350 2821 videtur,
1381 2771 1431 2809 ν.
1462 2772 1513 2824 g.
1547 2758 1768 2825 dignitas

166 2850 171 2853 '
220 2839 512 2905 prioratus,
540 2841 676 2905 quod
714 2841 895 2893 dextro
923 2842 973 2893 in
1002 2856 1110 2895 rem
1140 2856 1283 2895 suam
1306 2843 1576 2897 detorsere
1601 2843 1769 2911 Figia-

219 2938 439 2978 censes.
474 2925 731 2993 lngratam
776 2928 918 2980 litem
961 2927 1174 2981 diremit
1214 2930 1420 2983 tandem
1460 2930 1697 2983 Urbanus
1728 2931 1768 2983 ll

218 3012 279 3065 in
324 3014 548 3067 concilio
573 3012 912 3068 Nemaucensi
950 3030 1034 3068 an.
1068 3016 1224 3081 1097,
1256 3018 1462 3084 quando
1493 3028 1768 3086 utrumque

1873 572 2030 633 tialia,
2060 582 2114 621 ut
2143 570 2359 636 placitas
2389 570 2722 622 austeritates
2751 581 3093 634 sectarentur,
3125 588 3259 639 quae,
3286 591 3389 641 quo

1868 658 2030 724 magis
2054 666 2201 709 erant
2227 655 2531 721 singulares,
2560 670 2622 707 eo
2648 658 2813 723 magis
2840 668 2890 709 et
2921 660 3173 712 nocebant
3197 671 3247 713 et
3275 661 3393 714 alli-

1867 744 2092 806 ciebant,
2140 743 2260 793 dum
2309 742 2360 793 in
2400 742 2797 793 admirationem
2842 743 3110 808 rapiebant
3158 747 3393 813 ignarum

1868 832 2068 898 vulgus.
2098 830 2282 883 lsthaec
2308 830 2495 896 agendi
2530 830 2662 881 ratio
2704 832 2865 882 sancti
2902 832 3183 894 Ambrosii,
3213 848 3394 899 quam-

1874 919 1949 971 vis
1979 920 2028 971 itt
2074 933 2133 971 sc
2186 917 2337 971 laude
2363 917 2534 983 digna,
2586 918 2743 969 distat
2772 933 2799 969 a
2848 920 3080 971 moribus
3120 921 3311 973 nostris
3339 931 3393 974 et

1870 1006 2150 1059 cachinnos
2182 1012 2503 1071 provocaret.
2540 1003 2903 1058 Verumtamen
2921 1016 3060 1072 quot
3087 1016 3206 1060 sunt
3235 1007 3387 1060 etiam

1868 1092 2116 1144 hodierna
2162 1092 2270 1153 die,
2307 1090 2394 1156 qui
2438 1103 2555 1142 cum
2601 1097 2811 1156 propter
2860 1083 3237 1158 dotes'quibus
3283 1092 3393 1159 pol-

1868 1181 1996 1245 lent,
2027 1188 2237 1247 propter
2261 1178 2428 1231 officia
2466 1179 2650 1245 quibus
2690 1178 2991 1244 funguntur,
3022 1182 3389 1246 rempublicam

1867 1268 2063 1333 optime
2102 1281 2378 1333 procurare
2410 1275 2640 1331 possent,
2685 1266 2940 1317 frustrant
2966 1275 3201 1319 naturam
3239 1277 3395 1334 atque

1871 1355 2001 1406 adeo
2034 1352 2406 1405 humanitatem
2455 1366 2548 1416 spe
2578 1366 2691 1414 sua,
2719 1353 2926 1418 quando
2966 1367 3023 1405 se
3064 1352 3257 1405 dedunt
3285 1362 3393 1407 stu-

1872 1443 1999 1505 diis,
2025 1455 2143 1509 quas
2173 1441 2310 1514 bono
2352 1440 2558 1507 publico
2590 1424 2915 1506 praeferunt?
2944 1441 3087 1495 Adeo
3111 1456 3287 1495 verum
3312 1452 3395 1495 est

1874 1530 2108 1583 homines
2137 1530 2368 1582 omnium
2412 1536 2725 1593 temporum,
2759 1536 2955 1579 tantum
2996 1542 3097 1581 non
3128 1528 3395 1594 perfectis-

1868 1619 2018 1681 sime,
2060 1617 2158 1670 sibi
2202 1617 2397 1671 similes
2443 1602 2591 1668 esse!
2622 1634 2641 1666 ι
2678 1616 2796 1668 Hmc
2838 1615 3129 1669 causidicus
3157 1615 3393 1669 (athala-

1874 1705 2123 1759 Cotlture.

1940 1795 2028 1849 12.
2068 1794 2122 1849 Si
2150 1794 2259 1846 haec
2298 1793 2541 1855 citamus,
2590 1793 2754 1859 iisque
2790 1792 3002 1847 brevem
3036 1790 3393 1844 refutationem

1863 1880 2244 1945 subnectimus,
2277 1895 2378 1932 non
2419 1888 2500 1931 est
2529 1879 2668 1947 quod
2696 1879 2911 1953 librum‘
2933 1879 3179 1932 causidici
3232 1879 3393 1930 nostri

1868 1977 1971 2021 tam
2000 1968 2262 2021 celebrem
2288 1966 2603 2037 iudicemus,
2659 1975 2713 2018 ut
2761 1955 3085 2033 periculosus
3121 1981 3239 2018 esse
3288 1980 3401 2030 pos-

1863 2057 1966 2120 sit;
1997 2055 2089 2109 sed
2113 2070 2230 2109 cum
2259 2054 2342 2107 hic
2372 2056 2592 2120 repetita
2617 2056 2849 2120 veniant,
2894 2070 3009 2122 quae
3037 2069 3180 2107 more
3220 2054 3395 2106 stnculi

1868 2160 1991 2198 xvut
2020 2146 2085 2198 ab
2112 2144 2355 2197 omnibus
2382 2137 2597 2210 passim,
2627 2143 2713 2211 qui
2744 2146 3030 2196 novitatem
3060 2141 3395 2204 affectabam,

1866 2235 2227 2295 cantabantur,
2256 2240 2306 2282 et
2337 2246 2452 2297 qua:
2478 2232 2650 2282 adhuc
2680 2231 2877 2296 vulgari
2906 2230 3245 2295 colloquio'et
3272 2226 3395 2280 scri-

1866 2319 1968 2385 ptis
1996 2318 2141 2370 libris
2190 2326 2493 2381 tractantur,
2541 2332 2714 2383 operte
2754 2316 2977 2383 pretium
3022 2317 3177 2369 fuerit
3221 2314 3398 2379 paucis

1868 2407 1953 2460 hic
1979 2405 2118 2459 dicta
2147 2403 2407 2467 refellere,
2436 2412 2493 2456 ut
2520 2416 2645 2456 suus
2670 2403 2874 2457 veritati
2907 2404 2972 2455 sit
2996 2402 3176 2454 locus.
3211 2401 3262 2452 In
3288 2402 3398 2467 prt-

1874 2499 1976 2552 mis
2006 2497 2220 2551 Catbala
2248 2497 2539 2549 causidicus
2561 2494 2896 2559 reprehendit
2920 2502 3155 2545 sanctum
3179 2491 3404 2543 Ambro-

1868 2586 2030 2649 sium,
2060 2585 2220 2651 quod,
2252 2582 2430 2636 officio
2468 2581 2748 2648 episc0pali
2777 2579 3026 2642 demisso,
3062 2576 3113 2630 in
3162 2576 3399 2629 solitudi-

1869 2691 1988 2728 nem
2018 2673 2275 2727 abdiderit
2319 2686 2473 2726 sese:
2509 2669 2889 2738 imprudentem
2930 2666 3057 2719 dicit
3105 2664 3403 2732 huiusmodi

1869 2762 2053 2831 agendi
2101 2763 2391 2823 rationem;
2444 2758 2742 2811 remordere
2770 2755 2973 2809 scilicet
3016 2753 3263 2807 Sanctum
3306 2752 3401 2805 de-

1871 2850 2073 2912 buisset
2109 2844 2445 2909 conscientia,
2475 2846 2610 2913 quod
2657 2844 2831 2897 officio
2860 2858 2956 2895 suo
3000 2841 3284 2907 pra-tulerit
3312 2853 3403 2891 au-

1868 2939 2131 2992 steritates
2160 2938 2501 2990 voluntarias.
2534 2937 2679 2988 Scire
2729 2943 2899 2985 tamen
2928 2930 3153 2983 debebat
3180 2926 3403 2980 causidi-

1872 3038 1965 3078 cus
1994 3038 2057 3077 ex
2083 3025 2200 3090 jure
2228 3027 2499 3084 canonico,
2538 3022 2675 3088 quod
2706 3020 2947 3087 ignorare
2970 3015 3400 3085 jurisconsnltum

218 3105 608 3155 monasterium
639 3118 735 3157 suo
771 3104 875 3171 jnri
900 3107 1105 3172 reliquit
1132 3106 1223 3174 (ὁ).
1264 3108 1367 3161 Sed
1398 3108 1463 3161 de
1490 3109 1568 3161 his
1592 3084 1718 3161 satis
1748 3126 1759 3161 :
1794 3084 1840 3147 ο
1872 3112 1951 3166 fas
1992 3084 2100 3164 non
2142 3120 2244 3175 est,
2275 3111 2409 3163 inter
2454 3084 2945 3176 legititnas'causas
2976 3084 3401 3157 renuntiationis

221 3189 295 3239 ad
353 3199 588 3243 sanctum
641 3200 876 3243 nostrum
923 3194 1253 3247 Ambrosium
1312 3211 1484 3249 sermo
1536 3196 1771 3264 redigen-

220 3276 330 3328 dus
357 3285 460 3330 est.

304 3361 391 3414 11.
436 3362 511 3416 Ex
542 3366 888 3419 monumentis
930 3366 1313 3435 Figiacensibus
1353 3369 1516 3433 nihil,
1559 3380 1614 3423 ut
1642 3371 1770 3424 vidi-

225 3461 377 3511 mus,
428 3452 618 3503 deduci
666 3462 837 3518 potest
886 3455 951 3506 ad
1006 3456 1337 3509 statuendum
1384 3468 1607 3525 tempus,
1666 3476 1769 3528 quo

224 3545 450 3610 sanctus
475 3536 789 3604 Ambrosius
810 3539 858 3591 in
904 3540 1233 3596 solitudinem
1267 3547 1507 3599 omnibus
1535 3546 1769 3615 incogni-

226 3633 344 3677 tam
370 3628 591 3680 secessit
615 3644 629 3679 :
657 3628 781 3693 quin
810 3628 917 3682 imo
940 3633 1324 3700 prorogandum
1346 3636 1573 3699 videtur,
1604 3652 1768 3705 usque

218 3714 293 3765 ad
321 3728 517 3766 annum
544 3714 735 3767 Christi
766 3718 890 3781 760,
915 3722 1122 3785 quando
1144 3720 1440 3784 Waifarius,
1469 3714 1574 3776 dux
1602 3726 1766 3792 Aqui-

221 3800 411 3863 taniae,
453 3800 704 3855 rebellare
745 3805 901 3869 coepit
946 3805 1197 3859 adversus
1243 3807 1516 3874 Pippinum
1565 3825 1763 3877 regem,

219 3886 374 3954 quia,
406 3896 465 3939 ut
507 3890 583 3941 ait
627 3890 916 3944 Ademarus
948 3894 999 3945 in
1030 3908 1125 3947 suo
1154 3895 1411 3949 Chronico
1434 3898 1526 3965 (ε),
1558 3900 1769 3953 nolebat

220 3975 509 4027 camentire
540 3978 755 4045 justitiis
801 3980 1145 4044 ecclesiarum.
1197 3982 1345 4035 Circa
1390 3984 1519 4051 illud
1570 3996 1769 4054 tempus

218 4070 447 4114 sanctus
490 4074 688 4125 noster,
742 4075 993 4131 perttesns
1044 4068 1242 4122 inutilis
1275 4070 1467 4124 laboris
1498 4073 1548 4124 in
1583 4075 1770 4140 p0pulo

221 4149 447 4204 indocili
478 4161 529 4204 et
561 4154 878 4206 continuata:
904 4156 1212 4224 direptionis
1236 4158 1489 4212 bonorum
1522 4159 1770 4215 Ecclesiae

216 4253 365 4303 suae,
412 4239 728 4305 probabilius
775 4244 1109 4296 solitudinem
1154 4248 1411 4312 quzrsivit.
1462 4249 1571 4300 Huc
1608 4251 1766 4304 etiam

219 4325 461 4385 accedit,
497 4326 638 4393 quod
665 4327 889 4382 Sanctus
915 4341 1065 4383 antea
1100 4347 1191 4398 per
1220 4348 1384 4387 annos
1426 4337 1625 4404 aliquot
1650 4352 1769 4407 gre-

215 4425 352 4479 gem
377 4415 620 4467 excolere
664 4416 925 4481 debuerit,
973 4434 1127 4486 quam
1159 4421 1392 4488 legitime
1428 4435 1639 4491 pr0pter
1674 4442 1769 4494 po—

218 4494 340 4567 puli
391 4500 767 4556 indocilitatem
818 4520 955 4559 onus
997 4510 1293 4576 episc0pale
1338 4514 1561 4579 potuerit
1606 4517 1770 4583 depo-

219 4601 358 4641 nere
387 4605 398 4638 :
424 4591 559 4665 unde
611 4594 825 4662 omnino
871 4594 1151 4648 verisimile
1188 4608 1267 4651 est
1310 4611 1549 4653 sanctum
1596 4616 1773 4656 seces-

216 4676 366 4728 sisse
389 4676 527 4730 circa
556 4691 751 4731 annum
784 4680 905 4743 759,
940 4693 994 4735 ut
1021 4683 1216 4737 habent
1265 4672 1773 4751 recentioresﬁinter

217 4777 363 4830 quos
393 4764 662 4819 Bailletus.
708 4767 851 4820 Hanc
883 4772 1212 4825 occasionem
1254 4785 1440 4828 nactus
1467 4778 1771 4833 causidicus

218 4852 707 4908 Cathala-Cothure
737 4856 787 4907 in
812 4872 904 4909 sua
932 4855 1155 4913 ilistoria
1184 4866 1297 4930 pagi
1318 4866 1662 4921 Cadurcensis
1692 4868 1769 4935 id)

224 4957 258 4996 e
287 4942 495 5008 tripode
534 4943 847 4996 condemnat
872 4947 1058 5012 agendi
1104 4951 1313 5003 modum
1339 4955 1507 5007 sancti
1548 4957 1773 5010 Ambro-

222 5036 315 5101 sii,
343 5036 492 5102 quasi
523 5036 823 5087 abnormem
849 5046 902 5089 et
926 5038 1179 5091 absonum
1208 5058 1233 5093 a
1265 5056 1402 5096 recta
1436 5046 1641 5099 ratione
1666 5064 1680 5100 :
1706 5062 1770 5099 en

223 5121 347 5188 ejus
380 5123 536 5173 verba
564 5121 748 5173 Latine
793 5124 997 5176 reddita
1025 5143 1035 5175 :
1076 5144 1093 5175 ι
1132 5126 1448 5183 Visebantur
1485 5135 1573 5185 illo
1600 5133 1772 5188 adhuc

225 5212 427 5267 sarculo
487 5212 726 5278 exempla
784 5213 1078 5281 hujuamodi
1136 5217 1355 5275 fervoris
1400 5222 1766 5290 imprudentis.

306 5344 382 5419 (e)
406 5345 739 5419 Bosc_._Mém.
768 5360 898 5413 pour
922 5350 1091 5401 servir
1122 5349 1149 5400 it
1178 5349 1332 5402 l‘ltist.
1366 5351 1432 5402 du
1472 5349 1764 5419 ltouergue,

220 5429 265 5472 ι’
762 5482 858 5536 SS.
887 5484 1035 5548 Ben.,
1060 5500 1182 5537 saec.
1212 5502 1287 5549 tu,
1310 5464 1442 5552 part.
1477 5501 1531 5551 tt,
1569 5503 1616 5553 p.
1646 5488 1764 5551 “8,

222 5566 277 5609 et
309 5551 445 5605 Gali.
478 5551 699 5611 t2hrisu,
735 5562 765 5603 t.
808 5555 821 5602 Ι
854 5552 1030 5611 lttstr.,
1059 5568 1107 5616 p.
1139 5554 1221 5607 44.

296 5624 366 5693 (Γ),
396 5618 588 5687 Luhbe,
618 5618 743 5671 Bibl.
778 5620 921 5681 Mss,
958 5630 993 5670 t.
1027 5622 1085 5685 ll,
1122 5638 1169 5687 ρ.
1214 5627 1324 5675 157-

1873 3200 2136 3253 numerari
2169 3196 2547 3252 indocilitatetn
2575 3210 2667 3249 seu
2694 3194 2941 3260 malitiam
2966 3191 3132 3257 plebis
3152 3191 3401 3243 commiso

1869 3303 1962 3342 ste.
1990 3288 2109 3343 Haec
2133 3288 2272 3341 enim
2313 3287 2552 3353 leguntur
2594 3299 2643 3353 c.
2674 3283 2738 3334 10
2791 3299 2807 3331 t
2837 3283 2904 3334 de
2942 3280 3167 3332 Rettunt.
3200 3279 3278 3344 (l,
3302 3278 3358 3344 9)
3388 3293 3401 3328 :

1878 3394 1895 3426 t
1928 3376 2143 3441 Propter
2168 3352 2418 3427 malitiam
2450 3352 2844 3441 plebis'cogitur
2876 3368 3132 3420 interdum
3160 3367 3404 3433 praelatus

1870 3465 1936 3516 ab
1984 3464 2149 3530 ipsius
2200 3462 2454 3530 regimine
2496 3460 2784 3521 declinare,
2829 3455 3034 3526 quando
3082 3456 3229 3523 plebs
3270 3454 3404 3505 adeo

1870 3551 2013 3603 dura:
2060 3549 2280 3603 cervicis
2334 3547 2546 3610 existit,
2614 3557 2669 3600 ut
2719 3547 2972 3614 proficere
3018 3554 3240 3612 nequeat
3267 3544 3406 3610 apud

1872 3640 2061 3705 ipsam,
2092 3637 2183 3690 sed
2214 3645 2426 3704 pr0pter
2453 3635 2568 3704 ejus
2611 3635 2854 3688 duritiam
2876 3672 2893 3698 ,
2933 3648 3037 3700 quo
3076 3634 3242 3700 magis
3282 3639 3401 3685 sat-

1871 3729 1996 3795 agit,
2026 3740 2091 3779 eo
2117 3728 2279 3794 magis
2308 3726 2450 3792 justo
2471 3724 2671 3792 judicio
2691 3725 2919 3777 deficere
2944 3724 3290 3791 permittatur,
3320 3719 3405 3773 dis

1870 3825 2020 3869 cet-te
2041 3814 2261 3867 Domino
2292 3827 2384 3879 per
2415 3812 2721 3880 Prophetam
2748 3812 2854 3879 (e):
2884 3811 3133 3878 Linguam
3159 3817 3295 3859 tuam
3326 3808 3405 3873 {a—

1870 3904 1999 3954 ciam
2044 3901 2299 3953 adhaerere
2342 3899 2513 3968 palato
2555 3909 2755 3952 tuo.....
2798 3898 2916 3965 quia
2959 3897 3144 3950 domus
3183 3907 3403 3959 exaspe-

1875 4006 1994 4043 rans
2025 4000 2123 4043 est.
2182 3990 2243 4041 Et
2284 3988 2508 4055 apostoli
2561 3989 2803 4055 leguntur
2835 3986 3030 4038 dixisse
3058 3983 3253 4037 ludatis
3276 3982 3357 4050 (ι’)
3385 4000 3397 4033 :

1874 4079 2004 4131 Ecce
2050 4058 2379 4131 convertimur
2431 4077 2497 4128 ad
2549 4085 2735 4143 gentes,
2785 4076 2901 4141 quia
2951 4072 3079 4124 verbi
3131 4070 3221 4123 Dei
3266 4071 3403 4121 indi-

1871 4185 1995 4237 gnos
2041 4184 2126 4221 vos
2181 4167 2385 4235 fecistis.
2464 4166 2575 4217 Non
2625 4174 2793 4217 tamen
2846 4176 2938 4230 pro
2986 4161 3216 4229 qualibet
3256 4160 3406 4227 culpa
3488 4152 3491 4155 ’

1878 4266 2054 4324 pastor
2085 4257 2241 4309 debet
2266 4269 2477 4324 gregem
2506 4255 2769 4315 deserere,
2803 4266 2868 4303 ne
2909 4250 3231 4303 mercenaria
3263 4263 3407 4302 com—

1802 4387 1850 4445 D
1878 4355 2103 4412 paretur,
2130 4344 2217 4411 qui
2264 4344 2404 4395 videt
2432 4343 2606 4408 lupum
2636 4339 2927 4393 venientem
2958 4348 3013 4390 et
3043 4338 3253 4389 dimittit
3278 4350 3409 4390 oves

1911 4442 1919 4445 _
1974 4432 1994 4445 ρ
2066 4433 2095 4445 ._
2245 4430 2259 4445 .
2327 4432 2338 4445 .
2430 4443 2438 4445 μ
3037 4434 3156 4445 ._-_-
3202 4424 3404 4445 4-..“-

1874 4442 1927 4486 et
1971 4432 2138 4500 fugit;
2171 4430 2262 4484 sed
2309 4432 2374 4483 de
2422 4429 2705 4496 superioris
2757 4428 2984 4489 licentia,
3037 4434 3159 4477 tunc
3197 4424 3407 4476 demum

1874 4528 2041 4588 potest
2072 4534 2172 4571 non
2212 4527 2312 4569 tam
2362 4517 2543 4568 timide
2570 4515 2765 4581 fugere,
2797 4528 2950 4580 quam
2998 4510 3213 4579 provide
3237 4512 3411 4573 decli:

1875 4622 2021 4671 nare,
2047 4622 2166 4660 cum
2197 4619 2322 4661 oves
2364 4612 2745 4657 convertuntur
2792 4602 2842 4653 in
2872 4602 3025 4667 lupos
3054 4617 3069 4653 :
3095 4608 3148 4652 et
3190 4598 3277 4664 qui
3314 4599 3405 4649 de-

1874 4694 2397 4765 bueranLhuntiliter
2440 4692 2673 4755 obedire,
2704 4691 2810 4757 jam
2856 4687 3262 4742 irrevocabiliter
3289 4701 3410 4738 con-

1876 4785 2149 4850 tradicant,
2186 4797 2305 4837 cum
2353 4782 2452 4834 etsi
2481 4780 2610 4833 tales
2647 4780 2751 4832 sint
2795 4778 3024 4847 graviter
3070 4788 3162 4841 pro
3189 4774 3410 4825 crimine

1873 4873 2143 4939 puniendi,
2174 4881 2295 4924 sunt
2318 4880 2488 4943 tamen
2510 4882 2605 4935 pro
2628 4877 2863 4932 tempore
2895 4867 3085 4918 utiliter
3112 4865 3365 4917 tolerandi
3394 4882 3404 4914 :

1872 4962 1998 5027 qui!
2017 4962 2319 5027 sanguinem
2346 4955 2520 5031 elicit,
2563 4956 2652 5022 qui
2700 4956 2854 5008 nimis
2892 4955 3144 5021 emungit.
3178 4972 3196 5003 ι
3255 4952 3408 5004 Vide-

1873 5057 1957 5100 tur
2011 5063 2177 5101 canon
2229 5043 2421 5099 citatus
2471 5045 2611 5099 veris
2664 5044 2772 5097 suis
2820 5044 3083 5097 coloribus
3128 5043 3407 5108 depingere

1870 5143 2106 5188 sanctum
2150 5134 2484 5187 Ambrosium
2516 5135 2566 5186 in
2618 5132 2790 5186 medio
2833 5133 3008 5199 populi
3049 5130 3270 5183 nolentis
3309 5145 3406 5182 auo

1870 5226 1979 5277 dire
2004 5230 2260 5290 pastorem
2286 5237 2456 5289 ⁸ευιιιιι
2485 5241 2497 5275 :
2525 5232 2669 5275 recte
2699 5224 2853 5289 igitur
2878 5223 3061 5275 beatus
3089 5223 3165 5273 vir
3192 5217 3405 5273 malitie

1938 5357 2013 5424 (d)
2040 5357 2168 5408 Hist.
2200 5357 2268 5409 du
2298 5357 2519 5423 Quercy,
2549 5367 2586 5410 t.
2619 5358 2655 5421 Ι,
2692 5372 2742 5424 p.
2767 5356 2850 5408 82.

1936 5429 2004 5490 (e)
2032 5426 2222 5477 Ezech.
2252 5440 2325 5485 ιιι,
2352 5424 2439 5475 ‘26.

1939 5494 2003 5559 (ί)
2028 5497 2141 5544 Act.
2170 5509 2274 5553 xm,
2300 5492 2398 5552 46;
2426 5496 2577 5557 paulo
2599 5492 2749 5545 aliter
2778 5492 2991 5560 Vulgata
3020 5508 3032 5546 :
3060 5492 3305 5554 Quoniam
3340 5506 3408 5544 re~

1870 5564 2053 5623 pellitis
2085 5562 2209 5609 illud
2237 5561 2498 5625 (verbum)
2539 5573 2582 5611 et
2616 5562 2846 5625 indignos
2878 5579 2959 5614 vos
2982 5562 3223 5629 jttdicatis
3260 5571 3404 5612 teter-

1871 5647 1945 5680 nu:
1974 5632 2097 5692 t'ila’,
2134 5645 2241 5679 erce
2269 5644 2607 5695 convenimur,
2639 5638 2740 5679 etc.
