3910 6234
587 300 716 353 1211

1485 306 1541 357 5.
1584 303 1969 358 AMBROSIUS
2009 296 2472 356 CAlllTIltlliNMS
2514 307 2896 362 EPISCUPL’S.

582 409 753 476 plebis
792 411 1029 464 indocilis
1076 426 1191 463 sese
1238 413 1512 463 subtraxit.
1544 414 1689 465 Circa
1734 413 1869 465 idem
1916 420 2119 475 tempus
2148 408 2194 463 A
2226 410 2461 469 videnlur
2506 415 2646 467 enim
2700 420 2964 473 nonnullis
3011 436 3093 475 res
3147 426 3405 481 humanas
3454 432 3564 493 plus
3599 451 3765 501 quam

579 498 809 551 similem
838 498 1194 550 dimissionem
1222 500 1364 550 sedis
1390 501 1539 552 nobis
1565 510 1773 554 sanet-is
1799 501 1911 552 Ado
1942 501 1991 551 in
2022 514 2119 551 suo

583 584 844 639 Chronico
870 585 1076 638 exhibet
1100 588 1171 653 (η)
1208 606 1218 636 :
1253 605 1269 637 ι
1310 588 1631 654 Wilirarius,
1663 604 1779 642 cum
1831 590 2025 641 furioso
2074 595 2127 638 et

581 673 766 724 insano
795 676 922 725 satis
944 676 1161 727 consilio
1210 676 1391 728 Franci
1437 694 1519 728 res
1560 693 1739 729 sacras
1773 677 2121 740 Ecclesiarum

580 758 645 809 ad
674 772 797 809 usus
825 772 950 811 suos
987 768 1371 825 retorquerent,
1416 764 1597 817 videns
1632 765 1977 816 Vieiuiensem
2022 763 2124 814 Ec-

581 844 793 899 elesiam
841 862 983 911 suam
1036 848 1334 902 indecenter
1376 838 1669 915 humiliari,
1704 854 1887 905 relicto
1914 858 2120 921 episco-

584 941 728 999 patu,
781 936 830 987 in
872 939 1243 989 monasterium
1288 950 1585 991 sanctorum
1627 950 1914 1007 martyrum
1947 943 2121 1009 Agau-

586 1022 821 1074 nensium
872 1024 1155 1089 ingressus,
1194 1027 1354 1078 vitam
1400 1031 1745 1082 venerabilem
1795 1031 1961 1082 duxit.
2021 1031 2118 1083 Va-
2160 1064 2177 1077 κ

583 1118 718 1161 stata
748 1119 798 1161 et
827 1109 1061 1174 dissipita
1090 1112 1367 1166 Viennensi
1398 1123 1449 1165 et
1473 1114 1800 1181 Lugdunensi
1826 1117 2117 1183 provincia,

580 1197 776 1263 aliquot
824 1200 972 1251 annis
1011 1202 1124 1254 sine
1172 1203 1434 1271 episcopis
1479 1216 1694 1272 utraque
1739 1207 1969 1259 Ecclesia
2004 1207 2116 1269 fuit,

579 1284 729 1337 laicis
767 1289 1017 1355 sacrilege
1067 1298 1118 1341 et
1150 1290 1368 1343 barbare
1408 1307 1491 1344 res
1535 1306 1708 1345 sacras
1762 1294 2117 1348 Ecelesiarum

577 1373 957 1427 obtinentibus.
993 1393 1010 1423 ι
1070 1374 1366 1429 Wilicarius
1411 1378 1697 1431 Ecclesiam
1758 1396 1903 1432 suam
1956 1385 2115 1436 relin-

578 1458 712 1527 quit,
762 1462 880 1526 quia
926 1460 1235 1525 devastata;
1269 1474 1455 1528 prmter
1501 1464 1598 1517 hoc
1642 1478 1987 1532 momentum,
2040 1470 2116 1521 fu-

577 1560 693 1610 gim
725 1544 775 1597 in
806 1545 1140 1598 solitudinem
1169 1558 1351 1600 saneto
1389 1558 1568 1603 nostro
1592 1552 1880 1605 suadebant
1923 1554 2120 1607 indoci-

582 1636 700 1687 litas
742 1638 914 1703 populi
960 1646 1014 1690 et
1062 1646 1203 1692 certa
1253 1654 1373 1706 spes
1402 1640 1625 1694 habendi
1670 1656 2029 1697 successorem
2061 1645 2112 1696 in

2226 512 2490 588 Oporteret
2534 496 2869 569 deseruisse,
2905 524 3005 561 non
3059 511 3470 581 intelligentibus
3513 496 3765 588 quantum

2226 587 2372 638 nobis
2411 603 2592 641 eorum
2646 594 2850 646 animus
2882 594 2931 647 in
2962 600 3287 653 orationibus
3343 587 3539 669 prosit,
3575 621 3631 662 et
3664 614 3762 665 vita

2226 674 2288 723 ad
2314 678 2605 741 exemplum
2636 721 2648 742 ,
2687 695 2906 747 quorum
2936 700 3149 752 carpora
3184 692 3362 746 videre
3390 709 3491 747 non
3521 699 3757 753 sinimur.

2221 759 2321 811 Sed
2347 760 2464 812 hinc
2488 762 2759 829 disputare
2789 772 2997 836 longum
3017 785 3071 825 et
3100 789 3546 839 supervacaneum
3598 798 3758 851 puto;

2223 858 2338 896 nam
2366 848 2463 900 hoc
2491 860 2592 901 tam
2622 855 2885 907 excellens
2909 856 3173 925 fastigium
3202 868 3517 931 sanctitatis,
3544 848 3627 924 cui
3659 848 3756 925 non

2221 949 2312 987 sua
2335 945 2520 1001 sponte
2564 941 2857 995 mirandum
2888 955 2940 997 et
2973 936 3335 1004 honorandum
3368 956 3589 1021 videtur,
3644 977 3755 1012 ora.

2222 1027 2361 1079 tione
2385 1039 2562 1081 nostra
2589 1031 2752 1085 videri
2774 1036 2861 1099 qui
2885 1039 3089 1106 potest]
3116 1040 3338 1094 Tantum
3365 1045 3447 1097 isti
3465 1047 3753 1100 admonen—

2219 1114 2269 1167 di
2298 1119 2539 1184 sunt,qui
2562 1132 2617 1170 se
2640 1119 2865 1174 inaniter
2886 1124 3106 1191 jactanl,
3133 1127 3182 1178 in
3212 1140 3410 1182 tantum
3437 1136 3753 1199 processisse

2220 1208 2616 1269 temperantiam
2640 1216 2691 1259 et
2712 1210 3088 1265 continentiam
3112 1218 3558 1271 sanctissimornni
3582 1228 3751 1275 Callio-

2220 1291 2333 1343 licat
2365 1293 2482 1345 fidei
2513 1292 2925 1349 Christianorum
2952 1338 2968 1362 ,
2995 1309 3048 1351 ut
3079 1304 3438 1370 restringenda
3488 1290 3747 1362 nonnullis

2217 1386 2269 1430 et
2297 1380 2444 1444 quasi
2469 1382 2532 1431 ad
2562 1381 2819 1436 humanos
2843 1384 2975 1439 ﬁnes
2999 1392 3287 1442 revocanda
3314 1393 3565 1456 videatur,
3592 1411 3747 1461 usque

2218 1464 2346 1517 adeo
2376 1482 2533 1531 supra
2565 1470 2801 1522 homines
2829 1472 3031 1527 illorum
3086 1478 3289 1529 animos
3315 1481 3563 1539 evasisse.
3596 1480 3662 1534 ab
3690 1486 3747 1534 iis

2217 1554 2372 1605 etiam
2402 1556 2587 1621 quibus
2627 1555 2676 1609 id
2707 1558 2970 1625 displicet,
3004 1562 3291 1627 iudicatur.
3332 1585 3350 1616 ι
3394 1568 3512 1620 [Lee
3536 1544 3746 1623 sanctus

2218 1640 2531 1705 Augustinus
2561 1645 2796 1710 apposite
2816 1646 2880 1699 ad
2906 1648 3224 1707 causidicum
3242 1663 3475 1707 nostrum
3505 1655 3743 1709 refellen-

576 1724 903 1793 episc0patu.
936 1726 989 1778 Si
1022 1725 1196 1793 itaque
1219 1726 1268 1777 io
1298 1728 1558 1780 similibus
1583 1728 1840 1795 adjunctis
1868 1718 2112 1795 praesenti
2150 1709 2190 1765 Β
2218 1731 2360 1783 dttm.

581 1822 817 1879 tempore
847 1815 1127 1880 episcopus
1154 1815 1364 1881 aliquis.
1411 1815 1661 1866 abdicatis
1701 1815 1900 1877 infulis,
1930 1819 2115 1869 solitu-

576 1900 752 1954 dinem
800 1912 1029 1968 peteret,
1075 1906 1272 1970 optime
1325 1904 1376 1955 id
1422 1908 1738 1956 eonsonaret
1777 1906 2032 1969 moribus,
2063 1918 2115 1959 et

576 1992 769 2047 nedum
795 1993 1079 2045 cachinnos
1108 2001 1436 2059 provocaret,
1471 1994 1738 2046 liodiernis
1763 1994 1917 2046 etiam
1944 1994 2114 2047 homi-

576 2080 733 2132 nibus
762 2096 982 2136 summm
1008 2082 1338 2155 aedificationi
1363 2084 1633 2136 existeret.

650 2169 737 2224 15.
777 2171 923 2236 Quod
949 2186 1070 2225 vero
1098 2160 1313 2224 Cathala
1332 2172 1624 2225 causidicus
1648 2187 1803 2238 porro
1824 2175 2102 2227 mirabun-

575 2259 675 2312 dus
691 2259 815 2313 dicit
832 2260 1126 2328 hujusmodi
1159 2260 1347 2314 mentis
1373 2261 1785 2315 imbecillitatem
1808 2262 1979 2315 adhuc
1996 2279 2113 2330 per-

577 2361 849 2417 severare,
880 2349 1042 2415 prima
1074 2348 1251 2402 fronte
1278 2349 1695 2403 concludendum
1728 2350 1952 2413 videtur,
2000 2365 2110 2405 rem

576 2449 735 2500 esse,
790 2452 906 2504 qua:
960 2439 1070 2503 ipsa
1124 2438 1415 2505 frequentia
1470 2447 1665 2491 tantam
1714 2438 2112 2490 admirationem

552 2524 719 2581 ciere
769 2542 871 2580 non
902 2527 1041 2581 valet
1067 2544 1081 2592 ;
1121 2543 1239 2582 nam
1270 2543 1385 2581 cum
1413 2543 1623 2595 semper
1650 2538 1703 2582 et
1734 2529 1923 2595 ubique
1949 2531 2109 2582 exsti-

574 2615 719 2680 terit,
742 2626 797 2669 ut
820 2616 932 2684 ipse
961 2618 1172 2679 fatetur,
1202 2633 1353 2671 error
1372 2618 1463 2671 ille
1490 2617 1540 2668 in
1563 2614 1945 2671 Christianismi
1973 2619 2112 2669 indo-

573 2701 676 2756 lem
731 2702 1085 2757 refundendus
1141 2713 1242 2757 est.
1296 2702 1571 2767 Quomodo
1602 2718 1765 2769 porro
1816 2703 2113 2755 causidicus

576 2797 757 2844 noster
784 2799 887 2841 tam
918 2793 1269 2857 peremptorie
1313 2798 1563 2843 damnare
1591 2805 1682 2844 sua
1732 2791 1915 2856 privati
1948 2790 2113 2842 homi-

573 2878 656 2932 nis
684 2880 996 2932 auctoritate
1025 2880 1214 2943 audet,
1239 2880 1379 2946 quod
1414 2880 1730 2933 surculorum
1758 2882 1988 2933 omnium
2022 2880 2111 2945 jn-

572 2967 712 3022 dieio
756 2967 1163 3035 comprobatur?
1214 2969 1629 3021 Admirationem
1677 2969 1849 3034 itaque
1904 2968 2112 3020 mentiri

574 3054 823 3109 dicendus
868 3064 950 3108 est
973 3056 1291 3121 causidicus,
1338 3064 1394 3108 ut
1426 3056 1635 3123 oblique
1664 3055 1847 3107 saltem
1899 3068 2113 3122 carpere

576 3154 753 3209 posset
802 3143 892 3195 illa
942 3143 1194 3199 Ecclesia:
1226 3143 1480 3207 instituta,
1513 3158 1629 3211 quae
1656 3143 1880 3196 orationi
1905 3152 1960 3196 et
1989 3157 2114 3196 con-

576 3234 905 3301 templationi
932 3236 1193 3301 praecipue
1219 3233 1429 3298 devota,
1460 3235 1689 3287 maxime
1720 3235 2114 3299 impetehantur

575 3322 666 3375 illa
693 3332 1005 3385 tempestate
1038 3324 1199 3390 (anno
1230 3324 1391 3388 1785)
1417 3362 1433 3387 ,
1462 3336 1559 3388 qua
1588 3330 1770 3376 auctor
1794 3337 1941 3374 suam
2002 3323 2115 3376 His-

573 3407 760 3461 toriam
784 3406 1131 3461 Cadurcensis
1162 3411 1277 3477 pagi
1310 3410 1663 3461 concinnavit.
1717 3408 1844 3461 llinc
1866 3409 1997 3461 dicit
2025 3425 2114 3461 na-

575 3504 744 3549 turam
788 3497 1123 3564 atque‘adeo
1166 3497 1537 3548 humanitatem
1579 3511 1670 3563 spe
1714 3510 1807 3548 sua
1854 3496 2110 3560 frustrari,

572 3585 781 3651 quando
812 3585 930 3652 quis
954 3588 1001 3636 in
1036 3585 1221 3651 placita
1248 3584 1439 3648 studia,
1486 3585 1786 3651 reipublicae
1817 3586 1989 3637 minus
2017 3586 2115 3640 uti-

575 3673 667 3734 lia,
694 3674 969 3727 incumbit.
997 3674 1195 3736 Quibus
1216 3674 1385 3725 verbis
1411 3674 1644 3739 iodigitat
1670 3674 1969 3725 monasticae
1993 3673 2115 3724 vita:

576 3760 861 3821 studiosos,
892 3774 1022 3825 quos
1067 3760 1264 3810 frivolis
1305 3758 1458 3811 rebus
1500 3759 1705 3812 deditos
1758 3760 2113 3826 fingityquasi

577 3848 737 3900 vitam
764 3846 983 3900 orationi
1013 3848 1271 3910 continuae
1302 3847 1604 3910 impendere
1635 3858 1685 3899 et
1714 3862 1905 3912 corpus
1934 3856 2113 3898 auste-

579 3935 822 3989 ritatibus
844 3944 1099 3994 atterere,
1129 3933 1308 3985 frivola
1336 3942 1535 3985 essent.
1564 3934 1659 3995 Qui
1695 3948 1818 3984 vero
1867 3932 2111 3998 primaria

578 4024 828 4091 principia
852 4023 1113 4088 religiOnis
1132 4022 1436 4073 Christiana:
1460 4023 1535 4074 vel
1558 4022 1774 4075 summis
1798 4022 1951 4074 labris
1977 4023 2110 4073 deli—

577 4114 784 4173 barunt,
817 4110 987 4164 sciunt
1011 4112 1243 4188 oratione
1294 4112 1356 4161 ad
1412 4111 1569 4161 Deum
1604 4112 1693 4161 niti
1719 4125 1802 4162 res
1834 4113 2107 4172 humanas,

578 4215 633 4260 et
658 4205 871 4273 proinde
898 4205 1023 4256 utile
1050 4218 1166 4255 esse
1188 4213 1294 4255 tum
1325 4201 1561 4267 singulis,
1594 4210 1700 4253 tum
1725 4203 1982 4255 universae
2013 4200 2114 4252 rei-

2291 1819 2374 1870 H.
2414 1820 2559 1885 Quod
2587 1822 2629 1872 si
2663 1822 2801 1888 haze',
2848 1833 3106 1891 quatenus
3134 1842 3199 1879 ex
3231 1808 3430 1881 intimis
3480 1832 3740 1897 religionis

2216 1906 2495 1960 Catholica:
2526 1902 2793 1975 principiis
2821 1911 3090 1977 desumpta
3109 1954 3122 1976 ,
3156 1925 3365 1980 respuat
3391 1917 3600 1970 Cathala
3628 1934 3742 1970 eau-

2215 1994 2431 2056 sidivus,
2460 1995 2713 2061 attendat,
2742 2011 2939 2065 qureso,
2986 2000 3399 2053 monacliismum
3433 2018 3532 2055 non
3584 2004 3742 2055 solum

2216 2082 2391 2132 utilem
2421 2095 2556 2142 esse,
2582 2092 2639 2151 ut
2662 2092 2919 2149 praecepta
2950 2093 3001 2136 et
3028 2086 3241 2138 consilia
3273 2089 3587 2155 evangelica:
3610 2102 3741 2141 sarta

2216 2184 2350 2228 tecta
2381 2174 2660 2228 serventur
2681 2184 2732 2228 et
2757 2176 2843 2227 alii
2861 2177 2923 2227 ad
2947 2178 3258 2231 sanctiorem
3282 2179 3438 2232 vitam
3463 2196 3741 2246 provocen-

2217 2272 2314 2326 tur,
2350 2264 2437 2313 sed
2467 2264 2620 2314 etiam
2656 2263 2900 2328 prodesse
2931 2263 3211 2329 plurimum
3240 2268 3468 2319 societati
3496 2267 3657 2318 civili.
3682 2268 3742 2320 lJt

2214 2352 2351 2405 enim
2403 2352 2485 2404 hic
2532 2354 2832 2405 omittamus
2860 2361 3108 2418 quantum
3158 2352 3377 2405 subsidii
3423 2354 3739 2406 contulerint

2213 2442 2336 2493 olim
2365 2440 2607 2492 monachi
2628 2440 2956 2507 agriculturae
2978 2440 3345 2507 prapagandze,
3371 2442 3602 2494 scientiis
3623 2443 3741 2492 arti-

2214 2531 2414 2595 busque
2436 2528 2841 2591 conservandis,
2888 2544 3039 2581 nemo
3066 2532 3164 2595 Aqui
3218 2539 3524 2595 praesentem
3572 2544 3739 2581 rerum

2213 2625 2409 2668 statum
2438 2622 2639 2668 attento
2667 2616 2819 2669 oculo
2852 2616 3101 2680 intuetur,
3135 2615 3465 2677 diffitebitnr,
3519 2617 3601 2667 vel
3649 2632 3730 2667 no-

2214 2712 2330 2757 stro
2348 2704 2538 2755 saeculo
2566 2704 2847 2767 optandum
2879 2717 3020 2766 esse,
3047 2710 3103 2754 ut
3124 2703 3297 2768 plures
3328 2703 3428 2753 sint
3446 2702 3535 2768 qui
3564 2704 3739 2755 solitu-

2214 2793 2389 2845 dinem
2422 2781 2707 2844 sectentur.
2747 2792 2820 2845 Ea
2848 2793 2987 2846 enim
3020 2800 3101 2844 est
3127 2801 3420 2858 temporum
3451 2802 3737 2850 nostrorum

2215 2877 2467 2938 conditio,
2497 2890 2552 2929 ut
2581 2889 2765 2929 omnes
2790 2878 2978 2940 ferme,
3012 2878 3098 2943 qui
3127 2878 3283 2931 modo
3312 2879 3504 2946 aliquid
3537 2878 3734 2932 litters-

2220 2980 2333 3018 rum
2387 2964 2774 3028 addidicerint,
2833 2965 2898 3016 ad
2945 2965 3116 3017 omnia
3157 2974 3309 3018 natos
3353 2982 3409 3019 se
3455 2980 3576 3020 esse
3602 2966 3739 3019 facile

2220 3051 2549 3115 existiment;
2597 3049 2723 3103 nihil
2752 3050 2884 3105 adeo
2904 3052 3169 3104 excelsum
3194 3063 3287 3106 aut
3312 3055 3530 3106 arduum
3558 3093 3575 3118 ,
3613 3056 3740 3121 quod

2212 3153 2270 3193 se
2290 3148 2663 3193 consecuturos
2692 3138 2792 3192 levi
2828 3153 2984 3191 manu
3010 3153 3110 3192 non
3151 3150 3384 3207 sperent.
3418 3141 3585 3195 Unum
3613 3158 3742 3207 sape

2213 3228 2408 3290 obstat,
2451 3224 2729 3293 quominus
2750 3238 2988 3290 scopum,
3013 3226 3388 3279 ardentissiniis
3436 3231 3571 3281 votis
3596 3243 3741 3296 expe-

2216 3313 2385 3377 titum,
2413 3313 2688 3382 attingant,
2711 3322 2859 3364 curta
2888 3314 3087 3365 scilicet
3129 3328 3214 3366 res
3244 3314 3509 3367 familiaris
3532 3325 3621 3369 aut
3646 3331 3744 3369 ere

2214 3403 2385 3456 alieno
2406 3394 2622 3470 gravata
2644 3437 2661 3465 ,
2692 3415 2807 3469 qua:
2832 3416 3043 3455 omnem
3082 3404 3277 3456 aditum
3308 3406 3371 3458 ad
3403 3405 3633 3460 honores
3662 3422 3744 3455 νο-

2215 3497 2542 3561 luptatesque
2561 3494 2781 3549 claudit.
2838 3492 2967 3547 Hinc
2992 3494 3117 3547 nihil
3143 3510 3244 3548 non
3265 3497 3592 3563 excogitant,
3624 3499 3742 3551 nihil

2216 3600 2316 3639 non
2341 3586 2639 3647 moliuntur,
2666 3592 2721 3635 ut
2747 3583 2945 3635 divitiis
2978 3584 3183 3635 tandem
3208 3588 3503 3650 potiantur;
3538 3587 3604 3638 ad
3626 3602 3740 3652 quas

2214 3670 2552 3737 acquirendas
2604 3672 2742 3723 nulla
2797 3670 2879 3721 via
2911 3669 3153 3733 facilior,
3204 3686 3358 3737 quam
3408 3671 3492 3731 si.
3549 3673 3739 3723 turbati

2216 3758 2499 3825 republica,
2545 3758 2997 3809 alienaslortunas
3051 3757 3191 3808 nullo
3239 3758 3453 3825 negotio
3504 3758 3738 3810 invadere

2218 3848 2433 3913 possint.
2461 3847 2659 3899 lnhiant
2689 3845 2906 3897 aliorum
2934 3845 3116 3911 opibus
3139 3888 3151 3912 ,
3185 3859 3313 3912 quas
3340 3846 3544 3913 absque
3574 3847 3738 3899 labore

2216 3953 2337 3989 suas
2358 3937 2570 4001 cupiunt
2592 3976 2605 3999 ,
2636 3944 2689 3985 et
2729 3934 2967 3985 omnibus
2998 3933 3166 3985 modis
3196 3931 3480 3985 corradere
3531 3941 3740 3987 tentant.

2213 4025 2325 4078 Jani
2354 4027 2468 4091 quis
2498 4038 2600 4075 non
2634 4023 2825 4088 liquide
2848 4021 3072 4095 videat,
3101 4022 3199 4072 hac
3227 4021 3492 4088 exagitata
3544 4032 3740 4087 tempe-

2215 4124 2369 4177 state,
2397 4113 2593 4179 Optime
2626 4111 2918 4163 consultum
2960 4109 3023 4160 iri
3056 4109 3167 4174 paci
3213 4118 3265 4160 et
3294 4108 3457 4175 quieti
3503 4107 3735 4161 civitatis.

2215 4203 2257 4254 si
2286 4209 2461 4253 essent
2482 4197 2793 4250 monasteria
2815 4236 2830 4257 ,
2861 4196 2924 4247 ad
2946 4210 3059 4260 qua:
3101 4208 3418 4246 concurrere
3451 4205 3633 4259 posset
3665 4194 3731 4260 jts

578 4294 820 4361 publicat,
861 4292 1034 4343 utsint
1054 4304 1257 4356 semper
1272 4289 1355 4355 qui
1396 4300 1532 4341 orent
1570 4291 1619 4339 in
1644 4290 1777 4340 omni
1805 4289 1914 4340 loco
1942 4288 2109 4340 levan-
2142 4312 2196 4370 ι)
2222 4300 2428 4350 ventus,
2456 4288 2552 4338 sibi
2584 4287 2776 4352 gravis,
2800 4282 3009 4335 familia:
3035 4282 3299 4341 indecora,
3351 4281 3601 4332 societati
3641 4280 3739 4331 nni-

580 4390 651 4437 tes
672 4396 821 4445 puras
848 4394 1023 4430 manus
1044 4376 1139 4446 (ὁ),
1163 4387 1217 4428 ut
1240 4385 1539 4429 avertantur
1560 4368 1761 4443 ﬂagella
1792 4376 1881 4428 ira:
1902 4376 2114 4437 divinat,

582 4484 633 4526 et
657 4472 809 4539 justis
860 4469 1264 4536 perseverantia,
1296 4466 1656 4533 peccatoribus
1691 4479 1906 4516 .morutn
1932 4477 2116 4516 emen-

581 4550 737 4615 datio~
750 4557 1078 4613 concedatur.
1114 4555 1254 4607 llanc
1278 4564 1419 4608 certe
1438 4556 1748 4606 anachoreta
1763 4568 1872 4605 rum
1914 4553 2115 4604 utilita-

586 4663 687 4703 tem
730 4648 943 4716 agnovit
984 4655 1193 4699 sanctus
1222 4646 1542 4711 Augustinus
1572 4644 1703 4695 libro
1735 4643 1841 4695 tde
1886 4641 2116 4693 Moribus

585 4739 831 4793 Ecclesia:
870 4736 1146 4790 Catholicae
1170 4776 1183 4799 ,
1213 4749 1327 4803 cap.
1358 4734 1418 4786 5i
1455 4734 1525 4803 (ε)
1563 4752 1574 4785 :
1624 4752 1642 4783 ι
1677 4733 1903 4788 Νἰιιηάε
1932 4732 1993 4784 iis
2033 4732 2115 4783 di-

584 4842 788 4890 θεων..
817 4825 907 4895 qui
934 4824 1269 4879 secretissimi
1317 4824 1519 4889 penitus
1571 4822 1637 4874 ab
1662 4824 1802 4873 omni
1848 4821 2114 4871 hominum

584 4925 888 4983 conspectu,
919 4928 1056 4981 pane
1101 4914 1233 4977 solo,
1264 4913 1351 4979 qui
1394 4912 1472 4963 eis
1515 4925 1606 4978 per
1654 4921 1794 4963 certa
1846 4910 2117 4962 intervalla

587 5016 879 5071 temporum
912 5004 1146 5065 affertur,
1197 5012 1248 5055 et
1275 5016 1406 5069 aqua
1434 5002 1684 5062 contenti,
1737 4999 2115 5053 desertissimas

590 5104 753 5145 terras
781 5092 1037 5155 incolunt,
1086 5090 1409 5156 perfruentes
1455 5088 1717 5154 colloquio
1768 5086 1879 5147 Dei,
1908 5087 1993 5137 cui
2028 5100 2117 5151 pu-

591 5182 664 5232 ris
689 5181 948 5233 mentibus
976 5179 1315 5243 inhaeserunt,
1343 5185 1394 5229 et
1423 5177 1535 5243 ejus
1558 5176 1962 5243 pulchritudinis
1991 5189 2117 5226 con-

594 5271 927 5335 templatione
944 5266 1251 5325 beatissimi,
1273 5282 1387 5330 qua:
1408 5265 1503 5316 nisi
1539 5275 1833 5316 sanctorum
1858 5262 2118 5314 intellectu

594 5360 786 5426 percipi
813 5371 913 5408 non
945 5363 1135 5421 potest.
1188 5353 1342 5413 Nihil,
1395 5354 1625 5417 inquam,
1672 5350 1737 5404 de
1782 5351 1862 5401 his
1893 5351 2071 5415 loquar
2103 5364 2111 5397 :

688 5468 740 5531 α)
769 5466 933 5516 Pertz.
960 5465 1186 5531 Monum.
1215 5461 1345 5512 llist.
1372 5460 1546 5511 Germ.
1574 5469 1609 5509 t.
1641 5460 1701 5524 ll,
1729 5475 1779 5525 p.
1802 5458 1922 5510 5l9.

688 5468 740 5531 α)
769 5467 933 5516 Pertz.
960 5467 1123 5513 Monui

660 5467 736 5599 ibi
766 5530 779 5580 l
805 5531 939 5581 Titii.
972 5545 1040 5591 xi,
1073 5527 1123 5577 8.

2218 4391 2380 4431 versa:
2413 4374 2637 4428 infesta?
2669 4366 2994 4424 Macerarent
3025 4370 3130 4421 illic
3152 4380 3346 4433 corpus
3376 4382 3535 4420 suum
3560 4368 3734 4425 inedia,

2218 4464 2424 4530 vigiliis,
2474 4460 2748 4526 stupendis
2776 4458 2936 4510 etiam
2989 4456 3425 4516 austeritatibus;
3456 4464 3551 4506 aut
3576 4452 3735 4509 etiam.

2215 4555 2258 4606 si
2293 4553 2360 4605 ita
2391 4551 2550 4609 lubet,
2590 4548 2806 4611 ignavia:
2828 4545 3025 4607 dediti,
3056 4544 3296 4595 luderent
3322 4540 3735 4608 anagrammstis.

2216 4636 2735 4702 chronogrammatis,
2766 4633 2987 4685 autaliis
3014 4632 3061 4682 id
3088 4645 3255 4697 genus
3282 4628 3595 4691 crepundiis
3621 4628 3739 4678 litte-

2217 4728 2364 4789 rariis
2398 4744 2409 4776 :
2433 4726 2538 4789 jam
2559 4733 2700 4776 certe
2726 4722 2951 4782 maximo
2972 4719 3272 4785 reipublica:
3298 4717 3583 4785 utriusque
3601 4729 3735 4769 emo.

2217 4787 2448 4869 lifmento
2468 4813 2794 4878 quiescerent
2822 4808 2941 4874 ipsi,
2961 4807 3191 4872 aliosque
3210 4806 3352 4857 cives
3374 4802 3739 4870 tranquillitate

2218 4903 2406 4972 perfrui
2430 4908 2760 4967 paterentur:
2787 4911 2892 4948 uno
2914 4897 3073 4946 verbo
3094 4906 3315 4946 summa
3338 4892 3594 4944 utilitatis
3617 4896 3741 4942 esset

2215 5008 2313 5045 non
2334 4991 2575 5043 nocuisse.
2600 4987 2698 5039 Tot
2717 4986 2952 5038 videmus
2970 4982 3121 5035 hodie
3143 4980 3425 5048 impietatis
3442 4982 3738 5045 corypltcos

2216 5080 2418 5134 civibus
2467 5079 2575 5129 suis
2626 5074 2908 5142 perniciem
2938 5080 2991 5124 et
3028 5069 3245 5124 exitium
3294 5068 3626 5131 minitantes,
3652 5062 3739 5131 qui

2218 5167 2591 5235 rempublicam
2648 5170 2856 5221 vexant,
2916 5158 3158 5220 turbant,
3189 5164 3430 5210 evertere
3479 5161 3737 5209 conantur.

2219 5259 2303 5323 qui
2337 5257 2379 5307 si
2423 5259 2603 5305 essent
2631 5246 2892 5307 monachi.
2926 5247 3224 5304 inuocuam,
3278 5244 3490 5295 etiamsi
3522 5236 3742 5296 fortassis

2219 5344 2449 5395 inutilem
2482 5340 2637 5391 vitam
2660 5338 2907 5389 ducerent
2940 5334 3037 5403 td).
3088 5333 3233 5385 Adeo
3260 5345 3444 5384 verum
3473 5337 3562 5384 est
3587 5328 3744 5399 (liceat

2291 5450 2358 5516 (ε)
2392 5448 2449 5499 Τ.
2482 5447 2623 5512 10p.
2655 5461 2705 5510 p.
2734 5443 2871 5516 'l_lO._
2898 5434 3233 5516 Edital’ar‘is.
3265 5451 3593 5491 uocccxxn.

2291 5507 2366 5585 (ά)
2399 5517 2467 5569 De
2495 5507 2720 5575 Meistre,
2744 5512 2812 5564 du
2845 5511 3000 5579 Pape,
3031 5510 3118 5562 lib.
3147 5507 3207 5559 Ill
3232 5546 3247 5569 ,
3287 5519 3407 5562 est).
3446 5518 3526 5559 at.
