3910 6234
166 664 502 727 σςιιετοψιίη
529 672 721 725 gnavos
750 671 814 707 ex
840 652 1050 704 minutis
1103 648 1338 711 ﬁctisque
1366 646 1713 694 circumstan-

175 754 266 804 tiis
304 750 557 817 principia
585 746 797 815 cudere,
836 755 970 808 quat,
996 739 1037 789 si
1066 738 1117 787 in
1149 736 1347 800 praxim
1380 729 1705 780 deduceren-

170 848 282 897 tur,
314 832 619 903 gravissima
668 812 915 895 generant
946 824 1098 882 mala,
1134 836 1233 871 non
1264 818 1347 868 uni
1377 824 1594 872 tantum.
1630 810 1719 862 sed

168 926 273 973 toti
304 922 621 988 quandoque
648 930 807 980 regno
830 912 1040 963 luenda.
1078 909 1197 959 llmc
1218 906 1283 957 de
1305 901 1517 954 Cathala
1544 897 1721 950 causi-

168 1010 279 1061 dici
305 1007 582 1061 sententiis
603 1004 738 1054 dicta
768 999 1050 1051 sufficiant.

175 1144 204 1207 ﬁ
239 1142 335 1192 111.
371 1138 650 1207 Discutitar
697 1133 866 1207 epinrtio
906 1127 1130 1181 Casimiri
1177 1122 1365 1174 Uudini
1396 1159 1408 1178 ,
1438 1117 1545 1207 rqui
1582 1129 1726 1207 litan-

250 1219 393 1259 ctum
418 1182 741 1257 Ambrosium.
762 1199 1119 1250 Cadurcensem
1158 1201 1401 1259 auctorem
1433 1182 1550 1249 fecit
1579 1182 1729 1259 libro:

250 1292 372 1324 rum
417 1277 478 1323 de
531 1268 782 1336 Mysteriis
827 1275 871 1315 et
918 1264 977 1336 ᾴε
1032 1258 1384 1336 δρα-ωηενιιίε,
1419 1261 1590 1302 sancto
1621 1249 1733 1298 Am-

253 1343 425 1395 brosio
458 1328 822 1394 Mediplanensi
848 1330 995 1397 vulgo
1026 1328 1336 1377 tributorum.

258 1448 561 1519 Singularis
580 1447 683 1497 fuit
721 1443 896 1509 opinio
923 1439 1157 1491 (ζεγςίιηὶτί
1189 1435 1374 1486 (tudini
1407 1432 1480 1501 (α)
1515 1411 1735 1489 ,ἐειηειο

186 1515 390 1592 nostro
416 1534 695 1589 Ambrosio
728 1528 1006 1583 tribuentis
1040 1532 1287 1575 tractatus
1321 1522 1384 1571 de
1414 1515 1664 1587 Mysteriis
1686 1522 1739 1566 et

185 1629 254 1679 de
287 1622 657 1683 Sacramentis,
687 1632 802 1682 quas
854 1615 977 1667 olim
1030 1610 1378 1665 communiter
1407 1607 1502 1658 sub
1529 1603 1739 1656 nomine

184 1713 366 1766 sancti
403 1707 667 1763 Ambrosii
701 1700 1101 1758 Mi:diolanensis
1128 1707 1179 1748 et
1230 1694 1479 1746 Ecclesiae
1510 1689 1740 1742 doctoris

188 1801 508 1854 veniebant.
568 1790 910 1860 Quantumvis
938 1789 1075 1841 enim
1108 1786 1235 1838 nihil
1289 1784 1578 1835 detractum
1608 1777 1741 1830 veli-

186 1901 318 1940 mus
348 1886 532 1953 glorite
568 1864 866 1934 sanctorum
892 1916 905 1939 ,
964 1888 1184 1942 quorum
1234 1872 1390 1924 vitam
1423 1874 1741 1922 commenta-

187 1992 342 2037 mnr,
374 1973 682 2025 deessemns
713 1966 1046 2020 nihilominus
1076 1962 1250 2035 officio
1293 1968 1475 2011 nostro
1525 1964 1578 2007 et
1596 1967 1741 2006 reve-

189 2064 393 2116 rentite
417 2060 610 2111 sanctis
641 2055 830 2109 debita:
852 2093 863 2114 ,
903 2052 944 2105 si
973 2042 1300 2103 illosalienis
1330 2045 1509 2111 spoliis
1541 2040 1735 2094 conde.

188 2163 391 2202 corare
422 2155 797 2211 satageremus.
832 2140 1010 2207 Neque
1054 2146 1224 2188 tamen
1258 2135 1347 2185 illo
1376 2129 1596 2183 consilio
1626 2125 1743 2191 epi-

194 2236 421 2288 nionem
474 2247 620 2283 suam
665 2229 831 2281 emisit
883 2225 959 2279 Ou
982 2227 1138 2284 linus,
1168 2233 1222 2274 ut
1252 2222 1316 2272 ad
1351 2218 1533 2272 laudes
1580 2214 1746 2268 sancti

195 2323 474 2377 Ambrosii
516 2319 860 2372 Cadurcensis
888 2320 1247 2367 accrescerent
1274 2311 1321 2360 hi
1356 2312 1625 2367 tractatus,
1658 2300 1750 2353 sed

203 2408 392 2477 potius
441 2414 496 2457 ut
552 2404 863 2455 validissima
922 2398 1217 2451 traditionis
1264 2392 1535 2445 catholica:
1565 2374 1751 2440 mon-u—

208 2501 421 2552 menta,
449 2491 605 2541 homo
649 2487 813 2548 vafer,
843 2483 1181 2536 convelleret.
1213 2479 1419 2533 Sciebat
1450 2476 1587 2527 cnim
1614 2473 1749 2525 mul-

206 2590 333 2632 tum
366 2578 552 2628 iisdem
575 2572 898 2632 auctoritatis
926 2570 1184 2633 deperire,
1212 2567 1253 2618 si
1278 2572 1563 2629 etquatuor
1582 2574 1750 2612 sateu-

201 2669 275 2721 lis
304 2665 596 2720 recentiora
627 2673 677 2715 et
707 2664 771 2713 ab
797 2662 1017 2713 obscuro
1046 2656 1269 2724 quodam
1321 2654 1565 2720 episcopo
1598 2687 1613 2711 ,
1669 2651 1756 2717 qui

206 2756 384 2810 etiam
416 2751 666 2819 rapsodus
687 2748 1005 2813 appellatur,
1038 2744 1175 2795 edita
1206 2744 1590 2806 comprobaret.
1617 2739 1757 2803 Ope-

209 2858 291 2896 ra:
326 2838 550 2909 pretium
576 2839 748 2903 itaque
779 2834 1271 2900 fueritsingularem
1319 2829 1590 2898 scriptoris
1638 2842 1761 2893 apo.

203 2939 377 2983 stata:
392 2929 687 2993 opinionem
711 2924 1031 2989 expendere,
1060 2923 1321 2986 illamque,
1341 2927 1584 2982 quantum
1607 2900 1762 2982 hujus

208 3017 404 3083 operis
423 3016 554 3067 ratio
583 3012 831 3079 poonlat,
861 3010 1111 3064 refutare.
1148 3010 1470 3059 Sententiam
1497 3019 1641 3056 suam
1685 3003 1765 3054 his

214 3107 343 3161 fere
372 3101 691 3170 argumentis
724 3100 868 3152 fulcit
924 3100 1157 3151 Oudinns
1211 3114 1224 3147 :
1276 3093 1463 3146 asserit
1510 3091 1763 3159 imprimis

214 3208 395 3249 unum
426 3184 772 3253 eumdetnqne
798 3204 913 3241 esse
936 3197 1201 3239 auctorem
1222 3225 1237 3247 ,
1277 3184 1365 3251 qui
1397 3190 1673 3235 tractatum
1704 3180 1767 3231 de

217 3284 488 3353 Hystcriis
532 3291 585 3333 et
610 3282 694 3346 qui
722 3292 809 3331 sex
861 3287 1107 3331 tractatus
1138 3276 1198 3325 de
1247 3273 1592 3326 Sacramcntis
1653 3286 1770 3323 con-

218 3372 544 3442 scripserit:
572 3378 725 3437 atque
757 3369 873 3420 huic
902 3368 1027 3439 dein
1056 3363 1332 3417 assertioni
1355 3402 1368 3424 ,
1416 3372 1657 3426 tanquam
1689 3370 1773 3408 vs-

224 3464 351 3517 lido
400 3461 762 3521 fundamento,
810 3456 1123 3524 superstrnit
1178 3454 1348 3513 aliam,
1382 3449 1791 3515 conjecturam,-

224 3551 550 3617 scriplorem
584 3563 771 3615 nempe
797 3547 933 3597 hunc
965 3560 1063 3596 non
1099 3558 1214 3595 esse
1244 3549 1481 3592 sanctum
1529 3536 1776 3589 Mediola-

210 3653 460 3733 Iltcnsem
493 3636 816 3705 pontificem,
834 3635 925 3687 sed
952 3634 1165 3685 otitnino
1183 3630 1343 3682 videri
1368 3627 1572 3680 Gallum
1597 3639 1777 3691 quem-

247 3731 258 3733 -
446 3730 457 3733 _
726 3726 737 3733 .
1066 3717 1160 3733 --Ι
1225 3729 1235 3733 -
1267 3715 1366 3733 nnn
1398 3712 1775 3733 -_II-,A_-,J_-___

226 3714 361 3784 dam
379 3730 698 3793 episcopum,
726 3726 860 3776 inter
885 3736 1047 3773 annos
1066 3717 1168 3771 774
1189 3729 1243 3771 et
1266 3715 1367 3769 800
1389 3712 1775 3768 collocandum:

227 3816 383 3870 unde
410 3814 595 3868 Oudioi
640 3813 854 3865 arbitrio
887 3821 1073 3876 sponte
1095 3807 1247 3875 quasi
1273 3821 1365 3858 sua
1422 3801 1649 3871 proﬂuit,
1681 3815 1781 3852 non

232 3904 409 3957 alium
433 3902 577 3954 bi-ce
603 3900 911 3953 tractatibus
932 3907 1127 3965 patrem
1155 3894 1407 3961 assignari
1437 3904 1609 3958 posse,
1630 3903 1783 3957 quam

230 4002 487 4045 sanctum
518 3991 846 4041 Ambrosium
872 4030 885 4050 ,
922 3988 1303 4039 (Iadurcensem
1335 3983 1656 4050 episcoitnm.
1708 3979 1787 4032 Ad

158 4134 162 4138 _
233 4078 543 4147 probandos
568 4076 863 4143 huiusmodi
890 4074 1214 4139 opinationes
1244 4073 1384 4123 varia
1416 4071 1654 4137 congerit
1681 4068 1787 4120 Ou-

234 4165 429 4230 dinus,
465 4182 576 4231 quae
630 4181 766 4217 nunc
810 4163 1153 4216 examinanda
1209 4171 1329 4213 sunt
1381 4168 1657 4218 accurate,
1726 4170 1789 4208 ne

237 4259 392 4313 idem
423 4256 569 4309 labor
599 4256 915 4319 repetendus
946 4254 1116 4305 veniat
1168 4252 1231 4302 ad
1284 4251 1422 4302 diem
1471 4264 1538 4300 vn
1573 4246 1790 4300 Deccm-

236 4344 387 4407 bris,
408 4344 613 4411 quando
638 4343 705 4395 de
726 4350 911 4393 sancto
931 4340 1207 4392 Ambrosio
1230 4332 1607 4390 Mediolancnsi
1631 4349 1791 4401 agen-

237 4432 377 4484 dum
408 4432 525 4482 erit.

324 4516 409 4570 16.
452 4515 667 4570 Sodales
722 4514 1041 4566 Benedictini
1097 4528 1126 4564 e
1167 4513 1575 4578 Congregatione
1628 4511 1799 4565 sancti

242 4609 417 4663 Mauri
442 4607 491 4658 in
520 4622 678 4667 nova,
710 4620 865 4672 quam
896 4618 1032 4662 anno
1056 4601 1186 4655 1688
1206 4603 1545 4661 adornarunt,
1571 4600 1801 4652 editione

247 4697 485 4761 Operam
517 4695 680 4745 sancti
712 4692 993 4755 Ambrosii,
1024 4692 1238 4742 omnino
1262 4690 1525 4740 affirmant
1559 4697 1796 4740 sanctum

256 4787 566 4851 episcopum
624 4783 1067 4837 Mediolaneusem
1114 4791 1381 4834 auctorem
1437 4793 1553 4832 esse
1586 4779 1702 4830 libri
1730 4775 1805 4828 De

262 4874 628 4944 Mysteriis(b);
654 4882 733 4924 ast
748 4868 867 4923 dein
883 4872 1114 4923 scribunt
1130 4870 1226 4921 sibi
1248 4869 1406 4921 videri
1421 4876 1682 4920 auctorem
1703 4877 1806 4917 tra-

264 4976 500 5020 ctatuum
527 4966 589 5017 de
613 4963 957 5017 Sacramentis
980 4961 1244 5013 diversum
1274 4972 1391 5011 esse
1420 4973 1445 5008 a
1471 4964 1655 5010 sancto
1682 4956 1806 5006 Atu-

269 5052 467 5113 hrosio,
496 5053 580 5118 qtti
605 5060 784 5103 auctor
808 5059 889 5101 est
922 5049 1036 5101 libri
1077 5048 1139 5098 de
1167 5047 1505 5101 Sacramentis
1528 5043 1598 5114 (ε)
1627 5061 1638 5094 :
1665 5058 1808 5095 eant-

267 5143 391 5191 dem
419 5140 733 5193 sententiam
762 5139 1092 5205 recipientes,
1126 5152 1222 5189 suo
1253 5136 1454 5188 calculo
1496 5131 1808 5199 comproba-

270 5239 395 5282 runt
421 5230 648 5282 editores
668 5227 851 5281 Veneti
884 5227 1002 5279 anni
1030 5224 1182 5291 1781,
1209 5239 1427 5292 quorum
1453 5222 1679 5275 editione
1702 5222 1808 5272 uti-

268 5332 389 5369 tnnr
419 5317 467 5368 in
500 5318 742 5382 praisenti
765 5314 1155 5368 dissertatione.
1188 5312 1331 5363 lianc
1352 5311 1661 5362 sententiam
1697 5323 1809 5359 mu-

270 5550 325 5592 εἰ
469 5469 540 5521 De
577 5466 770 5534 Script.
810 5467 1011 5519 Ecclcs.
1048 5464 1323 5529 Antiquis,
1355 5468 1388 5513 t.
1441 5459 1501 5521 l.,
1542 5459 1644 5511 col.
1681 5458 1813 5513 {8'27

396 5554 503 5601 .lq.
984 5564 989 5567 ν

343 5608 419 5674 ..ιω
451 5605 510 5655 τ.
535 5605 576 5674 v
608 5606 761 5671 Οιιρ.,
788 5619 839 5671 ιι.
869 5604 961 5655 177

346 5672 418 5741 (c)
445 5672 592 5735 lbid.,
624 5688 672 5739 p.
708 5673 821 5725 I93).

984 5564 1047 5655 ret
1077 5614 1222 5667 seqq.
1252 5598 1386 5651 Edit.
1427 5598 1607 5649 Venet.

1098 451 1364 507 NUTITIA
1411 444 1757 498 IIISTUIHCA
1804 443 1861 491 l.\
1902 442 1957 490 S.
2004 435 2413 487 AdliHiUSlliM.

167 591 420 631 “05".,”
477 573 822 639 ενδνιηηιοιη,
877 564 1182 615 carnalium
1227 556 1513 623 opponere)
1564 554 1705 602 viros
1738 557 1779 606 Α
1812 554 1976 598 tnatos
2017 544 2136 595 illos
2162 542 2286 594 dicit
2314 539 2545 591 Oudinus
2574 535 2653 599 (τι)
2684 545 2743 583 ex
2778 526 3064 599 Alltertino,
3095 522 3337 584 theologi)

1820 638 1823 639 ,
2014 632 2025 639 .
2198 624 2203 631 ο
2250 637 2257 639 .
2330 627 2361 639 ._
2484 634 2519 639 -,
2552 635 2648 639 ,--A
2719 617 2868 639 μυί..-
2930 611 3137 639 ..ιι-κζηιι
3186 630 3197 639 .
3255 606 3334 639 hin

1818 632 2132 693 heterodom
2160 670 2175 690 ,
2198 624 2203 631 ’

1819 736 2003 788 nempe
2031 721 2117 771 lib.
2143 733 2175 769 ll
2202 718 2266 768 de
2308 716 2645 767 Sacramenta
2677 702 3015 757 Ette'ltaristize
3052 707 3207 759 caput
3240 696 3344 758 pri-

1816 823 1941 860 num
1966 806 2289 858 concluserat
2321 803 2398 852 his
2428 798 2598 850 verbis
2620 837 2633 858 ,
2660 808 2774 859 qua:
2804 806 2864 841 ex
2900 789 3012 854 ipso
3036 785 3242 838 Oudino
3272 783 3342 848 (ε)

1822 897 2163 949 exscribimns
2188 909 2198 942 :
2239 889 2504 943 «Judicent
2536 898 2658 949 ergo
2705 882 2922 933 lectores
2950 892 3013 927 an
3036 876 3101 926 sit
3127 873 3340 925 stultum

1824 985 2086 1050 ambigere
2110 982 2174 1034 de
2204 986 2413 1032 auctore
2437 976 2621 1050 horum
2651 970 2897 1021 librorum
2928 967 3013 1031 (de
3034 963 3345 1016 Sacramen-

1732 1112 1739 1119 -
1826 1071 1935 1137 tis),
1966 1040 2101 1137 quod
2135 1076 2327 1119 temere
2346 1040 2625 1115 admodum
2659 1054 2997 1109 Bellarminus
3018 1047 3335 1116 pronuntiat.

1829 1178 1890 1213 an
1945 1175 2047 1211 non
2086 1165 2264 1209 contra
2310 1151 2557 1219 injurium
2605 1148 2672 1199 sit
2700 1146 2771 1197 illi
2819 1143 3047 1195 tribuere
3077 1136 3243 1190 velle?
3268 1135 3342 1188 Ex

3202 412 3333 473 1114

2247 627 2400 679 tacito
2484 634 2653 674 tamen
2719 617 2871 680 hujus
2930 611 3137 664 nomine
3186 630 3198 661 ε
3255 606 3337 660 hic

1832 1248 2136 1303 adversariis
2154 1246 2279 1311 ipsis
2307 1236 2656 1309 (Catholicis),
2686 1228 3023 1295 Arnoldusm
3040 1241 3127 1279 eos
3152 1226 3340 1283 citans,

1832 1342 1897 1394 de
1926 1337 2176 1405 frequenti
2218 1328 2595 1385 Communione
2643 1333 2787 1390 parte
2832 1338 2869 1381 ι,
2911 1332 3029 1383 cap.
3057 1314 3159 1367 l5:
3191 1312 3248 1366 Si
3272 1319 3354 1362 ω-

1835 1442 1943 1480 me‘n
1994 1422 2238 1477 Ambrosii
2285 1415 2625 1482 sint,inqnit.
2692 1411 2797 1477 Ego
2845 1419 3036 1460 censeo
3074 1402 3190 1453 illos
3240 1396 3357 1451 esse

1838 1511 2069 1564 auctoris
2090 1505 2291 1571 septimi
2321 1501 2597 1557 smeuli.cx
2634 1490 2858 1548 tractato
2910 1487 3166 1543 Ambrosii
3205 1482 3271 1537 de
3298 1483 3369 1553 iis

1839 1601 1922 1665 qui
1955 1596 2214 1661 mysteriis
2242 1591 2525 1650 initiantur,
2572 1583 2827 1649 explicato
2852 1576 3263 1634 eonsarcinatos,
3310 1577 3363 1620 et

1842 1664 2049 1752 prepter
2076 1676 2465 1732 similitudinem
2488 1668 2765 1724 Ambrosio
2790 1664 3083 1722 attributos,
3135 1671 3251 1710 cum
3283 1668 3366 1707 ra-

1846 1772 1992 1841 psodi
2024 1782 2212 1822 nomen
2244 1766 2588 1831 ignoraretur.
2625 1775 2643 1806 δ
2694 1755 2879 1808 Utrum
2934 1746 3145 1817 prepria
3170 1742 3370 1809 sagaci-

1774 1839 1821 1895 B
1849 1838 1955 1912 tate
1988 1852 2305 1910 Benedictini
2336 1848 2567 1903 editores
2606 1839 2829 1895 assecuti
2859 1838 3049 1890 fuerint
3078 1846 3179 1885 non
3210 1841 3369 1881 unum

1842 1947 2188 2009 emndemque
2208 1947 2472 1994 auctorem
2493 1932 2761 1996 utriusque
2786 1922 3219 1993 operisexistere,
3244 1929 3369 1968 num

1842 2049 1967 2087 vero
1991 2035 2123 2086 hanc
2150 2027 2461 2083 sententiam
2520 2021 2585 2073 ab
2638 2014 2911 2069 Albertino
2939 2023 3095 2076 supra
3147 2004 3375 2065 laudato,

1846 2134 1933 2177 aut
1961 2140 1987 2175 a
2020 2116 2300 2175 Godefrido
2330 2115 2602 2171 Hermant,
2626 2106 2882 2171 scriptore
2899 2101 3029 2152 Vitae
3055 2096 3219 2150 sancti
3252 2093 3397 2145 Ant-‘

1848 2214 2009 2266 hrosii
2036 2198 2435 2264 Medioittnensis
2460 2240 2474 2264 ,
2513 2193 2730 2249 mutuati
2760 2192 2973 2250 fuerint,
3007 2184 3149 2252 parvi
3198 2178 3377 2232 refert.

1852 2302 2016 2355 Unum
2051 2298 2135 2348 hic
2163 2288 2543 2345 discutiendum
2584 2281 2747 2344 venit,
2774 2271 2962 2342 quibus
2984 2272 3242 2327 rationum
3266 2281 3381 2317 mo.-

1852 2387 2040 2440 mentis
2065 2382 2298 2437 Ondinus
2328 2379 2379 2430 in
2412 2376 2546 2426 hanc
2568 2369 2862 2435 opinionem
2893 2361 3145 2413 adductus
3197 2355 3380 2412 fderit,

1852 2472 2192 2536 eamdemque
2214 2480 2304 2531 pro
2333 2464 2436 2515 aris
2465 2468 2518 2513 et
2567 2457 2694 2509 focis
2714 2449 3023 2506 defenderit.
3053 2442 3381 2500 Sententiam

1854 2575 1999 2615 suam
2029 2557 2305 2611 confirmat
2329 2546 2655 2619 quadruplici
2679 2545 2903 2601 ratione,
2935 2535 3178 2600 deinceps
3190 2530 3385 2585 exami—

1857 2646 2022 2699 nanda
2058 2662 2069 2695 ι
2123 2645 2283 2708 prima
2335 2646 2451 2701 est,
2488 2653 2504 2683 ι
2530 2632 2708 2685 multis
2736 2628 2788 2680 in
2828 2624 3093 2680 codicibus
3121 2620 3217 2671 sub
3267 2619 3386 2670 Am-

1850 2730 2018 2795 brosii
2053 2701 2265 2782 nomine
2292 2721 2599 2790 coniunctos
2624 2714 2840 2782 reperiri
2864 2713 3023 2764 libros
3051 2709 3115 2761 de
3134 2701 3390 2771 Mysteriis
3422 2710 3425 2711 '

1860 2829 1911 2873 et
1940 2820 2003 2872 de
2038 2812 2421 2876 Sacramentis;
2454 2809 2614 2860 altera
2645 2803 2834 2873 petitur
2857 2814 2920 2853 ex
2945 2797 3059 2863 styli
3084 2795 3135 2846 in
3170 2802 3386 2854 utroque

1862 2924 2022 2977 opere
2062 2903 2435 2963 similitudine;
2469 2899 2615 2978 tertia
2659 2910 2722 2949 ex
2754 2890 3112 2945 uniformitate
3139 2881 3392 2935 doctrina:

1869 3170 2303 3240 quemadmodum
2356 3165 2486 3219 liber
2534 3159 2792 3216 secundus
2848 3155 2909 3208 de
2938 3146 3272 3207 Sacramentis
3316 3156 3404 3198 re-

1866 3265 2059 3317 clamat
2089 3244 2335 3326 primunt,
2363 3254 2434 3306 ita
2462 3264 2669 3316 quoque
2700 3253 2952 3299 tractatus
2980 3242 3045 3292 de
3067 3231 3409 3290 Sacramentis

1871 3322 2164 3404 necessario
2185 3342 2427 3410 supponit
2449 3338 2770 3405 prtemissum
2809 3332 2967 3384 fuisse
2988 3328 3179 3380 librum
3211 3326 3272 3374 de
3296 3322 3408 3388 My-

1871 3440 2054 3491 steriis.
2101 3435 2287 3487 Primae
2316 3427 2610 3483 difficultati
2652 3423 2759 3491 iam
2791 3423 3134 3473 occurrerunt
3176 3412 3405 3463 editores

1876 3522 2193 3579 Bcnedictini
2219 3521 2270 3573 in
2299 3518 2502 3573 erudito
2527 3530 2620 3569 suo
2641 3511 2875 3579 prologo,
2892 3520 3041 3574 quem
3068 3503 3210 3555 libris
3232 3501 3294 3551 de
3319 3497 3411 3552 Sa.
3450 3555 3457 3560 η

1876 3615 2138 3667 crementis
2165 3609 2461 3677 praemisere
2492 3605 2589 3674 (g).
2617 3601 2744 3654 Cum
2768 3594 2909 3651 enim
2944 3593 3089 3647 multi
3124 3592 3410 3644 citarentur

1878 3723 1939 3761 ex
1970 3704 2213 3771 antiquis,
2260 3700 2345 3767 qui
2401 3698 2561 3749 libros
2608 3692 2703 3744 bos
2736 3685 3010 3741 Ambrosio
3037 3680 3416 3737 adscriberent,

1881 3768 2266 3859 responderunt
2312 3785 2581 3839 editores:
2629 3781 2969 3843 «Scriptores
3027 3771 3101 3824 illi
3134 3784 3245 3821 rem
3301 3768 3418 3834 (seu

1883 3880 1997 3950 quis
2023 3888 2204 3933 auctor
2235 3877 2487 3929 librorum
2518 3868 2679 3938 esset)
2729 3866 2827 3934 ipsi
2863 3880 2954 3932 per
2982 3877 3039 3915 se
3061 3874 3121 3913 ac
3151 3858 3415 3911 destinato

1885 3964 2103 4021 consilio
2144 3979 2244 4017 non
2275 3963 2651 4016 discusserunt.
2700 3955 2790 4008 sed
2812 3946 2899 4006 ’vel
2951 3951 3035 4003 alii
3096 3948 3228 4000 alios
3257 3942 3425 3997 secuti

1887 4067 2025 4121 sunt,
2066 4057 2145 4107 vel
2172 4055 2321 4106 fidem
2345 4051 2576 4103 habuere
2605 4046 2711 4100 suis
2737 4039 3121 4103 manuscriptis,
3154 4036 3204 4088 in
3234 4034 3421 4101 quibus

1890 4144 2123 4199 eamdem
2167 4139 2390 4210 opellam
2433 4136 2554 4188 alibi
2600 4132 2809 4201 quidem
2864 4125 3126 4182 Ambrosii
3166 4134 3431 4183 nuncupa-

1894 4236 2033 4287 tione
2061 4208 2385 4296 inscriptam,
2418 4225 2543 4277 alibi
2574 4227 2697 4273 vero
2732 4215 2974 4271 tractatui
3008 4211 3159 4264 alicui
3188 4208 3425 4283 eamdem

1897 4291 2290 4384 inscriptionem
2350 4309 2647 4380 praefetenti
2700 4308 2934 4373 junctam
3003 4311 3269 4365 reperere.
3305 4291 3431 4345 Nam

1822 4429 1869 4484 υ
1904 4422 2020 4461 cum
2065 4401 2416 4470 antiquissimi
2471 4399 2663 4466 quique
2707 4394 2917 4447 codices
2950 4390 3148 4442 nullum
3205 4383 3434 4436 auctoris

1903 4509 2091 4547 nomen
2146 4490 2425 4543 exhibeant
2458 4528 2470 4547 ,
2505 4485 2590 4551 qui
2638 4472 2997 4534 exscribendis
3026 4476 3087 4527 iis
3118 4478 3437 4524 navaverunt

1901 4598 2135 4648 operam,
2182 4594 2296 4631 cum
2330 4576 2658 4629 Ambrosium
2692 4572 2788 4623 hac
2816 4570 2919 4633 ipsa
2966 4568 3032 4618 de
3072 4560 3282 4615 materia
3313 4559 3437 4610 scri-

1902 4674 2071 4741 psisse
2106 4666 2495 4736 cognovissent,
2525 4676 2627 4712 non
2655 4658 2956 4711 dubitarunt
2984 4654 3149 4704 eidem
3184 4656 3321 4714 ipsos
3352 4646 3442 4697 ad-

1901 4762 2136 4830 judicare
2169 4777 2179 4809 ι
2210 4757 2293 4811 alii
2317 4742 2513 4818 autem,
2546 4756 2642 4806 etsi
2676 4749 3053 4805 Ambrosianus
3080 4759 3197 4795 esse
3228 4758 3326 4791 non
3359 4754 3441 4789 ar-

1906 4853 2243 4911 bitrarentur,
2275 4847 2405 4900 libro
2422 4854 2591 4896 tamen
2609 4843 2674 4893 de
2696 4838 2948 4909 Ἀιγριρτίἰς
2972 4838 3036 4885 ob
3055 4828 3341 4899 argumenti
3370 4827 3444 4878 si-

1909 4940 2249 4992 militudinem
2273 4940 2533 4989 duxerunt
2548 4931 2957 4999 subjungendos.
2972 4945 2988 4974 ι
3019 4925 3158 4975 llanc
3175 4922 3336 4982 ipsam
3352 4932 3448 4982 po-

1909 5041 2155 5082 Stremam
2180 5027 2429 5079 rationem
2454 5031 2617 5073 ratam
2644 5019 2798 5071 habet
2830 5014 3120 5068 Albertinue
3139 5021 3292 5071 supra
3313 5007 3448 5056 cita-

1911 5126 2016 5180 tus,
2052 5118 2169 5169 ideo
2197 5114 2386 5180 ubique
2418 5114 2581 5165 ferme
2605 5106 2911 5173 coniunctos
2930 5098 3145 5165 reperiri
3177 5097 3328 5148 binos
3348 5102 3454 5145 tra-

1913 5216 2101 5268 ctatus,
2133 5206 2252 5270 quia
2274 5218 2335 5255 ex
2355 5216 2457 5252 uno
2472 5200 2558 5250 alii
2581 5192 2923 5249 consarcinati
2948 5196 3069 5242 sunt
3085 5187 3287 5253 sibique
3306 5181 3451 5248 proin

1916 5304 2034 5348 sunt
2053 5293 2323 5348 simillimi.
2351 5290 2538 5343 Etlttcc
2560 5286 2766 5353 quidem
2785 5283 2963 5337 eadem
2988 5273 3370 5343 argumentatio
3394 5269 3440 5319 fa

1990 5453 2067 5519 ((1)
2101 5448 2171 5502 De
2193 5448 2386 5511 Script.
2421 5446 2651 5505 Eccles.,
2685 5452 2721 5491 t.
2748 5440 2785 5503 l,
2816 5438 2917 5490 col.
2954 5434 3107 5488 1829.

1991 5522 2059 5581 (ε)
2094 5520 2229 5570 Loco
2253 5519 2433 5567 citato.

1992 5576 2065 5654 (Γ)
2101 5590 2373 5654 unctorem
2407 5579 2613 5654 Arnannd
2646 5576 2903 5643 intelligit.

1997 5646 2072 5723 (θ’)
2104 5657 2167 5703 'l’.
2206 5652 2242 5701 v
2273 5656 2391 5716 Up.,
2422 5667 2468 5715 ρ.
2501 5646 2623 5698 ⁵201.
