3910 6234
1501 282 1552 335 S.
1597 279 1978 338 AMBROSIUS
2015 278 2483 336 CADUilCENSlS
2525 279 2906 338 EPISCOPUS.

3660 291 3803 344 1’16

570 393 679 452 'eile
694 410 901 448 causam
916 395 1104 462 aperit,
1122 396 1564 462 curitammnus,
1583 397 1768 447 librum
1783 396 1847 448 de
1869 391 2128 461 Mysteriis
2157 394 2201 446 Α
2231 390 2516 456 [icationem
2542 391 2704 447 fuisse
2734 393 3060 459 institutum;
3093 407 3212 448 nam
3233 395 3520 465 injprimis,
3543 400 3591 452 si
3617 404 3802 456 credi-

580 485 804 549 primutu
831 484 1016 536 librum
1031 485 1095 536 de
1109 484 1462 538 Sacramentis
1481 487 1695 540 di.\'erit.
1716 484 1843 535 Vide
1867 481 1984 534 Nat.
2011 481 2126 533 Ale-

579 573 858 636 aandrum,
880 574 1013 626 llist.
1039 574 1202 628 Eccl..
1233 575 1366 628 Saec.
1393 592 1462 642 tv,
1481 595 1529 638 p.
1555 592 1590 639 ι,
1609 592 1721 642 cap.
1739 575 1790 638 6,
1816 585 1913 627 art.
1942 572 2010 625 26
2033 575 2126 638 (α).
2156 607 2161 614 ι

653 664 738 715 17.
771 664 967 716 Eodem
1002 666 1156 716 modo
1183 666 1404 718 solvitur
1431 665 1730 726 difficultas,
1764 681 1880 731 qua:
1910 680 1976 717 ex
2009 665 2130 732 styli

579 752 918 807 similitudine
951 757 1162 821 petitur,
1196 773 1351 824 quam
1381 757 1610 808 nonnulli
1643 759 1937 818 admisere,
1973 766 2026 807 ut
2055 756 2128 808 vi-

580 843 710 896 dere
732 854 812 896 est
834 845 967 910 apud
996 844 1253 897 Oudinqu
1278 860 1324 897 c.
1349 846 1398 907 l,
1429 861 1480 896 ιι.
1509 847 1570 898 3:
1606 847 1690 896 alii
1721 860 1844 897 vero
1876 855 2131 913 negarunt

577 939 636 982 ut
656 929 976 982 llencdictini
1000 931 1229 984 editores
1249 932 1344 997 (b),
1365 930 1732 996 Tillemonttc)
1750 932 1798 981 in
1826 930 2128 983 Monumen-

579 1020 644 1070 tis
671 1019 1069 1083 Ecclesiasticis,
1097 1020 1182 1086 qui
1206 1020 1330 1071 citat
1353 1035 1560 1086 quoque
1585 1019 1743 1072 Card.
1775 1021 1911 1071 Bona
1943 1023 2129 1073 Rerum

579 1107 974 1177 Liturgicarum,
1015 1109 1048 1158 Ι.
1087 1125 1122 1172 ι,
1154 1124 1202 1161 c.
1236 1109 1301 1165 7:
1334 1109 1394 1162 ι).
1441 1109 1673 1176 Ceillier,
1719 1111 1784 1163 de
1816 1112 2129 1164 Auctoribus

575 1196 961 1251 EcclesiaSticis
977 1197 1054 1266 (ά)
1067 1238 1081 1260 ,
1098 1207 1251 1265 atque
1266 1199 1398 1251 adeo
1413 1199 1740 1260 heterodoxi;
1765 1217 1882 1253 nam
1901 1201 2129 1254 Alberti—

577 1300 700 1347 nus,
721 1287 841 1337 dum
865 1286 991 1337 dicit
1024 1303 1041 1336 ι
1067 1286 1230 1340 libros
1247 1288 1311 1340 de
1331 1287 1686 1343 Sacramentis
1701 1289 1771 1357 (ε)
1786 1300 1990 1343 scatere
2009 1277 2128 1344 bar-

577 1374 844 1432 barismis,
878 1374 1042 1454 multa
1066 1374 1261 1428 habere
1290 1390 1511 1442 quorum
1560 1376 1808 1429 nonnulla
1833 1386 1883 1431 et
1910 1379 2126 1431 ridicula

580 1461 1034 1529 Ambrosianaque
1054 1465 1311 1530 gravitate
1340 1479 1553 1530 prorsus
1583 1465 1794 1535 indigna
1829 1509 1845 1532 ,
1878 1468 2130 1521 nonnulla

579 1551 742 1603 etiam
774 1552 1112 1619 repugnantia
1145 1563 1199 1606 et
1223 1553 1687 1622 contradictoris,»
1725 1565 1852 1621 etc.,
1887 1557 2019 1624 ipse,
2047 1559 2128 1610 in-

573 1653 764 1707 quam,
793 1639 1091 1692 Albertinus
1109 1640 1228 1708 styli
1253 1641 1653 1694 similitudinem
1677 1643 1814 1696 inter
1844 1653 2122 1712 utrumque

2231 479 2393 532 disset
2439 489 2621 534 auctor
2657 498 2747 547 per
2792 484 3044 538 lotionem
3086 485 3274 552 pedum
3328 488 3443 541 tolli
3477 500 3800 557 peceatum.

2231 581 2347 620 cum
2379 567 2476 621 sibi
2508 570 2792 636 objecisset
2811 589 2843 641 ι
2867 573 3150 626 Ecclesiam
3211 575 3507 629 Romanam
3558 595 3668 633 non
3703 581 3802 633 ba-

2232 656 2359 711 bere
2389 659 2522 712 hanc
2541 662 3029 726 consuetudinem,»
3062 667 3237 730 gravis
3267 666 3510 730 proiecto
3537 679 3592 720 et
3618 673 3798 722 maxi—

2231 759 2316 798 me
2335 745 2643 801 damnabilis
2656 751 2851 803 erroris
2877 749 3013 804 lianc
3039 752 3322 806 Eeclesiam
3352 758 3649 823 arguisset:
3698 764 3801 824 qui

2233 836 2288 886 fit
2318 835 2477 901 igitur
2507 844 2564 888 ut
2590 839 2764 889 statim
2799 839 3076 907 subjungat
3109 860 3120 892 :
3149 859 3165 890 ι
3198 845 3345 909 cujus
3381 854 3558 912 typum
3594 848 3648 899 in
3677 861 3798 900 om-

2233 925 2384 978 nibus
2410 928 2680 993 sequimur
2709 937 2764 980 et
2788 926 3010 982 formant
3032 931 3093 982 ἳι
3130 940 3188 984 ιιι
3215 945 3428 984 causam
3446 933 3601 1001 hujus
3633 939 3804 991 omis-

2231 1016 2390 1068 sionis
2412 1019 2704 1082 prsetendat
2742 1037 2753 1071 :
2791 1037 2809 1071 ι
2835 1020 2965 1073 forte
3011 1030 3226 1089 propter
3277 1023 3666 1079 multitudinem
3698 1028 3794 1080 de-

2230 1106 2487 1160 clinavit?
2518 1126 2534 1158 ι
2564 1107 2720 1162 Certe
2745 1108 3043 1176 bujnsmodi
3082 1123 3293 1162 causam
3326 1126 3430 1164 non
3461 1113 3796 1166 obtendisset

2230 1209 2430 1260 auctor,
2459 1198 2503 1250 si
2533 1197 2847 1250 credidisset
2885 1197 3132 1250 lotionem
3163 1199 3355 1264 pedum
3390 1209 3786 1253 sacramentum

2229 1298 2347 1338 e~se
2371 1285 2435 1337 ad
2462 1286 2824 1338 remissionem
2868 1288 3063 1349 peccati
3115 1287 3388 1353 originalis
3436 1288 3736 1342 institutum
3777 1310 3786 1339 .-

2230 1389 2332 1429 non
2362 1375 2649 1429 addidisset
2697 1376 2942 1441 denique,
2975 1395 2992 1426 ι
3034 1377 3145 1429 lucc
3175 1376 3314 1439 dico,
3353 1391 3459 1430 non
3490 1379 3628 1453 quod
3654 1380 3791 1432 alios

2230 1464 2610 1530 reprehendam
2641 1482 2658 1512 ι
2707 1465 2886 1532 (quod
2919 1466 3088 1519 facere
3129 1456 3419 1528 debuisset,
3451 1466 3494 1516 si
3537 1476 3787 1535 ageretur

2228 1549 2296 1604 de
2345 1550 2582 1618 neglectu
2624 1551 2938 1604 sacramenti
2976 1551 3209 1604 maxime
3254 1550 3608 1619 necessarii),
3647 1571 3667 1605 ι
3692 1556 3788 1610 sed

2231 1653 2343 1695 mea
2370 1641 2536 1694 olllcia
2563 1642 2674 1709 ipse
2700 1643 3082 1695 commendem.
3124 1661 3147 1699 ι

575 1743 706 1795 opus
737 1743 840 1782 non
867 1731 1097 1797 agnovit.
1133 1730 1228 1782 Est
1269 1740 1444 1784 tamen
1474 1733 1645 1798 aliqua
1677 1734 1812 1787 inter
1841 1708 2120 1803 utrumque
2153 1708 2200 1766 Β
2297 1729 2361 1782 18
2399 1730 2494 1784 Ast
2515 1708 2624 1798 ipsa
2646 1731 2876 1784 auctoris
2907 1733 3065 1785 verba
3094 1733 3491 1789 evidentissime
3521 1735 3666 1789 illum
3717 1735 3789 1789 ab

573 1815 902 1882 similitudo;
925 1820 1128 1887 quoties
1148 1820 1345 1874 sci‘icet
1365 1831 1548 1873 auctor
1569 1823 1816 1875 librorum
1841 1824 1903 1877 de
1934 1824 2123 1879 Sacra-

577 1906 761 1958 mentis
784 1920 851 1959 ex
885 1906 1016 1960 libro
1041 1909 1100 1959 de
1131 1906 1386 1976 Mysteriis
1401 1911 1592 1976 aliquid
1619 1911 1878 1980 decerpit,
1905 1913 2000 1966 nisi
2033 1914 2122 1967 ubi

580 1995 846 2050 interdum
897 1997 1148 2062 depravat
1192 1998 1432 2051 nimium.
1468 2000 1658 2053 Verum
1707 2002 2124 2072 quotiescunque

578 2096 739 2149 »τους
765 2083 828 2149 is,
853 2096 911 2137 ut
939 2086 1091 2152 vulgo
1117 2087 1332 2149 dicitur,
1389 2088 1484 2156 aulis
1501 2089 1678 2143 volare
1708 2098 1890 2155 tentat,
1949 2103 2072 2146 tunc
2094 2109 2123 2146 a

570 2169 1000 2223 veroAmbrosio
1044 2173 1260 2225 omnino
1286 2175 1541 2227 absimilis
1588 2185 1670 2228 est
1715 2191 1886 2245 neque
1917 2179 2120 2245 frigidis

575 2256 684 2311 illis
710 2265 764 2311 et
788 2258 1074 2326 puerilibus
1098 2260 1447 2328 interrogatis,
1467 2277 1583 2328 quae
1607 2264 1656 2316 in
1687 2265 1830 2316 libris
1853 2268 1914 2317 de
1936 2268 2124 2320 Sarra—

577 2346 756 2398 mentis
785 2357 1089 2412 occurrunt,
1122 2349 1489 2418 insperguntur
1509 2354 1731 2419 genuina
1763 2353 1984 2407 Mediola
2016 2373 2123 2409 .cn-

571 2436 648 2488 sis
675 2436 935 2487 Ambrosii
991 2451 1167 2503 Opera.
1200 2440 1325 2504 Quae
1366 2454 1490 2492 vero
1511 2442 1575 2493 de
1599 2443 1924 2495 similitudine
1951 2445 2124 2512 singu-

571 2523 698 2576 laris
744 2526 986 2577 doctrinae
1014 2528 1150 2580 circa
1204 2527 1453 2580 lationem
1505 2531 1695 2596 pedum
1739 2541 2122 2599 commentatur

572 2612 930 2676 adversarius,
978 2615 1082 2680 jam
1115 2615 1203 2667 diu
1229 2615 1491 2669 confutata
1547 2618 1775 2671 fuerunt.
1801 2620 1936 2684 Quid
1981 2623 2120 2675 enim

568 2715 694 2753 vero
725 2701 792 2752 ibi
826 2710 927 2752 tam
957 2702 1224 2768 singulare
1243 2704 1436 2755 voces?
1462 2703 1585 2756 Post
1603 2706 2116 2775 baptismumpedes

571 2789 772 2842 lavari?
805 2791 897 2841 Ast
925 2789 972 2841 id
996 2800 1048 2842 et
1078 2790 1354 2842 Mediolani
1400 2801 1452 2842 et
1481 2792 1602 2842 alibi
1650 2793 1840 2845 factum
1871 2809 1990 2847 esse
2026 2812 2123 2848 no-

576 2887 690 2930 tant
715 2887 819 2928 tum
847 2878 959 2942 ipse
1009 2877 1293 2945 Basnagius
1324 2879 1478 2945 ({)in
1530 2879 1764 2932 editione
1814 2881 2120 2937 Lectionum

569 2967 787 3029 Canisii,
820 2976 926 3018 tum
951 2967 1226 3019 Cornelius
1254 2981 1283 3020 a
1333 2967 1528 3034 Lapide
1554 2967 1604 3020 in
1651 2968 2041 3023 Commentario
2066 2976 2114 3024 in

573 3059 856 3112 Joannis'c.
885 3074 998 3120 xm,
1034 3061 1085 3126 l,
1114 3061 1279 3113 citans
1309 3061 1468 3114 Cabr.
1517 3062 1754 3129 Vasqnez
1783 3080 1794 3112 :
1826 3063 1960 3115 idem
1990 3077 2119 3130 quo-

574 3163 678 3214 que
699 3158 954 3201 testantur
978 3148 1037 3200 C.
1060 3149 1304 3201 Chardnn
1336 3150 1408 3217 (g)
1431 3153 1481 3201 in
1505 3150 1731 3202 Historia
1757 3151 2124 3204 Sat-ramento-

578 3251 718 3300 rum,
744 3243 796 3288 et
818 3237 968 3288 multi
995 3236 1103 3289 alii.
1137 3237 1240 3290 Sed
1273 3237 1472 3289 scilicet
1501 3247 1680 3290 auctor
1705 3237 1821 3292 libri
1841 3243 1900 3292 de
1932 3240 2120 3309 Myste-

579 3325 691 3386 riis,
725 3339 771 3375 c.
799 3323 851 3386 6,
890 3344 905 3374 ι
927 3325 1112 3378 asserit
1141 3326 1332 3377 lotione
1359 3325 1545 3391 pedum
1571 3326 1905 3380 liaareditaria
1943 3344 2124 3395 pecea-

582 3420 631 3463 ta
665 3412 798 3474 tolli,
828 3415 1035 3478 propria
1063 3414 1200 3465 enim
1236 3429 1325 3477 per
1353 3413 1665 3480 baptismum
1691 3417 1947 3468 relaxari:
1989 3435 2006 3467 ι
2037 3421 2119 3470 cui

574 3513 852 3565 consonat,
873 3502 1008 3567 quod
1035 3501 1069 3554 l.
1099 3517 1155 3555 ιιι
1178 3504 1241 3554 de
1267 3503 1640 3567 Sacramentis,
1666 3519 1713 3555 c.
1743 3506 1761 3556 Ι
1791 3505 1865 3572 (It)
1890 3505 2078 3559 dicitur
2107 3527 2116 3559 :

583 3610 602 3641 s
625 3590 756 3643 Sunt
782 3600 957 3643 tamen
989 3591 1072 3655 qui
1095 3593 1273 3642 dicant
1295 3602 1349 3644 et
1377 3606 1630 3645 excusare
1670 3605 1945 3656 conentur,
1998 3599 2118 3662 quia

580 3681 680 3731 hoc
709 3694 810 3729 non
846 3676 896 3728 in
929 3679 1177 3745 mysterio
1227 3677 1517 3731 faciendum
1564 3689 1662 3743 est,
1699 3694 1798 3730 non
1847 3683 1893 3731 in
1923 3683 2120 3748 baplis-

579 3776 738 3828 male,
771 3780 873 3816 non
903 3765 952 3816 in
984 3767 1378 3832 rcgeneratione
1403 3782 1416 3826 ;
1443 3767 1531 3818 sed
1563 3769 1707 3833 quasi
1739 3770 1926 3834 hospiti
1961 3771 2120 3834 pedes

582 3855 787 3906 lavandi
816 3865 938 3905 sunt
984 3857 1120 3920 (qua:
1153 3862 1326 3905 tamen
1377 3855 1510 3905 ratio
1560 3855 1794 3906 iunuitur
1826 3856 1874 3906 in
1924 3857 2115 3910 Missali

576 3942 798 3995 Gothico
830 3952 882 3995 et
913 3944 960 3993 in
995 3943 1188 3994 MisSali
1213 3942 1485 3994 Gallicano
1509 3944 1669 3996 veteri
1704 3943 1764 4014 [i]
1790 3947 1824 4004 ).
1857 3945 2012 3998 Aliud
2043 3957 2121 4000 est

571 4032 905 4095 humilitatis,
942 4031 1078 4082 aliud
1108 4032 1550 4084 sanctificationis.
1605 4035 1835 4096 Denique
1854 4035 1970 4085 audi
1997 4037 2118 4101 quia

567 4124 873 4186 mysterium
931 4131 1011 4173 est
1060 4122 1403 4174 sanctiﬁcatio
1450 4140 1460 4173 :
1520 4122 1636 4173 Nisi
1684 4124 1849 4173 lavero
1896 4125 1982 4176 tibi
2025 4142 2120 4188 pe-

570 4211 681 4270 des,
712 4227 809 4260 non
837 4209 1034 4260 habebis
1060 4221 1248 4277 partem
1279 4226 1470 4261 mecum
1515 4209 1694 4277 (Joan.
1723 4227 1816 4264 xttt
1985 4213 2113 4275 Quia

2222 1818 2362 1870 omni
2385 1832 2565 1872 errore
2611 1818 2758 1885 gravi
2792 1817 3086 1883 vindicant;
3139 1819 3295 1886 paulo
3335 1823 3477 1874 enim
3521 1821 3655 1876 infra
3685 1837 3784 1876 ex-

2222 1906 2421 1974 plicans
2444 1907 2531 1959 illa
2570 1908 2726 1961 verba
2762 1926 2774 1958 :
2839 1926 2855 1958 ι
2880 1910 2977 1973 Qui
3005 1908 3160 1972 lavit,
3195 1924 3296 1963 non
3354 1925 3571 1965 necesse
3619 1911 3784 1966 habet

2224 1995 2409 2048 ierum
2442 1995 2632 2060 lavare,
2691 1996 2788 2049 nisi
2815 2008 2871 2050 ut
2925 1999 3065 2052 solos
3109 2001 3268 2065 pedes
3309 2001 3491 2054 lavet:
3523 2018 3542 2052 s
3596 2000 3775 2054 dicit:

2230 2101 2248 2133 ι
2269 2097 2429 2150 quare
2452 2084 2587 2139 hoc?
2614 2086 2741 2151 Quia
2761 2087 2809 2138 in
2832 2087 3142 2153 baptismate
3159 2089 3332 2141 omnis
3364 2090 3516 2154 culpa
3541 2089 3779 2142 diluitur.

2223 2171 2439 2227 llecedit
2453 2188 2577 2242 ergo
2591 2175 2760 2241 culpa;
2780 2175 2871 2228 sed
2899 2177 3014 2242 quia
3031 2176 3194 2230 Adam
3216 2178 3584 2244 supplantatus
3601 2191 3632 2228 a
3665 2179 3785 2231 dia-

2224 2261 2344 2315 bolo
2370 2271 2470 2327 est,
2493 2271 2546 2316 et
2562 2276 2815 2315 venenum
2839 2264 2884 2315 ei
2908 2261 3128 2316 ellusum
3151 2273 3233 2316 est
3254 2278 3413 2328 supra
3437 2263 3613 2330 pedes,
3658 2264 3781 2319 ideo

2224 2352 2367 2407 lavas
2394 2355 2575 2422 pedes,
2608 2363 2662 2408 ut
2688 2356 2737 2407 in
2768 2369 2829 2408 ea
2855 2365 3000 2419 parte
3025 2355 3075 2407 in
3106 2371 3207 2424 qua
3252 2356 3528 2410 insidiatus
3551 2367 3631 2411 est
3661 2371 3777 2412 ser—

2227 2457 2375 2509 pens,
2408 2441 2572 2510 majus
2609 2442 2892 2496 subsidium
2916 2443 3344 2498 sanctificationis
3387 2446 3637 2505 accedat.
3669 2462 3776 2513 quo

2225 2541 2404 2599 postea
2435 2539 2487 2584 te
2507 2533 2842 2598 supplantare
2890 2543 2994 2584 non
3026 2533 3208 2600 possit.
3240 2533 3406 2584 Lavas
3427 2547 3555 2600 ergo
3585 2534 3767 2598 pedes,

2228 2629 2284 2672 ut
2330 2619 2472 2672 laves
2498 2635 2696 2672 venena
2725 2621 3000 2685 serpentis.
3061 2619 3140 2672 Ad
3192 2620 3537 2673 humilitatem
3566 2636 3776 2698 quoque

2225 2709 2450 2775 proficit,
2477 2718 2536 2760 ut
2563 2709 2612 2761 in
2645 2709 2891 2777 mysterio
2914 2723 3016 2762 non
3039 2709 3410 2762 erubescamus
3435 2710 3574 2777 quod
3621 2709 3778 2763 dedi-

2227 2811 2449 2862 gnamur
2470 2796 2520 2848 in
2536 2784 2809 2863 obsequio.
2848 2814 2865 2846 ι
2895 2795 3174 2862 Conceptis
3191 2797 3367 2850 verbis
3398 2799 3446 2850 in
3479 2798 3770 2864 baptisma-

2227 2892 2279 2935 te
2302 2897 2510 2934 omnem
2538 2884 2741 2950 culpam
2766 2884 2891 2935 dilui
2912 2883 3037 2935 dicit
3056 2893 3263 2944 auctor,
3306 2897 3421 2947 seu,
3455 2893 3510 2936 ut
3537 2885 3768 2952 loquitur

2225 2968 2512 3023 Concilium
2543 2969 2926 3032 Tridentinum,
2951 2983 3083 3022 sess.
3108 2986 3162 3034 v,
3192 2985 3311 3023 can.
3337 2971 3390 3032 5,
3423 2987 3440 3020 ι
3473 2971 3582 3024 tolli
3603 2980 3769 3024 totum

2225 3059 2274 3111 id
2303 3057 2440 3125 quod
2458 3073 2636 3111 veram
2658 3066 2709 3111 et
2735 3059 2994 3125 propriam
3013 3058 3209 3123 peccati
3241 3058 3496 3111 rationem
3542 3057 3771 3112 habet...

2225 3150 2433 3202 Manere
2460 3157 2632 3201 autem
2679 3149 2727 3200 in
2759 3149 3032 3214 baptizatis
3062 3148 3540 3214 concupiscentiam
3572 3147 3656 3202 vel
3689 3150 3766 3203 fo-

2225 3238 2422 3298 mitem,
2446 3238 2558 3289 haec
2585 3244 2762 3288 sancta
2790 3235 3021 3304 synodus
3043 3236 3232 3289 fatetur
3252 3247 3303 3290 et
3333 3239 3607 3292 sentit.....
3633 3239 3778 3293 Hanc

2223 3341 2350 3379 vero
2400 3325 2898 3387 concupiscentiam,
2951 3339 3104 3391 quam
3152 3325 3432 3392 aliquando
3488 3328 3777 3393 Apostolus

2216 3423 2493 3478 peccatum
2515 3412 2759 3477 appellat,
2789 3422 2964 3467 sancta
2979 3412 3454 3480 synodusdeclarat
3479 3413 3775 3467 Eeclesiam

2226 3499 2545 3552 Catholicam
2580 3515 2842 3565 nunquam
2879 3501 3204 3554 intellexisse
3249 3503 3388 3568 quod
3418 3518 3540 3555 vere
3570 3512 3624 3555 et
3649 3518 3773 3571 pro-

2229 3590 2339 3654 prie
2366 3598 2635 3656 peccatum
2667 3589 2861 3650 sit,sed
2883 3592 3002 3657 quia
3027 3605 3089 3642 ex
3115 3598 3328 3653 peccato
3342 3598 3444 3649 est,
3473 3601 3525 3642 et
3548 3590 3613 3643 ad
3646 3605 3775 3657 pec-

2225 3687 2396 3730 catum
2425 3678 2656 3730 inclinat.
2688 3695 2707 3728 ι
2743 3677 2873 3730 Huic
2903 3692 3027 3744 ergo
3049 3677 3386 3739 malo,diluta
3413 3679 3558 3731 omni
3590 3681 3768 3748 culpa,

2228 3765 2509 3817 subsidium
2538 3766 2953 3829 sanctiﬁcationis
2973 3764 3258 3830 profertur,
3283 3764 3332 3816 id
3347 3774 3457 3842 est,
3480 3768 3654 3832 gratia
3673 3782 3774 3820 cce.

2222 3849 2388 3916 lestis‘,
2441 3855 2589 3919 cujus
2624 3869 2742 3922 ope,
2773 3866 2829 3906 ut
2861 3855 3019 3907 habet
3063 3853 3212 3906 Trid.
3236 3855 3430 3919 Couc.,
3459 3855 3493 3906 l.
3551 3870 3631 3919 e.,
3666 3870 3764 3908 non

2227 3962 2244 3993 ι
2274 3943 2719 3998 consentientibus
2748 3944 2842 3996 sed
2873 3943 3092 3997 viriliter
3119 3944 3534 4012 repugnantibus
3567 3959 3760 3999 nocere

2221 4049 2323 4085 non
2345 4033 2504 4097 valet,
2523 4031 2642 4096 quin
2671 4032 2775 4084 imo
2802 4032 2891 4098 qui
2921 4029 3151 4098 legitime
3179 4031 3487 4094 certaverit,
3536 4045 3764 4084 corona-

2221 4122 2376 4173 bitur.
2404 4139 2421 4172 ι
2459 4121 2532 4172 Ex
2558 4121 2638 4171 bis
2660 4133 2785 4186 ergo
2809 4119 3072 4171 evanescit
3092 4131 3304 4184 prorsus
3330 4119 3586 4172 doctrina
3605 4119 3767 4186 singu-

2221 4211 2420 4274 laritas,
2449 4224 2605 4276 quam
2643 4208 2853 4274 utrique
2907 4206 3051 4272 operi
3076 4206 3327 4273 affingere
3355 4207 3566 4272 quidam
3593 4207 3768 4259 value.

566 4300 732 4353 Adam
759 4300 1123 4365 supplantatus
1153 4315 1179 4349 a
1214 4299 1418 4352 diabolo
1448 4310 1528 4351 est
1556 4310 1607 4352 et
1638 4316 1892 4354 venenum
1917 4304 1961 4355 ei
1985 4303 2116 4354 εσυ-
2149 4326 2194 4383 D
2220 4309 2375 4352 runt:
2429 4298 2531 4349 ruit
2574 4296 2728 4364 igitur
2766 4294 2974 4348 tertium
3009 4301 3393 4361 argumentum,
3441 4309 3547 4362 quo
3581 4293 3759 4350 fulcire

566 4403 680 4438 sum
709 4400 788 4438 est
817 4403 973 4453 super
1007 4388 1186 4452 pedes,
1222 4388 1337 4440 ideo
1367 4390 1506 4441 lavas
1532 4391 1709 4455 pedes,
1742 4393 1868 4442 utin
1901 4408 1961 4445 ea
1988 4407 2110 4457 par-

571 4485 621 4525 te
658 4476 705 4526 in
737 4490 836 4541 qua
889 4475 1162 4526 insidiatus
1193 4485 1511 4542 estserpens
1535 4516 1549 4539 ,
1600 4479 1767 4543 majus
1816 4481 2108 4533 subsidium

571 4566 997 4618 sanctificationis
1012 4567 1244 4629 accedat,
1267 4581 1368 4630 quo
1391 4576 1567 4633 postea
1587 4579 1634 4621 te
1657 4569 1996 4634 supplantare
2012 4586 2112 4623 non

569 4655 751 4718 possit.
789 4673 805 4704 ι
841 4653 1169 4705 Auctorlibri
1190 4653 1255 4705 de
1282 4655 1537 4720 Mysteriis
1563 4657 1689 4708 satis
1711 4670 1973 4724 superque.
2000 4659 2116 4709 viu-

569 4743 774 4793 dicatus
805 4740 899 4792 luit
927 4743 990 4794 ab
1017 4742 1362 4793 omnierrore
1393 4742 1441 4792 in
1472 4753 1612 4804 nota,
1664 4729 1818 4809 quam
1851 4744 1913 4796 ad
1939 4745 2111 4797 locum

567 4835 780 4885 citatum
813 4831 1048 4896 adjecere
1078 4831 1306 4884 editores
1333 4831 1674 4884 Benedictini.
1723 4834 1834 4885 Non
1866 4834 2103 4888 dissimili

571 4922 725 4973 modo
778 4936 805 4972 a
831 4920 978 4985 culpa
1036 4920 1285 4971 liberatur
1329 4930 1510 4972 auctor
1543 4922 1790 4973 librorum
1823 4924 1889 4976 de
1918 4924 2109 4976 Sacra-

569 5010 788 5069 mentis;
822 5011 930 5073 ipsa
982 5010 1118 5060 enim
1145 5008 1255 5072 ejus
1280 5009 1432 5061 verba
1458 5010 1582 5060 satis
1609 5011 1833 5062 indicant
1862 5027 1962 5078 quo
1989 5027 2110 5064 sen-

566 5111 624 5148 su
643 5098 828 5148 dixerit
857 5098 1099 5150 lotionem
1135 5100 1318 5163 pedum
1346 5099 1629 5164 mysterium
1656 5112 1792 5162 esse,
1824 5101 1884 5151 ad
1916 5103 2104 5152 sancti-

661 5229 712 5284 α)
735 5227 795 5278 τ.
830 5227 912 5278 tv.
939 5245 987 5290 ρ.
1020 5230 1121 5280 sis
1152 5229 1284 5295 (Edit
1317 5230 1504 5281 Venet.
1541 5228 1718 5294 1778).

661 5296 707 5355 ὁ)
737 5296 797 5344 'l‘.
834 5296 869 5342 γ
913 5301 1007 5362 Up.
1045 5312 1090 5346 s.
1117 5292 1358 5355 Atn'bros.
1394 5314 1442 5361 p.
1469 5296 1594 5350 c.207.

639 5366 710 5425 (Γ)
741 5363 889 5434 Mum.
912 5379 1038 5434 pnur
1066 5367 1228 5416 servir
1251 5367 1275 5416 ii
1304 5366 1575 5416 l‘liistoire.
1613 5366 1764 5432 eccl.,
1785 5376 1820 5418 l.
1846 5366 1884 5418 Χ
1907 5382 1955 5434 p.
1980 5369 2101 5421 765.

571 5439 676 5480 ιιοι.
708 5446 808 5480 uti
832 5431 880 5481 in
912 5447 951 5482 s.
986 5431 1226 5484 Ambros.

635 5496 715 5571 (tl)
742 5498 962 5571 Auleurs
993 5499 1214 5571 Cocles,
1245 5512 1282 5571 ιε
1313 5499 1460 5571 XVII,
1496 5516 1610 5568 cap.
1649 5501 1690 5565 ί,
1723 5503 1746 5569 §
1790 5503 1872 5567 l4,
1911 5519 1956 5571 p.
1986 5506 2104 5556 r187.

635 5566 706 5628 (ε)
728 5566 966 5620 Ambros.
995 5567 1123 5630 Opp.
1156 5568 1214 5618 'l'.
1250 5569 1308 5634 ν,
1355 5582 1403 5633 p.
1434 5570 1560 5620 9.00,

2220 4388 2433 4441 tentavit
2455 4387 2688 4440 Oudinus
2713 4389 2859 4437 suam
2890 4383 3228 4438 sententiam.

2287 4477 2370 4528 l9.
2404 4478 2498 4528 Ast
2527 4475 2695 4540 prodit
2727 4487 2862 4526 nunc
2892 4477 2940 4525 ln
2966 4483 3206 4540 apertam
3254 4471 3554 4538 palzestram
3611 4470 3764 4526 Oudi-

2216 4567 2401 4619 nianus
2429 4547 2676 4625 Achilles,
2701 4562 3066 4637 quem‘nullns,
3100 4571 3156 4613 ut
3189 4563 3298 4625 ipse
3356 4559 3573 4626 quidem
3624 4559 3763 4618 dicit.

2216 4654 2281 4724 (ί)
2310 4655 2582 4721 infringere
2610 4654 2784 4717 possit,
2815 4660 2868 4703 et
2897 4661 3170 4717 propterea
3196 4649 3532 4716 probabiliter
3570 4668 3591 4699 ι
3616 4649 3762 4703 dissi-

2215 4742 2437 4792 mulatus
2467 4741 2532 4791 ab
2570 4737 2860 4792 editoribus
2910 4736 3282 4795 Benedictinis,
3319 4752 3338 4786 ι
3375 4744 3431 4786 ιιι
3475 4736 3764 4790 distinctio-

2215 4845 2334 4883 nem
2362 4841 2506 4880 suam
2536 4834 2788 4878 tractatus
2837 4827 2904 4877 de
2959 4824 3222 4892 Mysteriis
3268 4837 3294 4873 a
3350 4823 3496 4875 libris
3552 4839 3650 4877 sex
3701 4823 3760 4876 de

2213 4915 2568 4972 Sacramentis
2599 4912 2990 4981 plausibiliorem
3014 4899 3254 4976 facerent.
3282 4909 3493 4962 Scilicet
3528 4911 3760 4976 appellat

2213 5005 2446 5059 Oudinus
2469 5008 2742 5054 tractatum
2793 4999 2856 5050 de
2901 4997 3172 5065 Mysteriis,
3207 4985 3412 5049 librum.
3455 4997 3598 5049 inter
3650 4995 3761 5050 illos

2213 5095 2300 5162 qui
2328 5093 2386 5144 de
2413 5089 2754 5145 Sacramentis
2782 5087 3062 5153 conscripti
3087 5093 3229 5149 sunt,
3261 5097 3416 5151 atque
3453 5084 3503 5138 id
3551 5085 3756 5155 quidem

2284 5227 2348 5292 (Γ)
2381 5223 2534 5276 Praef.
2570 5226 2619 5276 in
2671 5220 2890 5286 Canisii,
2918 5219 3064 5273 Lect.
3115 5221 3317 5284 Antiq.,
3350 5233 3470 5286 cap.
3503 5219 3560 5282 5.
3595 5218 3626 5288 ί
3673 5217 3752 5279 35.

2214 5306 2251 5348 t.
2285 5298 2324 5358 l,
2352 5309 2400 5359 p.
2429 5293 2513 5343 57.

2341 5354 2364 5428 )’
2400 5362 2528 5414 l-list.
2555 5361 2644 5411 des
2675 5359 3038 5428 Sacramenta,
3057 5365 3109 5428 _t:
3139 5355 3196 5419 V,
3222 5371 3275 5424 p.
3297 5354 3423 5410 55L

2341 5365 2356 5428 )
2400 5365 2528 5414 l-list.
2555 5365 2644 5411 des
2675 5365 3030 5416 Sacramenta,
3067 5365 3106 5409 t.

2281 5365 2357 5500 Vt)
2379 5429 2632 5500 Ambros.
2772 5436 2808 5477 t.
2845 5425 2907 5500 V_,
2927 5438 2986 5500 Ρ.

2280 5487 2350 5567 (ιγ
2368 5498 2476 5550 Jos.
2500 5498 2626 5549 Mar.
2648 5487 2902 5567 Tl'iomasi
2919 5487 3049 5567 Cod.
3085 5494 3396 5567 Sa_cram_.__p.
3421 5489 3532 5546 535
3552 5497 3611 5548 et
3637 5487 3748 5546 475.

2283 5559 2346 5637 θ)
2379 5567 2450 5620 De
2474 5567 2664 5631 Script.
2693 5563 2915 5624 Eccles.,
2948 5571 2981 5614 t.
3012 5561 3047 5624 Ι,
3084 5562 3180 5614 col.
3213 5559 3366 5614 1855.
