3910 6234
98 254 227 308 1ΞΓ1

1048 248 1321 304 ΝΟΤΙΤΙΑ
1363 246 1715 304 lllSTORlCA
1758 248 1820 301 IN
1859 248 1914 301 S.
1960 246 2375 301 MlliliOillTM.

3184 244 3319 297 1218

91 362 281 432 duplici
309 376 373 416 ex
409 361 616 415 ratione
649 378 663 414 :
697 361 747 412 in
780 358 961 427 primis
990 367 1047 411 ut
1076 374 1204 415 suus
1228 361 1292 415 sit
1320 360 1656 413 sermonibus
1686 362 1731 418 Α
1766 376 1783 409 ι
1823 360 1951 423 Quia
1985 360 2087 411 vidi
2147 358 2403 424 Spiritum
2453 355 2865 408 descendentem
2922 355 3067 421 quasi
3113 352 3318 406 colum-

89 453 420 520 septenarius
448 465 720 513 nunterus,
753 450 877 502 dein
910 459 965 501 ut
1014 450 1171 503 verba
1231 451 1470 517 quaedam
1531 450 1650 502 libri

89 543 240 609 primi
266 543 331 595 de
359 542 706 597 Sacramentis
727 542 1059 594 commodam
1090 542 1460 595 nauciscantur
1488 542 1652 596 inter-

91 632 462 699 pretationem.
499 630 577 684 A‘d
611 640 890 698 utrumque
915 630 1085 682 facilis
1106 641 1186 683 est
1210 632 1506 698 responsio.
1563 632 1652 685 Ει-

87 722 226 774 enim
262 721 405 773 nulla
439 720 645 774 videtur
665 721 954 774 necessitas
976 729 1031 772 ut
1049 721 1375 787 septenarius
1401 736 1653 775 numerus

92 811 346 862 librorum
432 805 545 861 slve
597 823 904 860 sermonum
957 807 1266 862 admittatur
1316 827 1329 860 :
1381 817 1435 862 et
1485 809 1654 876 posito

86 898 243 949 etiam
300 898 652 966 septimanam
708 895 962 965 integram
1021 900 1337 964 insumptam
1392 898 1551 951 fuisse
1603 899 1654 951 in

88 985 413 1038 instruendis
446 985 751 1054 neophytis,
781 986 1080 1039 nullatenus
1125 986 1365 1055 sequitur
1419 986 1656 1041 Domini-

84 1088 201 1125 cam
231 1072 505 1128 Paschalis
534 1090 637 1127 non
670 1075 835 1128 fuisse
860 1074 999 1128 diem
1054 1075 1461 1142 impeditiorem,
1496 1090 1653 1141 quam

88 1173 141 1215 nt
170 1177 353 1217 sermo
381 1164 684 1217 haberetur.
715 1163 818 1217 Sed
844 1163 1073 1216 admissa
1100 1166 1258 1218 etiam
1306 1164 1389 1216 illa
1434 1167 1658 1217 necessi-

90 1261 214 1318 tate,
240 1268 309 1331 ne
339 1262 463 1307 tunc
488 1253 701 1323 quidem
724 1264 1054 1323 sequeretur,
1086 1256 1275 1307 librum
1304 1254 1368 1306 de
1398 1254 1655 1322 Mysteriis

88 1343 477 1398 adnectendum
503 1358 623 1398 esse
654 1345 960 1398 tractatibus
998 1346 1059 1397 de
1104 1343 1481 1406 Sacrantentis,‘
1538 1358 1655 1396 nam

89 1432 279 1485 merito
306 1432 564 1496 suspicari
598 1433 722 1487 licet
748 1442 955 1501 septem
989 1433 1116 1486 olim
1154 1432 1315 1485 fuisse
1358 1447 1655 1492 sermooes.

90 1518 164 1571 uti
187 1519 369 1573 videre
418 1529 503 1572 est
528 1519 665 1588 apud
694 1520 926 1575 editores
950 1519 1321 1574 Benedictinos
1356 1520 1408 1573 in
1448 1522 1658 1573 illorum

88 1607 403 1675 praefatione
432 1614 571 1664 circa
596 1612 752 1665 linem
770 1610 848 1680 (a)
867 1621 918 1664 et
949 1613 998 1664 in
1031 1622 1155 1665 nota
1185 1612 1223 1664 Β
1249 1612 1314 1665 ad
1346 1613 1381 1669 Ι.
1414 1627 1487 1675 vr,
1520 1627 1570 1665 c.
1604 1612 1654 1674 5,

1760 448 1896 498 bam.
1944 466 1958 495 ι
2018 447 2136 499 lltec
2168 447 2293 498 dicit
2329 464 2337 495 :
2376 463 2393 495 ι
2439 444 2501 497 Ει
2557 444 2642 497 hic
2692 458 2855 512 quare
2897 444 3127 510 Spiritus
3179 443 3321 496 sicut

1756 537 1999 589 columba
2032 537 2329 598 descendit,
2361 536 2459 587 nisi
2522 544 2577 587 ut
2632 544 2682 586 tu
2733 534 2961 595 videres,
3008 537 3105 585 nisi
3160 546 3215 585 ut
3268 545 3321 586 ιιι

1757 640 2070 692 agnosceres
2108 644 2125 674 ι
2161 624 2459 677 columbam
2485 624 2641 675 etiam
2677 622 2823 675 illam
2854 637 3010 690 quam
3060 623 3169 675 Noe
3208 624 3321 689 jus-

1759 724 1838 767 tus
1864 715 2067 767 remisit
2096 728 2159 767 ex
2186 728 2330 777 arca,
2362 714 2515 766 istius
2565 713 2822 765 columba:
2868 712 3095 776 speciem
3138 712 3319 772 fuisse.

1760 814 1817 857 ut
1846 816 2021 874 typunt
2051 818 2364 872 agnosceres
2388 802 2745 855 sacramenti?
2779 802 2841 854 Et
2881 800 3103 861 fortasse
3128 801 3273 852 dicas
3307 817 3317 849 :

1759 894 1887 946 Cum
1920 893 2006 944 illa
2041 906 2159 945 vera
2192 890 2433 943 columba
2479 890 2637 942 fuerit
2685 904 2803 957 qua:
2851 889 3041 940 emissa
3100 898 3200 949 est,
3239 888 3323 940 hic
3356 936 3359 937 ν

1759 984 1908 1052 quasi
1939 982 2181 1036 columba
2226 982 2581 1043 descenderit,
2613 981 2877 1046 quomodo
2935 979 3044 1031 illic
3090 981 3319 1046 speciem

1763 1072 1921 1125 fuisse
1943 1073 2190 1136 dicimus,
2226 1071 2311 1123 hic
2338 1078 2646 1132 veritatem;
2702 1082 2820 1120 cum
2849 1068 3136 1120 secundum
3167 1070 3317 1120 Grae-

1759 1179 1850 1217 cos
1874 1166 1922 1216 in
1952 1164 2127 1229 specie
2156 1162 2415 1215 columbae
2444 1161 2696 1229 Spiritum
2726 1159 3005 1212 descendis
3040 1174 3068 1210 e
3096 1158 3165 1210 sit
3187 1162 3317 1211 scri-

1762 1252 1946 1317 ptum?
1997 1250 2233 1320 (Graecus
2277 1259 2451 1302 textus
2498 1250 2623 1301 Luc.
2673 1263 2760 1305 vn,
2807 1248 2896 1308 ΞΕ,
2928 1248 3083 1299 habet
3115 1263 3128 1297 :
3162 1262 3317 1300 κατα-

1763 1342 1926 1398 ϐἧναι.
1956 1342 2012 1397 τὸ
2044 1349 2237 1411 Πνεῦμα
2265 1344 2323 1393 τὸ
2356 1338 2493 1411 ἅγιον
2531 1346 2805 1408 σωματιγῷ
2848 1335 2985 1399 εἴδει,
3017 1340 3137 1389 ὡσεὶ
3168 1357 3312 1407 περι-

1762 1434 1969 1503 στερὰν,
1998 1436 2069 1483 .“π’
2099 1430 2298 1495 αὑτὸν).
2356 1429 2458 1481 Sed
2493 1429 2616 1494 quid
2647 1440 2748 1478 tam
2781 1440 2957 1478 verunt
2989 1442 3144 1494 quam
3179 1427 3320 1478 Divi-

1764 1518 1921 1583 nitas,
1954 1534 2071 1587 qua:
2094 1531 2268 1571 manet
2301 1518 2551 1585 semper?
2572 1516 2826 1569 Creatura
2856 1529 3031 1568 autem
3062 1530 3165 1568 non
3226 1532 3320 1581 po-

1764 1622 1860 1664 test
1887 1610 2079 1663 veritas
2123 1624 2265 1673 esse,
2316 1611 2408 1662 sed
2456 1609 2681 1675 species,
2732 1621 2848 1674 qua:
2902 1605 3055 1658 facile
3106 1604 3325 1657 solvitur

88 1714 139 1749 n.
164 1696 239 1751 25
264 1699 361 1767 (b):
386 1698 480 1753 sed
501 1700 553 1754 in
582 1700 678 1754 hac
692 1699 992 1769 bypothesi,
1015 1703 1136 1768 quia
1156 1701 1367 1755 brevior
1387 1711 1657 1756 estsermo
1692 1699 1732 1757 Β
1761 1709 1918 1767 atque
1947 1707 2197 1751 mutatur.
2230 1697 2398 1751 Simul
2423 1698 2544 1764 quia
2593 1712 2799 1760 eorum,
2831 1697 2917 1763 qui
2972 1694 3323 1762 baptizantur,

87 1787 198 1853 ille,
229 1790 320 1856 qui
349 1789 612 1857 septimus
636 1790 894 1845 dicendus
916 1798 1077 1854 esset,
1098 1806 1201 1845 non
1234 1792 1360 1845 nihil
1391 1802 1663 1846 truncatus

88 1879 385 1935 videretur.
416 1880 679 1948 Quidquid
735 1882 803 1935 sit
849 1882 918 1936 de
974 1881 1071 1934 ista
1118 1882 1447 1950 conjectura,
1478 1891 1663 1936 auctor

88 1969 348 2024 librorum
398 1970 463 2023 de
509 1970 856 2025 Sarramenlis
904 1973 972 2023 ita
1003 1973 1307 2039 auspicatur
1335 1973 1523 2027 librum
1555 1976 1658 2041 pri-

86 2050 354 2126 mum,‘ut
376 2061 658 2116 manifeste
686 2072 942 2117 monstret
968 2072 1086 2115 tunc
1108 2065 1323 2131 primum
1348 2077 1405 2117 se
1431 2064 1662 2131 incipere

86 2148 153 2205 de
196 2153 555 2206 sacramentis
602 2161 829 2206 tractare
880 2169 891 2203 :
937 2168 1004 2205 en
1033 2152 1149 2219 ejus
1184 2154 1339 2205 verba
1372 2170 1385 2203 :
1425 2169 1443 2203 ι
1479 2152 1553 2207 De
1579 2167 1663 2206 sa-

86 2240 383 2295 cramentis
414 2256 533 2309 qua:
578 2242 858 2309 accepistis
902 2256 1203 2295 sermonem
1250 2244 1484 2305 adoriar,
1514 2242 1663 2308 cujus

90 2327 167 2381 rei
226 2322 504 2383 rationem
532 2344 638 2382 non
676 2318 911 2396 oportuit
935 2343 1061 2383 ante
1090 2330 1359 2397 praemitti.
1419 2348 1439 2381 ι
1492 2333 1663 2398 Atque

86 2416 308 2486 ille,qui
334 2414 461 2471 alibi
488 2431 701 2486 semper
725 2428 1035 2486 sequentem
1064 2432 1364 2472 sermonem
1389 2432 1507 2472 cum
1536 2434 1666 2488 prte-

87 2504 333 2571 cedenti,
363 2506 475 2559 sive
501 2509 765 2575 expressis
791 2508 987 2573 verbis,
1021 2508 1134 2561 sive
1163 2524 1256 2576 per
1296 2509 1663 2576 repetitionem

87 2594 391 2657 connectit,
426 2595 555 2649 nihil
587 2611 804 2664 prorsus
831 2596 882 2649 iu
913 2600 1161 2650 sermune
1193 2598 1363 2664 primo
1393 2598 1455 2650 de
1477 2596 1664 2657 Sacra:

90 2684 272 2737 utentis
324 2684 471 2750 dicit,
500 2700 603 2754 quo
632 2685 719 2740 vel
752 2687 940 2741 leviter
969 2687 1206 2755 iudigitet
1236 2701 1294 2739 se
1325 2688 1493 2754 pridie
1530 2688 1663 2741 inte-

89 2788 247 2842 grum
346 2782 624 2828 tractatum
697 2776 763 2828 de
842 2776 1105 2845 mysteriis
1179 2764 1461 2829 habuisse!
1529 2777 1661 2837 Ast,

93 2866 267 2933 inquit
304 2862 542 2918 Oudinus
572 2866 669 2933 (c),
716 2865 1001 2919 lleclamari
1051 2866 1269 2933 primum
1319 2867 1447 2936 (seu
1477 2867 1664 2919 librum

64 2958 151 3007 δάε
180 2953 480 3023 Μυειεγὶἱε)
515 2970 546 3005 a
574 2948 792 3007 secundo
827 2956 953 3024 (seu
988 2956 1123 3009 libro
1153 2971 1321 3024 primo
1362 2962 1445 3008 de
1468 2955 1631 3008 Sacra

1764 1806 1867 1843 non
1894 1792 1945 1843 in
1972 1788 2150 1854 specie
2181 1801 2301 1841 esse
2328 1788 2536 1848 debeat,
2569 1788 2659 1839 sed
2710 1800 2833 1839 vera
2895 1784 3325 1853 simplicitas.....

1762 1882 1991 1948 speciem
2012 1888 2187 1930 autem
2207 1889 2261 1930 et
2287 1892 2380 1943 pro
2405 1877 2622 1929 veritate
2652 1874 3008 1942 aecipiendam
3036 1872 3257 1940 legimus
3278 1880 3332 1924 et

1764 1968 1833 2022 de
1862 1968 1939 2019 Ch
1963 1967 2095 2019 risto
2128 1983 2139 2015 :
2172 1964 2234 2016 Et
2269 1965 2430 2033 specie
2460 1964 2683 2015 intentus
2708 1972 2758 2013 ut
2797 1962 2979 2023 homo;
3009 1962 3151 2014 etde
3175 1960 3327 2013 Patre

1765 2058 1874 2109 Deo
1909 2074 1919 2107 :
1960 2056 2138 2124 Neque
2159 2057 2372 2123 speciem
2403 2058 2511 2124 rjus
2536 2056 2747 2106 vidistis.
2795 2051 3100 2106 Conferettti
3130 2063 3332 2105 utrum-

1762 2161 1865 2215 que
1884 2146 2052 2199 locum
2077 2146 2298 2197 citatum
2324 2144 2541 2197 eiidens
2567 2144 2643 2207 lit,
2670 2158 2772 2194 non
2803 2142 3033 2208 potuisse
3062 2150 3331 2192 auctorem

1765 2239 2014 2290 librorum
2047 2236 2108 2287 de
2130 2234 2501 2297 Sacramentis,
2532 2235 2741 2300 quando
2797 2230 2945 2295 dicit,
3004 2248 3021 2281 ι
3061 2237 3330 2282 memento

1763 2325 1892 2394 quid
1914 2325 2159 2388 dixerim,
2199 2342 2216 2373 ι
2253 2323 2532 2391 indigitare
2564 2327 2732 2374 locum
2762 2323 2978 2373 citatum
3024 2334 3054 2372 e
3085 2319 3223 2372 libro
3270 2318 3333 2369 de

1739 2415 2054 2485 'i‘llysteriis,
2088 2414 2417 2483 proindeque
2448 2422 2730 2466 tractatum
2762 2414 2823 2464 de
2853 2412 3189 2465 Sacramentis
3218 2410 3336 2462 nul-

1767 2506 1971 2561 lalcnus
2002 2506 2291 2560 reclamare
2321 2508 2511 2559 librum
2555 2506 2615 2555 de
2660 2501 2940 2571 Mysterit's.

1835 2596 1927 2649 2|.
1962 2595 2220 2649 Refutatis
2249 2596 2419 2649 critici
2452 2596 2615 2647 nostri
2650 2594 2938 2647 rationibus
2964 2632 2979 2656 ,
3012 2606 3215 2658 :cquum
3251 2600 3335 2645 est

1778 2696 2081 2738 monstrare
2111 2700 2252 2735 varia
2280 2697 2426 2743 esse,
2456 2698 2574 2750 qua:
2604 2682 2870 2733 diversum
2903 2680 3177 2745 utriusque
3205 2692 3332 2743 ope—

1770 2773 1842 2825 ris
1872 2783 2145 2824 auctorem
2193 2772 2447 2823 indicant.
2501 2770 2759 2837 Imprimis
2804 2768 3050 2820 differunt
3094 2767 3229 2818 inter
3270 2781 3330 2818 se

1771 2862 2105 2930 baptismatis
2151 2863 2482 2917 ceremotiia:
2524 2862 2589 2913 ab
2639 2872 2859 2927 utroque
2904 2860 3127 2926 pressule
3168 2873 3332 2910 usu.-

1774 2964 1929 3021 patte.
1966 2954 2174 3007 Etenim
2208 2963 2390 3008 auctor
2422 2952 2673 3005 librorum
2710 2952 2773 3002 de
2804 2948 3172 3003 Sacramentis.
3206 2950 3240 2998 l.
3278 2983 3323 3010 .,

96 3012 329 3113 utentis)
382 3012 637 3097 videamus
666 3083 682 3109 ,
734 3012 849 3097 naui
904 3045 967 3097 de
1018 3012 1166 3097 aliis'
1195 3046 1404 3097 dubium
1469 3045 1667 3096 nullum
1693 3012 1738 3072 Ο
1855 3044 1877 3095 1
1906 3044 2006 3112 (c),
2053 3044 2155 3095 late
2186 3045 2368 3112 quaaril
2396 3057 2488 3095 cur
2520 3057 2662 3093 nares
2692 3040 3003 3107 baptizando
3031 3050 3334 3107 tanguntur,

89 3144 184 3185 est.
253 3130 387 3185 Hec
441 3133 591 3185 verba
637 3144 754 3186 sunt
794 3135 1037 3195 sermonis
1078 3134 1286 3186 secundi
1331 3132 1505 3203 (alias
1546 3134 1665 3191 libri

90 3222 158 3276 de
191 3222 595 3290 Sacramentis)
632 3237 644 3273 :
683 3240 701 3271 ι
739 3221 800 3276 Et
831 3237 955 3276 ecce
985 3222 1134 3291 quasi
1155 3222 1667 3291 coluutba,Spiritus

92 3322 321 3366 sanctus
340 3310 639 3364 descendit.
663 3310 777 3364 Non
802 3312 1045 3364 columba
1074 3310 1368 3374 descendit,
1396 3314 1489 3365 sed
1518 3314 1667 3380 quasi

89 3398 367 3455 columba.
399 3399 662 3454 Memento
690 3400 811 3467 quid
852 3401 1110 3465 dixerim;
1162 3399 1405 3454 Christus
1456 3414 1668 3453 carnem

92 3489 357 3557 suscepit,
386 3503 489 3543 non
518 3488 652 3543 sicut
674 3504 912 3553 carnem,
941 3490 1033 3544 sed
1062 3490 1239 3543 carnis
1278 3492 1428 3544 istius
1475 3496 1668 3547 verita-

94 3589 230 3643 tem,
261 3592 388 3632 vere
415 3594 630 3631 carnem
659 3579 910 3646 suscepit.
964 3580 1195 3648 Spiritus
1240 3593 1414 3637 autem
1459 3594 1672 3640 sanctus

94 3672 148 3724 in
179 3669 367 3738 specie
410 3669 690 3731 columine,
721 3684 823 3723 non
857 3671 909 3723 in
943 3672 1161 3725 veritate
1190 3675 1465 3739 columbae,
1496 3676 1589 3728 sed
1620 3676 1671 3729 in

99 3762 292 3829 specie
318 3758 599 3813 columbae.
639 3778 658 3810 ι
694 3760 946 3815 Alludere
974 3762 1099 3814 dicit
1144 3763 1378 3817 Oudinus
1426 3762 1675 3819 tractato-4

94 3864 211 3903 rem
239 3850 307 3902 ad
347 3840 681 3913 sermonem,
717 3862 771 3902 ut
801 3850 912 3917 ipse
939 3850 1085 3915 dicit,
1115 3855 1361 3919 primutn,
1395 3855 1457 3906 de
1483 3854 1674 3926 Myste-

92 3943 189 3994 riis
225 3956 245 3993 :
281 3955 379 3993 nos
413 3954 540 3994 vero
569 3942 655 3993 illa
688 3942 865 4006 verba,
898 3961 915 3993 ι
949 3958 1212 3998 memento
1232 3946 1352 4012 quid
1376 3946 1622 4012 dixerim,
1650 3967 1668 3999 ι

95 4032 528 4097 interpretamur
556 4029 695 4083 dicta
719 4031 783 4082 ad
816 4033 1105 4104 acuendam
1138 4036 1473 4099 praesentiunt
1505 4048 1673 4090 atten-

93 4123 325 4181 tionem,
353 4134 544 4185 nempe
574 4127 631 4172 ut
662 4128 809 4173 recte
836 4121 1128 4189 intelligant
1158 4124 1506 4178 dilferentiam
1540 4127 1703 4181 inter'

93 4208 390 4263 columbam
419 4218 472 4261 et
493 4212 641 4277 quasi
672 4211 974 4275 columbam,
1004 4226 1159 4279 quam
1182 4215 1523 4269 similitudine
1547 4231 1677 4281 qua-

1779 3134 1904 3187 dum
1940 3143 2156 3186 sanctus
2186 3134 2499 3187 Ambrosius
2530 3134 2657 3186 nihil
2707 3134 3000 3199 ltujusmodt
3052 3133 3100 3185 itt
3141 3148 3235 3185 snn
3276 3140 3337 3183 de

1775 3225 2031 3294 Mysteriis
2062 3226 2198 3277 libro
2228 3240 2279 3288 c,
2318 3226 2369 3291 1,
2404 3225 2622 3288 habeat,
2656 3224 2749 3277 sed
2791 3224 3063 3291 sitnpliccr
3092 3223 3227 3275 di.at
3261 3234 3336 3273 ta-

1776 3323 1912 3365 ctum
1942 3314 2044 3365 oris
2073 3313 2243 3365 omitti
2276 3312 2326 3364 in
2360 3312 2587 3365 feminis.
2622 3312 2787 3366 llaltct
2813 3313 2935 3386 dein
2970 3322 3181 3364 sanctus
3210 3316 3334 3362 Am-

1781 3391 1987 3453 btosius
2030 3399 2121 3452 lib.
2166 3399 2231 3452 de
2273 3399 2572 3467 Mysteriis,
2602 3414 2653 3451 c.
2681 3396 2752 3449 4:
2812 3416 2829 3447 ι
2862 3398 2985 3451 Post
3016 3398 3125 3449 lucc
3156 3399 3333 3463 utique

1777 3488 1795 3556 (
1822 3498 1934 3552 lost
1966 3488 2326 3555 baptismum)
2356 3487 2638 3541 ascendisti
2671 3487 2734 3539 ad
2766 3486 3093 3541 Sacerdotem
3120 3505 3131 3539 :
3163 3489 3337 3538 consi-

1776 3584 1903 3635 dera
1932 3580 2057 3648 quid
2086 3588 2324 3633 secutum
2352 3596 2363 3629 ε
2392 3593 2565 3632 nonne
2595 3577 2722 3630 illud
2748 3579 2886 3645 quod
2918 3580 2988 3630 ait
3018 3570 3215 3629 David:
3252 3578 3342 3629 Si-

1777 3680 1857 3723 cut
1907 3679 2220 3739 unguentum
2262 3670 2314 3720 in
2361 3670 2521 3735 capite
2564 3669 2694 3735 quod
2734 3668 2987 3718 descendit
3034 3667 3084 3717 in
3130 3667 3332 3717 barbam

1777 3762 1990 3812 Aaron?
2028 3757 2216 3827 (Psal.
2249 3773 2434 3811 csxxtt
2462 3798 2474 3819 ,
2506 3756 2598 3823 ‘2.)
2626 3776 2643 3807 ι
2679 3756 2880 3821 Quibus
2921 3756 3094 3809 verbis
3144 3756 3266 3808 indit
3288 3767 3339 3807 at

1776 3862 1992 3903 sanctus
2053 3858 2448 3902 sacramentum
2512 3846 2926 3899 conﬁrmationis
2973 3846 3137 3897 fusse
3176 3847 3339 3897 colla-

1786 3953 1918 3993 tum.
1955 3942 2078 3993 Post
2108 3936 2520 3992 conﬁrmatioois
2551 3953 2714 3991 Sacrae
2746 3938 3069 4005 signaculum
3101 3936 3335 4004 sequitur

1785 4032 1974 4097 pedum
2010 4031 2134 4081 lotio
2163 4068 2173 4077 .
2210 4046 2227 4077 ι
2257 4030 2453 4080 Omnes
2482 4028 2531 4078 in
2566 4042 2779 4093 regnum
2812 4025 2903 4078 Dei
2932 4035 2983 4076 et
3015 4026 3064 4077 ιιι
3094 4027 3336 4078 sacerdo-

1780 4122 1912 4171 tium
1945 4118 2187 4186 ungimur
2217 4118 2381 4183 gratia
2414 4115 2655 4182 spiritali.
2698 4114 2995 4167 Ascen'tlisti
3041 4116 3107 4167 de
3150 4114 3335 4178 fonte;

1780 4221 2045 4264 memento
2072 4209 2399 4276 Evangelicze
2432 4210 2690 4261 lectionis.
2726 4208 2935 4261 Etenim
2964 4208 3216 4261 Dominus
3245 4226 3339 4261 no-
3432 4222 3435 4223 '

94 4300 223 4351 dam
253 4300 529 4365 desumpta
564 4313 594 4353 e
646 4300 902 4367 mysterio
961 4300 1245 4355 Dominicai
1295 4303 1675 4359 lncarnatiottis
1702 4336 1751 4393 Β
1783 4316 1890 4355 ster
1923 4302 2077 4357 .lesus
2110 4302 2234 4354 lavit
2266 4302 2429 4369 pedes
2458 4301 2729 4369 discipulis
2759 4304 2873 4368 ejus
2894 4343 2908 4367 ,
2940 4312 3045 4354 etc.
3086 4320 3102 4351 ι
3145 4302 3338 4355 Deinde

91 4390 329 4451 evolvit,
356 4399 408 4441 ut
439 4389 634 4456 legenti
661 4388 993 4443 manifestum
1023 4390 1099 4442 lit.

173 4478 272 4531 20.
316 4478 412 4531 Ast
434 4479 593 4531 aliam
627 4494 841 4548 prorsus
861 4480 1299 4547 significationem
1322 4484 1502 4536 tribuit
1532 4485 1674 4537 hisce

96 4572 292 4627 verbis
321 4572 580 4635 Oudinus,
629 4572 718 4641 qui
769 4572 949 4636 verba,
990 4589 1008 4624 ι
1044 4584 1309 4627 memento
1361 4576 1483 4643 quid
1526 4576 1674 4629 dixe-

94 4664 231 4725 rim,
269 4678 289 4711 ι
320 4660 601 4715 referenda
635 4676 755 4716 esse
779 4663 971 4715 asserit
991 4663 1054 4715 ad
1084 4662 1274 4715 librum
1304 4664 1366 4716 de
1396 4663 1675 4732 Mysteriis,

98 4760 158 4804 et
195 4748 417 4818 quidem
447 4748 512 4803 ad
543 4763 591 4803 e.
628 4748 682 4813 4,
725 4763 882 4819 quem
915 4752 1017 4805 late
1040 4754 1249 4817 recitat,
1280 4764 1330 4805 et
1360 4752 1445 4805 ubi
1477 4768 1540 4806 eo
1580 4756 1678 4807 mi-

102 4853 211 4891 nus
256 4838 531 4891 auditores
574 4838 884 4892 inventuros
922 4841 1107 4904 fuisse,
1146 4856 1264 4909 quae
1313 4842 1421 4895 illic
1472 4842 1681 4897 latitare

98 4934 242 4987 dicit
267 4930 530 4996 Oudinus,
560 4934 787 4999 aestimo,
820 4946 923 5001 quo
957 4931 1227 4985 difﬁcilius
1273 4933 1559 4986 etiamnum
1612 4934 1680 4986 ab

99 5021 362 5085 oculatis,
394 5023 782 5076 commentario
810 5023 1103 5086 instructis,
1135 5022 1183 5076 id
1236 5022 1349 5075 ﬁeri
1408 5038 1677 5077 assevero.

104 5113 179 5166 Et
206 5125 283 5164 tte
312 5111 491 5165 locum
520 5111 607 5164 hic
635 5110 810 5166 facere
837 5112 1038 5176 videar,
1080 5127 1143 5164 cn
1172 5112 1331 5165 verba
1361 5113 1528 5165 sancti
1556 5115 1682 5165 Ain-

103 5199 286 5253 brosil
311 5198 375 5255 ad
401 5213 520 5267 qua:
548 5200 792 5252 allusisse
842 5199 1036 5253 dicitur
1072 5209 1255 5254 auctor
1308 5199 1567 5253 librorum
1616 5201 1684 5254 de

102 5289 502 5354 Sacramentis,
528 5291 937 5342 commentantis
970 5290 1128 5343 verba
1179 5291 1327 5344 .loan.
1380 5306 1415 5356 ι,
1464 5291 1529 5343 52
1560 5294 1679 5359 (di):

210 5441 267 5527 es)
308 5439 748 5527 {\‘m’brosmtzd',
778 5457 827 5507 p.
861 5440 986 5495 203.

183 5509 265 5580 (ὁ)
308 5512 463 5573 Ibid.,
496 5527 545 5573 p.
570 5509 692 5569 246,.

183 5577 375 5648 (c)‘De
403 5577 622 5647 Script.,
649 5592 686 5633 t.
716 5580 755 5646 Ι,
778 5582 886 5633 col.
924 5577 1076 5633 18.35.

1783 4402 1948 4446 totum
1982 4394 2119 4446 hunc
2152 4394 2324 4445 locum
2356 4394 2617 4447 concludit
2651 4394 2733 4445 his
2778 4397 2950 4448 verbis
2977 4412 2988 4445 ;
3020 4410 3039 4442 ι
3081 4394 3337 4459 Accepistt
3424 4392 3441 4410 '

1791 4494 1905 4549 post
1935 4484 2048 4535 lucc
2076 4483 2383 4535 vestimenta
2410 4482 2653 4545 candida,
2677 4492 2781 4534 etc.
2806 4501 2823 4533 ι
2854 4484 3045 4536 Verum
3072 4482 3174 4534 alio
3200 4496 3347 4547 pror-

1783 4585 1877 4623 sus
1902 4571 2086 4624 ordine
2108 4572 2359 4638 adimplet
2389 4572 2633 4637 baptismi
2660 4573 3042 4634 solemnitates,
3070 4572 3155 4638 qui
3183 4570 3345 4624 libros

1785 4661 1849 4711 de
1881 4660 2225 4714 Sacramentis
2267 4662 2577 4727 conscripsit
2610 4678 2623 4724 ;
2670 4677 2789 4713 nam
2823 4662 2911 4713 lib.
2948 4675 3036 4725 ιιι,
3080 4676 3128 4711 c.
3164 4664 3186 4709 ί
3226 4660 3340 4729 (Γ),

1794 4766 1911 4821 post
1939 4754 2255 4820 baptismum
2279 4795 2291 4816 ,
2328 4756 2469 4805 nullo
2502 4754 2601 4806 ritu
2632 4754 2961 4817 intermedio,
2993 4752 3229 4818 sequitur
3259 4756 3340 4818 pel

1782 4842 1906 4894 dum
1938 4842 2101 4894 lotio:
2134 4860 2152 4892 ι
2184 4841 2480 4893 AscendiSIi
2511 4841 2578 4893 de
2606 4843 2769 4903 fonte,
2804 4840 2926 4908 quid
2956 4850 3193 4891 secutum
3225 4838 3342 4891 est?

1787 4967 1801 4982 .
1823 4968 1837 4983 .
1858 4966 1872 4984 .
1894 4969 1907 4983 .
1932 4970 1946 4984 .
1976 4930 2287 4985 Succinctus
2318 4946 2556 4984 summus
2585 4931 2833 4983 sacerdos
2868 4934 3027 4997 pedes
3060 4929 3152 4981 tibi
3185 4931 3339 4990 lavit,

1783 5030 1914 5085 etc.;
1944 5039 1961 5071 ι
1983 5022 2153 5088 capite
2175 5036 2314 5089 seq.,
2341 5032 2457 5088 post
2478 5022 2805 5090 explanatam
2831 5021 3021 5089 pedum
3048 5020 3295 5087 lotiottem
3324 5038 3337 5071 :

1792 5130 1809 5162 s
1842 5112 2096 5181 Sequitur
2122 5114 2355 5179 spiritale
2386 5114 2737 5179 signaculum,
2770 5112 2910 5180 quod
2951 5112 3139 5163 audisti
3183 5111 3337 5161 hodie

1788 5204 1923 5269 legi,
1952 5210 2056 5256 etc.
2097 5222 2115 5253 ι
2152 5203 2250 5268 Qui
2296 5204 2716 5255 ceremoniarum
2747 5203 2877 5255 ordo
2910 5216 3067 5267 quam
3096 5201 3231 5253 alios
3277 5202 3341 5249 sit

1787 5294 1853 5346 ab
1878 5294 2243 5353 Ambrosiano,
2272 5310 2389 5346 nctn
2414 5316 2424 5343 ι
2455 5308 2559 5346 ηοιι
2588 5292 2791 5345 viderit.
2823 5292 3105 5345 Contendit
3126 5290 3337 5357 quidem

1860 5447 1939 5513 (ό)
1981 5446 2323 5517 murtisq}.
2358 5446 2496 5511 V,p.
2534 5444 2653 5497 188.
2728 5418 2731 5419 ί
2812 5460 2823 5467 ·

1866 5518 1935 5579 (ei
1972 5515 2126 5573 lbid.,
2164 5530 2212 5578 p.
2241 5516 2366 5566 209.

1866 5589 1942 5651 (ί)
1976 5584 2128 5645 lbid.,
2163 5597 2210 5649 ρ.
2247 5581 2371 5633 asa.
