3910 6234
514 230 648 283 {SUO

1384 225 1439 276 s.
1484 223 1859 276 AMBROSIUS
1906 206 2365 278 CAliLZIttll-ZNSIS
2408 224 2788 280 L‘tuSttorus.

3575 220 3718 275 I220

512 343 746 395 Uzulinus
777 342 851 406 (α)
884 340 965 392 hic
996 341 1074 404 agi
1108 336 1188 389 vel
1219 338 1298 403 agi
1334 351 1487 399 posse
1517 336 1583 389 de
1616 338 1860 388 unetione
1908 350 2054 401 pres-
2090 336 2132 389 A
2162 338 2306 388 neusi
2338 352 2350 388 :
2397 338 2512 402 quis
2554 336 2713 403 igitur
2753 335 2954 388 inﬁcias
3002 336 3125 396 ibit,
3155 336 3235 403 agi
3267 334 3351 388 hic
3376 349 3597 402 quoque
3648 336 3708 387 de

520 430 778 499 hyterali,
834 445 949 494 qum
994 426 1372 492 neobaptizatis
1425 427 1579 477 fiebat
1602 441 1700 497 per
1729 426 2053 477 sacerdotem

384 528 385 531 ‘
476 546 477 551 η
518 517 733 573 secundi
776 517 1010 575 ordinis,
1056 527 1279 582 qumque
1326 523 1441 580 post
1488 520 1723 565 sanctum
1750 512 2057 577 Gregorium

520 608 760 677 stagnum
792 605 1090 660 introducta
1124 612 1387 653 auctorem
1433 600 1667 665 designat
1714 602 1934 664 septimo
1975 613 2059 652 se.

518 697 637 749 culo
696 695 1060 749 recentiorem.
1144 691 1334 744 Verum
1390 690 1505 741 data
1548 691 1703 743 etiam
1750 689 1934 741 Oudiui
1978 701 2061 740 ar-

518 784 951 851 gumentatione,
1007 795 1163 848 quam
1222 779 1512 830 nullatenus
1565 778 1767 843 probo,
1830 785 2063 830 remanet

522 884 728 933 tamen.
778 870 915 937 quod
967 869 1053 921 hic
1103 878 1261 933 caput
1309 869 1385 919 rci
1434 876 1553 929 est,
1603 866 1816 919 dill‘erre
1867 865 2063 917 scilicet

512 950 804 1026 'utrumque
832 966 1108 1010 tractatum
1136 958 1187 1008 in
1211 957 1397 1009 ordine
1417 965 1469 1008 et
1492 956 1822 1008 successione
1849 955 2055 1007 rituum.

522 1047 580 1101 In
612 1045 902 1113 argumenti
934 1045 1098 1096 nostri
1146 1044 1599 1095 confirmationem
1630 1041 1818 1103 adduci
1854 1050 2061 1107 possent

526 1137 625 1187 alia
647 1173 661 1196 ,
702 1144 758 1185 ιιι
794 1144 916 1184 sunt
954 1132 1229 1183 diversitas
1257 1130 1518 1183 versionis
1549 1144 1711 1182 sacrm
1741 1130 2023 1196 Scriptura:
2045 1171 2059 1193 ,

523 1224 701 1275 unctio
753 1232 873 1273 ante
918 1221 1389 1274 remmtiationem.

525 1312 725 1364 initium
747 1349 761 1372 ,
786 1316 887 1361 etc.
913 1308 1041 1373 Qua:
1071 1309 1243 1359 omnia
1272 1316 1568 1359 monstrant
1594 1323 1695 1358 non
1725 1323 1882 1360 unum
1918 1322 2063 1361 eutn-

520 1401 747 1466 demque
778 1407 1040 1459 auctorem
1071 1395 1195 1447 esse
1219 1396 1486 1461 utriusque
1514 1403 1785 1447 tractatus.

589 1487 679 1539 22.
720 1488 892 1553 Atque
927 1486 1075 1536 hisce
1107 1482 1391 1548 pra‘missis
1412 1521 1427 1545 ,
1453 1482 1807 1551 jatnmediam
1838 1482 2065 1536 confeci-

524 1592 637 1631 mus
666 1576 822 1628 viam.
854 1573 1002 1626 Nunc
1030 1573 1417 1626 ostendendum
1448 1572 1627 1634 venit,
1662 1573 1824 1627 libros
1846 1573 1921 1647 με
1956 1573 2060 1625 Sa-

524 1666 783 1718 rramentis
806 1704 818 1726 ,
846 1664 973 1724 licet
1002 1670 1185 1714 sancto
1230 1661 1515 1714 Ambrosio
1558 1661 1927 1715 Mediolanensi
1974 1662 2064 1713 ad-
2101 1648 2115 1702 Ι

529 1751 788 1805 scribendi
840 1764 942 1801 non
993 1748 1293 1813 videantur,
1348 1758 1521 1800 tamen
1562 1759 1745 1801 sancto
1788 1752 2072 1802 Ambrosio

526 1837 873 1891 Cardurceusi
909 1829 1121 1889 minime
1155 1835 1458 1887 tribuendos
1488 1849 1605 1887 esse
1631 1853 1643 1887 :
1674 1850 1773 1899 quo
1804 1833 2062 1898 coniecto,

527 1923 858 1979 manifestum
907 1924 1027 1985 Iiet,
1076 1937 1245 1988 neque
1285 1931 1534 1974 tractatus
1557 1922 1619 1974 de
1642 1921 1891 1989 Mysteriis
1922 1923 2065 1976 illum

527 2024 793 2067 auctorem
828 2027 944 2065 esse
965 2053 995 2075 ,Ἰ
1013 2000 1112 2064 nisi
1143 2014 1259 2079 quis
1288 2012 1465 2064 dicere
1504 2012 1625 2063 velit
1672 2020 1895 2079 ectypon
1942 2019 2068 2079 typo

528 2104 793 2172 antiquius
822 2116 958 2155 esse.
992 2104 1309 2168 Argumenta
1334 2140 1348 2160 ,
1387 2102 1577 2168 quibus
1618 2100 1849 2152 Oudinus
1890 2099 2065 2166 singu-

528 2190 688 2243 larem
719 2204 867 2240 suam
908 2188 1221 2240 sententiam
1263 2186 1446 2240 fulcire
1475 2198 1710 2249 conatur,
1753 2193 1873 2239 sunt
1899 2186 2070 2254 dupli-

527 2277 608 2331 cis
651 2276 856 2343 genet‘is
890 2284 915 2328 ε’
946 2274 1191 2328 videlicet
1233 2286 1443 2343 propter
1480 2274 1704 2327 nominis
1744 2272 2066 2328 identitatem

515 2366 696 2420 ffacilis
746 2365 842 2418 fuit
884 2365 1119 2418 confusio
1162 2350 1559 2416 Medioldnensis
1602 2378 1720 2416 cum
1749 2363 2066 2418 Cadurcensi

529 2454 811 2509 Ambrosio
833 2468 1001 2519 ,-eap.
1046 2450 1110 2510 6.
1156 2468 1209 2503 η.
1240 2450 1274 2502 2
1306 2448 1379 2517 (b)
1406 2467 1418 2503 :
1451 2450 1570 2503 dein
1600 2451 1931 2504 characteres
1958 2465 2071 2503 om-

531 2547 627 2596 nes
683 2541 828 2593 hisce
873 2538 1135 2605 opusculis
1184 2538 1557 2591 convenientes
1603 2538 1838 2602 apprime
1886 2547 2068 2591 sancto

534 2624 811 2680 Ambrosio
833 2624 1148 2678 Cadurceusi
1176 2624 1343 2689 aptari
1376 2633 1623 2690 possunt,
1652 2624 1777 2675 ibid.
1798 2664 1813 2701 ,
1840 2639 1894 2715 ι).
1920 2622 1953 2673 3
1973 2624 2073 2692 (ε),-

534 2719 669 2775 Ast,
703 2725 916 2779 qua-so,
954 2725 1058 2777 quo
1099 2722 1333 2777 tempore
1371 2710 1481 2762 haec
1525 2712 1793 2763 nominum
1836 2710 2071 2765 confusio

536 2810 652 2854 orta
685 2808 781 2853 est.
811 2798 947 2851 Uriri
980 2796 1212 2864 potuisse
1243 2797 1409 2850 innuit
1453 2796 1687 2849 Dudinus
1732 2798 1867 2852 inter
1898 2811 2063 2850 szecu-

539 2892 644 2943 lum
690 2898 928 2943 octavum
972 2896 1024 2939 et
1076 2886 1466 2948 duodecimum,
1508 2886 1765 2951 siquidem
1798 2885 1938 2940 dicat
1965 2886 2066 2939 Ioc.

1449 1218 1548 1273 SS.
1599 1219 1772 1274 Missae
1822 1220 2084 1273 sacrificii,

2160 425 2434 477 Ambrosio
2464 424 2837 477 Mediolaueusi
2860 420 2889 475 ῗ
2915 424 3137 476 maxime
3165 438 3282 476 cum
3314 423 3509 476 ordine
3545 427 3710 491 quasi

2160 510 2531 576 chronol0gico
2561 512 2697 563 inter
2727 511 2915 562 citatos
2959 511 3201 563 doctores
3246 507 3507 563 Ecclesiae
3545 526 3716 578 repo-

2163 609 2313 651 natur
2343 599 2364 649 ‘t
2397 600 2550 652 l'Iisce
2578 599 2865 651 rationibus
2890 609 3216 655 momentum
3259 615 3474 667 quoque
3518 596 3672 652 addit
3695 638 3712 663 ,

2160 688 2300 754 quod
2331 687 2640 740 Paschasius
2669 686 2952 740 Ratbertu’s
2980 701 3129 739 suum
3162 696 3439 740 tractatum
3471 688 3722 740 scribens

2162 776 2301 827 circa
2334 789 2526 827 annum
2559 774 2654 825 851
2692 776 2793 842 (uti
2823 782 3029 827 constat
3055 790 3119 828 ex
3145 774 3307 827 Wala:
3336 775 3545 829 abbatis
3572 776 3720 830 exsi-

2163 861 2268 926 lio)
2296 899 2309 923 ,
2336 854 2403 914 'ut
2431 862 2484 914 in
2515 862 2821 928 praefatione
2851 864 3113 930 insinuat,
3146 864 3194 916 id
3220 874 3334 930 est,
3365 865 3451 917 vix
3500 865 3717 932 triginta

2166 950 2320 1002 annis
2352 957 2467 1015 Post
2498 957 2720 1003 mortem
2753 951 2921 1004 sancti
2951 951 3209 1003 Ambrosii
3238 949 3635 1014 Cadurceu'sis,
3669 953 3717 1004 si

2166 1037 2234 1105 (ε)
2264 1037 2657 1106 cbronologiam
2697 1040 2859 1107 ipsius
2898 1039 3087 1093 Oudini
3125 1055 3427 1108 sequamur,
3476 1055 3581 1095 non
3614 1054 3717 1106 po-

2170 1127 2359 1203 suisset
2393 1128 2504 1190 eius
2536 1141 2721 1179 nomen
2768 1128 3041 1181 in-mediis
3068 1128 3368 1182 doctoribus
3395 1144 3559 1195 supra
3599 1129 3719 1181 Iau-

2169 1214 2337 1278 datis,
2367 1216 2411 1267 si
2446 1215 2667 1283 intelligi
2697 1216 2951 1283 potuisset
2991 1218 3054 1270 dc
3094 1216 3413 1271 Cadurcensi
3453 1218 3716 1285 episcopo

2166 1300 2286 1365 tuo'c
2316 1306 2399 1358 vix
2428 1307 2651 1373 cognito.

2231 1391 2321 1443 25.
2365 1380 2508 1445 Idem
2539 1394 2696 1446 etiam
2729 1394 2865 1447 valet
2895 1408 2988 1460 pro
3019 1393 3295 1448 Ilatramno
3319 1429 3337 1457 ,
3367 1392 3459 1460 qui
3486 1393 3721 1445 Ambro—

2172 1482 2307 1532 sium
2341 1494 2492 1533 suum
2521 1492 2750 1533 sanctum
2790 1480 3058 1533 Doctorem
3092 1481 3355 1547 appellat,
3396 1481 3537 1549 quod
3584 1483 3720 1533 Arn-

2168 1566 2346 1635 ersio
2376 1578 2553 1621 nostro
2578 1568 2900 1622 Cadurcensi
2925 1583 3109 1621 recens
3133 1568 3379 1621 defuncto
3404 1568 3723 1631 simpliciter

2172 1672 2273 1709 non
2306 1654 2570 1709 convenit.
2605 1659 2698 1710 Ast
2726 1672 2845 1711 cum
2876 1658 2962 1711 ille
2994 1647 3277 1710 librum'de
3306 1658 3574 1725 Mysteriis
3602 1664 3722 1709 tan—

2172 1753 2276 1795 tum
2323 1742 2513 1795 citasse
2558 1744 2817 1809 videatur,
2873 1759 2975 1798 neu
3024 1756 3102 1798 est
3145 1745 3282 1811 quod
3330 1747 3723 1799 immorentur!

2174 1834 2415 1897 Quiuimo
2461 1834 2570 1899 ipse
2613 1834 2846 1885 Uudinus
2891 1834 3051 1886 victas
3099 1833 3299 1885 veritati
3346 1847 3539 1886 manus
3592 1833 3725 1886 dare

2176 1921 2402 1984 videtur,
2434 1936 2551 1974 cum
2580 1924 2715 1976 circa
2751 1923 2903 1975 finem
2937 1939 2989 1976 n.
3030 1923 3064 1973 2
3098 1924 3212 1987 cit.,
3249 1923 3333 1991 (f)
3361 1923 3538 1975 dicit:
3574 1941 3594 1973 ι
3622 1923 3724 1976 Le-

2168 2021 2352 2075 gentes
2382 2011 2538 2077 igitur
2581 2011 2890 2066 Paschasius
2918 2022 2969 2064 et
2998 2014 3307 2064 Italrarnnus
3336 2027 3457 2065 cum
3486 2012 3607 2065 aliis
3635 2027 3723 2067 se-

2170 2098 2454 2164 quentibus
2486 2100 2715 2166 (nomen
2746 2100 3002 2151 Ambrosii
3034 2100 3263 2163 episcopi
3288 2099 3365 2150 vet
3390 2101 3558 2151 sancti
3586 2100 3718 2152 Am-

2171 2183 2364 2249 brosii)
2392 2224 2405 2247 ,
2439 2200 2610 2250 neque
2638 2185 2974 2238 Ambrosium
3005 2187 3371 2239 Caturceusem
3407 2176 3723 2253 episcopum

2172 2270 2237 2324 de
2268 2273 2399 2323 fama
2431 2274 2511 2324 vel
2544 2274 2755 2325 nomine
2802 2285 3109 2335 noscentes,
3140 2274 3425 2326 oscitanter
3467 2286 3530 2325 ac
3570 2271 3729 2327 inad-

2173 2368 2435 2414 vertcntes
2467 2370 2717 2413 tractatus
2746 2362 2875 2413 istos
2901 2360 3160 2413 Ambrosii
3185 2361 3593 2414 Mediolanensis
3613 2360 3727 2430 opi-

2172 2449 2277 2502 nati
2308 2460 2449 2500 sunt.
2482 2469 2498 2497 ι
2540 2450 2679 2503 Idem
2710 2450 2849 2502 circa
2883 2450 3035 2501 tinem
3067 2467 3120 2502 n.
3150 2450 3214 2517 ὅ,
3247 2450 3335 2502 cit.
3372 2450 3602 2517 repetit,
3651 2465 3718 2502 ne

2171 2538 2420 2590 memoria
2448 2538 2655 2590 etcidat
2685 2554 2698 2589 :
2730 2557 2747 2587 ε
2768 2538 2972 2591 Sarcqu
2997 2538 3104 2605 jam
3137 2554 3295 2601 nono,
3328 2537 3601 2589 Ratramni
3633 2549 3715 2588 at-

2171 2641 2272 2693 que
2297 2626 2562 2678 Paschasii
2596 2627 2935 2692 temporibus,
2964 2626 3078 2678 haec
3103 2628 3350 2691 Opuscula
3378 2640 3496 2679 esse
3522 2625 3725 2678 Medio-

2178 2712 2410 2766 Ianensis
2439 2713 2811 2778 archiepiscopi
2835 2750 2850 2774 ,
2880 2727 2942 2764 ac
2986 2720 3231 2780 tauquam
3273 2714 3503 2785 genuina
3531 2712 3677 2765 illius
3697 2752 3715 2772 .

2177 2802 2243 2855 ab
2274 2811 2492 2868 utroque
2520 2802 2676 2853 citata
2705 2800 3073 2854 credebantur.
3109 2819 3125 2851 ι
3162 2800 3380 2853 Fatetur
3421 2802 3579 2868 igitur
3608 2803 3723 2853 Uu-

2181 2889 2336 2941 diuus
2370 2888 2701 2940 Paschasium
2733 2896 2784 2939 et
2815 2887 3152 2940 Itatranmum
3172 2928 3186 2951 ,
3217 2888 3340 2939 dum
3370 2888 3717 2943 Ambrosium

534 2980 625 3031 cit.
656 2996 667 3029 :
702 2995 720 3029 ι
753 2977 877 3030 Mss.
912 2976 1117 3056 codices
1146 2974 1235 3041 qui
1268 2975 1480 3041 plurimi
1526 2974 1578 3027 in
1622 2976 1956 3029 bibliothecis
1984 2991 2070 3029 re-
2098 2951 2145 3011 ο
2178 2978 2482 3038 nominant,
2516 2977 2882 3042 intelligendos
2910 2990 3031 3029 esse
3080 2975 3147 3029 de
3192 2975 3569 3033 Mediolanensi
3608 2975 3727 3043 epi-

534 3067 826 3133 periuntur,
856 3065 939 3116 vel
974 3063 1218 3132 anonymi
1252 3072 1408 3127 sunt,
1442 3064 1520 3115 vel
1542 3068 1666 3115 eum
1710 3064 1920 3117 nomine
1944 3065 2070 3116 sim-

500 3208 508 3215 .
536 3155 738 3223 pliciter
767 3151 1025 3203 Ambrosii
1057 3152 1139 3203 vel
1168 3153 1334 3203 saneti
1364 3150 1658 3214 Ambrosii,
1693 3151 1959 3218 nullique,
1987 3154 2073 3219 qui

540 3241 782 3308 adjiciam
815 3240 893 3290 vel
925 3238 1274 3290 determiuent
1303 3239 1703 3291 Mediolanensis
1731 3240 1961 3307 episcopi
1993 3240 2073 3291 vel

537 3327 933 3397 archiepiscopi.
978 3326 1154 3392 Neque
1183 3328 1340 3379 etiam
1372 3326 1510 3399 quod
1553 3327 1748 3389 sciam,
1779 3337 1898 3379 ante
1928 3326 2076 3393 Alge-

538 3436 649 3473 rum
672 3428 726 3472 et
747 3417 1017 3485 Ilugonem
1045 3416 1393 3481 Victorinum,
1424 3418 1616 3469 saeculo
1643 3431 1712 3468 xu
1746 3416 1917 3469 medio
1944 3430 2016 3468 εει
2034 3418 2075 3465 i-

538 3510 719 3561 bentes
745 3547 759 3568 ,
793 3508 926 3558 ullus
979 3520 1036 3557 es
1050 3518 1229 3569 presse
1255 3503 1353 3556 sub
1379 3505 1643 3557 Ambrosii
1673 3503 2075 3558 Mediolaneusis

547 3595 919 3661 archiepiscopi
978 3592 1187 3647 nomine
1240 3593 1471 3647 adduxit.
1508 3612 1525 3643 ι
1562 3593 1816 3659 Expresse
1868 3595 2075 3660 quidem

543 3692 723 3755 sancto
755 3681 1120 3735 Mediolanensi
1150 3682 1396 3748 episcopo
1428 3681 1647 3733 tributos
1677 3696 1780 3733 non
1810 3679 1968 3735 fuisse
1999 3682 2076 3732 fa-

537 3770 645 3825 cile
672 3769 1027 3822 concesserim
1053 3783 1068 3818 :
1102 3782 1280 3819 verum
1310 3769 1433 3833 quid
1463 3768 1621 3820 inde?
1642 3768 1883 3833 Nunquid
1914 3783 2073 3836 prop-

540 3867 684 3910 terea
714 3855 1029 3908 Cadurcensi
1056 3844 1287 3921 pentifici
1313 3853 1707 3907 adscribemus?
1749 3854 1908 3922 quue
1948 3871 2077 3921 pra:-

539 3946 722 3997 sertim
752 3958 871 3996 cum
913 3946 1106 3997 saeculo
1135 3954 1274 3994 nono
1310 3941 1414 4006 jam
1455 3942 1913 3996 Mediolanensium
1948 3958 2078 4009 pra:-

539 4032 617 4084 sul
662 4015 979 4099 indigitctur,
1020 4031 1096 4082 uti
1139 4030 1263 4082 satis
1294 4039 1498 4083 constat
1536 4045 1599 4083 ex
1629 4029 1791 4083 sancti
1818 4031 2077 4084 Paschasii

481 4178 491 4186 ο
545 4120 778 4171 Ilatberti
824 4127 1041 4171 tractatu
1085 4118 1148 4170 de
1191 4118 1407 4185 Corpore
1446 4127 1492 4170 et
1531 4119 1769 4186 sanguine
1797 4118 1997 4170 Domini
2024 4120 2074 4171 in

541 4205 689 4271 prati.
711 4207 809 4272 (ό).
834 4206 993 4257 Nemo
1017 4205 1154 4258 enim
1179 4206 1421 4257 cordatus
1439 4204 1695 4256 dubitabit
1715 4205 1781 4258 de
1804 4205 2077 4259 Ambrosio

543 4294 916 4345 Mediolanensi
962 4292 1038 4357 agi
1085 4293 1134 4343 in
1181 4291 1519 4359 sequentibus
1548 4292 1721 4347 verbis
1750 4310 1762 4345 ι
1790 4310 1808 4342 ι
1841 4292 1961 4346 Haec
1989 4308 2079 4346 au-

474 4414 485 4425 .
552 4392 655 4431 tem
691 4389 746 4433 ut
775 4380 1012 4431 securius
1044 4388 1128 4431 tua
1160 4382 1392 4447 perlegat
1419 4380 1633 4433 infantia
1653 4421 1668 4447 ,
1700 4381 1925 4447 placuit,
1957 4382 2080 4434 cha-

544 4468 786 4531 rissime,
833 4467 1115 4521 catholicos
1156 4467 1403 4522 Ecclesia:
1442 4470 1687 4522 doctores
1729 4471 1779 4521 in
1826 4470 2080 4536 principio

547 4556 784 4609 adnotari
818 4574 829 4607 :
864 4571 923 4607 es
973 4557 1159 4621 quibus
1209 4571 1368 4623 pauca
1411 4557 1476 4609 de
1524 4556 1754 4623 pluribus
1782 4594 1796 4619 ,
1827 4558 1971 4623 quasi
2001 4557 2079 4610 lac

545 4645 913 4701 teneritudinis
968 4648 1408 4712 eliquaverimus,
1464 4647 1783 4716 Cyprianum
1841 4648 2077 4712 scilicet,

545 4738 877 4789 Ambrosium
905 4774 920 4796 ,
978 4732 1227 4785 Hilarium
1254 4773 1269 4796 ,
1331 4736 1674 4801 Augustinum
1704 4778 1719 4800 ,
1747 4735 2030 4789 Joannem
2061 4774 2076 4799 ,

549 4825 958 4889 Ilieronymum,
1014 4820 1302 4879 Isidorum,
1351 4821 1645 4873 Hesiebium
1694 4830 1747 4874 et
1794 4821 2013 4874 Bedam.
2054 4841 2069 4871 ι

553 4911 755 4961 Nodum
786 4906 837 4958 in
870 4908 1043 4972 scirpo
1070 4922 1304 4974 qumrere
1342 4907 1620 4971 diceretur,
1648 4910 1884 4976 quisquis
1926 4912 2076 4962 dubi-

540 5004 673 5047 taret
704 4994 787 5045 bic
834 4992 1167 5044 Paschasium
1216 4992 1353 5057 loqui
1398 4995 1461 5045 de
1500 4994 1761 5063 Cypriano
1804 4995 2075 5064 Carthagi-

541 5082 684 5133 ueusi
706 5119 721 5144 ,
750 5080 815 5133 de
868 5080 1059 5132 Hilario
1089 5080 1423 5145 Pictaviensi,
1460 5082 1525 5134 de
1558 5085 1849 5150 Augustino
1880 5086 2077 5153 IIippo-

609 5248 682 5319 (ᾳ)
713 5246 901 5319 §cript.
925 5284 938 5306 ,
973 5255 1008 5296 ι.
1030 5247 1056 5319 _I
1080 5283 1091 5303 ,
1125 5247 1221 5319 col.
1255 5250 1391 5319 Δἱξξςοὲι
1425 5260 1467 5300 et
1500 5266 1613 5319 seq.

609 5316 680 5376 (b)
713 5314 927 5378 St:ript.,
959 5322 996 5363 t.
1030 5313 1080 5373 Ι,
1112 5315 1211 5365 col.
1250 5315 1402 5367 I853.

614 5384 682 5444 (ε)
717 5380 867 5444 Ibid.,
898 5380 1000 5430 col.
1037 5381 1187 5431 I860-

614 5384 662 5442 (ε
717 5384 867 5444 Ibid.,
898 5384 1000 5430 col.
1037 5384 1187 5431 I860-

612 5384 691 5516 (αἱ)
724 5447 851 5497 Bibl.
888 5446 984 5502 Pl’.
1014 5457 1048 5500 t.
1083 5446 1223 5515 XIX,
1258 5467 1306 5517 p.
1338 5452 1455 5504 730.

2172 3080 2366 3131 seopo:
2400 3079 2646 3131 quorsum
2676 3065 2831 3132 igitur
2856 3065 2979 3117 dicit
3008 3065 3203 3116 nullum
3235 3079 3467 3131 expresse
3491 3065 3584 3117 hos
3607 3076 3725 3119 tra-

2170 3162 2341 3227 ctatus
2369 3152 2458 3204 sub
2485 3153 2683 3203 nomine
2707 3150 3095 3204 Mediolanensis
3142 3153 3505 3221 archiepiswpi
3542 3153 3719 3205 addu-

2170 3242 2302 3293 xisse
2333 3282 2347 3303 ,
2378 3240 2429 3307 si,
2454 3241 2525 3293 ita
2556 3242 2858 3307 scripserint
2887 3250 2942 3294 ut
2971 3256 3074 3313 non
3105 3242 3204 3293 nisi
3237 3242 3303 3295 de
3333 3242 3431 3294 hoc
3471 3244 3726 3309 episcopo

2175 3328 2392 3394 intelligi
2426 3329 2627 3395 possint
2652 3327 2673 3379 ἲ
2702 3330 2866 3381 Abest
2896 3328 3052 3395 igitur
3079 3341 3234 3379 omne
3263 3327 3588 3381 confusionis
3632 3343 3726 3396 pe—

2176 3415 2397 3466 riculum
2419 3456 2432 3476 ,
2462 3416 2671 3483 quando
2699 3416 2948 3467 Ambrosii
2976 3427 3063 3468 aut
3092 3416 3252 3467 sancti
3277 3416 3550 3478 Ambrosii,
3578 3415 3725 3471 nullo

2182 3510 2287 3560 alio
2330 3510 2538 3575 adjecto
2584 3510 2767 3571 titulo,
2806 3524 3003 3568 nomen
3037 3508 3188 3561 dictis
3220 3509 3523 3562 tractatibus
3552 3509 3722 3575 prasti-

2176 3601 2357 3665 gitur:
2395 3606 2601 3650 constat
2632 3598 2768 3651 enim
2816 3598 2928 3664 ipso
2970 3597 3174 3650 Oudinu
3215 3596 3430 3662 judice,
3474 3596 3723 3649 Mediola-

2131 3718 2147 3728 ρ
2179 3701 2402 3739 neusem
2448 3688 2733 3738 antistitem
2777 3685 3067 3751 designari.
3119 3683 3248 3735 Rem
3278 3683 3484 3751 demum
3515 3683 3720 3736 conﬁcit

2174 3776 2312 3842 quod
2365 3783 2543 3826 narrat
2584 3773 2735 3826 Joau.
2787 3773 3029 3825 Mabillon
3061 3772 3111 3824 in
3162 3786 3257 3824 suo
3304 3772 3500 3825 Musae
3538 3770 3714 3825 Italico

2180 3875 2215 3917 t.
2238 3864 2275 3929 I,
2295 3879 2345 3929 p.
2374 3878 2406 3913 n
2430 3861 2525 3931 (g),
2557 3876 2674 3915 esse
2705 3863 2754 3913 in
2785 3860 3103 3914 monasterio
3130 3859 3457 3927 Sangallensi
3486 3857 3713 3912 codicem

2179 3953 2358 4004 litteris
2394 3950 2691 4011 maiusculis
2727 3951 2787 4001 ab
2824 3951 2970 4001 annis
3007 3947 3144 3999 milia
3181 3956 3445 3999 exaratum
3486 3962 3507 4003 :
3560 3945 3713 4013 igitur

2177 4055 2294 4091 cum
2348 4039 2676 4090 Mabillonius
2718 4036 2905 4089 librum
2950 4049 3099 4087 suum
3144 4034 3370 4087 ediderit
3395 4048 3529 4086 anno
3559 4031 3709 4097 1687,

2181 4138 2427 4181 tractatus
2455 4128 2519 4179 de
2548 4126 2882 4180 Sacramentis
2904 4133 3023 4176 ante
3044 4125 3211 4175 sancti
3235 4122 3494 4175 Ambrosii
3520 4109 3708 4174 cadur-

2190 4217 2359 4269 censis
2390 4224 2624 4281 tempora
2662 4215 2766 4281 jam
2807 4212 3114 4266 exstitisset.
3158 4212 3395 4264 Ondinus
3425 4211 3459 4261 I.
3489 4225 3537 4263 c.
3568 4218 3709 4276 urget

2186 4319 2337 4357 suum
2368 4315 2725 4370 argumentum
2755 4317 2819 4355 ex
2848 4316 2910 4353 co
2935 4303 3071 4367 quod
3099 4310 3282 4353 sancto
3311 4299 3583 4351 Ambrosio
3608 4299 3708 4350 Ile-

2182 4391 2472 4446 diolanensi
2503 4392 2753 4443 tributum
2784 4389 2936 4441 fuerit
2963 4402 3093 4453 Opus
3123 4389 3182 4438 de
3213 4386 3463 4453 Canﬂictu
3489 4387 3708 4437 vitiorum

2180 4486 2228 4531 et
2256 4479 2521 4535 uirtutum.
2552 4476 2687 4542 quod
2718 4486 2889 4526 tamen
2915 4474 3349 4525 ad'AmbrosEum
3378 4471 3731 4538 Autpertttm,

2184 4569 2424 4621 abbatem
2465 4568 2633 4620 sancti
2667 4564 2921 4619 \‘incentii
2949 4563 3012 4614 ad
3048 4563 3389 4627 Vulturnum,
3420 4561 3601 4629 siccati
3623 4575 3710 4615 stu

2187 4659 2496 4722 scriptorem
2526 4696 2538 4717 ,
2587 4655 2847 4720 pertinet:
2896 4652 3065 4720 potuit
3104 4652 3276 4719 itaque
3315 4652 3484 4703 eidem
3526 4650 3717 4704 Medio—

2187 4745 2385 4797 Ianensi
2433 4745 2673 4808 episcOpo
2720 4741 2912 4795 ascribi
2957 4748 3209 4793 tractatus
3258 4742 3427 4793 sancti
3457 4739 3718 4811 Ambrosii

2182 4832 2548 4884 Cadurcensis.
2573 4832 2719 4884 Licet
2741 4845 2807 4883 ex
2833 4829 3087 4898 tiusmodi
3117 4828 3454 4883 similitudine
3482 4820 3722 4896 desump-

2195 4928 2301 4970 tum
2333 4927 2695 4985 argumentum
2724 4933 2825 4970 non
2853 4918 3025 4971 valide
3052 4919 3311 4983 stringat;
3345 4921 3723 4985 respondemus

2184 5006 2446 5071 imprimis
2490 5007 2587 5059 hoc
2630 5021 2731 5058 non
2772 5006 2905 5059 adeo
2953 5004 3255 5073 provenisse
3301 5020 3363 5059 ex
3408 5006 3730 5063 confusionis

2186 5092 2467 5153 facilitate,
2497 5105 2652 5157 quam
2696 5107 2757 5144 ex
2811 5087 3099 5159 ignorantia
3146 5093 3253 5145 veri
3304 5095 3578 5156 auctoris;
3608 5109 3732 5151 tum

2256 5264 2323 5327 (ρ)
2358 5264 2471 5314 Vid.
2504 5264 2633 5317 Ilisl.
2669 5264 2763 5316 litt.
2797 5267 2859 5316 de
2890 5267 2933 5315 Ia
2968 5264 3193 5327 France,
3229 5274 3265 5315 t.
3305 5264 3393 5325 IV,
3420 5283 3469 5331 ν.
3503 5267 3627 5325 158.

2257 5336 2321 5395 (ί)
2351 5334 2538 5395 Script.
2575 5340 2609 5381 t.
2648 5334 2696 5394 ι,
2728 5335 2830 5387 cut.
2866 5334 3016 5386 I839.

2256 5402 2327 5466 (y)
2361 5398 2412 5451 Ρ.
2461 5404 2475 5449 ἱ
2508 5412 2557 5452 et
2586 5401 2634 5449 7.
