3910 6234
206 184 330 243 Hii

1137 176 1403 229 NOTI'I‘IA
1450 173 1796 226 IIISTUIiItlA
1842 169 1901 222 IN
1944 171 1998 222 S.
2044 164 2451 220 Λιιιιιιυειωι.

3278 164 3418 220 1212

206 308 305 348 non
341 291 515 345 solum
546 295 733 341 sancto
762 285 1077 348 Ambrosio,
1110 285 1201 335 sed
1244 286 1401 336 etiam
1433 282 1627 335 sanctis
1652 280 1758 332 Au-
1793 286 1836 338 Λ
1870 288 2015 341 ιιιιιιι,
2051 286 2102 328 ιιι
2137 277 2216 329 hic
2250 273 2531 340 repetenda
2561 287 2662 325 non
2717 273 2955 329 veniant.
2979 273 3161 328 Latius
3209 276 3294 330 hic
3321 291 3417 330 es-

208 381 455 448 gustiuo,
507 375 711 439 Leoni,
763 374 1001 443 Isidoro“
1047 374 1340 440 adscriptns
1388 372 1483 424 fuit
1512 382 1759 424 tractatus

204 475 266 523 de
298 469 555 523 Conflictu
604 465 887 527 vitiorum,
929 475 980 515 ut
1025 464 1220 517 habent
1268 464 1499 515 editores
1542 476 1759 528 operum

204 562 368 615 sancti
398 556 675 627 Augustini
710 554 787 626 (tt)
824 572 839 608 :
890 556 1015 608 dein
1065 556 1148 607 hic
1193 571 1343 608 error
1389 553 1601 606 invaluit
1648 562 1764 618 post

213 654 469 705 satculum
504 665 557 701 xi
590 666 604 712 ;
656 662 775 701 nam
824 646 1263 711 chronograpbus
1309 645 1473 698 sancti
1506 641 1761 697 Vincentii

209 742 419 795 disertis
444 738 623 793 verbis
642 734 832 791 as‘serit
860 737 1170 800 Autpertum
1193 734 1551 800 composuisse
1576 734 1761 784 librum

206 831 269 883 de
311 828 569 883 Conﬂictu
620 826 745 895 (It):
795 839 900 877 non
954 824 1145 875 mirum
1196 824 1353 892 igitur
1384 822 1765 889 posterioribus

208 919 415 970 sicculis
448 915 733 968 invaluisse
763 915 986 980 aliquem
1035 927 1287 965 errorem.
1341 914 1437 965 Ast
1478 911 1544 963 de
1585 920 1766 962 sancto

210 1006 493 1059 Ambrosio
523 1002 852 1057 Cadurcensi
877 1040 892 1061 ,
923 1000 967 1052 si
999 999 1157 1052 fidem
1187 1000 1393 1052 Oudiuo
1424 1007 1767 1065 praestamus,

210 1096 306 1161 ipsi
342 1094 455 1161 ejus
481 1094 711 1160 aquaies
763 1091 1065 1146 tribuissent
1093 1104 1225 1157 opus
1253 1090 1426 1143 alteri.
1462 1093 1628 1156 Atque
1658 1090 1769 1141 hare

210 1186 275 1237 tle
303 1183 633 1236 confusionis
664 1182 916 1234 facilitate
942 1181 1079 1239 dicta
1111 1190 1287 1235 sunto.

277 1273 371 1327 ξι.
421 1272 601 1340 Neque
630 1270 833 1324 felicior
861 1278 941 1323 est
965 1270 1181 1323 criticus
1214 1278 1393 1322 noster
1421 1269 1471 1320 in
1500 1268 1773 1320 characteo

218 1381 337 1417 rum
370 1362 740 1417 convenientia
768 1359 1103 1429 dijudicanda
1125 1399 1139 1421 ,
1168 1376 1285 1426 quae
1312 1359 1476 1412 altera
1505 1356 1771 1425 probatio-

215 1454 297 1507 nis
327 1467 454 1521 pars
482 1463 587 1506 est.
622 1451 834 1511 ,Nititur
879 1451 1104 1518 primum
1136 1457 1429 1503 monstrare
1457 1447 1693 1501 Oudinus
1721 1460 1771 1499 c.

213 1541 247 1595 ι
290 1552 347 1596 et
397 1544 429 1597 5
460 1540 533 1611 (c)
577 1555 688 1594 sua:
735 1540 1124 1593 dissertationis
1176 1554 1196 1588 ι
1230 1537 1441 1590 Gallum
1490 1535 1769 1601 quemdam

215 1646 337 1685 esse
367 1631 683 1697 scriptorem
727 1629 997 1696 utriusque
1042 1636 1292 1679 tractatus
1324 1643 1334 1677 :

217 1722 425 1788 inquit,
458 1734 521 1773 ex
550 1720 740 1787 quibus
789 1716 994 1769 Gallum
1028 1716 1255 1781 aliquem
1286 1713 1589 1780 cpiscOpum
1619 1711 1781 1763 fuisse

218 1813 408 1866 horum
437 1819 751 1863 tractatuum
781 1807 863 1861 vel
896 1820 1197 1860 sermonum
1222 1805 1535 1871 scriptorem
1555 1842 1567 1864 ,
1602 1809 1784 1867 aperte

217 1896 563 1966 colligimus:
612 1895 666 1947 1⁸
720 1895 797 1948 Ex
855 1896 1043 1960 pedum
1102 1893 1301 1946 lotione
1355 1893 1406 1944 in
1464 1878 1800 1957 neopbytis,’

218 2002 375 2057 quam
422 1986 475 2038 in
521 1983 782 2051 baptismo
833 1983 968 2048 apud
1022 1980 1308 2034 Ecclesiam
1367 1980 1418 2031 in
1474 1993 1568 2029 usu
1623 1975 1786 2041 fuisse

224 2075 506 2128 confitetur
533 2089 547 2125 :
600 2071 656 2123 ε·
688 2086 753 2124 ex
779 2070 1158 2124 conformitate
1191 2067 1439 2135 Liturgiae
1468 2076 1521 2118 et
1564 2064 1786 2117 aliorum

227 2161 485 2215 Romanae
541 2158 790 2217 Ecclesiae
846 2159 896 2211 in
951 2158 1297 2212 sacramentis
1350 2156 1581 2218 rituum;
1632 2168 1788 2219 quam

227 2253 429 2331 pariter
458 2250 915 2318 amplectebatur;
949 2246 1003 2298 5°
1037 2262 1099 2298 ex
1128 2246 1432 2312 gallicismis
1461 2244 1642 2297 Latine
1674 2241 1789 2294 bar-

226 2342 370 2396 baris
393 2383 407 2408 ,
439 2341 633 2408 quibus
660 2353 847 2391 omnes
897 2336 982 2389 isti
1022 2349 1296 2393 sermones
1331 2334 1558 2402 respersi
1584 2340 1735 2385 sunt.
1769 2351 1785 2381 ι

233 2428 544 2483 Premarnus
590 2426 761 2480 critici
812 2423 978 2477 nostri
1029 2424 1277 2491 vestigia,
1324 2431 1406 2473 ast
1450 2422 1657 2474 inverso
1698 2420 1792 2471 ali—

241 2530 501 2588 quantum
530 2517 738 2570 ordine.
771 2516 898 2582 Quae
930 2514 996 2567 de
1044 2514 1337 2581 gallicismis
1367 2510 1545 2563 Latine
1574 2510 1795 2563 barbaris

233 2606 451 2676 objicit,
482 2606 701 2660 nimium
751 2603 1006 2672 probant,
1048 2602 1367 2669 proindeque
1400 2601 1527 2652 nihil
1559 2616 1569 2650 :
1605 2598 1795 2666 proba-

232 2711 357 2755 rent
411 2699 615 2754 scilicet
684 2704 935 2751 tractatus
1003 2684 1121 2747 nou
1157 2693 1290 2745 adeo
1340 2692 1405 2743 ad
1456 2691 1651 2744 sarculo
1707 2705 1799 2743 vui

239 2796 334 2842 aut
365 2802 423 2845 Ix
454 2786 750 2855 pertinere,
784 2789 939 2851 quam
982 2782 1044 2834 ad
1091 2781 1296 2834 initium
1343 2779 1521 2831 smculi
1555 2792 1688 2830 xvni
1716 2792 1797 2830 re-

235 2876 489 2931 ferendos
537 2888 695 2937 esse,
747 2888 865 2954 cum
909 2873 1181 2938 pleraeque
1226 2870 1516 2922 locutiones
1564 2868 1795 2937 gallicac,

236 2981 371 3037 quas
403 2966 586 3019 latinis
617 2963 868 3031 Opponit,
903 2964 969 3013 itu
1004 2959 1121 3013 huic
1152 2973 1263 3010 azvo
1307 2957 1530 3026 propria:
1571 2960 1701 3021 sint,
1744 2963 1799 3007 ut

240 3066 366 3111 ante
398 3057 499 3110 hoc
531 3065 738 3122 tempus
768 3053 822 3106 in
853 3068 946 3105 usu
980 3067 1081 3103 non
1114 3050 1341 3112 fuerint,
1392 3058 1444 3102 et
1486 3059 1663 3115 postea
1704 3047 1799 3100 ob-

237 3146 554 3199 soleverint.
590 3141 750 3211 Legat
781 3152 1036 3208 praeterea
1083 3140 1248 3191 lector
1293 3153 1341 3192 c.
1390 3136 1445 3203 4,
1498 3154 1551 3189 ιι.
1595 3138 1663 3201 3,
1716 3137 1801 3191 ubi

246 3246 629 3301 nonnunquam
679 3245 775 3298 pro
818 3238 1079 3297 pratensa
1123 3226 1494 3281 concordantia
1541 3234 1802 3292 patentem

210 3323 614 3378 _tliversitatem
646 3322 781 3374 inter
812 3328 1094 3387 utrumque
1124 3319 1321 3371 idioma
1352 3316 1585 3385 reperiet
1617 3334 1627 3366 :
1677 3315 1806 3369 fate-

252 3415 504 3481 biturque
532 3414 716 3467 citatas
744 3411 962 3479 phrases
989 3424 1091 3462 non
1138 3410 1303 3476 magis
1344 3408 1564 3476 gallicos
1609 3406 1806 3458 idiotis-

242 3518 365 3557 tnos
411 3516 530 3555 esse
573 3510 729 3570 quam
778 3498 979 3552 italicos
1001 3540 1014 3561 ,
1049 3498 1346 3564 liispauicos
1374 3506 1465 3549 aut
1490 3497 1650 3549 etiam
1680 3510 1802 3563 ger-

246 3591 512 3645 manicos.
558 3588 792 3643 Tandem
839 3589 889 3641 in
939 3588 1103 3651 falso,
1151 3596 1208 3639 ut
1254 3587 1408 3655 vulgo
1434 3585 1642 3648 dicitur,
1678 3599 1808 3652 sup-

246 3680 427 3747 posito
485 3679 652 3730 haeret
708 3675 978 3738 Uudinus,
1034 3675 1179 3741 quasi
1232 3674 1428 3742 vigeret
1475 3673 1672 3725 sarculo
1720 3687 1809 3723 vni

249 3784 383 3821 usus
411 3768 601 3834 liugue
629 3765 853 3834 gallicaa,
886 3770 1034 3831 prout
1065 3776 1201 3815 nunc
1230 3762 1416 3814 ﬂoret:
1449 3761 1589 3814 dicto
1618 3762 1812 3813 saeculo

252 3857 433 3924 lingua
477 3869 579 3923 qua
626 3851 905 3905 utebantur
946 3850 1229 3902 Galliarum
1262 3848 1478 3910 incolae,
1514 3849 1669 3901 latina
1701 3855 1813 3900 erat

257 3952 505 4010 corrupta
551 3942 711 3995 variis
757 3940 1097 3993 idiomatibus
1127 3978 1139 4001 ,
1171 3940 1265 3991 sed
1300 3940 1583 4002 prmsertim
1616 3938 1811 3990 Teuto-

254 4036 372 4089 nica
398 4035 497 4103 (ά).
524 4031 767 4096 Quinimo
794 4028 999 4082 etiamsi
1017 4029 1261 4080 daremus
1290 4027 1517 4094 linguam
1540 4027 1776 4095 gallicatu
1802 4067 1814 4089 ,

256 4133 415 4193 prout
449 4120 604 4175 hodie
648 4120 827 4182 floret,
873 4118 1101 4185 viguisse
1152 4118 1203 4169 in
1255 4130 1415 4183 regno
1464 4114 1815 4182 Merovingio-

1868 366 2193 432 pendendum
2229 373 2328 427 est,
2356 362 2492 428 quod
2520 364 2736 413 criticus
2766 372 2943 415 uoster
2964 361 3089 415 dicit
3113 363 3179 415 de
3207 366 3418 434 confor-

1865 458 2039 508 rm’tate
2086 455 2303 522 Iiturgiw
2344 466 2390 505 et
2447 455 2665 504 aliorum
2709 450 2950 505 Ecclesia
2984 454 3298 508 Romanwin
3335 471 3420 513 sa-

1866 544 2134 597 cramentis
2157 544 2362 594 rituum.
2404 541 2594 595 Verum
2619 543 2856 608 q’uisquis
2890 543 3142 597 velociter
3168 554 3422 601 tractatus

1872 639 1934 685 de
1965 631 2217 698 Mysteriis
2240 639 2291 682 et
2318 628 2381 681 de
2403 628 2748 682 Sacramentis
2774 633 3112 697 pereurrerit,
3145 632 3299 686 facile
3323 635 3421 687 sibi

1875 718 2211 787 persuadebit
2238 719 2335 771 hos
2372 718 2535 772 libros
2564 719 2629 771 ad
2660 713 2901 785 quartum
2947 721 3122 787 potius
3147 731 3237 775 aut
3264 724 3421 789 quin-

1874 817 2002 867 tuin,
2034 820 2190 873 quam
2240 806 2305 857 ad
2355 814 2601 857 octavum
2652 806 2902 859 saeculum
2955 808 3240 871 pertinere.
3294 809 3423 874 Quis

1871 896 2009 947 enim
2034 933 2050 959 ,
2100 910 2221 946 cum
2253 892 2583 958 disciplinam
2644 894 2821 946 arcani
2862 896 3043 947 stricte
3079 897 3422 962 servandam,

1871 984 2260 1036 multitudinem
2283 982 2578 1034 adultarum
2603 980 2994 1048 baptizandatn,
3018 984 3219 1037 instans
3242 1000 3428 1052 perse-

1872 1072 2104 1124 cutionis
2136 1069 2450 1137 periculum,
2484 1070 2549 1121 de
2576 1070 2751 1136 lingua
2803 1069 3226 1133 dissertationes,
3259 1075 3429 1139 impu-

1872 1170 2055 1228 gnatas
2084 1160 2255 1226 quarti
2302 1159 2581 1227 quintiquc
2606 1159 2787 1213 saeculi
2810 1158 3040 1213 Inereses
3082 1161 3423 1227 Arianorum,

1876 1248 2413 1310 l'riscillianistaruni,
2470 1245 2987 1320 Macedonianoruin,
3045 1257 3098 1300 et
3152 1248 3202 1301 id
3234 1263 3441 1316 geuus-

1874 1337 1974 1388 alia
2019 1336 2223 1399 viderit,
2257 1335 2399 1401 quis,
2434 1336 2671 1400 inquam,
2705 1332 2802 1386 sibi
2857 1335 3193 1401 persuadebit
3244 1339 3340 1391 bos
3365 1340 3425 1392 li-

1877 1422 2203 1475 brusmedio
2254 1423 2454 1475 saeculo
2502 1434 2689 1474 octavo
2747 1435 2992 1476 exaratos
3042 1422 3247 1478 fuisse?
3306 1426 3431 1482 Haec

1878 1510 2083 1563 abunde
2131 1509 2435 1563 sufficerent
2483 1510 2553 1563 ad
2609 1511 3006 1564 convellendum
3074 1514 3427 1571 Uudiuianuut

1388 1644 1405 1675 ι
1444 1624 1563 1677 Tria
1609 1631 1733 1677 sum
1756 1663 1770 1686 ν
1808 1605 1848 1663 Β
1876 1615 2122 1670 sysretna.
2154 1601 2255 1655 Sed
2279 1601 2512 1653 Uudinus
2540 1616 2599 1654 es
2619 1602 2699 1653 his
2727 1602 2921 1666 verbis,
2951 1603 2985 1654 l.
3017 1618 3069 1655 ιιι
3098 1604 3158 1656 de
3194 1605 3432 1661 Sacram;
3535 1614 3546 1626 ‘

1880 1712 1927 1749 c.
1964 1701 1983 1748 l
2012 1714 2022 1746 :
2063 1715 2079 1745 ι
2110 1694 2222 1748 Νοιι
2268 1698 2571 1764 ignoramus
2603 1696 2741 1760 quod
2770 1695 3004 1749 Ecclesia
3038 1694 3271 1749 Romana
3300 1697 3435 1750 hanc

1880 1785 2317 1839 consuetudinem
2349 1800 2451 1837 non
2483 1785 2695 1847 habeat,
2720 1785 2871 1851 cujus
2900 1795 3077 1853 typum
3102 1786 3154 1838 in
3185 1785 3432 1840 omnibus

1884 1878 2156 1940 sequimur
2181 1889 2234 1929 et
2259 1874 2503 1939 formam,
2521 1893 2538 1926 ι
2571 1876 2639 1927 ita
2664 1876 3005 1928 ratiocinator
3029 1869 3160 1942 c.5,
3187 1892 3238 1927 n.
3265 1875 3297 1929 ’5
3326 1877 3395 1945 (e)
3423 1892 3436 1926 :

1894 1985 1911 2017 ι
1947 1966 2254 2034 Anonyinus
2310 1965 2392 2018 hic
2428 1964 2611 2017 Gallus
2664 1968 2900 2029 sequitur
2948 1963 3185 2017 ordinem
3242 1963 3438 2016 Roma-

1889 2072 2010 2108 nunt
2044 2058 2093 2108 in
2126 2055 2371 2108 omnibus
2401 2054 2640 2119 baptismi
2683 2052 2906 2117 ritibus,
2946 2062 3187 2121 excepta
3250 2053 3444 2108 lotionc

1892 2144 2103 2210 pedum,
2146 2152 2201 2195 ut
2224 2140 2421 2195 diserte
2452 2144 2566 2207 ipse
2594 2141 2784 2208 inquit.
2817 2140 2947 2194 Cum
2982 2156 3105 2195 vero
3132 2143 3445 2209 epusculum

1893 2232 2027 2283 istud
2058 2229 2258 2283 ordinis
2314 2229 2535 2281 Romani
2589 2227 2948 2294 conscriptum
3001 2227 3100 2290 sit,
3160 2238 3441 2297 postquam

1898 2318 2121 2371 Ronrani
2150 2317 2443 2383 pontifices,
2469 2316 2597 2385 jugo
2643 2316 3447 2384 Leugobardortnn,'inedianti-

1894 2409 1989 2460 bus
2018 2404 2301 2458 Galliarum
2345 2405 2561 2473 regibus
2616 2403 2839 2470 Pippino
2869 2414 2923 2456 et
2979 2396 3195 2457 Carolo
3239 2406 3447 2475 Magno,

1896 2496 2125 2561 exempti
2169 2504 2326 2555 sunt:
2362 2495 2528 2561 liquet
2567 2507 2888 2561 auouyrnum
2922 2495 3006 2559 qui
3040 2508 3161 2546 eum
3192 2498 3449 2563 sequitur,

1897 2584 1984 2651 qui
2015 2584 2269 2645 imitatur,
2304 2582 2561 2635 claruisse
2595 2596 2698 2633 non
2730 2580 2827 2633 nisi
2858 2580 2957 2633 sub
2982 2582 3161 2635 smculi
3192 2585 3357 2637 octavi
3389 2584 3451 2637 li-

1900 2687 2040 2725 nem.
2084 2690 2099 2721 ι
2138 2670 2260 2723 Hinc
2286 2669 2477 2722 Oudini
2510 2669 2808 2733 conclusio.
2855 2668 2948 2721 sed
2977 2667 3212 2722 abutitur
3238 2669 3454 2725 criticus

1902 2764 2047 2818 hisce
2069 2763 2308 2824 Vocibus,
2345 2764 2534 2829 quibus
2564 2763 2788 2827 SCriplor
2816 2761 2943 2833 dicit
2962 2775 3023 2816 se
3045 2770 3221 2831 typum
3274 2763 3454 2818 Eccle-

1905 2856 1998 2906 sia:
2026 2854 2272 2905 llomana‘.
2303 2854 2353 2902 in
2382 2846 2607 2903 omnibus
2650 2850 2811 2917 sequi,
2844 2851 2991 2918 quasi
3040 2866 3131 2919 per
3160 2853 3273 2907 inec
3297 2853 3456 2909 verba

1911 2942 2212 3011 indigitaret
2243 2940 2481 2993 Ordinem
2514 2940 2816 3005 Romanum,
2848 2941 3018 3008 qualis
3057 2942 3249 2995 sarculo
3274 2952 3460 2998 octavo

1904 3030 2134 3084 exstitit.
2158 3028 2211 3083 Si
2235 3030 2372 3082 enim
2408 3030 2505 3082 hoc
2527 3042 2685 3080 sensu
2716 3027 3086 3097 intelligendus
3122 3040 3263 3084 esset
3291 3033 3461 3095 scrip-

1905 3131 2008 3183 tur,
2041 3134 2142 3171 nou
2191 3106 2551 3182 subjunxissei
2581 3116 2735 3181 paulo
2764 3124 2901 3182 post,
2933 3116 3087 3185 quasi
3138 3126 3453 3185 potestatein

1905 3211 2105 3264 habens
2135 3210 2271 3261 circa
2302 3208 2430 3259 ritus
2464 3224 2475 3258 :
2512 3224 2530 3256 t
2563 3206 2618 3258 lu
2643 3205 2887 3260 omnibus
2908 3207 3061 3274 cupio
3087 3208 3234 3274 sequi
3273 3209 3456 3264 Eccle-

1908 3301 2041 3351 sium
2067 3298 2355 3349 Romanam
2383 3311 2393 3345 :
2423 3295 2517 3348 sed
2546 3305 2721 3347 tamen
2749 3304 2802 3348 et
2824 3309 2919 3348 nos
2949 3297 3190 3351 homines
3243 3290 3491 3352 setisum‘

1910 3390 2191 3448 habemus;
2216 3384 2335 3439 ideo
2365 3384 2505 3452 quod
2528 3383 2647 3437 alibi
2665 3384 2860 3437 rectius
2879 3394 3119 3438 servatur
3140 3395 3195 3439 ct
3220 3401 3318 3440 nos
3347 3402 3464 3440 rec-

1911 3484 2010 3535 tius
2039 3480 2383 3534 custodimus.
2428 3498 2447 3529 i
2482 3479 2537 3532 Si
2567 3475 2707 3530 Ordo
2735 3478 2995 3530 Romanus
3016 3478 3125 3546 jam
3172 3487 3296 3533 tunc
3320 3493 3463 3548 .cmt-

1909 3572 2168 3627 sentiente
2199 3581 2418 3638 utraque
2447 3576 2710 3637 potestate
2734 3609 2750 3631 ,
2795 3577 3039 3636 receptus
3089 3569 3294 3634 fuisset,
3349 3572 3467 3637 quis

1912 3662 2272 3729 episcotiorum
2292 3673 2449 3712 ausus
2473 3657 2657 3710 fuisset
2679 3657 2797 3724 ejus
2824 3658 2954 3710 ritus
2983 3656 3047 3709 ad
3069 3671 3291 3713 examen
3315 3672 3468 3712 νενο-

1913 3769 2052 3817 care,
2083 3764 2136 3806 et
2162 3766 2258 3809 suo
2280 3752 2445 3805 solius
2475 3750 2701 3803 arbitrio
2732 3747 3032 3816 subjicere?

1982 3843 2073 3895 26.
2119 3843 2209 3895 Ast
2240 3842 2285 3894 si
2329 3841 2669 3913 conferamus
2710 3841 2842 3893 ritus
2895 3839 3106 3892 Ordinis
3138 3839 3356 3893 Romani
3402 3841 3473 3912 (f)

1916 3947 2033 3986 cum
2060 3934 2124 3984 iis
2148 3945 2263 3999 qum
2313 3931 2365 3983 in
2415 3929 2564 3982 libris
2593 3928 2656 3981 de
2707 3927 3053 3980 Sacramentis
3078 3927 3470 3997 describuntur,

1920 4021 2209 4076 videbimus
2240 4033 2480 4087 magnam
2512 4020 2648 4070 inter
2679 4026 2930 4082 utrosque
2957 4016 3285 4071 intercedere
3312 4019 3466 4073 diffe-

1920 4113 2162 4167 rentiam.
2226 4110 2475 4176 Quaedam
2535 4118 2734 4159 tantum
2790 4105 2875 4159 hic
2934 4106 3157 4160 notanda
3214 4116 3479 4173 suntrne

260 4229 419 4273 rum,
454 4210 676 4263 necdum
734 4218 907 4260 tamen
939 4206 1135 4258 valeret
1181 4205 1345 4257 illatio
1374 4220 1469 4271 pro
1500 4206 1813 4271 Aquitania,
1848 4203 2144 4287 Dnimium
2194 4208 2443 4255 excurrat
2488 4199 2678 4251 oratio.
2725 4199 2778 4250 In
2831 4197 2977 4250 libris
3026 4201 3088 4249 de
3135 4196 3478 4251 Sacramentis

260 4314 387 4367 qua
416 4312 584 4366 usque
614 4297 677 4348 ad
709 4296 984 4363 Pippinum
1018 4306 1228 4359 regem,
1261 4294 1358 4346 sub
1388 4308 1491 4358 quo
1522 4294 1647 4344 vixit
1697 4292 1818 4345 san-

260 4400 379 4440 ctus
411 4387 723 4439 Ambrosius
766 4382 1048 4445 Cadurcis,
1078 4385 1242 4449 magis
1286 4393 1399 4434 erat
1432 4381 1711 4450 Visigotliis
1744 4393 1821 4432 at-

264 4494 367 4543 que
418 4473 728 4529 Sarraceuis
779 4472 1058 4540 subjecta;
1110 4470 1313 4523 felicior
1362 4470 1597 4536 profecto
1643 4469 1825 4521 fuisset

264 4567 522 4628 Oinlinus,
548 4563 591 4616 si
615 4563 665 4615 in
692 4562 858 4615 sancti
887 4556 1147 4612 Ambrosii
1174 4558 1507 4612 sermonibus
1536 4559 1824 4609 idiotismos

269 4656 510 4709 arabicos
539 4661 628 4705 aut
652 4649 894 4723 gothicOS
922 4651 1261 4719 assignasset.

341 4746 433 4800 9.5.
473 4744 712 4798 Oudinus
746 4754 901 4810 porro
926 4750 1165 4807 tauquam
1201 4739 1459 4805 propriam
1492 4746 1543 4789 et
1568 4736 1817 4803 singula-

273 4852 390 4891 rem
421 4836 668 4887 Ecclesiae
692 4831 975 4885 Gallicana:
1011 4827 1383 4883 creremoniam
1427 4825 1630 4893 profert
1682 4826 1833 4875 lotio-

226 4920 229 4923 ’
279 4941 397 4979 nem
427 4925 619 4992 pedum
643 4924 694 4975 in
725 4920 984 4986 baptismo
1012 4934 1022 4967 :
1051 4927 1206 4983 atque
1241 4915 1360 4966 hinc
1390 4912 1601 4967 deducit
1630 4922 1831 4963 utrum-

280 5030 392 5088 que'
426 5025 706 5069 tractatum
738 5014 801 5065 ad
832 5012 1135 5079 episcopum
1187 5005 1466 5075 quemdam
1500 5002 1829 5056 Gallicanum

284 5109 567 5176 pertinere.
600 5104 789 5156 Verum
822 5101 934 5152 haec
973 5112 1129 5166 supra
1187 5111 1334 5147 num.
1393 5094 1453 5145 l7
1510 5091 1579 5143 ita
1612 5089 1829 5142 refunna

360 5217 528 5285 (0)1'.
565 5216 627 5267 Ἠ
661 5217 739 5281 0p
791 5214 849 5285 At
873 5206 1294 5285 [icnd.,_p.‘-9I9.

363 5278 435 5356 (ὁ)
471 5295 582 5338 Act.
616 5278 724 5356 SS:
740 5283 866 5333 0rd.
916 5279 1079 5330 sancti
1130 5278 1252 5328 Bait.
1299 5288 1420 5327 stne.
1454 5288 1541 5334 lit,
1579 5281 1713 5337 pziil.
1762 5286 1791 5319 tt
1820 5312 1830 5325 ,

294 5353 577 5428 μηδίζειιῆ
612 5369 663 5404 ιι.
696 5353 743 5404 7.

358 5413 435 5490 ἴε)
467 5423 681 5490 δινιίριμ
716 5431 753 5471 t.
788 5419 833 5479 l,
868 5418 966 5490 col.
1005 5413 1161 5490 idib.

364 5476 444 5562 (εὑ
473 5476 745 5546 uniuni.
780 5476 875 5539 Ittt.
910 5488 973 5537 de
1004 5486 1047 5536 la
1084 5482 1191 5545 ιτ..
1227 5491 1262 5533 ι.
1296 5480 1377 5541 IV,
1412 5496 1463 5545 ν.
1507 5476 1619 5527 I52.

1930 4296 2068 4347 nulla
2103 4294 2159 4345 fit
2188 4292 2385 4344 mentio
2405 4290 2715 4351 litauiarum,
2749 4288 3105 4341 benedictionis
3134 4298 3181 4340 et
3210 4290 3481 4341 immissio-

1925 4386 2003 4436 nis
2032 4382 2160 4433 cerei
2218 4366 2465 4447 paschalis
2518 4380 2566 4428 iu
2616 4391 2820 4443 aquam,
2847 4390 2963 4442 quin
2992 4380 3168 4428 omnia
3201 4377 3251 4427 in
3289 4378 3414 4429 Ordi
3436 4394 3481 4427 re

1931 4474 2158 4526 Romano
2200 4471 2537 4535 reperiuntur
2578 4466 2652 4533 (g)
2685 4483 2696 4516 :
2745 4466 2861 4516 alia:
2893 4474 3014 4516 sunt
3045 4464 3479 4526 interrogationes

1934 4564 2225 4630 desuniptm
2271 4574 2334 4612 ex
2363 4559 2621 4627 symbolo,
2656 4557 2759 4608 alia
2805 4557 2967 4607 forma
3020 4556 3431 4609 confirmationis
3465 4573 3477 4615 ;

1932 4653 2044 4705 lucc
2069 4652 2334 4704 sufﬁciunt
2360 4649 2425 4699 ad
2458 4644 2858 4700 monstrandum
2903 4645 3212 4713 scriptorem
3240 4645 3480 4699 Ordinem

1941 4742 2221 4794 Romanum
2253 4752 2359 4803 pra:
2387 4738 2555 4790 oculis
2608 4751 2711 4787 non
2761 4734 3029 4787 habuisse.
3082 4732 3306 4800 Urgetur
3360 4730 3519 4789 vero

1934 4829 2169 4883 Oudinus
2199 4826 2369 4878 adhuc
2393 4823 2642 4891 pressius,
2668 4822 2791 4886 quia
2815 4822 2865 4874 in
2891 4823 3068 4875 citatis
3097 4821 3243 4876 libris
3260 4837 3325 4875 ne
3346 4821 3481 4889 {Gal-

1941 4918 2140 4970 Iicanus
2166 4912 2377 4982 quidem
2406 4912 2546 4972 Urdo
2569 4910 2849 4963 exhibetur
2893 4922 2907 4959 :
2954 4908 3093 4961 unde
3141 4891 3481 4977 consequitur

1937 5006 2245 5071 scriptorem
2278 5001 2341 5052 ad
2368 4999 2569 5068 Gallias
2596 5014 2697 5049 non
2730 4996 3011 5063 pertinere.
3049 4997 3255 5049 Etenim
3294 4997 3329 5049 1.
3373 5012 3388 5051 ι
3418 5000 3483 5050 de

1936 5092 2196 5154 S<icram.,
2218 5103 2265 5142 c.
2295 5089 2355 5141 Η
2389 5086 2677 5156 (h)duplex
2703 5090 2783 5137 εει
2808 5082 3195 5137 abrenuntiatio
3216 5083 3484 5149 baptizau-

2008 5202 2077 5271 (c)
2105 5203 2320 5271 δοτῆρι..
2346 5208 2384 5250 t.
2420 5200 2457 5260 l,
2490 5196 2775 5271 col._1854.

2010 5264 2076 5403 ἐν’)
2100 5264 2233 5325 Bibl.
2256 5268 2378 5329 ΡΡ..
2400 5281 2523 5319 tum.
2556 5266 2686 5326 XIII,
2720 5282 2767 5332 ιι.
2801 5264 2923 5316 639,

2034 5344 2087 5403 g)
2116 5340 2241 5393 Ibid.
2277 5352 2325 5402 ρ.
2360 5335 2460 5386 693
2484 5345 2535 5387 et
2564 5351 2709 5401 seqq.

2034 5335 2087 5405 ᾖ)
2116 5340 2241 5408 Ibid,
2277 5352 2325 5402 ρ.
2360 5335 2460 5386 693
2482 5345 2535 5408 et
2564 5351 2709 5401 seqq.

2012 5403 2088 5477 (Ir)
2122 5405 2363 5459 Ambros.
2407 5416 2441 5455 ις
2480 5406 2511 5454 \'
2546 5408 2665 5470 Up.,
2700 5421 2747 5471 p.
2777 5403 2903 5454 210.
