3910 6234
370 219 507 276 ιὲτιὸ

1257 214 1311 268 S.
1357 208 1742 267 AMBROSIUS
1783 204 2253 263 CADURCENSIS
2295 200 2678 258 EPISCOPUS.

3476 192 3628 250 1228

371 335 577 397 dorum,
609 330 729 383 dum
752 329 805 383 in
831 298 997 381 veteri
1017 324 1217 378 Missili
1254 324 1526 376 Gallicana
1552 321 1653 391 (α),
1680 319 1825 373 edito
1851 333 1943 384 per
1970 320 2017 376 Λ
2050 317 2098 367 in
2133 316 2369 382 prologo,
2402 312 2465 365 ad
2508 314 2645 364 hunc
2696 308 2885 368 librum
2914 305 3207 377 pra-misso,
3239 304 3435 375 aliique
3464 320 3589 359 com

373 424 539 482 virum
570 435 670 473 non
704 418 876 469 minus
904 415 1138 469 doctrina
1169 428 1327 480 quam
1352 412 1635 465 sanctitate
1657 409 1936 483 insignem,

385 510 751 575 ILJusephnm
778 507 998 559 Mariam
1039 504 1382 557 Thomasium
1434 500 1780 560 cardinalem,
1833 513 1938 549 una

382 612 583 653 tantum
635 598 945 665 reperiatur,
979 592 1428 663 quemadmodum
1461 600 1513 643 et
1544 589 1595 641 in
1622 590 1930 642 Sacramen-

378 690 513 741 lario
537 686 807 740 Gallicano
845 685 1022 736 smculi
1063 695 1134 733 vn
1173 679 1309 743 apud
1342 679 1575 732 Marteue
1600 676 1693 742 (ὁ).
1736 674 1789 725 In
1822 673 1941 726 aliis

386 791 509 829 vero
539 777 801 842 plerisque
830 771 1107 824 ritualibus
1136 766 1427 820 Galliarum
1460 776 1567 817 tres
1594 761 1940 815 renuntiatio-

384 879 476 918 nes
492 866 783 931 signantur,
805 870 863 912 ut
886 858 1041 911 habet
1065 855 1304 909 laudatus
1331 854 1562 905 Martene
1604 852 1638 904 l.
1667 866 1713 902 c.
1738 850 1936 902 Octavo

389 965 564 1006 autem
591 951 783 1003 sarculo
812 948 1022 1000 videtur
1053 945 1247 1010 ubique
1271 943 1500 1009 viguisse
1534 942 1583 991 in
1614 938 1779 991 Gallia
1812 952 1942 988 con-

380 1044 607 1095 suetudo
630 1051 793 1094 terna:
822 1034 1315 1093 abrenuntiationis,
1369 1030 1443 1084 uti
1491 1036 1633 1101 patet
1678 1042 1741 1079 ex
1784 1040 1938 1080 conc.

380 1136 673 1202 Liptinensi
696 1134 816 1184 anni
840 1131 943 1183 743
974 1130 1043 1197 (c)
1073 1168 1085 1188 .
1108 1137 1160 1180 et
1182 1142 1246 1179 ex
1273 1126 1388 1178 aliis
1417 1122 1796 1181 monumentis,
1822 1130 1939 1181 qua}

382 1229 533 1278 affert.
573 1224 654 1278 Cl.
704 1223 963 1276 Antonius
1020 1218 1310 1281 Binterim,
1368 1217 1446 1267 vir
1508 1223 1581 1267 tot
1638 1208 1937 1264 laudandus

338 1372 349 1383 _
384 1313 705 1376 nominibus,
738 1313 787 1362 in
812 1324 908 1363 suo
928 1308 1132 1361 erudito
1166 1320 1329 1374 opere
1350 1301 1666 1356 Germanico
1703 1299 1767 1352 de
1796 1297 1943 1351 Anti-

382 1404 666 1468 quitatibus
709 1398 960 1453 Ecclesia:
985 1395 1259 1449 catholicae
1294 1393 1397 1461 (ά).

455 1493 544 1544 27.
584 1489 738 1545 Juvat
769 1490 870 1542 huc
913 1486 1157 1540 conferre
1202 1484 1361 1537 alium
1417 1482 1575 1534 ritum
1622 1477 1675 1531 in
1706 1474 1940 1530 Ecclesia

333 1600 340 1609 θ
390 1584 661 1639 Gallicana
685 1581 890 1634 servari
918 1579 1151 1643 solitum,
1175 1576 1239 1630 de
1277 1591 1379 1645 quo
1413 1585 1589 1627 tamen
1639 1572 1691 1625 in
1716 1571 1848 1627 libro
1875 1569 1942 1623 de

388 1670 746 1727 Sacramentis
775 1669 903 1724 nihil
928 1665 1143 1722 dicitur.
1176 1636 1406 1721 Sanctus
1426 1662 1720 1730 Gregorius
1742 1660 1941 1712 Turon.
1979 1636 2022 1695 Β

386 1760 425 1812 l.
458 1774 476 1812 ι
516 1759 582 1813 de
614 1757 788 1813 Gloria
822 1768 1133 1825 martyrum,
1182 1770 1231 1809 c.
1280 1753 1372 1815 24,
1407 1752 1475 1823 (ε)
1504 1752 1663 1805 habet
1696 1768 1707 1801 :
1748 1766 1765 1799 ι
1798 1748 1953 1802 Tunc.

386 1863 508 1901 eum
554 1847 852 1901 exorcismo
906 1838 1284 1898 sanctificatam
1335 1857 1543 1910 aquam,
1600 1851 1946 1906 conspersum

392 1937 619 2004 desuper
664 1936 931 2001 chrisma,
988 1933 1161 1986 omnis
1218 1932 1440 2001 populus
1502 1944 1621 1983 cum
1670 1926 1948 1980 devotione

400 2027 595 2079 haurit.
627 2043 645 2075 ι
682 2027 853 2092 Atque
880 2022 1182 2090 hujusmodi
1214 2019 1528 2087 conspersio
1583 2032 1687 2071 non
1744 2022 1945 2069 tantum

391 2119 445 2173 in
480 2116 746 2186 Hispania,
775 2116 849 2169 de
869 2129 971 2184 qua
999 2113 1231 2182 loquitur
1257 2112 1567 2179 Gregorius,
1598 2108 1788 2161 usitata
1810 2114 1943 2167 erat;

387 2190 737 2263 sedeaindem
760 2205 943 2259 videre
980 2218 1191 2272 quoque
1223 2214 1305 2257 est
1358 2211 1465 2255 tum
1513 2200 1565 2253 ln
1614 2197 1838 2252 Gothico
1858 2194 1943 2265 (ί),

390 2306 503 2351 tum
535 2296 587 2349 in
617 2299 780 2349 veteri
802 2292 1073 2347 Gallicauo
1102 2291 1299 2345 Missali
1324 2290 1427 2358 (g),
1474 2287 1613 2357 quod
1642 2285 1807 2340 edidit
1830 2285 1947 2336 lau-

390 2389 548 2444 datus
567 2381 723 2455 supra
743 2388 924 2439 beatus
944 2381 1205 2449 Iosephus
1227 2380 1564 2435 Thomasius.
1589 2374 1948 2430 Nihilominus

392 2488 573 2532 noster
619 2474 976 2544 qui,0udino
1006 2472 1299 2533 divinante,
1354 2467 1534 2523 Gallus
1586 2475 1749 2529 esset,
1810 2463 1950 2517 hunc

390 2582 599 2636 quoque
647 2568 801 2620 ritum
852 2565 1065 2617 omnino
1107 2563 1315 2624 omisit,
1348 2562 1385 2615 I.
1441 2575 1457 2613 ι
1493 2560 1560 2613 de
1590 2558 1947 2620 Sacrament.,

390 2675 442 2713 c.
464 2657 497 2709 5
526 2658 629 2727 (Ιι);
664 2671 782 2710 nam
806 2670 956 2723 aqua:
996 2652 1323 2721 baptismalis
1348 2651 1804 2703 consecrationem
1844 2645 1951 2699 de-

393 2750 633 2804 scribens
659 2787 676 2810 ,
701 2748 765 2799 de
793 2745 1077 2800 chrismate
1104 2752 1259 2796 tacet.
1290 2742 1365 2795 En
1397 2739 1512 2808 ejus
1538 2738 1697 2791 verba
1724 2754 1735 2788 :
1771 2754 1790 2787 ι
1819 2734 1948 2789 Nam

402 2839 490 2892 ubi
519 2838 742 2905 primum
772 2834 1061 2905 ingreditur
1101 2832 1376 2893 sacerdos,
1427 2828 1783 2881 exorcismqu
1829 2823 1952 2877 facit

400 2931 689 2983 secundum
716 2935 1010 2978 creaturam
1052 2936 1222 2989 aqure,
1274 2920 1656 2973 invocationem
1690 2926 1871 2985 postea
1899 2924 1948 2969 et

402 3030 611 3084 precem
638 3013 826 3077 defert,
860 3022 917 3065 ut
945 3010 1299 3065 sanctifieetur
1320 3006 1437 3083 foins
1464 3016 1515 3059 et
1536 3006 1674 3059 adsit
1715 3018 1953 3074 praesen:

401 3107 469 3157 tia
493 3104 762 3158 Trinitatis
791 3116 1023 3157 aeternae.
1068 3120 1084 3152 ι
1139 3099 1364 3153 Omnino
1389 3106 1634 3151 accurate
1663 3106 1769 3149 tum
1794 3098 1952 3161 hunc,

409 3204 519 3248 tum
548 3192 678 3247 alios
704 3197 835 3246 ritus
863 3190 1058 3245 evolvit
1076 3199 1263 3242 auctor
1294 3204 1306 3239 :
1336 3186 1450 3256 ejus
1478 3188 1656 3254 itaque
1687 3187 1955 3241 silentium

408 3284 770 3352 pra'judicium
803 3290 950 3335 creat
978 3295 1081 3333 non
1112 3277 1266 3332 facile
1287 3276 1723 3340 oblitterandum,
1756 3276 1959 3328 scilicet

400 3375 454 3426 in
482 3388 574 3425 sua
601 3371 829 3424 Ecclesia
857 3368 1182 3424 Gallicanam
1216 3370 1351 3420 hanc
1376 3364 1807 3419 consuetudinem
1855 3380 1957 3417 non

400 3464 649 3530 viguisse.
680 3459 828 3525 Quod
858 3458 1015 3512 etiam
1037 3457 1380 3532 confirmatur
1403 3471 1467 3509 ex
1486 3469 1572 3517 eo,
1597 3454 1733 3521 quod
1766 3455 1815 3507 in
1845 3453 1957 3506 lau—

404 3552 527 3605 datu
554 3552 828 3604 locototus
860 3550 929 3601 sit
971 3549 1021 3599 in
1069 3547 1359 3600 evolvendo
1412 3561 1504 3599 cur
1551 3544 1792 3599 Christus
1820 3546 1961 3614 prius

402 3640 737 3694 descenderit
786 3647 838 3690 et
900 3648 1071 3705 postea
1121 3637 1350 3702 Spiritus
1378 3644 1589 3687 sanctus
1623 3634 1820 3687 venerit
1861 3649 1873 3682 :
1915 3633 1958 3685 si

406 3730 544 3783 enim
576 3730 701 3780 ritus
725 3727 1028 3779 chrismatis
1050 3735 1289 3776 SCI‘Vuttls
1313 3716 1527 3786 fuisset,
1561 3721 1734 3774 nullus
1779 3721 1960 3775 dubito

409 3823 533 3889 quin
564 3821 627 3871 ad
658 3820 792 3870 hunc
816 3817 1080 3869 allusisset
1104 3824 1309 3878 auctor,
1342 3818 1619 3880 cumame
1651 3812 1746 3866 SS.
1784 3812 1961 3864 Patres

412 3911 641 3980 vulgaris
670 3913 735 3962 sit
757 3910 1061 3974 metaphora
1093 3906 1395 3958 chrismatis
1418 3906 1480 3957 ad
1504 3904 1793 3957 Christum.
1820 3904 1961 3955 Con-

414 4000 607 4056 ferenti
632 4003 761 4052 ritus
790 4000 838 4050 in
870 3998 1015 4050 libris
1042 3996 1109 4049 de
1130 3997 1491 4049 Sacrarnentis
1520 3996 1812 4061 descriptos
1842 4009 1959 4046 cum

414 4094 477 4143 iis
497 4092 585 4159 qui
616 4088 835 4141 inlibris
880 4086 1154 4138 ritualibus
1183 4085 1467 4138 Gallicanae
1518 4084 1766 4135 Ecclesia:
1813 4097 1960 4148 repe-

417 4182 639 4240 riuntur,
666 4177 801 4229 varia
826 4174 923 4228 alia
956 4184 1275 4235 occurrent,
1309 4188 1373 4227 ex
1407 4175 1596 4239 quibus
1627 4172 1961 4223 manifestum

2048 406 2223 472 plures
2251 405 2409 455 etiam
2455 416 2520 454 ex
2568 399 2932 459 heterodnxis,
2995 412 3099 449 non
3153 396 3423 449 immerito
3477 397 3610 448 inter

2043 496 2266 564 genuina
2297 494 2464 546 sancti
2497 491 2762 545 Ambrosii
2792 487 3202 543 Mediolanensis
3234 502 3393 553 opera
3425 500 3613 537 recen-

2045 585 2375 648 setur.Quod
2401 579 2884 649 quidemjudicintn
2912 578 3252 631 confirmatur
3270 577 3385 643 ipso
3406 589 3573 643 opere
3600 590 3614 625 :

2046 692 2167 728 eum
2217 675 2492 737 nonnulla,
2540 688 2657 739 qua:
2688 674 2738 724 in
2793 685 2857 723 eo
2907 656 3269 736 reperiuntur,
3323 665 3614 733 liturgica,

2050 764 2329 818 Mediolani
2350 763 2523 817 adhuc
2547 762 2733 827 partim
2758 760 2989 828 vigeant,
3022 766 3072 811 et
3095 758 3224 809 ritus
3244 754 3610 822 baptismales,

2040 856 2224 921 quales
2241 854 2290 905 in
2313 853 2461 905 Actis
2477 852 2800 919 synodorum
2821 847 3099 902 Mediolani
3118 845 3218 900 sub
3239 856 3428 899 sancto
3444 844 3616 896 Caro-

2052 944 2101 993 lo
2122 943 2419 995 Borrommo
2444 941 2734 993 habitarum
2770 939 2833 1008 (i)
2852 938 3243 1001 describuntur,
3272 938 3325 989 in
3349 936 3453 989 hoc
3480 943 3616 987 trac-

2045 1040 2153 1083 tatu
2178 1031 2483 1083 funduntur.

2119 1138 2208 1190 28.
2261 1136 2391 1190 Cum
2449 1135 2625 1202 itaque
2675 1134 2909 1203 libri-.de
2958 1134 3308 1188 Sacramentis
3364 1142 3611 1185 sanctum

2044 1224 2430 1279 Cadurcensem
2444 1226 2748 1293 episcopum
2770 1234 3039 1278 auctorem
3062 1233 3206 1278 certo
3228 1239 3332 1277 non
3352 1224 3611 1285 habeant,

2045 1315 2489 1368 Mediolancnsem
2524 1330 2650 1367 vero
2683 1314 2877 1366 habere
2903 1304 3007 1366 non
3051 1312 3361 1377 videantur;
3394 1311 3607 1379 longius

2046 1402 2311 1473 progressi
2333 1401 2567 1469 quidam,
2603 1401 2853 1470 indagare
2883 1409 3170 1464 tentarunt,
3205 1402 3324 1467 quis
3349 1401 3611 1454 librorum

2048 1493 2108 1544 de
2146 1491 2489 1545 Sacrameutis
2518 1490 2744 1557 scriptor
2767 1490 3039 1541 habendus
3067 1498 3232 1542 esset.
3265 1488 3409 1542 Varii
3435 1490 3614 1542 varias

2047 1580 2213 1633 secuti
2233 1588 2356 1632 sunt
2381 1578 2690 1632 sententias.
2725 1576 3049 1631 Benedictini
3083 1577 3132 1629 in
3164 1578 3391 1646 prologo
3412 1576 3478 1629 ad
3514 1577 3615 1630 lib.

2048 1668 2109 1719 de
2148 1666 2488 1720 Sacramentis
2519 1666 2588 1735 (j)
2622 1666 2950 1733 propendere
2992 1667 3235 1719 videntur
3283 1667 3349 1718 ad
3404 1667 3614 1731 opinio—
3678 1700 3685 1701 κ

2048 1771 2166 1830 nem
2195 1754 2463 1809 Godefridi
2496 1755 2748 1809 llermant
2777 1754 2827 1808 in
2868 1755 2983 1808 Vita
3013 1758 3178 1809 sancti
3206 1755 3478 1809 Ambrosii
3514 1756 3613 1824 (fr),

2046 1845 2309 1899 censentis
2332 1845 2506 1899 dictos
2537 1843 2699 1897 libros
2734 1845 2798 1897 ad
2822 1844 3051 1911 aliquem
3073 1860 3103 1899 e
3137 1845 3409 1912 discipulis
3454 1844 3615 1913 hujus

2047 1934 2237 1999 sancti,
2275 1935 2365 2004 qui
2397 1950 2500 1988 non
2531 1935 2696 1988 multo
2724 1936 2837 2001 post
2869 1935 3045 2003 ipsum
3070 1933 3449 1988 Mediolanensi
3474 1948 3620 1999 pra:-

2049 2024 2204 2083 fuerit
2233 2009 2506 2086 Ecclesiae,
2548 2024 2832 2090 pertinere.
2866 2022 3165 2086 Quominus
3213 2023 3506 2075 secundum
3534 2023 3622 2090 ip—

2048 2131 2162 2167 sum
2195 2112 2426 2168 feramus
2454 2110 2787 2179 suffragium,
2819 2110 2869 2164 id
2900 2112 3167 2180 prrecipue
3197 2110 3444 2179 impedit,
3468 2109 3614 2176 quod

2049 2213 2253 2267 auctor,
2281 2202 2376 2256 lib.
2406 2218 2486 2265 in,
2519 2215 2568 2254 εκ
2606 2200 2688 2259 ff.
2734 2199 3040 2269 profiteatur
3070 2214 3130 2253 se
3153 2200 3205 2252 in
3232 2199 3422 2252 ritibus
3448 2199 3624 2253 sacris

2050 2294 2239 2347 sectari
2276 2293 2412 2347 velle
2459 2293 2674 2362 vestigia
2730 2293 2978 2347 Ecclesia:
3029 2292 3281 2346 Romam:
3304 2293 3347 2362 (ι
3359 2293 3376 2359 )
3411 2308 3426 2344 ;
3458 2312 3476 2341 ί
3500 2292 3623 2346 Non

2050 2380 2378 2448 ignoramus,
2406 2382 2596 2450 inquit,
2620 2381 2759 2449 quod
2790 2382 3023 2435 Ecclesia
3047 2381 3279 2437 Romana
3311 2384 3451 2435 hanc
3487 2396 3622 2436 con-

2056 2470 2390 2525 suetudinem
2416 2488 2517 2524 non
2542 2471 2757 2536 habeat,
2789 2471 2942 2539 cujus
2969 2483 3149 2541 typum
3174 2475 3224 2527 in
3251 2475 3498 2527 omnibus
3530 2489 3619 2528 se-

2051 2558 2266 2628 quimur
2316 2570 2370 2612 et
2426 2560 2647 2614 formam
2699 2578 2712 2612 :
2768 2561 2903 2614 hanc
2953 2572 3126 2615 tamen
3174 2565 3619 2618 consuetudinem

2052 2664 2158 2701 non
2190 2648 2382 2712 habet,
2425 2658 2481 2702 ut
2506 2650 2672 2718 pedes
2704 2650 2960 2703 lavet.....
2995 2649 3050 2705 ln
3073 2652 3316 2705 omnibus
3346 2656 3505 2721 cupio
3533 2670 3626 2709 se-

2055 2737 2142 2807 qui
2168 2737 2459 2792 Ecclesiam
2485 2737 2815 2803 Romanam;
2845 2740 2938 2793 sed
2967 2748 3145 2794 tamen
3169 2750 3221 2795 et
3247 2757 3344 2796 nos
3375 2744 3627 2798 homines

2053 2841 2269 2881 sensum
2304 2827 2581 2892 habemus,
2638 2828 2759 2881 ideo
2804 2828 2947 2896 quod
2974 2829 3101 2882 alibi
3131 2831 3326 2884 rectius
3356 2846 3626 2898 servatur,

2059 2926 2111 2969 et
2140 2930 2236 2969 nos
2266 2915 2460 2970 rectius
2487 2917 2833 2969 custodimus.
2869 2932 2889 2967 ι
2927 2917 3004 2970 Ex
3040 2917 3120 2970 his
3150 2920 3324 2973 verbis
3373 2922 3631 2976 manifeso

2062 3016 2171 3061 tum
2194 3016 2275 3060 est
2299 3007 2610 3075 scriptorem
2639 3010 2788 3074 sequi
2838 3008 2971 3061 ritus
3001 3007 3269 3063 Romanos
3301 3020 3411 3063 tum
3444 3011 3633 3079 Viget)-

2060 3106 2172 3159 tes,
2202 3110 2306 3148 uno
2330 3094 2528 3159 addito,
2584 3088 2806 3150 scilicet
2826 3099 3016 3163 pedum
3049 3098 3270 3154 lotiune.
3299 3100 3434 3152 Cum
3465 3102 3632 3169 igitur

2059 3196 2238 3240 notum
2270 3184 2478 3238 axioma
2518 3185 2587 3238 sit
2643 3202 2655 3235 :
2720 3202 2739 3235 ι
2770 3186 3024 3253 Exceptio
3077 3188 3251 3242 firmat
3302 3190 3567 3256 regulam,
3607 3208 3629 3241 ι

2060 3273 2479 3328 concludendum
2496 3282 2579 3328 est
2600 3275 2944 3328 eteremonias
2967 3277 3200 3345 reliquas
3231 3292 3422 3333 omnes
3447 3279 3632 3346 appri-

2062 3384 2145 3421 me
2172 3368 2497 3421 concordare
2523 3382 2641 3422 cum
2674 3378 2793 3436 typo
2815 3377 2859 3422 et
2889 3370 3052 3437 forma
3072 3369 3328 3424 Ecclesia:
3345 3370 3633 3424 Romanae.

2060 3456 2163 3510 Sed
2192 3457 2490 3524 hujusmodi
2550 3457 2892 3510 conformitas
2942 3461 3229 3512 convenire
3276 3474 3380 3511 non
3438 3460 3638 3527 (potest

2064 3549 2187 3601 ritui
2211 3548 2582 3612 Ambrosiano,
2627 3548 2801 3617 qualis
2830 3549 2973 3602 omni
3020 3548 3280 3620 tempore,
3311 3553 3471 3604 etiam
3502 3562 3639 3605 ante

2062 3653 2301 3695 sanctum
2359 3642 2693 3695 Ambrosium
2750 3644 2968 3705 erstitit.
3014 3642 3177 3698 Nobis
3208 3708 3211 3709 ν
3247 3642 3438 3696 desunt
3507 3644 3638 3697 libri

2064 3729 2303 3793 rituales,
2329 3716 2384 3783 ut
2416 3730 2569 3782 latius
2596 3730 2707 3782 haec
2735 3732 3059 3784 evolvamus.
3090 3731 3261 3785 Unum
3281 3731 3367 3784 hic
3387 3732 3635 3795 afferam,

2063 3836 2166 3889 quo
2186 3822 2345 3889 aliqui
2366 3822 2526 3874 ritum
2550 3821 2994 3876 Mediolanensem
3009 3822 3319 3875 subodorari
3339 3832 3633 3891 putarunt:

2066 3913 2225 3963 habet
2253 3920 2434 3964 auctor
2460 3912 2550 3962 lib.
2582 3926 2631 3963 tv
2666 3911 2732 3964 de
2773 3912 3035 3974 Sacram.,
3067 3927 3116 3965 c.
3149 3910 3200 3974 5,
3228 3911 3320 3980 (ιη)
3355 3912 3498 3966 hanc
3531 3913 3639 3967 for-

2067 4014 2203 4051 tnam
2221 4000 2639 4053 consecrationis
2666 4002 2813 4067 panis
2840 4019 2849 4053 :
2882 4019 2900 4051 ι
2933 4003 3169 4069 Accipite
3189 4012 3241 4057 et
3266 4004 3408 4056 edite
3432 4019 3500 4057 ex
3531 4006 3630 4059 hoc

2039 4106 2251 4144 ~omnes
2287 4108 2297 4142 :
2328 4090 2429 4143 hoc
2453 4099 2532 4143 est
2555 4092 2694 4142 enim
2741 4105 2934 4158 corpus
2965 4106 3161 4156 meum,
3192 4092 3332 4161 quod
3366 4110 3466 4161 pro
3500 4097 3635 4147 mul-

2069 4182 2133 4232 tis
2163 4180 2545 4248 eonfringetur.
2579 4198 2596 4231 ι
2633 4180 2778 4234 Hanc
2826 4180 3047 4235 formam
3078 4182 3486 4237 Ambrosianam
3518 4200 3641 4239 esse

411 4268 505 4323 θεῖ
544 4270 640 4321 hos
685 4280 962 4320 Sermones
989 4262 1217 4318 adscribi
1273 4280 1375 4316 “0"
1426 4278 1578 4330 Ρυδεθ
1616 4263 1767 4314 alicui
1812 4262 1961 4314 δυηο
1997 4274 2037 4328 l)
2067 4269 2193 4323 dicit
2242 4270 2507 4323 Pamelius
2564 4269 2745 4323 tom.|
2791 4270 3036 4339 Liturgite
3079 4270 3300 4325 Latinzr.
3352 4272 3557 4327 Verum
3589 4277 3637 4329 id

411 4361 501 4427 qui
532 4371 656 4409 smc.
690 4371 778 4408 vtn
811 4355 1034 4416 vixerit,
1078 4363 1132 4405 et
1163 4352 1380 4418 proinde
1427 4351 1801 4418 ahjudicamlos
1845 4364 1962 4402 esse

410 4455 593 4499 sancto
612 4444 891 4496 Ambrosio
913 4441 1255 4494 Cadurccnci.
1278 4442 1330 4493 Si
1356 4441 1525 4507 itaqm!
1547 4440 1660 4491 libri
1690 4443 1751 4489 de
1776 4438 1964 4489 Sacra-

410 4535 585 4586 mentis
617 4540 856 4585 sanctan
906 4540 1140 4581 nostrum
1180 4530 1563 4581 Cadurcensem
1617 4542 1716 4578 non
1772 4526 1966 4577 habent

410 4634 701 4687 auctorem,
733 4629 931 4687 quanto
955 4620 1124 4671 minus
1156 4626 1408 4671 tractatus
1438 4619 1498 4669 de
1526 4615 1777 4684 Mysreriis
1803 4655 1817 4676 ,
1876 4615 1963 4681 qui

407 4712 474 4764 ob
498 4713 745 4776 rationes,
769 4722 900 4778 quas
930 4710 1033 4763 late
1056 4708 1321 4762 deducunt
1362 4708 1593 4761 editores
1637 4706 1961 4759 Benedictini

478 4907 557 4977 (η)
581 4908 827 4961 Thomasi
858 4907 989 4960 Cod.
1021 4907 1363 4977 Sacram.,_p.
1390 4904 1509 4977 475i.

596 4979 668 5030 De
698 4977 877 5044 Antiq.
909 4977 1051 5029 Eccl.
1079 4977 1198 5037 rit.,
1225 4985 1264 5027 ι.
1295 4974 1343 5038 l,
1378 4989 1431 5041 p.
1462 4972 1553 5039 65,
1595 4972 1735 5027 Edit.
1780 4971 1964 5027 Venet.

406 5047 1052 5183 hg’llaﬂheitncofic'
1077 5110 1281 5183 Germ"
1309 5112 1416 5183 Ls"
1444 5112 1610 5183 p.51:

477 5178 555 5251 (ἆ)
590 5181 904 5251 Denltwurd.
957 5180 1051 5234 der
1097 5181 1292 5232 Christ.
1337 5180 1546 5233 Cathul.
1592 5178 1803 5244 Kirclte,
1853 5188 1889 5232 ι.
1923 5178 1963 5242 Ι,

406 5249 599 5320 ρεπιι,
626 5268 675 5317 p.
704 5249 794 5301 94.
1918 5266 1921 5269 ν

476 5323 543 5386 (e)
583 5320 733 5371 Bibb.
764 5318 862 5371 PP.
894 5327 930 5369 t.
957 5316 1050 5380 XI,
1076 5330 1123 5381 p.
1155 5315 1280 5386 857.

471 5390 537 5454 (Ῑ)
571 5388 700 5454 le.
732 5401 980 5450 sacram,
1008 5401 1063 5453 p.
1094 5385 1217 5438 35’s.

471 5452 545 5523 (ἀ)
577 5452 733 5525 Ιὺὶάη
768 5472 814 5515 ι».
848 5455 969 5525 475.

469 5520 547 5592 (II)
580 5520 851 5588 Ambros”
878 5533 913 5575 ι.
944 5522 1002 5581 Y.
1028 5520 1151 5590 0p.,
1180 5536 1232 5589 p.
1262 5520 1388 5574 2ιό.

2070 4359 2284 4410 omnino
2328 4367 2482 4424 negat
2514 4357 2827 4411 Muratorius
2852 4359 2988 4425 apud
3022 4361 3244 4428 August.
3276 4361 3482 4417 Kraaer
3512 4364 3591 4433 (rt)
3622 4381 3635 4415 :

2074 4467 2092 4499 ι
2123 4448 2346 4516 Rogavit
2371 4449 2761 4518 (Muratorius),
2813 4450 3001 4517 inquit,
3034 4453 3200 4503 virum
3226 4452 3309 4505 Cl.
3340 4452 3638 4522 Joseplium

2069 4538 2356 4589 Antonium
2389 4537 2606 4592 Saxium
2631 4579 2645 4601 ,
2680 4538 3011 4591 bibliotheca:
3051 4540 3418 4592 Ambrosinus:
3450 4541 3642 4609 praefe-

2067 4637 2234 4691 ctum,
2251 4634 2308 4679 ut
2329 4642 2393 4682 ex
2410 4627 2643 4681 omnium
2666 4628 3035 4696 antiquissimo
3055 4630 3252 4683 Missali
3279 4631 3641 4687 Ambrosiam

2068 4732 2325 4771 canonem
2355 4718 2528 4771 Missa:
2558 4718 2621 4770 ad
2662 4731 2720 4770 se
2773 4720 3168 4772 transmitteret.
3220 4720 3508 4777 Consuluit
3555 4724 3640 4777 ille

2144 4910 2206 4977 (ἱ)
2236 4910 2349 4982 Aet.
2386 4910 2531 4965 Eccl.
2563 4909 2775 4966 Mediol.
2797 4953 2811 4975 ,
2842 4929 2893 4982 p.
2924 4915 3059 4976 HO._

2139 4980 2207 5049 (j)
2234 4981 2478 5033 Ambros.
2510 4982 2670 5046 Opp.,
2705 4990 2744 5033 ι.
2774 4980 2917 5049 V,'p.
2938 4982 3065 5042 206.

2139 5048 2212 5115 (’k)
2248 5049 2520 5111 llermant,
2576 5050 2665 5102 \‘ie
2717 5051 2782 5105 de
2830 5048 2886 5106 S.
2939 5053 3239 5106 Ambruise.
3293 5052 3630 5115 Eclnireiss..

2069 5130 2133 5193 p;
2271 5116 2641 5193 Cfr._Lehru_r_t,
2670 5120 2973 5193 fj‘txplic.‘de
3006 5121 3051 5173 la
3083 5123 3272 5184 Messe,
3305 5123 3462 5185 t..lfl,
3490 5124 3635 5193 p.15

2277 5186 2447 5303 Sinis,
2484 5186 2641 5250 1777,
2677 5184 2782 5257 8‘),
2807 5190 2895 5255 qui
2926 5201 3127 5243 censet.
3163 5184 3634 5261 sertplnretn'cm

2138 5324 2199 5388 (Ι)
2227 5323 2471 5394 Ambros.
2504 5326 2600 5390 Op.
2624 5366 2637 5389 ,
2673 5335 2710 5379 ι.
2746 5327 2809 5391 V,
2846 5344 2893 5394 ρ.
2922 5326 3047 5381 Ξῖἓ.

2139 5396 2235 5458 (m)
2272 5392 2424 5455 ibid.,
2455 5410 2505 5461 p.
2534 5394 2656 5445 9.52.

2138 5464 2217 5528 (η)
2247 5462 2316 5513 De
2339 5467 2517 5531 Antiq.
2550 5464 2773 5533 l.i;nrg.,
2808 5481 2858 5534 p.
2890 5464 3015 5519 65f.
