3910 6234
514 252 648 305 lii?

1390 258 1445 307 S.
1488 259 1872 315 AMBROSILS
1911 258 2379 314 CADURCENSIS
2422 260 2800 317 El‘lSCOi‘US.

3563 266 3703 318 {228

506 369 650 412 ctum
682 360 1009 421 Manricium,
1048 374 1172 412 eum
1214 356 1482 429 suscipere
1526 366 1809 419 honorilice
1851 381 2047 434 prmce-
2078 371 2119 423 A
2158 379 2311 429 posse
2346 379 2484 417 anno
2516 366 2709 433 Vulgari
2739 366 2859 418 820-
2900 367 2953 421 Si
2996 376 3165 421 tamen
3208 371 3391 435 aliquis
3429 372 3580 424 malit
3624 374 3703 424 le-

508 450 602 514 pit.
640 449 752 513 Ipse
783 462 904 499 vero
932 447 1141 501 obviam
1173 449 1245 501 illi
1278 453 1412 516 apud
1449 452 1731 507 Remorum
1756 455 2046 517 civitatem,

503 535 558 588 in
608 536 821 587 basilica
874 535 1011 587 beati
1054 534 1276 605 Remigii
1325 541 1553 605 episcopi
1600 551 1653 591 et
1697 540 2044 604 confessoris,

507 621 772 687 prolectus
818 630 900 673 est
955 638 967 672 :
1026 622 1199 688 ibique
1253 634 1554 689 susceptum
1609 626 1672 677 ad
1722 626 2045 679 Carisiacum

505 724 673 776 usque
705 711 1041 777 perductum,
1066 725 1183 763 cum
1212 726 1274 764 eo
1306 714 1373 765 ibi
1404 713 1637 767 Natalem
1668 714 1871 766 Domini
1908 715 2047 766 cele-

505 798 695 852 bravit.
744 802 863 853 Inde
893 801 1086 866 pariter
1126 801 1540 865 proﬁciscentes,
1584 813 1943 868 pervenerunt
1981 803 2045 856 ad

501 889 780 944 Suessonis
809 892 1094 952 civitatem,
1126 890 1179 942 in
1210 904 1334 955 qua,
1364 892 1582 944 dimisso
1610 906 1762 958 papa,
1793 892 1857 943 ad
1886 892 2047 945 collo-

499 977 679 1042 quium
728 976 1006 1029 Germanae
1056 989 1164 1028 suae
1210 976 1404 1043 Gislaz,
1457 992 1574 1043 quae
1620 977 1671 1029 in
1728 978 1811 1030 his
1863 980 2046 1032 diebus

500 1065 809 1131 a-grotabat,
852 1064 917 1115 ad
957 1063 1137 1115 Calam
1179 1065 1556 1116 monasmrium
1596 1066 1831 1132 pervenit
1865 1085 1875 1117 :
1920 1064 2046 1119 frui-

504 1160 690 1216 tusqne
718 1149 832 1215 ejus
854 1149 1136 1215 colloquio,
1161 1149 1225 1202 ad
1255 1150 1572 1203 Carisiaeum
1607 1151 1782 1203 villam
1818 1152 2045 1205 Leonem

503 1250 710 1304 papam,
742 1250 895 1303 quem
939 1234 1075 1302 apud
1115 1243 1355 1289 sanctum
1394 1234 1701 1290 Medardum
1743 1239 2041 1305 derelique-

499 1331 597 1382 rat.
630 1322 728 1376 sibi
756 1322 959 1374 obviam
989 1322 1164 1374 venire
1195 1321 1335 1373 fecit.
1368 1321 1565 1376 Deinde
1590 1326 1751 1390 Aquis
1779 1326 2043 1390 perduxit,

501 1418 559 1463 et
589 1410 899 1463 honoratum
929 1411 1133 1479 magnis
1162 1410 1484 1475 muneribus,
1526 1425 1618 1477 per
1648 1412 1938 1479 Bajoariam
1970 1415 2045 1466 ire

503 1498 792 1556 volentem,
843 1510 873 1548 a
911 1497 1019 1549 suis
1061 1496 1179 1565 duci
1220 1496 1346 1550 fecit
1391 1512 1555 1565 usque
1600 1500 1665 1551 ad
1715 1500 2041 1553 Ravennam.

497 1588 690 1641 )Iansit
716 1586 852 1654 apud
900 1586 1040 1639 illum
1097 1562 1541 1662 llmperatorent)
1598 1587 1710 1640 dies
1756 1597 1906 1652 octo,
1957 1598 2038 1652 et,

2152 465 2275 517 gere
2307 452 2323 501 1
2349 452 2506 518 ippini
2535 468 2719 504 annum
2753 456 3009 520 quin'um,
3056 458 3179 509 nihil
3215 466 3295 509 est
3336 460 3471 524 quod
3501 462 3699 513 obstet.

2152 540 2321 604 Atque
2353 539 2465 589 lia-c
2492 540 2557 591 (le
2581 554 2885 593 succes~ore
2913 546 3077 594 sancti
3108 545 3366 596 Ambrosii
3392 545 3588 598 dixisse
3616 557 3703 598 sat

2148 635 2284 689 esto,
2315 629 2439 692 quin
2470 636 2642 678 tamen
2670 642 2907 681 asserere
2938 630 3194 693 possimus
3220 646 3343 682 num
3387 633 3523 685 inter
3562 632 3700 683 San-

2148 720 2289 764 ctum
2322 724 2557 766 nostrum
2587 723 2640 766 et
2669 717 2951 782 Angarium
2995 717 3181 783 aliquis
3221 716 3376 771 fuerit
3414 721 3700 786 episc0pus

2148 800 2372 852 medius.

2215 884 2303 937 52.
2346 885 2567 938 Sanctus
2606 888 2932 951 Ambrosius,
2973 887 3192 942 dimisso
3227 890 3549 956 episcopatu,
3577 892 3697 944 sive

2146 971 2371 1032 occulte,
2401 980 2455 1022 ut
2477 972 2703 1024 insinuat
2726 972 2855 1025 Vitae
2880 974 2993 1038 ejus
3020 975 3229 1028 brevior
3254 977 3354 1029 bis.
3383 991 3414 1029 e
3442 979 3695 1031 lectiona-

2147 1058 2226 1111 rio
2262 1057 2557 1112 Cadurcino
2594 1068 2829 1112 extracta
2871 1062 2974 1127 (f),
3020 1062 3152 1125 sive,
3196 1063 3332 1131 quod
3375 1064 3695 1130 probabilius

2147 1154 2228 1198 est
2273 1161 2365 1212 pro
2413 1156 2505 1198 sua
2554 1146 2605 1197 in
2637 1146 2925 1200 Ecclesiam
2970 1162 3116 1201 suam
3167 1150 3510 1217 providentia.
3555 1165 3689 1216 pm-

2147 1233 2345 1287 monito
2383 1232 2546 1297 clero,
2580 1241 2638 1286 ut
2667 1236 2825 1287 alium
2855 1235 2969 1302 ejus
3001 1234 3115 1289 loco
3156 1237 3450 1301 pontilicem
3488 1238 3690 1304 eligere

2148 1329 2346 1387 posset,
2376 1321 2638 1385 prolectus
2665 1330 2749 1374 est
2777 1323 2992 1375 Romam
3017 1324 3079 1376 ad
3107 1314 3359 1375 visitandi
3389 1334 3689 1377 sanctorum

2147 1410 2515 1477 Apostolorum
2565 1410 2762 1463 limina.
2805 1410 3003 1464 Auctor
3042 1410 3173 1463 Vitae
3217 1411 3490 1477 brevioris,
3533 1413 3691 1477 paulo

2146 1500 2392 1565 superius
2421 1500 2614 1562 citatas,
2647 1500 2773 1554 dicit
2797 1499 3044 1554 Sanctum
3085 1512 3317 1556 nostrum
3356 1500 3630 1553 invitatum
3659 1516 3688 1553 a

2146 1586 2291 1640 clero
2319 1596 2373 1641 et
2410 1589 2601 1654 pupulo
2642 1596 2700 1639 ut
2738 1589 2995 1653 pastorale
3029 1586 3255 1640 ofﬁcium
3298 1587 3484 1639 iterum
3533 1601 3703 1654 (θρα-ί

501 1680 638 1731 Λουῑ
665 1675 859 1728 dictum
890 1683 1002 1739 est,
1032 1672 1252 1726 Romam
1281 1661 1569 1740 repedavit.
1607 1692 1626 1724 ο
1664 1675 1742 1726 Ex
1781 1675 1876 1727 hac
1917 1690 2039 1728 nar-
2069 1661 2119 1719 Β
2147 1684 2345 1740 sceret,
2374 1675 2536 1728 luisse
2569 1692 2588 1726 ι
2611 1684 2879 1728 causatum
2906 1674 3045 1742 quod
3075 1674 3216 1740 prius
3248 1683 3420 1726 votum
3451 1674 3551 1727 sibi
3578 1676 3688 1727 sol-

500 1769 705 1821 ratiune
732 1774 950 1835 apparet
988 1765 1277 1818 fabulosum
1316 1778 1437 1817 esse
1474 1764 1840 1817 documentum
1880 1764 2043 1817 Ania-

500 1866 668 1907 nenae
707 1861 759 1904 ct
790 1849 1004 1917 proinde
1044 1850 1187 1902 nullo
1228 1850 1527 1901 testimonio
1562 1850 1656 1902 niti
1684 1852 2042 1916 episcopatum

501 1939 730 2007 Aymati,
758 1938 825 1990 de
849 1951 951 2006 quo
981 1936 1085 2004 agit
1115 1934 1402 1988 Gulielmus
1428 1938 1493 1986 de
1519 1936 1566 1987 la
1596 1935 1748 1989 Croix
1779 1936 1878 2004 (α).

570 2026 658 2078 Si.
701 2025 910 2092 Ignotus
940 2023 1113 2088 itaque
1142 2022 1393 2074 dicendus
1423 2021 1504 2073 est
1537 2021 1816 2086 episc0pus
1846 2020 2045 2074 Cadur-

500 2112 699 2177 censis,
746 2112 834 2178 qui
886 2120 1068 2162 Sancto
1110 2107 1389 2160 Ambrosio
1436 2110 1485 2159 in
1530 2107 1863 2161 solitudinem
1892 2122 2045 2162 sece-

502 2201 644 2253 denti
676 2199 929 2251 successit
958 2216 971 2250 :
1021 2197 1116 2249 nisi
1146 2196 1301 2249 fuerit
1328 2197 1585 2261 Angarius
1611 2197 1766 2249 etiam
1805 2197 2044 2264 Agarnus

497 2286 580 2339 vel
612 2287 868 2337 Awarnus
899 2283 1209 2347 appellatus.
1254 2281 1301 2333 ls
1338 2289 1481 2333 certe
1514 2280 1624 2348 jam
1650 2282 1870 2335 sedebat
1907 2296 2046 2335 anno

498 2374 735 2428 secundo
762 2372 904 2437 regni
933 2368 1226 2435 Ludovici,
1259 2368 1428 2422 Caroli
1458 2368 1625 2436 Magni
1656 2370 1747 2423 lilii
1790 2371 1841 2424 in
1885 2372 2045 2440 Aqui-

499 2463 665 2526 tania,
711 2461 761 2513 id
808 2470 909 2521 est,
956 2473 1094 2509 anno
1137 2457 1331 2510 Christi
1371 2456 1492 2521 785,
1545 2467 1601 2510 ιιι
1641 2460 1820 2513 videre
1866 2473 1947 2515 est
1993 2462 2043 2515 in

496 2552 778 2605 Mabillonii
810 2548 1122 2609 Annalibus,
1164 2549 1253 2601 lib.
1290 2563 1409 2611 xxv,
1449 2548 1475 2617 §
1505 2563 1663 2602 χχιιι
1692 2551 1791 2619 (b).
1828 2551 2048 2604 Constat

502 2639 602 2691 hoc
629 2652 691 2691 ex
722 2636 1011 2701 diplomate
1040 2634 1277 2701 Angarii,
1306 2633 1481 2685 datum
1510 2650 1643 2688 anno
1673 2650 1929 2689 nccuxm
1957 2637 2047 2688 do-

501 2726 627 2778 mini
656 2723 929 2778 Illudovici
956 2722 1172 2775 secunda
1196 2724 1322 2790 regis
1349 2721 1660 2775 Francorum
1688 2740 1705 2776 :
1735 2736 1874 2778 recte
1903 2734 2047 2780 notat

497 2813 652 2864 .lnan.
702 2810 971 2863 Mabillun.
1019 2810 1053 2860 1.
1098 2809 1472 2876 olli-gendum
1513 2822 1630 2863 esse
1670 2824 1765 2876 pro
1805 2810 1908 2863 772
1954 2825 2048 2863 an-

498 2916 625 2953 num
672 2898 793 2963 785,
842 2898 928 2963 qui
975 2906 1118 2950 recte
1168 2898 1431 2949 concurrit
1472 2911 1590 2950 cum
1634 2911 1770 2951 anno
1815 2898 2047 2951 secundo

507 2988 652 3053 regni
679 2952 926 3040 Ludovici
955 2985 1027 3037 Pii
1056 2986 1109 3037 in
1138 2983 1435 3050 Aquitania,
1460 2993 1514 3036 ut
1536 2995 1655 3050 pote
1676 2986 1762 3052 qui
1782 2999 1922 3039 anno
1945 2985 2043 3039 781
2075 2952 2120 3012 C

504 3075 573 3127 ab
603 3074 828 3126 Adriano
869 3086 998 3139 papa
1043 3085 1133 3123 rex
1177 3071 1467 3134 Aquitania:
1508 3082 1691 3123 unctus
1722 3079 1802 3123 est
1846 3072 2047 3137 Rome,

504 3163 569 3215 ut
605 3162 795 3213 habent
842 3159 1073 3213 Annales
1116 3156 1382 3210 Metenses
1424 3156 1515 3225 (ε).
1564 3159 1824 3226 Angarius
1868 3158 2048 3225 igitur,

502 3263 643 3302 anno
669 3246 770 3300 783
805 3245 915 3319 jam
954 3232 1303 3320 Cadu‘rcensis
1340 3244 1649 3311 episcopus,
1692 3245 1828 3296 vixit
1867 3245 2050 3297 saltem

504 3352 674 3405 usque
720 3334 785 3388 ad
827 3316 1019 3385 annum
1059 3346 1146 3384 xix
1196 3316 1376 3382 saeculi
1422 3331 1567 3393 noni,
1619 3331 1691 3383 uti
1736 3340 1943 3384 constat
1987 3346 2054 3385 ex

507 3427 806 3481 membrana
837 3423 1058 3475 abbatis:
1085 3419 1401 3487 Figiaeensis
1428 3420 1494 3472 de
1525 3425 1911 3487 permutatione
1935 3420 2049 3474 cel-

510 3514 627 3568 Inlue
648 3513 867 3566 Jonante
889 3512 1024 3563 inter
1045 3510 1329 3575 Angarium
1358 3509 1662 3575 episcopum
1691 3518 1744 3563 et
1773 3510 2051 3575 Pippinum

506 3604 800 3671 Aquitania:
848 3615 1056 3668 regem;
1106 3599 1254 3663 cujus
1300 3598 1596 3665 diplomatis
1648 3597 1762 3649 hate
1805 3606 1887 3650 est
1930 3598 2054 3651 sub-

510 3692 763 3758 scriptio:
803 3706 821 3739 t
855 3688 1041 3740 Datum
1083 3700 1133 3738 tv
1177 3684 1293 3736 Kal.
1339 3683 1515 3745 Junii,
1564 3698 1701 3735 anno
1747 3698 1797 3735 vt
1850 3682 2055 3747 imperii

510 3779 755 3834 Ludovici
783 3787 837 3831 et
862 3792 931 3828 vr-
968 3776 1111 3841 regni
1143 3772 1307 3825 nostri
1336 3770 1434 3839 (ά).
1474 3789 1492 3820 ι
1525 3772 1655 3823 Cum
1697 3786 1853 3824 nemo
1879 3770 1947 3823 sit
1977 3771 2056 3822 in-

509 3881 592 3921 ter
619 3867 875 3925 eruditos,
914 3863 1002 3929 qui
1032 3861 1397 3913 auctoritatem
1443 3859 1597 3925 hujus
1639 3860 1836 3913 charta:
1877 3868 2052 3927 neget,

510 3972 611 4011 una
658 3955 828 4008 solum
879 3938 1123 4019 superest
1173 3948 1483 4011 difﬁcultas,
1538 3948 1801 4016 quomodo
1854 3950 2059 4001 scilicet

507 4059 675 4099 annus
721 4058 771 4096 vt
824 4042 1065 4094 Ludovici
1117 4038 1191 4091 Pii
1238 4038 1568 4105 imperatoris
1612 4045 1891 4090 concurrat
1936 4052 2055 4090 cum

507 4149 649 4188 anno
676 4147 746 4184 vtt
787 4131 932 4196 regni
974 4130 1176 4197 Pippini
1214 4128 1328 4194 ejus
1366 4126 1453 4179 ﬁlii
1489 4126 1539 4178 in
1583 4126 1892 4191 Aquitania;
1936 4141 2056 4177 nam

517 4222 765 4289 Pippinns
803 4232 1018 4285 regnum
1057 4230 1209 4268 orsus
1247 4213 1455 4266 videtur
1493 4222 1611 4278 post
1647 4212 1909 4265 Kalendas
1946 4212 2053 4265 Ne—

511 4308 741 4362 vembris
771 4306 890 4357 anni
928 4302 1120 4356 Christi
1159 4301 1281 4363 8H,
1321 4310 1377 4351 ut
1418 4300 1598 4365 probat
1636 4298 1799 4349 Mansi
1840 4307 1959 4348 nota
2001 4299 2051 4349 in

511 4399 758 4451 tlriticam
791 4394 934 4461 Pagii
964 4394 1025 4443 ad
1058 4406 1248 4443 annum
1277 4390 1398 4451 8.38,
1435 4388 1460 4455 ᾗ
1491 4403 1505 4439 t
1534 4403 1546 4438 :
1579 4386 1785 4438 aliunde
1810 4402 1933 4437 vero
1960 4388 2053 4437 ha-

516 4487 698 4537 bemus
727 4482 996 4535 exordium
1027 4479 1227 4544 imperii
1263 4476 1505 4527 Ludovici
1547 4473 1624 4525 Pii
1662 4475 1777 4526 duci
1806 4491 1833 4525 a
1860 4474 2055 4526 Kalen-

518 4574 599 4625 dis
641 4573 825 4625 saltcm
871 4569 989 4621 Maii
1032 4566 1267 4631 ejusdem
1315 4565 1457 4615 anni.
1509 4563 1667 4628 Igitur
1705 4576 1883 4615 mense
1923 4563 2058 4615 Maio

520 4662 849 4728 praecedebat
895 4671 997 4709 uno
1035 4667 1172 4717 anno
1216 4652 1505 4705 Ludovicus
1537 4653 1809 4719 Pippinum
1842 4667 1854 4701 :
1892 4665 2057 4718 quare

511 4750 750 4802 Cointius
795 4747 863 4814 (c)
907 4745 1094 4797 merito
1136 4742 1427 4807 suspicatur
1470 4759 1489 4790 t
1538 4752 1854 4806 permutatas
1900 4740 2061 4793 fuisse

521 4848 668 4889 notas
698 4832 1115 4898 chronologicas,
1149 4838 1199 4881 ct
1244 4842 1430 4894 annos,
1468 4829 1716 4880 Ludovici
1756 4830 2058 4895 septimum,

520 4923 723 4991 Pippini
752 4920 887 4984 regis
916 4928 1117 4971 sextum
1140 4959 1153 4980 ,
1198 4917 1443 4983 legendos
1472 4932 1616 4979 esse;
1655 4937 1671 4966 ι
1709 4912 1957 4983 qno'casu
1985 4918 2063 4969 di-

519 5012 717 5066 cendus
768 5017 909 5061 esset
954 5008 1221 5074 Augurius
1257 5007 1435 5059 sedem
1480 5008 1860 5060 Cadurcensem
1910 5019 2062 5059 occu-

589 5142 663 5221 (va)
702 5139 813 5193 Cir.
850 5141 1020 5192 Coint.
1055 5139 1241 5190 Annal.
1274 5137 1387 5204 Fr.,
1417 5152 1506 5191 an.
1542 5136 1663 5199 805,
1697 5136 1723 5205 §
1758 5152 1831 5200 at,
1868 5146 1902 5188 t.
1942 5137 2061 5201 VII,

519 5214 760 5341 "(fil
794 5274 832 5325 11
862 5273 1049 5325 Annal.
1083 5274 1298 5327 Rened..
1334 5290 1381 5339 p.
1411 5273 1536 5325 249.

592 5347 661 5408 (ι’)
705 5344 799 5405 Ap.
838 5343 896 5392 υ.
934 5343 1180 5405 Βουψιρι,
1217 5352 1251 5391 ι.
1292 5341 1351 5404 ν,
1383 5358 1433 5407 p.
1466 5340 1589 5393 545.

596 5413 674 5474 (d)
716 5410 959 5461 Cttlieltn.
1008 5411 1070 5460 de
1114 5413 1156 5460 la
1198 5410 1391 5472 Croix,
1438 5410 1554 5461 Scr.
1609 5408 1779 5475 Eplal‘.
1813 5409 2060 5473 Cadttrci,

521 5494 574 5546 p.
608 5478 691 5528 43.

2146 1760 2374 1817 vendum
2405 1764 2575 1828 foret,
2614 1782 2632 1814 ι
2666 1764 2907 1817 visitandi
2947 1763 3147 1815 scilicet
3184 1761 3359 1814 limina
3389 1773 3687 1815 sanctorum

2144 1852 2539 1919 Apostolorum,
2569 1861 2726 1918 atque
2756 1850 2805 1903 in
2837 1851 3002 1903 reditu
3026 1850 3079 1902 in
3121 1851 3342 1916 patriam
3372 1851 3580 1902 obiisse.
3621 1854 3693 1903 De

2148 1940 2451 2007 huiusmodi
2481 1946 2606 1992 voto
2632 1939 2761 1992 nihil
2790 1938 2948 1991 habet
2972 1936 3087 1990 Vita
3116 1935 3247 1990 infra
3283 1938 3480 1991 edenda
3514 1956 3527 1989 :
3557 1940 3691 1990 sim-

2145 2025 2349 2092 pliciter
2388 2026 2440 2079 in
2477 2040 2538 2079 ea
2574 2026 2769 2079 dicitur
2806 2035 3015 2078 sanctus
3056 2025 3386 2089 Ambrosius,
3449 2038 3695 2079 recusato

2144 2115 2469 2180 episcopatu,
2500 2114 2587 2180 qui
2620 2112 2691 2167 illi
2716 2111 3055 2174 atterebatur,
3088 2112 3305 2165 Romam
3335 2113 3527 2166 abiisse
3554 2131 3567 2164 :
3598 2112 3693 2165 ad-

2146 2200 2226 2253 dit
2255 2203 2591 2259 nihilominus
2619 2203 2717 2256 Ma.
2758 2201 2951 2269 regina:
2977 2201 3180 2254 Sueciae
3222 2202 3321 2268 (g),
3362 2200 3694 2266 respondisse

2145 2288 2394 2355 episcopo
2431 2287 2724 2341 successori
2757 2304 2770 2338 :
2806 2305 2825 2336 ι
2857 2286 2955 2351 Τυ,
2984 2286 3144 2339 frater
3174 2289 3513 2349 charissime,
3544 2288 3688 2340 sede-

2148 2379 2227 2430 bis
2258 2378 2309 2431 in
2345 2378 2520 2432 locum
2554 2386 2722 2430 tuum.
2754 2377 2863 2443 Ego
2895 2386 3069 2429 autem
3097 2376 3280 2429 vadam
3313 2376 3487 2428 Rumze
3520 2377 3571 2428 in
3601 2391 3695 2428 no-

2148 2467 2290 2519 mine
2333 2464 2541 2517 Domini
2583 2464 2689 2517 mei
2733 2450 2859 2517 Jesu
2902 2462 3131 2525 Christi;
3177 2464 3221 2515 si
3271 2476 3395 2516 vero
3443 2464 3694 2528 placuerit

2149 2554 2373 2607 Domino
2402 2568 2542 2617 meo,
2571 2554 2838 2621 regrediar
2866 2552 2967 2606 huc
2993 2571 3007 2606 :
3039 2555 3120 2606 sin
3147 2564 3355 2617 autem,
3402 2562 3453 2604 tu
3486 2554 3696 2619 posside

2148 2646 2326 2696 omnia
2356 2660 2367 2694 :
2398 2657 2531 2710 opus
2556 2644 2636 2694 lac
2667 2623 3021 2706 evangelista),
3050 2641 3399 2694 ministerium
3427 2649 3567 2691 tuum
3596 2641 3693 2692 im-

2149 2730 2256 2798 ple,
2300 2730 2507 2781 sobrius
2532 2737 2666 2780 esto.
2702 2746 2720 2777 ι
2754 2727 2970 2780 Videtur
3015 2727 3170 2793 igitur
3213 2727 3454 2787 Sanctus,
3495 2728 3699 2779 solutus

2148 2831 2360 2870 carcere
2392 2815 2710 2878 voluntario,
2740 2813 2959 2867 Romam
2991 2813 3183 2865 abiisse
3222 2828 3323 2864 non
3348 2812 3533 2863 solum
3579 2827 3697 2863 ora-

2152 2907 2336 2967 tionis,
2371 2905 2461 2956 sed
2491 2904 2647 2957 etiam
2676 2902 3074 2955 consultationis
3109 2912 3264 2953 causa
3294 2916 3307 2950 :
3340 2915 3460 2952 nunt
3494 2900 3700 2952 scilicet

2152 3008 2287 3046 onus
2334 2992 2601 3059 pastorale
2651 2992 2839 3044 iterum
2882 2989 3205 3053 subeundum
3249 2989 3348 3041 sibi
3392 2997 3554 3051 esset,
3608 2998 3698 3040 aut

2152 3080 2253 3133 alia
2284 3081 2383 3132 sibi
2422 3079 2701 3145 quaerenda
2745 3077 2882 3130 foret
2919 3076 3165 3129 solitudo.
3206 3074 3260 3129 Si
3291 3074 3418 3128 lldes
3452 3074 3696 3127 adhiberi

2152 3178 2326 3236 poteSt
2371 3179 2477 3219 tum
2523 3166 2813 3221 Sanctorali
2840 3165 3186 3224 Cadurcensi,
3217 3165 3353 3231 apud
3390 3163 3509 3217 Gul.
3553 3164 3621 3216 de
3649 3163 3699 3215 la

2151 3242 2307 3311 C‘roix
2345 3255 2446 3324 (ιι),
2489 3267 2597 3307 tum
2620 3256 2739 3307 vice
2778 3255 3007 3307 breviori
3048 3253 3358 3306 Lectionarii
3392 3250 3700 3313 Cadurcini,

2155 3354 2371 3397 sanctus
2400 3343 2667 3410 profectus
2696 3351 2776 3394 est
2807 3342 3020 3394 Romam
3044 3380 3059 3401 ,
3090 3354 3150 3393 ea
3179 3350 3391 3401 mente,
3428 3350 3486 3390 ut
3515 3346 3702 3404 postea

2154 3433 2450 3485 Cadurcum
2499 3440 2898 3485 reverteretur:
2939 3429 3245 3482 Sanctorale
3288 3428 3485 3479 habet:
3533 3444 3555 3477 t
3596 3427 3704 3493 Ego

2153 3534 2278 3573 vero
2322 3519 2537 3571 Romam
2587 3519 2694 3580 ibo,
2743 3518 3020 3583 liminaque
3062 3517 3414 3583 apostolorum
3458 3513 3607 3567 Petri
3654 3523 3708 3567 et

2156 3606 2303 3659 Pauli
2344 3604 2601 3666 visitabo;
2634 3604 2773 3669 quod
2813 3603 2858 3655 si
2908 3603 3044 3655 Deus
3083 3602 3185 3654 huc
3221 3617 3304 3654 me
3350 3600 3547 3653 reverti
3591 3614 3707 3665 per-

2156 3694 2385 3758 miserit,
2435 3691 2573 3759 qund
2625 3691 2879 3753 voluerit,
2929 3700 3121 3757 praesto
3168 3704 3282 3743 sum
3327 3689 3642 3754 adimplere.
3680 3703 3701 3736 ι

2157 3781 2425 3850 Liquidius
2466 3781 2621 3833 habet
2661 3780 3038 3832 Lectionarium
3068 3779 3180 3846 (2'):
3239 3795 3257 3828 ι
3294 3779 3370 3831 Ad
3409 3779 3707 3845 apostolica

2158 3870 2337 3921 limina
2366 3869 2585 3921 Romam
2621 3868 2875 3933 perrexit,
2906 3877 3012 3919 tum
3038 3865 3302 3919 basilicam
3333 3867 3469 3919 beati
3494 3864 3709 3918 Martini

2158 3958 2512 4021 Turonensis,
2538 3957 2629 4008 sed
2661 3957 2712 4008 in
2743 3954 2910 4008 reditu
2940 3955 2992 4007 in
3022 3955 3237 4021 patriam
3268 3954 3534 4006 occubuit.
3576 3971 3596 4005 ι
3634 3953 3707 4005 Ex

2162 4046 2243 4096 bis
2280 4051 2498 4111 apparet
2537 4042 2784 4096 Sanctum
2824 4043 2994 4107 reipsa
3035 4042 3261 4093 voluisse
3298 4041 3467 4092 redire
3498 4039 3710 4092 Cadur-

2160 4147 2301 4198 cum,
2334 4141 2389 4183 ut
2418 4145 2483 4183 ex
2527 4130 2748 4183 consilio
2796 4127 3011 4180 Romani
3055 4126 3337 4192 Pontilicis,
3387 4136 3481 4178 aut
3531 4125 3709 4191 pepuli

2160 4224 2238 4273 sui
2288 4222 2521 4286 regimen
2572 4219 2758 4271 iterum
2813 4224 3130 4279 assumeret,
3181 4225 3273 4268 aut
3318 4216 3370 4267 in
3418 4215 3713 4268 Solitudine

2160 4308 2380 4361 orationi
2430 4315 2484 4360 et
2526 4303 2847 4373 ρωιιὶιειιιίεε
2892 4302 3150 4369 reliquum
3194 4301 3313 4354 vitae.
3355 4309 3573 4369 tempus
3614 4301 3714 4355 im-

2160 4397 2426 4463 penderet.

2229 4486 2315 4537 35.
2337 4483 2583 4537 Solemne
2608 4490 2720 4535 erat
2741 4470 3049 4535 Christianis
3076 4479 3334 4541 omnibus,
3358 4478 3453 4531 sed
3480 4492 3712 4545 praesu-

2163 4574 2254 4625 tim
2287 4573 2636 4640 presbyteris,
2665 4571 2926 4638 episcOpis
2964 4576 3122 4638 atque
3160 4570 3223 4621 iis
3251 4570 3409 4622 etiam
3442 4569 3544 4636 qui
3588 4583 3713 4623 aan-

2160 4660 2347 4712 etioris
2396 4660 2516 4711 vitae
2579 4659 2842 4711 desiderio
2883 4658 3233 4719 tenebantur,
3288 4656 3517 4709 visitare
3574 4669 3716 4711 sacra

2164 4746 2340 4798 limina
2388 4746 2792 4810 Apostolorum,
2826 4754 2933 4796 tum
2973 4750 3028 4795 ut
3070 4751 3366 4795 sanctorum
3413 4742 3718 4806 patrocinio

2164 4831 2558 4899 adiuvarentur,
2587 4838 2698 4882 tum
2728 4831 2887 4883 etiam
2924 4839 2983 4882 ut
3026 4830 3241 4883 Romani
3280 4826 3570 4882 Pontificis
3595 4844 3717 4883 cou-

2163 4920 2293 4971 siliis
2344 4928 2670 4985 regerentur.
2718 4918 2875 4970 Multa
2925 4917 3073 4971 nobis
3118 4916 3357 4983 exempla
3405 4917 3719 4985 suppeditat

2166 4999 2476 5076 antiquitas.
2520 5009 2776 5061 Incertum
2827 5021 2987 5075 porro
3034 5013 3117 5060 est
3161 5017 3410 5074 quantum
3456 5004 3716 5074 temporis

2238 5141 2309 5208 (ε)
2348 5140 2485 5194 Ann.
2519 5139 2708 5201 Franc.
2734 5153 2822 5208 an.
2853 5137 2972 5197 820.
3006 5138 3033 5206 ᾗ
3064 5149 3226 5208 κῃτιι.
3251 5133 3441 5208 t_._Vlj,
3472 5149 3531 5202 ρ.
3564 5132 3690 5190 533.

2234 5201 2308 5275 (γ’)
2349 5208 2446 5259 Ms.
2480 5208 2611 5259 Bibl.
2641 5223 2746 5275 reg.
2774 5207 2959 5269 Brux.,
2984 5201 3037 5258 εἰ
3066 5204 3222 5266 80H,
3254 5202 3343 5255 fol.
3373 5201 3471 5256 εἰ.

2236 5274 2312 5343 (g)
2344 5280 2534 5326 Annot.
2561 5276 2624 5326 ad
2651 5274 2756 5343 Vit.

2238 5337 2314 5410 (7t)
2336 5344 2451 5394 Ser.
2486 5344 2657 5406 Episc.
2692 5340 2943 5410 Cadurc.,
2978 5355 3029 5404 p.
3056 5337 3143 5391 ‘56.

2171 5405 2472 5529 nll("lix)'ell.lect.
2526 5410 2773 5478 Moysiac.
2824 5408 2919 5460 Ms.
2950 5411 3069 5461 sub.
3115 5424 3172 5458 n.
3219 5405 3378 5459 80H.
3427 5407 3576 5463 Bibl.
3618 5420 3723 5476 res.

2174 5481 2399 5529 .“ruxell.
