3910 6234
214 310 329 364 ηεξ)

1117 300 1384 354 ΝΟΤΙἨᾹ
1429 296 1777 351 lllSTOlilC.\
1826 293 1885 345 IN
1928 294 1983 343 Β.
2028 290 2438 345 Αδιιιῐιυδιωι.

3274 281 3407 337 19.50

209 419 509 487 impenderit
554 425 764 471 sanctus
792 414 1100 469 Ambrosius
1137 426 1315 467 noster
1350 427 1459 466 sua:
1492 412 1741 464 Romana:
1776 411 1812 467 Α
1849 408 2159 468 Briqueville
2207 407 2403 459 editum
2434 405 2531 471 (bl.
2579 413 2820 457 auctores
2870 400 3110 455 Historia:
3159 400 3410 453 Ecclesizo

211 509 648 579 peregrinationi:
680 522 799 561 cum
847 515 1022 558 tamen
1072 521 1174 557 non
1226 505 1464 556 videatur
1516 502 1746 555 voluisse

206 602 375 653 ilomre
403 612 732 665 permanere,
756 606 809 663 et
831 596 880 648 in
911 594 1080 647 reditu
1122 595 1418 647 visitaverit
1445 594 1744 659 sepulcrum

205 689 360 743 sancti
399 685 976 745 MartiuiTurenensis,
1022 684 1151 736 nihil
1197 693 1294 735 nos
1345 693 1484 749 cogit
1530 690 1587 733 ut
1632 681 1747 747 plus

203 792 351 845 quam
392 778 663 830 biennium
710 776 834 828 huic
876 774 1286 841 peregrinationi
1320 771 1634 825 tribuamus.
1689 770 1744 824 Si

202 870 367 931 itaque
392 876 538 920 certo
566 868 822 919 sciremus
860 880 963 931 quo
1005 866 1214 916 circiter
1246 873 1483 929 tempore
1524 862 1746 915 Sanctus

202 957 580 1009 Cadurcensem
606 969 754 1007 suam
786 954 1123 1005 solitudinem
1147 950 1439 1019 reliquerit,
1469 967 1569 1002 non
1595 950 1747 1002 valde

200 1040 405 1095 difficile
456 1040 594 1093 foret
640 1051 845 1103 tempus
893 1039 1079 1090 mortis
1129 1040 1327 1091 certius
1382 1040 1562 1101 figere.
1610 1036 1745 1087 Nihil

204 1140 368 1181 tamen
397 1126 637 1195 impedit,
678 1126 848 1179 donec
892 1126 1080 1177 tutiora
1122 1126 1311 1177 sectari
1346 1124 1628 1191 possimus,
1661 1136 1747 1175 se-

199 1216 485 1271 cessionem
527 1216 707 1271 Sancti
754 1215 897 1268 circa
938 1228 1133 1267 annum
1186 1212 1380 1265 Christi
1428 1212 1531 1263 765
1564 1211 1743 1279 ﬁgere,

199 1306 403 1375 quando
426 1304 712 1359 Waifarius
765 1304 996 1357 maxime
1047 1304 1099 1355 in
1148 1304 1404 1356 ecclesias
1451 1300 1746 1369 Aquitania:

199 1394 615 1447 debacchabatur
646 1408 659 1443 :
694 1406 811 1446 cum
839 1393 980 1445 enim
1022 1392 1323 1460 bujusmodi
1350 1393 1746 1458 persecutiones

199 1484 415 1538 Sanctus
444 1496 549 1536 non
574 1480 811 1547 objiciat,
838 1481 1119 1548 quominus
1157 1478 1220 1533 ad
1253 1480 1437 1532 sedem
1483 1493 1632 1534 suam
1664 1492 1748 1532 re-

196 1571 343 1634 deat;
376 1578 519 1623 recte
567 1567 749 1622 inferri
800 1577 991 1635 potesr,
1022 1568 1137 1634 ejus
1161 1570 1363 1622 exitum
1411 1584 1477 1621 ex
1521 1582 1745 1621 caverna

200 1668 313 1729 post
350 1670 576 1712 mortem
601 1655 839 1710 Waifarii
889 1671 982 1711 seu
1035 1666 1151 1723 post
1192 1672 1387 1710 annum
1418 1658 1615 1710 Christi
1643 1656 1745 1709 768

1851 496 2134 548 Callicanm
2184 496 2280 561 (ε),
2329 506 2379 546 et
2444 495 2617 546 Butler
2664 496 2727 546 ad
2785 508 2865 546 xvt
2921 493 3183 545 Oetohris.
3237 491 3410 544 Multae

1847 596 1969 637 sunt
2018 587 2249 653 profecto
2305 584 2806 651 auctoritates'qtne
2852 597 2960 636 rem
3010 582 3321 641 suaderent,
3365 580 3409 631 si

1850 676 2039 729 idoneo
2067 676 2408 727 fundamento
2439 679 2733 728 niterentur
2760 693 2770 726 :
2809 688 2989 726 verum
3015 672 3139 723 nihil
3170 672 3235 722 de
3266 686 3408 722 mora

1846 766 2014 817 sancti
2045 765 2308 817 Ambrosii
2336 765 2384 816 in
2420 780 2552 832 pago
2585 764 2874 816 ilituricino
2896 765 3088 814 habent
3116 761 3414 827 antiquiora

1848 861 2183 906 monumenti
2213 893 2226 914 ,
2271 855 2314 907 si
2364 854 2601 907 fortttssis
2664 855 2987 907 llreviarium
3064 851 3412 913 liituricensc,

1845 944 1981 1005 quod
2012 944 2388 993 rettulissimum
2406 944 2630 1008 appellat
2652 944 2786 995 Phil.
2812 943 2987 996 Labhc
3013 945 3061 995 in
3091 942 3411 995 Bibliotheca

1847 1029 2319 1095 Manuscripturum
2371 1031 2468 1099 (Δ),
2523 1034 2795 1095 excipias:
2837 1032 2961 1085 dicit
3012 1032 3196 1084 cuitu:
3236 1049 3252 1081 ι
3292 1031 3415 1084 Post

1846 1117 2054 1184 aliquod
2097 1130 2271 1171 autem
2315 1129 2520 1186 tempus
2562 1120 2741 1174 Romae
2785 1122 3032 1186 rediens,
3076 1133 3129 1175 et
3177 1122 3226 1175 in
3281 1134 3418 1191 pago

1847 1207 2086 1261 Biturico
2137 1209 2186 1261 in
2238 1210 2354 1263 vico
2411 1212 2688 1264 Arnotensi
2762 1227 2960 1269 moram
3030 1213 3264 1275 faciens,
3321 1225 3415 1276 per

1848 1298 2039 1352 multas
2100 1300 2461 1353 tribttiationes
2527 1312 2887 1368 expurgatus,
2940 1303 3225 1370 gloriosum
3300 1300 3407 1353 Deo

1846 1387 2083 1451 spiritqu
2111 1388 2334 1439 reddidit
2360 1406 2371 1439 :
2404 1407 2421 1438 ι
2454 1390 2689 1454 quamvis
2718 1390 2829 1441 haec
2852 1406 2991 1441 mora
3018 1389 3266 1454 explicari
3287 1401 3410 1456 pos-

1848 1479 1917 1527 sit
1939 1475 2005 1527 de
2033 1476 2216 1528 morbo
2242 1491 2512 1543 supremo,
2561 1479 2646 1545 qui
2695 1479 2866 1545 coegit
2909 1494 3026 1529 eum
3058 1477 3320 1530 demorari
3353 1475 3406 1527 in

1850 1573 2067 1635 prtefato
2116 1584 2268 1637 pago.
2320 1569 2517 1623 Deinde
2566 1572 2666 1624 hoc
2726 1572 3047 1624 Breviarium
3100 1569 3411 1637 antiquitate

1850 1658 2065 1711 inferius
2095 1668 2175 1710 est
2218 1656 2330 1711 Vita
2363 1656 2497 1711 infra
2542 1659 2768 1723 edenda,
2820 1677 2886 1726 qn
2923 1688 2936 1712 λ
2990 1658 3114 1711 Satis
3157 1658 3412 1724 insinuat,

196 1728 443 1804 accidisse
475 1765 488 1800 :
518 1762 550 1801 a
584 1761 689 1816 quo
719 1761 811 1813 per
843 1746 1125 1800 triennium
1163 1746 1462 1800 solitudinis-
1504 1756 1742 1798 retroce-
1775 1728 1820 1785 Β
1850 1761 1966 1798 meo
1992 1746 2216 1815 judicio,
2269 1750 2516 1801 Sanctum
2561 1749 2759 1802 nullam
2805 1763 3004 1800 moram
3061 1748 3271 1801 trahere
3316 1762 3410 1799 Vo-

196 1838 361 1891 dendo
398 1837 463 1890 ad
498 1851 695 1889 annum
725 1836 831 1890 765
862 1835 1193 1888 devenimus.
1228 1836 1449 1887 iiomam
1482 1833 1745 1902 profectus

200 1938 408 1983 sanctus
450 1928 764 1982 Ambrosius
780 1928 855 1981 ad
898 1926 1159 1980 visitanda
1183 1935 1489 1981 sanctorum
1521 1925 1748 1992 Aposto-

194 2019 353 2071 lorum
400 2018 597 2080 limina,
642 2016 849 2070 videtur
886 2015 1116 2069 voluisse
1155 2015 1278 2069 dein
1319 2012 1615 2067 Cadurcum
1661 2028 1743 2066 re-

194 2106 503 2177 verti.’Nam
533 2106 739 2159 oblatas
768 2104 1097 2172 episcopales
1124 2103 1318 2157 infulas
1350 2105 1421 2156 ita
1467 2112 1747 2169 acceptare

194 2198 383 2260 renuit,
413 2206 471 2249 ut
496 2206 670 2250 tamen
699 2196 922 2248 voluerit
950 2194 1143 2247 Sedem
1165 2193 1522 2260 Apostolicam
1551 2206 1745 2245 consu-

195 2285 328 2346 lere;
360 2286 500 2353 quod
541 2284 819 2338 manifeste
867 2284 1038 2335 innuit
1072 2282 1380 2336 Sanctorale
1408 2279 1745 2334 Cadurcense

193 2374 325 2442 apud
356 2374 473 2427 Gul.
504 2374 571 2427 de
600 2372 825 2428 la'Croix
856 2373 951 2441 (α).
981 2372 1109 2425 Cum
1141 2370 1419 2439 episcOpus
1446 2371 1520 2423 illi
1553 2371 1745 2423 subro-

193 2474 340 2532 gatus
385 2465 603 2517 dixisset
638 2482 649 2515 :
682 2480 700 2513 ι
738 2463 960 2516 Domine
994 2470 1047 2514 et
1088 2470 1263 2529 pastor
1302 2464 1459 2526 bene,
1491 2476 1591 2529 ego
1620 2460 1747 2513 licet

195 2554 440 2621 indignus
468 2554 518 2605 in
544 2553 715 2605 locum
746 2563 890 2604 tuum
914 2551 1225 2619 subrogatus
1247 2565 1362 2603 sum
1391 2567 1401 2601 ι
1434 2564 1598 2615 quare
1618 2563 1746 2615 rogo

194 2652 265 2707 te,
292 2653 559 2696 revertere
583 2642 645 2694 ad
672 2644 884 2695 domum
912 2649 1079 2703 tuam,
1111 2650 1166 2694 et
1184 2640 1365 2707 accipe
1390 2640 1589 2703 sedem,
1620 2653 1747 2705 rege

196 2733 447 2799 pupulum
493 2742 664 2791 tuum,
697 2741 855 2798 atque
892 2741 1007 2784 esto
1051 2732 1105 2784 in
1150 2731 1267 2785 loco
1294 2730 1387 2783 tibi
1430 2739 1745 2796 prazparato,

194 2821 423 2888 quandiu
456 2820 647 2873 vixeris
680 2836 694 2870 :
728 2834 826 2887 ego
867 2830 1043 2872 autem
1074 2819 1180 2871 alio
1217 2818 1538 2885 proficiscar.
1600 2817 1748 2870 Tunc

194 2908 253 2961 ad
276 2922 397 2961 eum
418 2908 725 2961 Ambrosius
744 2907 876 2960 dixit
905 2925 915 2958 :
947 2925 966 2959 ι
987 2906 1147 2975 Regat
1171 2907 1378 2959 interim
1405 2906 1539 2959 Deus
1566 2903 1748 2959 Eccle-

194 2996 323 3049 siam
350 3011 495 3049 suam
519 3006 571 3048 et
595 2995 839 3062 populum
865 3006 1039 3047 tuum»
1067 2997 1239 3063 (suum
1258 2996 1323 3061 ?).
1350 2993 1459 3061 Ego
1481 3008 1607 3046 vero
1634 2994 1746 3047 Ro-

196 3100 332 3139 mam
366 3086 469 3150 ibo,
492 3088 782 3154 liminaque
803 3088 1159 3154 apostolorum
1189 3087 1329 3139 Pctri
1360 3096 1413 3139 et
1442 3088 1589 3139 Pauli
1621 3088 1745 3139 visi-

196 3175 343 3238 tabo,
376 3176 514 3239 quod
547 3174 590 3226 si
623 3173 761 3227 Deus
787 3176 888 3227 huc
917 3190 1002 3227 me
1023 3174 1215 3227 reverti
1250 3176 1572 3241 permiserit,
1604 3174 1743 3241 quod

195 3261 439 3319 voluerit,
466 3272 661 3328 praesto
678 3277 794 3313 sum
816 3263 1105 3327 adimplere
1131 3282 1142 3314 :
1168 3263 1248 3313 sin
1274 3265 1466 3324 minus,
1494 3275 1546 3315 tu
1569 3264 1743 3317 omnia

193 3347 304 3400 hac
328 3357 470 3401 recte
498 3350 750 3415 guberna.
785 3368 803 3400 ι
847 3350 1228 3403 Lectionarium
1259 3352 1591 3405 Cadurcense
1642 3352 1741 3407 Ms.

192 3438 311 3488 sub.
333 3452 388 3488 n.
408 3435 546 3488 80M
572 3438 702 3488 Bibl.
723 3438 850 3505 Reg.
879 3441 1105 3492 Bruxeii.
1132 3441 1259 3491 dicit
1286 3458 1297 3491 :
1328 3442 1439 3491 «Ad
1457 3441 1742 3507 apostolica

195 3526 377 3578 limina
411 3526 629 3579 Romam
662 3528 913 3593 perrexit,
943 3537 1049 3580 tum
1075 3530 1346 3581 basilicam
1371 3530 1507 3582 beati
1534 3531 1741 3583 Martini

190 3613 546 3675 Turonensis;
579 3614 671 3665 sed
701 3616 749 3665 in
784 3615 951 3667 reditu
985 3618 1033 3667 in
1065 3619 1227 3683 patria
1270 3618 1512 3670 occubuit
1542 3617 1743 3669 decima

188 3688 337 3754 Sexta
369 3701 566 3754 mensis
596 3702 839 3755 Octobris
867 3704 930 3754 ad
972 3706 1247 3768 Arbotum,
1274 3707 1523 3770 Oppidum
1556 3706 1743 3758 Bituri-

189 3805 369 3843 censc.
403 3809 421 3839 ν
465 3790 577 3842 Jam
625 3791 1004 3844 insinuavimus
1049 3807 1206 3860 supra
1254 3810 1308 3846 n.
1355 3794 1417 3846 5i
1476 3794 1742 3847 laudatum

189 3877 581 3932 Lectionarium
633 3881 683 3932 in
725 3883 1039 3947 quibusdam
1090 3898 1192 3934 non
1243 3884 1569 3937 concordare
1620 3899 1741 3938 cum

186 3968 304 4019 aliis
356 3968 699 4034 scriptoribus
743 3970 829 4034 qui
875 3970 941 4023 de
980 3980 1163 4024 sancto
1185 3970 1465 4024 Ambrosio
1495 3984 1739 4041 egerunt,

188 4064 357 4120 atque
395 4055 529 4108 adeo
559 4072 663 4109 non
701 4072 910 4111 onmem
950 4060 1105 4112 fidem
1153 4063 1342 4114 mereri
1379 4081 1391 4114 :
1425 4063 1547 4117 hinc
1586 4064 1741 4131 igitur

185 4153 336 4196 certo
365 4144 606 4197 concludi
639 4161 740 4197 non
777 4157 949 4213 potest
988 4150 1160 4214 reipsa
1194 4151 1443 4204 Sanctum
1485 4152 1535 4206 in
1569 4153 1742 4206 reditu

184 4231 249 4283 ad
304 4232 573 4286 civitatem
630 4248 779 4286 suam
833 4234 1014 4300 fuisse,
1066 4239 1274 4304 quando
1320 4240 1469 4293 obiit.
1518 4242 1619 4294 Sed
1640 4242 1739 4295 alia

1847 1838 2009 1889 luisse
2041 1838 2090 1889 in
2134 1838 2248 1889 vico
2276 1837 2514 1891 Serisio:
2553 1857 2569 1888 ι
2604 1840 2745 1892 Abiit
2779 1838 3017 1899 Ruinam,
3062 1852 3413 1907 reversusque

1844 1934 1926 1976 est
1952 1924 2015 1976 ad
2049 1925 2231 1978 urbem
2280 1926 2566 1978 Bituricam
2596 1943 2606 1979 ε
2639 1941 2866 1994 cumque
2900 1927 3128 1977 Eruotro
3160 1925 3279 1977 vico
3316 1925 3412 1978 ad—

1845 2015 2099 2077 venisset,
2156 2014 2372 2083 contigit
2414 2031 2532 2070 eum
2574 2015 2810 2069 dormire
2859 2017 2907 2068 in
2954 2016 3194 2068 Domino.
3235 2034 3252 2067 ι
3280 2013 3412 2069 Cum

1846 2100 1986 2153 aliud
2020 2101 2389 2155 documentum
2416 2118 2567 2170 aeque
2606 2103 2878 2171 antiquum
2916 2117 3032 2155 sese
3062 2118 3163 2154 nou
3196 2103 3406 2169 prodat,

1846 2202 2005 2257 atque
2038 2192 2166 2245 satis
2196 2207 2378 2260 presse
2407 2198 2650 2248 auctores
2680 2208 2838 2260 supra
2878 2193 3072 2245 laudati
3101 2192 3415 2261 antiquioris

1848 2282 2003 2347 hujus
2032 2280 2163 2334 Vita:
2219 2282 2440 2351 vestigia
2483 2292 2787 2351 sequantur,
2842 2284 3263 2337 concludendum
3324 2285 3407 2336 vi-

1846 2366 1999 2425 detur
2056 2372 2435 2426 Bituricenscm
2508 2374 2977 2427 commorationem
3051 2376 3411 2442 conjecturam

1848 2463 2014 2530 magis
2038 2478 2159 2517 esse
2183 2479 2339 2533 quam
2373 2465 2680 2518 histeriam:
2714 2466 2852 2532 quod
2898 2466 3025 2519 satis
3064 2476 3185 2532 apte
3229 2467 3417 2531 prohat

1848 2552 2182 2604 Cadurcense
2239 2551 2567 2604 Breviarium
2620 2553 2771 2619 jussu
2814 2553 3086 2606 Bertrandi
3140 2554 3415 2607 DuCues-

1846 2639 1950 2692 clin
1987 2639 2219 2706 episcopi
2248 2640 2388 2691 circa
2417 2641 2642 2693 medium
2674 2642 2928 2692 saeculum
2973 2642 3233 2693 decimum
3274 2651 3419 2695 octa-

1849 2741 1974 2779 vum
2002 2727 2197 2779 editum
2226 2744 2238 2779 :
2274 2742 2393 2779 nam
2423 2742 2541 2781 cum
2573 2728 2853 2795 Pr0prium
2894 2728 3225 2782 Cadurccnse
3273 2731 3417 2785 Hen-

1846 2815 1942 2869 rici
1991 2816 2057 2869 de
2113 2816 2431 2883 Briqueviile
2478 2818 2543 2870 de
2591 2817 2637 2870 la
2687 2817 2924 2871 Luzerne
2973 2818 3022 2870 in
3077 2820 3416 2876 Lectionibus

1848 2902 2015 2969 sancti
2044 2903 2307 2956 Ambrosii
2354 2904 2575 2957 dixisset
2608 2922 2619 2955 :
2659 2922 2677 2954 ε
2717 2905 3054 2957 Postmodum
3100 2908 3235 2974 apud
3270 2908 3413 2961 Bitu-

1851 2991 1989 3058 riges
2017 2992 2237 3044 contulit
2266 3006 2407 3053 sese,
2439 3002 2493 3044 et
2520 2992 2569 3043 in
2605 3008 2736 3060 pago
2770 3002 2878 3046 tum
2912 2996 3163 3059 temporis
3192 2996 3413 3064 ignobili

1853 3078 1960 3132 fixit
1983 3080 2327 3143 domicilium,
2355 3080 2652 3147 ibidemque
2675 3083 2833 3134 vitam
2861 3083 3141 3150 gloriosam
3175 3084 3310 3137 finiit
3338 3102 3349 3136 :
3383 3102 3403 3135 ι

1847 3169 2039 3220 omissa
2070 3168 2324 3221 domicilii
2373 3170 2713 3223 Bituricensis
2761 3174 3049 3233 mentione,
3096 3174 3252 3228 habet
3284 3175 3414 3230 Bre-

1847 3258 2069 3311 viarium
2096 3256 2472 3311 Cadurcense:
2512 3278 2529 3309 (
2574 3260 2797 3313 Demum
2835 3263 2971 3330 apud
3016 3264 3270 3333 Bituriges
3312 3266 3411 3322 Se.

1846 3346 1975 3411 risii,
2009 3346 2073 3398 ad
2103 3359 2312 3399 amnem
2343 3348 2550 3412 Aruoli',
2595 3350 2744 3402 obiit.
2804 3367 2824 3402 ι
2878 3351 3053 3420 Neque
3098 3354 3147 3406 id
3191 3356 3404 3421 quidem

1848 3434 2153 3488 immerito:
2201 3436 2248 3488 si
2298 3437 2440 3487 enim
2489 3448 2605 3504 post
2632 3438 2867 3491 Wail‘arii
2920 3451 3139 3494 mortem
3194 3452 3407 3496 sanctus

1849 3522 2157 3576 Ambrosius
2189 3539 2250 3577 ex
2281 3539 2502 3578 caverna
2550 3542 2640 3578 sua
2672 3528 2990 3584 Cadurcensi
3026 3534 3235 3598 prodiit,
3264 3536 3409 3604 quod

1849 3613 2117 3678 probabile
2159 3628 2383 3667 numero
2429 3618 2687 3683 superiori
2731 3619 3084 3684 prtedixiuius,
3136 3638 3236 3675 non
3264 3639 3410 3692 ρει-δ

1845 3702 2066 3767 spicitur
2094 3704 2356 3769 quomodo
2386 3707 2521 3772 apud
2564 3707 2822 3774 Bituriges
2877 3714 3201 3767 domicilium
3245 3717 3409 3785 figere

1852 3794 2084 3858 potuerit
2110 3793 2354 3858 Sanctus,
2409 3810 2561 3862 quem
2612 3812 2793 3851 omnes
2821 3801 3001 3855 dicunt
3033 3806 3166 3856 circa
3216 3821 3411 3862 annum

1844 3882 2037 3935 Christi
2087 3883 2191 3935 770
2238 3887 2462 3943 obiissc;
2496 3889 2580 3952 qui
2624 3889 2763 3941 enim
2798 3906 2823 3940 τι
2858 3890 3099 3945 Waifarii
3135 3911 3300 3950 morte
3344 3900 3413 3954 ad

1845 3973 1943 4023 hoc
1993 3982 2196 4038 tempus
2244 3973 2573 4027 intercedunt
2626 3978 2731 4030 bini
2774 3980 2918 4043 anni,
2969 3983 3050 4035 vix
3084 3986 3413 4045 sufficientes

1843 4069 1966 4113 sunt
2012 4051 2095 4112 ad.
2133 4064 2603 4131 peregrinationem
2640 4068 2929 4123 Romanam
2962 4084 3015 4126 et
3044 4074 3410 4135 Turonensem

1843 4149 1941 4200 rite
1973 4152 2321 4217 peragendam
2357 4170 2366 4203 :
2404 4155 2635 4218 tandem,
2669 4167 2725 4211 ut
2752 4171 2908 4225 supra
2958 4162 3089 4222 dixi,
3124 4179 3227 4218 non
3260 4170 3409 4224 vider

1844 4249 1928 4294 tur
1951 4242 2172 4295 Sanctus
2199 4246 2248 4297 in
2275 4256 2446 4298 mente
2472 4248 2716 4303 habuisse
2742 4251 2809 4303 it:
2838 4253 3137 4319 relinquere
3166 4262 3407 4327 patriam,

187 4331 309 4373 sunt
354 4337 472 4388 qua:
515 4324 736 4377 suadent
766 4339 779 4377 :
818 4324 928 4392 ipsa
958 4328 1009 4378 in
1044 4329 1223 4394 primis
1254 4330 1367 4397 ejus
1394 4330 1554 4384 verba
1582 4345 1741 4399 supra
1767 4355 1818 4411 Ι)
1846 4339 1901 4381 ut
1932 4346 2192 4399 nunquam
2226 4333 2485 4388 rediturus
2528 4348 2667 4390 esset
2696 4356 2707 4389 :
2742 4339 2807 4391 de
2840 4341 2939 4393 hoc
2970 4345 3084 4396 solo
3111 4324 3405 4415 dubitabat,

187 4409 373 4470 silata,
415 4409 605 4476 quibus
651 4412 794 4464 clare
844 4413 1113 4478 profitetur
1159 4430 1216 4469 se
1254 4416 1544 4469 rediturum
1580 4435 1591 4467 :
1621 4419 1741 4471 dein

188 4493 331 4559 quod
376 4493 427 4545 in
453 4495 536 4546 via
574 4496 772 4550 abiisse
812 4498 1003 4550 dicitur
1032 4502 1097 4552 ab
1126 4502 1369 4555 omnibus
1416 4504 1739 4571 biographis.

259 4582 350 4633 54.
387 4581 532 4635 Unde
574 4585 779 4651 probari
824 4601 927 4639 non
979 4597 1181 4654 potest,
1234 4592 1371 4656 quod
1426 4592 1738 4647 habetAdr.

191 4670 381 4726 Baiilet
409 4673 461 4725 in
494 4673 609 4727 Vita
636 4678 801 4730 sancti
834 4679 1123 4743 Ambrosii,
1176 4682 1325 4749 cujus
1352 4683 1509 4735 verba
1559 4683 1743 4738 Latine

190 4760 360 4813 reddo
395 4779 407 4811 :
448 4779 468 4812 r
517 4761 642 4816 inde
669 4763 938 4831 (Turonis)
982 4770 1200 4822 secessit
1229 4770 1280 4822 in
1319 4784 1507 4838 pagum
1555 4772 1743 4825 Bituri-

190 4860 432 4912 censem,
462 4858 515 4901 et
542 4851 725 4903 cellam
772 4852 870 4904 sibi
913 4858 1204 4910 construxit
1246 4858 1296 4909 in
1349 4859 1467 4909 vico
1514 4858 1741 4923 Serisio,

189 4950 351 5003 supra
402 4937 615 4991 ﬂuvium
648 4940 910 4993 Anionem
933 4980 950 5005 ,
980 4952 1199 5008 quatuor
1228 4945 1435 4997 circiter
1468 4945 1629 4999 ieucis
1660 4946 1744 4999 Bi-

192 5023 376 5075 (uricis
419 5023 656 5076 distanti.
690 5043 707 5074 ι
770 5026 970 5079 Similia
1010 5043 1217 5096 quoque
1260 5032 1453 5084 habent
1493 5034 1743 5087 lectiones

192 5109 450 5163 Dreviarii
483 5112 841 5177 Bituricensis,
870 5116 992 5166 anui
1026 5117 1159 5169 i783
1186 5120 1337 5172 nobis
1370 5120 1742 5176 humanissime

190 5200 592 5252 communicatae
624 5216 649 5251 a
690 5201 754 5253 Η.
802 5202 864 5255 D.
896 5203 1101 5271 Figier,
1145 5209 1399 5262 canonico
1427 5220 1481 5263 et
1517 5223 1745 5265 secreta-

192 5286 275 5339 rio
307 5288 796 5355 archiepiscopatus
844 5292 1195 5351 Bituricensis.
1230 5298 1427 5364 Quibus
1457 5311 1747 5354 consonant

194 5373 473 5439 Proprium
525 5376 835 5431 Sanctorum
884 5378 1237 5446 Cadureense,
1291 5387 1357 5439 ab
1403 5387 1625 5441 Henrico
1680 5392 1745 5443 de

263 5500 346 5575 (ᾳ)
373 5502 490 5575 S_er.
524 5502 697 5575 Episc.
730 5505 979 5569 Cadurc.,
1010 5524 1060 5575 p.
1094 5510 1181 5566 56.

260 5567 346 5638 (ὁ)
380 5567 496 5623 Gal.
527 5571 744 5637 Cbrist.,
778 5585 813 5626 t.
848 5575 887 5639 I,
916 5567 1024 5628 cui:
1054 5578 1172 5630 154.

1848 4434 1970 4471 num
2002 4420 2265 4487 depositas
2296 4422 2481 4477 infulas
2508 4429 2790 4495 aliquando
2832 4442 2975 4485 esset
3016 4450 3405 4503 resumpturos.

1846 4509 2001 4561 Certe
2028 4512 2381 4578 unusquisque
2431 4531 2632 4568 mecum
2662 4523 2959 4573 consentiet
3002 4526 3160 4579 veris)
3194 4530 3406 4584 Brevia-

1846 4596 1906 4646 tii
1962 4596 2299 4650 Bituricensis
2343 4601 2464 4651 anui
2522 4601 2654 4655 1783
2703 4604 2951 4660 Sanctum
2996 4612 3153 4665 multo
3186 4626 3409 4683 tempore

1846 4685 2025 4737 vixisse
2078 4686 2301 4754 ignotum
2346 4689 2393 4738 in
2459 4690 2572 4741 vico
2612 4690 2878 4748 Sericiaco
2930 4702 3063 4763 apud
3112 4704 3404 4774 Bituriges,

1848 4773 2047 4824 nullum
2082 4784 2401 4827 momentum
2432 4778 2739 4832 historicum
2775 4784 2991 4840 habere.

1916 4860 2003 4915 55.
2035 4862 2145 4915 Jam
2171 4863 2397 4917 diximus
2424 4872 2747 4923 recentiores
2776 4888 2962 4928 omnes
3002 4893 3193 4933 annum
3227 4900 3401 4938 emor-

1848 4951 2039 5001 tualem
2071 4951 2237 5003 sancti
2268 4954 2527 5008 Ambrosii
2563 4958 2719 5024 figere
2749 4961 2890 5015 circa
2922 4965 3063 5020 770:
3097 4971 3181 5022 cui
3225 4982 3399 5029 tamen

1847 5038 2079 5103 opinioni
2130 5055 2286 5093 nemo
2330 5045 2670 5112 antiquorum
2707 5053 3065 5121 suffragatur:
3102 5063 3239 5114 unde
3267 5082 3395 5119 con-
3444 5065 3454 5073 ’

1842 5126 2091 5192 jectando
2124 5129 2205 5181 hic
2250 5133 2575 5198 procedunt:
2611 5139 2929 5207 conjectura:
2978 5150 3127 5202 facile
3170 5167 3397 5211 censen-

1848 5215 1997 5280 tiam,
2026 5216 2147 5269 dttm
2204 5231 2373 5273 tamen
2411 5225 2709 5291 opinionem
2761 5247 2901 5284 num.
2949 5252 3103 5301 princ.
3140 5254 3399 5313 utcunque

1850 5307 2105 5360 firmatam
2136 5313 2377 5377 amplecti
2411 5314 2588 5376 velint,
2639 5333 2794 5385 quam
2841 5324 2937 5375 nisi
2970 5333 3131 5383 secuti
3185 5307 3398 5406 fuerint,

1850 5410 1952 5448 non
1988 5399 2137 5451 video
2161 5402 2350 5467 quibus
2378 5412 2730 5461 monumentis
2758 5421 3068 5473 sententiam
3101 5439 3244 5476 suam
3273 5399 3394 5483 nrt).

2196 5532 2439 5611 de
2474 5538 2633 5598 Caii.,
2669 5550 2703 5591 ι.
2741 5542 2824 5609 Vi,
2859 5560 2906 5611 p.
2944 5551 3054 5601 10.3.

1923 5596 1997 5653 (τι)
2032 5598 2089 5647 'r.
2124 5597 2185 5663 tt,
2213 5617 2258 5666 p.
2293 5601 2411 5653 sto.
