3908 6392
475 345 600 397 1331

1374 352 1427 405 S.
1474 343 1846 413 AMBROSXUS
1885 358 2354 421 CADURCENSIS
2398 362 2780 424 EPISCOPUS.

3516 379 3536 428 1
3549 379 3654 434 233

471 456 842 545 barevaleant.
876 457 914 511 Ε
956 459 1239 523 contrario,
1271 461 1496 515 admissa
1536 466 1780 532 opinione
1811 478 2005 532 nostra,
2039 483 2085 550 Α¹
2114 473 2552 543 Normannorum,
2593 476 2787 532 Gallias
2819 479 2929 532 dire
2981 485 3311 550 vastantium,
3361 491 3654 544 monachos

468 541 804 610 chronologia
839 545 1016 598 Sancti
1068 555 1209 600 recte
1261 550 1515 616 procedit,
1566 562 1618 604 et
1664 552 1811 607 facile
1855 569 2013 608 unus-

465 633 685 699 quisque
729 635 1006 699 pcrspiciet
1056 646 1257 702 tempus
1304 640 1488 692 mortis
1534 641 1700 694 sancti
1749 643 2007 696 Ambrosii

463 720 546 772 vix
577 721 768 774 diSIare
799 737 948 788 posse
979 725 1041 774 ab
1070 739 1206 776 anno
1239 723 1432 778 Christi
1471 728 1594 782 770.
1629 728 1798 783 Locus
1829 733 2010 784 Sancti

461 810 763 864 eniortualis
807 812 1097 863 accuratius
1154 813 1455 886 designatur
1507 818 1555 866 in
1603 817 1815 884 antiqua
1847 818 2004 870 Vita:

461 911 484 948 ι
517 896 648 949 Cum
681 897 904 950 Ernutro
957 900 1069 952 vico
1122 892 1442 962 advenisset,
1489 906 1707 970 contigit
1736 921 1856 957 eum
1885 908 2007 957 dor-

408 1039 410 1041 ,
457 987 587 1039 mire
607 984 659 1038 in
692 983 930 1038 Domino.
965 1005 981 1036 ι
1016 987 1104 1039 Est
1131 997 1304 1040 autem
1329 990 1624 1056 Ernotrum,
1653 994 1809 1044 etiam
1843 993 2006 1043 Erne-
2034 992 2036 994 ’

454 1059 638 1126 durum
691 1080 782 1126 aut
828 1075 961 1126 vicus
988 1076 1279 1128 Arnetensis
1323 1076 1539 1140 dictum,
1591 1081 1732 1132 vicus
1781 1091 2004 1146 quatuor

454 1162 616 1216 lcucis
664 1162 899 1215 Africum
949 1178 1133 1216 versus
1179 1179 1209 1216 a
1249 1164 1462 1218 civitate
1507 1167 1751 1221 Bituricis
1781 1172 1998 1234 distans,

450 1258 605 1318 atque
651 1251 807 1304 hodie
855 1265 884 1302 a
931 1261 1114 1305 sancto
1167 1251 1485 1318 Ambrosio,
1545 1255 2000 1310 Saint-Ambroix-

448 1341 744 1394 sur-Arnen
787 1341 1098 1408 appellatur,
1147 1342 1199 1395 in
1227 1357 1378 1411 pago
1423 1343 1723 1413 Carophiuo
1769 1347 1996 1414 (canton

447 1428 516 1482 du
545 1429 812 1494 Charrost,
844 1431 1202 1498 département
1228 1432 1295 1486 du
1325 1432 1516 1503 Cher);
1547 1436 1613 1487 ad
1661 1437 1798 1489 hunc
1827 1437 1994 1490 vicum

447 1519 672 1574 ducebat
699 1522 781 1573 via
812 1536 840 1573 a
883 1521 1134 1596 Romanis
1177 1521 1303 1575 olim
1352 1531 1536 1587 strata,
1571 1538 1686 1591 qua:
1731 1526 1995 1592 antiquam

445 1606 542 1660 loci
573 1607 935 1663 celebritatem
966 1611 1092 1662 satis
1119 1609 1468 1664 demonstrat.
1497 1611 1666 1678 Prope
1713 1612 1992 1666 Ernotrum

441 1695 647 1764 adiacet
689 1698 888 1754 viculus
927 1697 1237 1753 Sericiacum
1283 1699 1470 1767 (Seria)
1513 1700 1666 1754 hodie
1693 1696 1910 1768 Marius,
1939 1702 1990 1754 in

2111 572 2208 617 sua
2233 563 2469 615 ccenobia
2516 565 2868 630 relinquentes
2895 580 3012 618 cum
3047 567 3355 628 Sanctorum
3389 573 3649 642 Reliquiis

2113 648 2162 709 in
2210 651 2583 704 munitissimas
2632 667 2861 720 quasque
2907 658 3061 710 urbes
3115 658 3429 729 confugisse.
3491 663 3655 720 Certo

2111 737 2437 792 Normannos
2466 756 2650 815 graves
2683 741 2843 796 fuisse
2880 746 3193 812 Aquitania),
3225 758 3379 815 atque
3421 752 3542 805 ideo
3565 754 3652 806 Bi—

2111 826 2356 878 turicensi
2411 843 2578 896 pago,
2618 814 2786 882 multa
2835 832 3048 897 antiqua
3097 814 3435 891 monumenta
3491 841 3651 896 nobis

2107 924 2421 968 monstrant.
2448 916 2504 967 In
2525 903 2808 970 Annalibus
2833 919 3121 973 Vedastiitis
3148 923 3245 974 sub
3267 939 3402 979 anno
3434 925 3538 981 839
3569 928 3648 998 (ιι)

2106 1001 2322 1069 legimus
2377 1023 2395 1054 r
2430 1007 2598 1057 Danos
2657 1021 2748 1059 seu
2794 1007 3118 1062 Normannos
3167 1026 3310 1066 more
3363 1030 3458 1067 suo
3512 1018 3646 1070 Bur-

2100 1091 2365 1156 gundiam,
2394 1093 2689 1146 Neustriam
2724 1108 2880 1162 atque
2917 1109 3116 1162 partem
3141 1100 3450 1164 Aquitaniae,
3499 1105 3646 1158 nullo

2101 1178 2373 1231 resistente
2396 1217 2410 1242 ,
2438 1179 2557 1245 igne
2579 1191 2630 1233 et
2656 1178 2794 1233 ferro
2819 1183 3119 1238 devastasse
3143 1201 3156 1248 ε
3181 1185 3404 1240 similem
3428 1192 3645 1244 calami-

2102 1271 2257 1317 tatem
2287 1267 2570 1331 praedicant
2603 1269 2758 1321 iidem
2784 1271 3014 1324 Annales
3031 1275 3136 1325 sub
3155 1289 3294 1327 anno
3314 1277 3520 1344 8980)):
3545 1281 3645 1333 sub

2087 1365 2233 1404 anno
2261 1369 2380 1404 xxiii
2409 1357 2586 1406 szeculi
2615 1356 2805 1409 decimi
2830 1357 2987 1410 refert
3012 1358 3310 1414 Chronicon
3356 1363 3642 1419 Flodoardi

2099 1437 2514 1505 (c)Nortnannos
2554 1445 2871 1510 Aquitaniam
2897 1446 3288 1514 Arverniamquc
3327 1433 3643 1518 deprttdata

2093 1525 2288 1590 fuisse;
2323 1529 2457 1581 unde
2497 1546 2700 1595 quoque
2750 1529 3001 1596 Rodat/us
3037 1549 3146 1596 rex,
3181 1550 3320 1589 anno
3348 1553 3450 1590 xxx
3499 1539 3643 1606 ejus.

2092 1612 2210 1665 dem
2236 1617 2436 1679 smculi,
2485 1616 2557 1670 ait
2585 1618 2777 1670 citatus
2814 1617 3140 1673 Flodoardus
3170 1623 3318 1690 ((1),ίί
3349 1624 3642 1680 Nordman-

2091 1715 2207 1764 nos,
2239 1704 2324 1769 qui
2362 1705 2692 1770 Aquitaniam
2721 1706 3190 1772 depredationibus
3228 1710 3641 1784 infestabattt,...

440 1801 545 1853 quo
571 1787 778 1853 proprie
821 1795 1035 1839 sanctus
1061 1786 1371 1840 Ambrosius
1417 1786 1692 1842 defunctus
1742 1799 1840 1842 est.
1874 1791 1985 1843 Non
2021 1779 2061 1836 Β
2091 1806 2193 1843 uno
2223 1793 2404 1860 praelia
2435 1809 2566 1859 pene
2587 1794 2781 1848 delevit
2807 1812 2819 1846 :
2855 1814 2871 1845 ι
2900 1807 3054 1864 atque
3085 1780 3464 1854 infestationem
3502 1805 3640 1856 hanc

441 1880 637 1936 tamen,
675 1882 729 1926 ut
761 1873 886 1926 mihi
915 1874 1096 1927 scribit
1126 1875 1189 1927 Β.
1214 1875 1277 1926 D.
1307 1873 1502 1944 Figier,
1523 1878 1805 1930 canonicus
1845 1877 1990 1930 Bitu-

444 1962 684 2032 ricousis,
711 1962 794 2015 die
823 1975 895 2014 χιι
929 1961 1237 2016 Novembris
1267 1961 1432 2031 1840,
1483 1963 1727 2038 S_ericiacl
1756 1966 1987 2030 sepultus

439 2042 538 2099 fuit
564 2088 579 2112 ,
639 2047 731 2100 scd
781 2049 989 2102 Ernotri
1029 2049 1080 2102 in
1134 2051 1377 2115 ecclesia,
1419 2049 1536 2127 ubi,
1570 2051 1988 2131 clarescentibus

446 2140 711 2192 miraculis
739 2181 753 2200 .
806 2153 1025 2206 magnus
1087 2141 1265 2208 populi
1319 2153 1605 2195 concursus
1650 2141 1984 2195 habebatur:

431 2231 554 2298 quin
583 2216 855 2297 propterea
897 2231 1058 2284 verba
1090 2229 1409 2285 Sanctoralis
1434 2231 1765 2285 Cadurccmis
1793 2232 1985 2285 admit-

432 2327 544 2371 tere
582 2319 863 2370 debcamus
886 2359 900 2382 ,
962 2321 1148 2387 quibus
1182 2320 1365 2372 dicit:
1406 2336 1425 2369 ι
1482 2317 1607 2372 Post
1650 2333 1756 2373 non
1794 2321 1986 2375 multos

430 2405 545 2459 dies
591 2407 728 2459 illius
776 2408 874 2460 loci
906 2408 1092 2461 incola:
1140 2409 1389 2474 templum
1439 2409 1491 2461 in
1537 2409 1790 2462 honorem
1822 2410 1986 2478 ipsius

345 2559 351 2566 .
430 2505 753 2559 struxerunt,
786 2497 920 2563 quod
952 2495 1003 2548 in
1054 2497 1192 2550 hunc
1223 2509 1388 2564 usque
1423 2496 1562 2550 diem
1602 2505 1792 2551 exstat.
1827 2495 1985 2550 1ςεί-

429 2598 549 2637 mus
577 2588 785 2650 quidem
821 2584 1103 2660 Eruotrum
1141 2598 1332 2637 nomen
1381 2583 1483 2636 sibi
1513 2594 1777 2638 mutuasse
1805 2599 1834 2636 a
1865 2599 1995 2637 sau-.

426 2682 513 2726 cto
538 2673 821 2726 Ambrosio
843 2711 859 2738 ,
916 2661 999 2726 ast
1029 2683 1201 2733 utrum
1239 2674 1290 2724 in
1321 2685 1507 2740 campo
1537 2681 1718 2740 aperto
1745 2675 1982 2740 sepultus

422 2758 683 2827 Sanctus,
718 2770 896 2827 postea
920 2762 1179 2828 templum
1212 2769 1394 2814 nactus
1432 2760 1608 2824 fuerit,
1655 2761 1811 2814 silent
1848 2763 1980 2820 antis

420 2852 672 2922 quiores;
706 2852 811 2904 imo
841 2867 933 2918 pro
962 2865 1026 2926 eo
1056 2851 1193 2920 quod
1247 2851 1431 2907 incolae
1464 2844 1565 2905 luci
1596 2853 1980 2906 exstruxissent

423 2939 590 2991 adem
617 2951 820 2991 sacram
852 2939 902 2991 in
935 2937 1186 2991 honorem
1233 2939 1431 2999 Sancti,
1460 2939 1614 3005 longe
1655 2939 1979 3004 probabilius

423 3040 506 3082 εει
544 3028 597 3080 iit
640 3027 836 3094 templo
875 3026 1089 3095 jamjam
1118 3037 1383 3079 exstructo
1425 3027 1732 3094 deposuisse
1770 3043 1974 3080 sacrum

422 3132 634 3188 corpus.
650 3117 912 3171 Craterum
929 3117 1141 3170 citatum
1158 3116 1463 3170 Sanctorale
1478 3117 1750 3168 manifeste
1767 3119 1978 3168 contun-

421 3206 499 3259 dit
525 3207 845 3275 sepulturam
873 3207 1251 3260 Ernotrensem
1281 3218 1399 3257 cum
1443 3203 1784 3266 Bituriceusi;
1815 3205 1975 3270 siqui-

420 3292 540 3348 dem
575 3304 690 3359 post
722 3307 845 3346 mox
877 3293 1038 3346 allata
1081 3292 1240 3345 verba
1278 3290 1576 3345 subnectit:
1615 3307 1632 3339 ι
1670 3289 1763 3341 Est
1802 3296 1973 3340 autem

422 3378 617 3435 ibidem
641 3380 962 3445 coenobium,
981 3381 1118 3448 quod
1142 3379 1347 3434 abbatia
1363 3380 1528 3432 sancti
1555 3377 1812 3432 Ambrosii
1841 3376 1974 3430 ιιιιιιέ

418 3482 657 3542 cupatur.
710 3489 727 3522 ›
776 3470 925 3537 Quod
969 3483 1149 3525 verum
1215 3477 1297 3521 est
1341 3469 1408 3523 de
1453 3467 1582 3520 urbe
1631 3467 1969 3528 Bituricenai,

377 3619 379 3624 ,
420 3562 726 3628 neutiquam
769 3560 834 3611 de
880 3557 994 3611 vico
1050 3556 1381 3610 Ernotrensi.
1434 3555 1685 3608 Eumdem
1736 3570 1968 3608 errorem

420 3647 738 3703 babetAlb.
775 3647 969 3710 Butler,
1015 3642 1256 3714 quamvis
1285 3645 1412 3699 Adr.
1463 3646 1645 3698 Baillet
1693 3655 1968 3713 utrumque

417 3737 595 3814 locum
623 3746 742 3803 apte
772 3732 1090 3789 distinxerit.

421 3826 578 3898 t',56.
601 3826 730 3877 Cum
757 3819 1130 3890 corpus‘sancti
1154 3818 1415 3874 Ambrosii
1435 3817 1735 3886 aliquandiu
1761 3817 1967 3870 Ernotri

415 3913 688 3983 iacuisset,
724 3911 1036 3964 translatum
1068 3909 1166 3961 fuit
1221 3903 1498 3973 Bituricae,
1547 3908 1742 3960 atecqu
1780 3908 1964 3958 saltent

417 3985 646 4065 decimo.
696 4014 755 4058 ut
783 4005 910 4056 satis
934 4009 1136 4055 constat
1171 4013 1232 4051 ex
1262 3998 1546 4066 diplomate
1567 3996 1800 4056 Gaufridi
1829 3999 1965 4049 vice—

411 4097 626 4152 .contitis
655 4091 1013 4154 Bituricensis,
1050 4088 1116 4142 de
1136 4104 1238 4156 quo
1258 4088 1366 4154 jam
1397 4087 1601 4154 egimus
1631 4101 1787 4172 supra
1818 4102 1869 4137 n.
1895 4085 1960 4148 2;

422 4201 542 4238 nam
575 4184 783 4252 quando
813 4177 1040 4234 reddidit
1091 4192 1230 4229 anno
1261 4173 1400 4226 1012
1431 4175 1754 4226 monasterio
1798 4173 1962 4224 sancti

416 4264 558 4327 'l‘ctri
590 4282 642 4326 et
665 4270 831 4325 sancti
859 4265 1121 4320 Ambrosii
1163 4262 1441 4315 Gaufridus
1484 4260 1734 4327 quidquid
1780 4260 1965 4312 amise-

2093 1877 2143 1928 in
2181 1880 2462 1945 Aquitania
2491 1896 2578 1947 per
2596 1889 2783 1948 septem
2804 1898 3051 1935 annorum
3075 1888 3240 1949 spatia
3267 1901 3640 1953 perseverasse

2095 1975 2315 2019 testatur
2358 1968 2510 2021 nobis
2562 1969 2932 2037 Fragmentum
2989 1973 3294 2027 historicum
3345 1977 3635 2038 aCbesnio

2090 2055 2310 2122 primum
2343 2055 2664 2125 editum.(e).
2698 2058 2855 2112 Plura
2871 2059 2979 2112 alia
3011 2074 3283 2127 possemus
3303 2063 3491 2115 afferre
3516 2079 3632 2117 mo-

2054 2154 2361 2221 ,numenta,
2398 2159 2512 2211 qum
2559 2155 2914 2200 monstrarent
2961 2162 3093 2214 pago
3151 2147 3463 2202 Bituricensi
3516 2151 3633 2203 exi-
3705 2200 3708 2206 .

2089 2232 2248 2284 tiosos
2279 2233 2441 2287 fuisse
2462 2233 2790 2288 Normannos
2826 2251 2840 2300 ;
2873 2236 3011 2288 unde
3037 2235 3307 2302 probabile
3350 2238 3409 2291 fit
3438 2254 3631 2306 corpus

2084 2324 2255 2375 sancti
2288 2323 2569 2394 Ambrosii,
2601 2323 2796 2378 saeculo
2818 2334 2955 2378 nono
2979 2326 3028 2378 in
3063 2326 3219 2381 tinem
3242 2339 3510 2395 vergente,
3541 2339 3634 2383 aut

2084 2409 2288 2462 decimo
2311 2412 2612 2480 incipiente,
2635 2413 2770 2465 intra
2793 2413 2977 2468 urbem
3001 2414 3379 2470 Bituricensem
3405 2417 3632 2471 transla-

2086 2507 2194 2550 tum
2221 2498 2379 2554 fuisse
2413 2517 2424 2550 :
2455 2501 2594 2569 quod
2624 2502 2781 2555 etiam
2811 2501 2931 2556 inde
2978 2503 3298 2572 aliquantum
3347 2507 3632 2558 confirma-

2082 2595 2184 2653 tur,
2212 2589 2481 2655 quoniam,
2513 2589 2557 2642 si
2587 2605 2693 2642 non
2722 2599 2827 2644 tam
2852 2605 2916 2644 ex
2946 2591 3063 2660 fuga
3092 2633 3106 2655 ,
3131 2606 3288 2659 quam
3319 2607 3384 2646 ex
3413 2595 3628 2660 pietate,

2080 2679 2359 2730 accidisset
2412 2678 2728 2745 translatio,
2781 2679 2995 2747 aliquod
3033 2681 3223 2734 saltem
3277 2680 3632 2736 solemnitatis

2079 2766 2364 2818 mansisset
2394 2766 2670 2833 vestigium
2712 2758 3000 2835 superstes.

2147 2851 2233 2906 37.
2277 2853 2504 2905 Eruotro
2556 2853 2810 2907 Bituricae
2861 2853 3175 2908 translatum
3222 2867 3415 2922 corpus
3458 2855 3633 2910 sancti

2079 2940 2365 3002 Ambrosii,
2398 2942 2446 2990 in
2476 2940 2645 2992 sancti
2667 2940 2803 2993 Petri
2827 2940 3092 2994 conditum
3114 2939 3232 2994 fuit.
3265 2940 3400 2993 Ante
3444 2939 3631 2996 Sancti

2079 3030 2276 3078 obitum
2296 3026 2402 3094 jam
2437 3028 2702 3081 exstitisse
2750 3028 2849 3081 hoc
2879 3031 3126 3092 templum
3155 3028 3402 3093 probatur
3446 3043 3512 3081 ex
3543 3042 3632 3082 se-

2031 3117 2050 3136 "
2083 3115 2286 3181 pultura
2314 3114 2479 3181 Sigini
2510 3117 2647 3167 circa
2696 3115 2922 3168 medium
2959 3118 3204 3167 saeculum
3249 3124 3496 3168 octavum
3525 3115 3629 3170 de-

2076 3200 2260 3266 functi,
2309 3211 2364 3252 ut
2414 3201 2644 3253 diximus
2670 3215 2826 3267 supra
2859 3217 2913 3252 n.
2960 3201 3013 3251 2.
3055 3202 3334 3254 Crescente
3387 3202 3630 3255 ﬁdelium

2077 3287 2268 3354 pietate
2316 3277 2455 3353 erga
2494 3296 2734 3340 sanctum
2787 3287 3148 3350 Ambrosium,
3182 3289 3248 3340 ab
3282 3288 3383 3340 hoc
3423 3291 3626 3341 nomen

2080 3391 2230 3428 suum
2266 3387 2495 3428 mutnata
2538 3387 2619 3429 est
2667 3377 2911 3439 ecclesia,
2965 3393 3119 3444 quam
3166 3392 3284 3430 cum
3335 3377 3626 3444 coniuncto

2073 3465 2168 3519 sibi
2187 3465 2418 3518 claustro
2436 3467 2502 3516 ita
2523 3481 2584 3517 ex
2613 3465 2841 3517 arcliivis
2863 3465 3110 3519 describit
3133 3464 3268 3516 Phil.
3295 3464 3472 3526 Labbe
3500 3467 3575 3532 (Ῑ)
3609 3485 3621 3517 :

2077 3571 2096 3602 ι
2136 3554 2227 3605 Est
2249 3554 2457 3620 quidam
2490 3555 2636 3606 locus
2680 3567 2842 3620 prope
2870 3568 3049 3606 muros
3082 3554 3225 3605 urbis
3281 3555 3524 3606 Biturica:
3551 3557 3625 3608 ad

2068 3642 2535 3711 septentrionalem
2565 3642 2769 3708 plagam
2792 3641 2944 3702 situs,
2978 3640 3239 3692 Bilsiaeus
3262 3649 3625 3709 nuncupatus,

2014 3727 2032 3792 ξ
2072 3736 2159 3800 qui
2188 3735 2476 3801 antiquitus
2528 3731 2579 3784 iu
2612 3746 2801 3800 magno
2828 3732 3028 3784 honore
3071 3741 3428 3794 constructus,
3457 3743 3512 3787 et
3568 3735 3625 3786 in

2070 3823 2323 3875 honorem
2376 3821 2514 3874 beati
2563 3820 2702 3873 Petri
2732 3860 2746 3883 ,
2801 3823 3167 3903 Apostqlorum
3215 3821 3498 3888 principis,
3544 3836 3612 3876 ac

2066 3912 2234 3964 sancti
2266 3911 2526 3964 Ambrosii
2559 3911 2819 3978 pontilicis
2862 3919 3117 3970 sacratus,
3169 3920 3325 3977 atque
3374 3912 3614 3964 maxima

2071 4011 2279 4055 eaterva
2307 4002 2682 4054 canonicorum
2715 3999 3002 4053 honoriﬁci:
3045 4001 3326 4052 decoratus
3362 4017 3376 4051 :
3407 4002 3504 4054 sed
3533 4001 3620 4055 ir-

2066 4103 2253 4146 ruente
2285 4095 2644 4159 persecutione
2673 4091 2986 4155 infidelium,
3031 4105 3160 4155 pene
3194 4090 3257 4142 ad
3288 4089 3505 4142 nihilum
3528 4101 3621 4144 est

2073 4181 2339 4233 redactus.
2368 4180 2469 4233 Sed
2518 4180 2616 4232 etsi
2646 4179 3021 4232 destruxerunt
3052 4177 3336 4239 domicilia,
3380 4190 3486 4229 non
3515 4186 3620 4242 ta-

2071 4283 2188 4322 men
2241 4270 2568 4323 abstulerunt
2615 4268 2976 4321 sanctitatem.
3053 4260 3338 4317 Transacto
3385 4279 3619 4330 namque

419 4373 522 4425 rat,
549 4363 653 4429 jam
688 4372 794 4411 tum
829 4361 878 4410 in
929 4356 1065 4407 dicta
1116 4351 1336 4406 ecclesia
1385 4349 1744 4417 requiescebat
1773 4361 1960 4414 corpus

2081 4357 2343 4409 nultorinn
2371 4372 2625 4408 annorum
2656 4355 2942 4416 curriculo,
2961 4353 3267 4414 Gaufridus,
3319 4352 3617 4404 vieccomes

416 4451 582 4503 sancti
609 4448 887 4516 pontilicis,
922 4447 1076 4510 idque
1108 4440 1480 4492 monasterium
1503 4437 1770 4491 Ambrosii
1797 4439 1961 4490 nOStri

417 4554 608 4594 nomen
642 4552 747 4605 pra:
775 4552 832 4588 se
865 4536 1056 4586 ferebat
1085 4549 1096 4582 :
1131 4533 1266 4598 quod
1295 4541 1572 4595 utrumque
1603 4529 1831 4580 ostendit
1855 4526 1962 4593 jam

409 4621 540 4686 ante
560 4629 792 4685 Gaufridi
815 4627 1152 4679 donationem
1182 4623 1576 4676 translationem
1604 4621 1958 4687 lleliquiarutn

414 4707 761 4778 celebratam.
791 4725 862 4781 et,
912 4721 1196 4781 propagato
1249 4711 1362 4776 ejus
1412 4711 1546 4775 apud
1609 4710 1960 4762 Bituriceuscs

413 4810 575 4870 cultu,
625 4806 865 4859 cmnobio
918 4818 1099 4852 novam
1150 4799 1558 4866 appellationem
1613 4799 1777 4849 sancti
1831 4803 1959 4849 Ani-

412 4897 577 4952 brosii
605 4896 815 4946 inditam
846 4890 1027 4944 fuisse.
1057 4890 1210 4956 Atqui
1241 4890 1350 4938 haec
1380 4889 1512 4938 intra
1543 4885 1703 4938 breve
1729 4886 1961 4936 duodctt-

415 4986 560 5039 nium
592 4984 702 5037 lieri
730 4997 830 5036 non
863 4987 1266 5034 consueverunt.
1296 4975 1449 5029 Unde
1474 4975 1662 5027 merito
1687 4975 1752 5026 ab
1781 4983 1962 5025 aucto-

418 5076 564 5128 ribus
597 5083 804 5135 tempus
845 5068 1202 5121 translationis
1225 5066 1287 5116 ad
1317 5065 1564 5116 sacculum
1610 5062 1795 5115 saltem
1819 5063 1961 5114 deci-

416 5178 560 5217 mum
590 5168 882 5214 revocatur.
921 5158 1033 5211 Uno
1080 5155 1306 5208 maxime
1353 5152 1621 5219 probabile
1673 5163 1751 5202 est
1794 5151 1962 5203 sancti

416 5253 647 5319 cpiscoiii
677 5249 941 5316 Reliquias
966 5246 1158 5305 sacculo
1187 5247 1295 5309 jam
1337 5256 1476 5293 nono
1508 5241 1763 5292 Bituricus
1795 5243 1964 5295 illatas

417 5345 577 5396 fuisse
609 5357 624 5394 :
655 5351 829 5393 uotum
857 5345 938 5391 est
992 5334 1130 5388 enini
1175 5334 1264 5384 illo
1301 5331 1494 5383 stcculo
1527 5338 1738 5396 propter
1767 5343 1962 5384 uictum

487 5502 560 5567 (rt)
592 5501 688 5563 ΑΡ.
726 5497 783 5548 υ.
821 5496 1072 5567 Bnttquel,
1106 5498 1142 5542 ι.
1199 5485 1327 5547 VIII,
1363 5500 1412 5549 p.
1446 5485 1532 5536 88.

494 5565 567 5636 ιιι)
601 5569 750 5636 tm.
779 5582 826 5624 ι».
861 5565 946 5636 2:2;

597 5634 746 5691 ιδιά..
781 5648 827 5698 ιι.
875 5628 987 5680 l'i9.

2064 4447 2304 4498 Biturica:
2336 4447 2503 4504 urbis,
2554 4459 2670 4496 cum
2713 4442 2935 4495 consilio
2981 4453 3032 4494 et
3082 4439 3339 4506 adjutorio
3375 4441 3614 4491 omnium

2063 4536 2307 4586 nobilium
2375 4532 2713 4584 Bituricensis
2764 4532 3004 4592 ducatus,
3071 4526 3617 4594 magnificejemdiﬂ-

2061 4628 2197 4676 cavit
2219 4638 2356 4676 anno
2387 4622 2452 4674 ab
2480 4621 2841 4675 incarnatione
2871 4618 3074 4671 Domini
3099 4618 3380 4670 millesimo
3405 4626 3458 4668 et
3477 4614 3636 4667 door

2068 4718 2294 4775 dcciino,
2335 4716 2590 4779 villasque
2643 4723 2695 4766 et
2741 4712 2870 4763 alios
2919 4710 3147 4762 honores
3177 4709 3342 4762 sancti
3377 4707 3517 4759 Petri
3545 4720 3616 4760 ac

2064 4808 2227 4857 sancti
2256 4803 2536 4864 Ambrosii,
2575 4817 2707 4868 quos
2743 4802 2932 4867 injuste
2967 4798 3198 4858 tenebat,
3228 4811 3293 4849 ex
3341 4807 3616 4864 praecepto

2062 4911 2200 4960 regis
2234 4896 2444 4946 ltohct'ti
2475 4902 2528 4946 et
2579 4890 2780 4943 Domini
2824 4888 3089 4954 Bagbcrti,
3142 4885 3479 4945 Bituricensis
3520 4901 3616 4946 ar,

2062 4981 2399 5048 chiepisc0pi,
2458 4980 2682 5031 reddidit
2733 4977 2876 5044 (vide
2923 4991 3076 5040 supra
3119 4991 3171 5027 ιι.
3222 4973 3366 5039 3)....
3412 4972 3616 5026 Eorum

2065 5070 2459 5138 (canonicorum
2505 5065 2857 5130 saecularium)
2905 5063 3178 5114 devotione
3226 5061 3474 5125 paulatim
3524 5075 3656 5113 re--

2067 5160 2505 5224 frigesccnte,....
2536 5170 2653 5206 cum
2695 5152 2804 5220 jam
2864 5166 2965 5202 non
3020 5152 3154 5202 circa
3208 5149 3386 5201 altaris
3432 5149 3617 5202 officia

2065 5249 2457 5301 dcditivssettt:
2503 5245 2710 5298 sed.....
2744 5250 2917 5294 essent
2951 5255 3040 5305 per
3089 5253 3232 5290 suam
3279 5239 3616 5292 dementiam

2066 5337 2293 5390 clericali
2327 5335 2497 5388 ordini
2530 5333 3022 5389 dehonestamento,
3054 5327 3154 5378 illis
3181 5326 3436 5391 expulsis,
3468 5340 3626 5380 reve-

2136 5492 2210 5556 (d)
2247 5489 2398 5545 ibiil.,
2424 5503 2475 5551 ι).
2505 5485 2623 5556 itis.

2137 5552 2205 5620 (ei
2236 5557 2387 5615 llttd.,
2419 5572 2467 5618 β.
2500 5552 2622 5606 Ξθσῖ.

2136 5617 2202 5689 (ί)
2239 5622 2365 5674 Bibi.
2398 5617 2540 5684 8155.,
2575 5632 2610 5673 ι.
2636 5617 2695 5681 ιι,
2731 5631 2784 5684 ρ.
2813 5619 2898 5670 57.
