3910 6234
293 304 426 360 I253

1219 297 1482 356 NUTITIA
1527 299 1879 355 lllSTOillCA
1921 295 1982 348 IN
2020 303 2074 352 15.
2117 299 2530 353 AllBllUSlL'M.

3317 298 3465 380 ‘lz‘Bl

290 414 483 467 rendus
512 412 561 462 in
594 412 798 462 Christo
831 411 978 461 Pater
1035 422 1094 461 ac
1125 408 1396 472 Dominus,
1433 409 1680 460 Dominus
1729 408 1828 459 Pe-
1858 407 1907 460 Α
1934 405 2029 458 l'uit
2055 407 2346 462 canobium
2372 404 2758 473 congregationi
2790 404 3066 457 Gallicanzr
3096 409 3461 459 t‘anonicornm

294 514 406 554 Irus
434 503 498 554 de
522 500 722 562 CaStra,
757 498 1093 550 Bituricensis
1113 498 1572 564 archiepiscopus,
1607 496 1684 548 vir
1715 510 1826 545 om-

292 591 450 644 tiihus
478 604 613 640 vera:
645 587 919 653 sapientia:
968 588 1178 637 dotibus
1214 585 1677 642 cumulatissimus,
1707 583 1828 635 illuc

290 681 583 734 introduxit
612 679 892 729 caumiicos
939 677 1232 743 regulares,
1269 675 1412 725 viros
1457 661 1827 726 certe’morum

291 770 589 834 lntcgritate
618 767 868 832 insignes,
896 775 948 818 et
991 768 1068 830 (ut
1103 767 1172 815 ita
1201 763 1394 829 dicam)
1431 762 1540 826 ipsa
1572 762 1828 827 probitate

290 861 556 918 meliores,
593 873 728 908 anno
759 856 1037 906 Dominica:
1068 852 1437 904 IncaruatiOuis
1471 866 1611 911 itcet,
1644 847 1824 914 quem-

287 947 568 1000 admodum
610 946 744 996 idem
799 941 1032 994 Pontifex
1080 941 1344 992 memoria:
1393 937 1617 1002 prodidit
1647 936 1695 986 in
1722 936 1831 988 haec

287 1037 448 1087 verba
478 1051 490 1085 :
521 1051 539 1082 r
580 1033 806 1084 Pastoris
829 1030 982 1081 oflicii
1030 1043 1153 1080 cura
1207 1025 1585 1078 nosadmonet
1636 1033 1830 1076 sanciat

288 1118 555 1188 religionis
588 1121 782 1172 bonum
813 1119 990 1170 fovere
1016 1130 1226 1180 semper
1258 1124 1311 1164 et
1336 1115 1574 1180 diligere,
1605 1125 1826 1174 eamque

287 1211 344 1263 ln
367 1209 597 1262 ccclesiis
629 1223 656 1260 a
694 1208 798 1259 Deo
826 1207 978 1257 nobis
1010 1201 1305 1256 commissis
1349 1199 1629 1252 sacerdotii
1663 1198 1828 1251 nostri

287 1310 547 1366 tempore,
613 1298 718 1347 Deo
769 1308 1003 1356 auctore,
1055 1294 1105 1344 in
1161 1292 1347 1344 melius
1394 1291 1702 1357 propagare.
1758 1288 1830 1340 Ea

287 1396 522 1454 propter,
557 1399 653 1450 ego
682 1384 884 1443 Petrus,
914 1381 1003 1433 Dei
1025 1380 1189 1446 gratia
1213 1376 1557 1430 Bituricensis
1585 1375 1838 1428 Ecclesia

287 1474 737 1538 archiepiscopus,
762 1469 1024 1521 salvandis
1073 1467 1346 1518 animabus
1375 1465 1428 1516 in
1454 1463 1662 1516 civitate
1692 1463 1832 1515 Bitu-

287 1565 512 1616 ricarum
545 1559 752 1627 aliquod
786 1559 965 1610 volens
992 1543 1240 1609 ordinare
1265 1553 1595 1620 confugium,
1643 1551 1728 1604 ubi
1778 1560 1832 1604 et

287 1663 469 1703 mores
493 1646 759 1713 corrigere
786 1655 837 1696 et
867 1645 1050 1710 dignos
1083 1640 1404 1707 paenitentia:
1448 1639 1646 1691 fructus
1685 1637 1830 1709 multi

1926 495 2239 564 regularium
2261 497 2359 561 (d).
2379 495 2597 546 Abbatia
2619 494 2866 560 deinceps
2886 494 3158 558 tranquilla
3178 494 3464 560 perstitisse

1926 584 2152 646 videtur,
2184 585 2471 649 usquedum
2503 584 2599 633 sub
2629 581 2782 634 linem
2813 583 2987 634 saeculi
3016 583 3357 648 przeccdentis
3378 596 3459 634 sa-

1926 684 2010 724 era
2041 685 2190 737 teque
2235 684 2294 722 ac
2324 672 2533 735 profana
2565 671 2614 721 in
2647 669 2824 720 Galliis
2854 668 3053 720 turbata
3095 669 3235 722 luere
3267 686 3282 724 :
3314 683 3458 722 cam-

1927 772 2137 813 munem
2166 759 2514 809 calamitutem
2545 767 2760 824 experta
2789 771 2994 824 quoque
3024 765 3104 808 est
3146 758 3308 809 sancti
3343 762 3465 809 Am-

1929 848 2087 901 brosii
2109 841 2331 909 abbatia,
2366 858 2415 900 et
2449 849 2498 899 in
2533 847 2712 899 llscum
2740 848 3037 912 reipublicae
3065 849 3239 900 cessit.
3271 848 3459 900 Divcu-

1927 937 2050 989 ditis
2077 937 2296 999 aedibus,
2323 939 2606 1002 permansit
2637 946 2807 989 tamen
2831 937 3050 990 ecclesia
3080 951 3244 1002 usque
3272 940 3332 988 ad
3362 952 3460 990 an-

1933 1039 2052 1075 num
2090 1024 2242 1090 hujus
2270 1025 2442 1077 sa'culi
2471 1039 2656 1087 xxviii,
2687 1025 2890 1090 quando
2917 1033 2967 1077 et
2993 1024 3103 1077 hzcc
3131 1026 3240 1076 solo
3262 1038 3465 1091 mquam

1930 1109 2043 1171 fuit,
2075 1121 2289 1176 excepta
2323 1111 2520 1172 abside,
2554 1127 2668 1178 qua:
2695 1121 2748 1163 et
2792 1111 2946 1163 lmdie
2994 1111 3244 1162 inservire
3292 1121 3467 1173 posset

1930 1199 2091 1251 cultui
2119 1198 2400 1264 catholico,
2436 1201 2478 1250 si
2507 1199 2747 1250 dominus
2771 1197 2911 1250 fundi
2947 1199 3084 1250 illam
3116 1199 3333 1251 reddere
3358 1198 3466 1251 vel-

1931 1285 2021 1344 let.
2049 1285 2197 1351 cujus
2219 1286 2426 1351 quidem
2461 1285 2535 1337 rei
2575 1286 2709 1338 nulla
2735 1299 2854 1353 Spes
2881 1285 3128 1352 allulgere
3154 1287 3360 1337 dicitur.
3388 1285 3462 1338 Ad

1931 1371 2175 1437 reliquias
2201 1373 2369 1424 sancti
2393 1373 2528 1440 quod
2561 1375 2780 1436 attinet,
2815 1375 3080 1438 perierunt
3126 1382 3179 1424 ut
3205 1374 3467 1440 pleraeque

1932 1458 2066 1520 alim,
2114 1459 2162 1510 in
2195 1460 2417 1524 turbine,
2450 1463 2576 1527 quin
2615 1460 2680 1512 ad
2723 1461 2857 1512 hunc
2889 1474 3051 1526 usque
3089 1461 3224 1512 diem
3266 1460 3466 1511 illarum

1933 1546 2203 1612 vestigium
2252 1549 2471 1614 reperiri
2516 1549 2758 1614 potuerit.
2804 1550 2936 1600 Ante
2987 1549 3086 1601 hoc
3119 1559 3320 1614 tempus
3351 1563 3472 1613 pars

1934 1636 2115 1688 saltem
2137 1635 2488 1703 Reliquiarum
2520 1635 2715 1688 inclusa
2737 1645 2850 1688 erat
2878 1637 3055 1689 herma
3084 1645 3354 1704 argenteo,
3379 1635 3473 1703 qui

289 1738 503 1789 valeant
559 1707 665 1788 Deo
697 1707 980 1794 exhibere,
1033 1730 1304 1782 ecclesiam
1354 1725 1523 1778 sancti
1572 1707 1836 1778 Ambrosii
1865 1709 1911 1767 Β
1941 1724 1991 1776 in
2021 1724 2436 1789 processionibus
2467 1723 2950 1778 circutnl‘erebatur.

291 1823 657 1887 Brisiacensis,
685 1823 748 1874 de
772 1820 932 1872 multa
966 1818 1278 1871 enormitate
1307 1815 1370 1867 ad
1397 1826 1630 1866 normam
1660 1818 1714 1865 et
1754 1825 1835 1863 rc-

290 1914 468 1983 gulam
499 1912 736 1977 canonici
767 1909 966 1962 ordinis
1017 1905 1301 1972 perducere
1339 1903 1658 1965 curavimus,
1684 1909 1738 1954 et
1784 1901 1836 1954 in

294 2001 409 2068 Ipsa
466 2000 837 2052 cauouicorum
896 1996 1214 2064 regularium
1269 1991 1504 2045 ordinem
1551 1990 1836 2044 secundum

293 2089 528 2156 regulam
559 2085 722 2139 sancti
753 2082 1031 2150 Augustini
1079 2081 1359 2134 tenendum
1391 2077 1585 2130 amodo
1636 2077 1835 2129 consti-

294 2177 514 2229 tuimus.
565 2175 712 2237 Quod
745 2173 897 2238 igitur
927 2172 1023 2236 piae
1052 2169 1344 2221 devotionis
1387 2166 1581 2219 intuitu
1608 2180 1635 2216 a
1687 2165 1839 2220 nobis

302 2260 588 2316 salubriter
617 2260 933 2318 estfactum,
965 2256 1210 2322 religiosa
1241 2254 1580 2307 nihilominus
1609 2260 1691 2306 est
1727 2253 1838 2306 sol-

290 2348 570 2403 licitudine
596 2346 1034 2412 prosequendum.-
1085 2341 1310 2396 Proinde
1339 2342 1646 2393 canonicum
1691 2340 1838 2394 ordi-

289 2451 410 2492 nem
465 2435 755 2488 secundum
815 2433 1044 2500 regulam
1113 2432 1247 2485 beati
1297 2430 1570 2495 Augustini
1624 2429 1838 2497 praelata

289 2525 460 2582 sancti
494 2523 756 2576 Ambrosii
789 2521 1135 2574 Brisiacensis
1185 2519 1419 2572 Ecclesia
1453 2528 1706 2584 perpetuo
1755 2528 1830 2571 te-

290 2614 411 2669 neri
438 2621 490 2667 et
531 2614 828 2676 observari,
856 2613 1168 2664 auctoritate
1211 2609 1553 2662 Bituricensis
1588 2607 1839 2661 Ecclesia

290 2714 351 2760 et
396 2712 596 2769 nostra,
647 2701 956 2765 statuimus,
1016 2711 1331 2767 nostrosque
1375 2714 1734 2764 successores,
1785 2708 1838 2752 ut

291 2806 435 2859 sape
463 2791 654 2844 dictam
677 2789 963 2842 Ecclesiam
987 2799 1038 2842 et
1068 2789 1221 2854 hujus
1247 2789 1515 2855 religionis
1543 2788 1836 2840 institutum

291 2880 472 2934 fovere
522 2892 730 2944 semper
783 2887 838 2931 et
886 2878 936 2929 in
995 2877 1183 2930 melius
1223 2876 1465 2930 laborent
1501 2890 1835 2942 promovere,

293 2967 489 3021 obnixe
517 2980 580 3019 ac
601 2967 788 3019 devote
818 2965 1132 3030 ﬂagitamus,
1161 2974 1213 3016 et
1241 2978 1304 3017 ex
1331 2973 1480 3030 parte
1509 2963 1838 3027 omnipoten-

294 3054 365 3107 tis
396 3053 486 3106 Dei
513 3063 566 3106 et
594 3052 735 3105 beati
759 3052 1009 3118 Stephani
1038 3050 1442 3119 Protomartyris
1467 3052 1835 3114 admonemus,

291 3150 400 3198 etc.
440 3160 456 3192 I
489 3143 614 3206 Quae
638 3156 702 3193 ne
731 3155 860 3207 Opus
894 3140 942 3190 in
977 3143 1287 3192 immensum
1317 3137 1669 3204 ekeresceret,
1697 3151 1842 3192 rese-

297 3233 552 3287 cavimus.
570 3250 588 3281 ι
626 3231 901 3296 Hucusqtte
925 3229 1058 3281 Phil.
1089 3228 1284 3282 Labbe.

369 3320 459 3374 38.
482 3321 776 3384 Abbatium,
797 3334 886 3385 per
903 3319 1108 3372 Petrum
1132 3318 1394 3372 deCastra
1423 3319 1518 3370 sub
1544 3317 1726 3371 ordine
1755 3333 1840 3371 ca-

302 3411 497 3464 nonico
524 3410 881 3471 constitutam,
916 3423 1098 3460 rexere
1122 3408 1264 3473 prius
1305 3407 1521 3459 abbates
1549 3408 1837 3474 regulares,

300 3514 521 3567 quorum
546 3499 744 3565 privuus
767 3498 861 3548 luit
891 3495 1238 3556 Godefredus,
1264 3510 1417 3563 quem
1447 3496 1512 3548 ab
1533 3510 1670 3548 anno
1700 3496 1837 3548 “50

297 3586 365 3639 ad
397 3586 532 3638 1165
563 3586 745 3637 saltem
778 3585 1102 3651 gubernasse
1133 3585 1410 3650 perhibent
1439 3595 1677 3636 auctores
1717 3584 1842 3636 Gal-

292 3674 380 3728 lizn
420 3673 728 3730 Christiana:
760 3673 857 3742 (α).
895 3673 1068 3738 Lapsu
1093 3673 1341 3738 temporis
1366 3673 1478 3725 hate
1525 3672 1730 3726 abbatia
1788 3674 1839 3725 in

298 3762 659 3819 commendam
699 3763 908 3815 redacta
937 3762 1049 3823 fuit,
1083 3763 1162 3814 uti
1209 3762 1384 3815 videre
1412 3770 1492 3814 est
1518 3763 1631 3814 loco
1660 3762 1837 3813 citato.

297 3850 507 3910 Smculo
524 3851 728 3904 decimo
745 3860 914 3912 sexto,
931 3850 1259 3900 turbantibus
1279 3849 1499 3902 Galliam
1521 3846 1836 3910 Calviuistis,

296 3939 550 4006 principis
594 3937 804 3991 (ἐστιᾶωὶ
843 3938 1112 4001 vicarius,
1151 3937 1360 3990 Gabriel
1403 3938 1836 4003 Montgommery,

297 4023 582 4084 Bituricam
611 4024 876 4090 ingressus
899 4033 979 4075 est
1003 4038 1094 4088 per
1132 4034 1331 4090 portam
1357 4024 1521 4075 sancti
1552 4023 1838 4083 Ambrosii,

297 4125 350 4165 vr
385 4111 498 4162 Kal.
529 4111 664 4164 Junii
691 4111 810 4185 anni
845 4111 980 4164 1562
1003 4149 1015 4171 ,
1050 4122 1122 4173 et,
1163 4126 1257 4177 pro
1286 4126 1434 4164 more
1477 4113 1840 4174 sectariorutn,

295 4202 482 4254 altaria
509 4202 727 4263 evertit,
759 4201 1010 4268 imagines
1041 4214 1220 4252 sacras
1250 4199 1529 4268 confregit,
1557 4202 1844 4253 combussit

1864 3009 1916 3075 (ἒ

2005 1810 2094 1865 39.
2125 1811 2320 1876 Serius,
2359 1812 2430 1865 uti
2460 1812 2681 1873 videtur,
2709 1812 2760 1865 in
2793 1812 3170 1865 Cadurceusem
3196 1813 3471 1879 episcopa-

1940 1909 2046 1951 tum
2090 1900 2322 1952 invectus
2369 1898 2466 1952 fuit
2507 1900 2677 1952 cultus
2720 1899 2886 1952 sancti
2932 1898 3190 1953 Ambrosii
3229 1917 3240 1949 :
3273 1901 3470 1952 nullum

1937 1991 2076 2043 enim
2123 1990 2384 2058 antiquius
2424 1990 2538 2058 ejus
2583 2001 2974 2044 monument-tm
3002 1992 3266 2056 occurrit,
3312 2005 3469 2059 quam

1939 2079 2115 2131 charta
2135 2079 2271 2130 edita
2292 2094 2319 2131 a
2344 2080 2651 2147 Raymundo
2672 2080 2732 2132 Ill
2758 2080 2828 2146 (ε)
2849 2123 2862 2144 ,
2891 2080 3154 2133 l'anchelli
3182 2082 3344 2144 dicto,
3370 2096 3472 2149 qua

1939 2167 2047 2219 vult
2076 2177 2130 2219 ut
2158 2167 2207 2218 in
2231 2170 2478 2221 honorem
2506 2169 2670 2221 sancti
2701 2169 2959 2221 Ambrosii
2994 2170 3192 2235 patroni
3225 2170 3328 2229 sui,
3359 2184 3473 2235 quae

1939 2267 2039 2305 vox
2062 2255 2410 2320 antiquiorem
2443 2253 2708 2321 aliquanto
2737 2253 3066 2306 devmionem
3097 2255 3354 2321 designat,
3385 2271 3473 2307 sa-

1937 2342 2126 2394 cellum
2144 2342 2392 2408 erigatur.
2416 2343 2491 2396 En
2507 2343 2619 2409 ejus
2642 2342 2794 2396 verba
2817 2357 2878 2395 ex
2897 2342 3013 2395 Gul.
3040 2343 3103 2394 de
3126 2345 3170 2395 la
3192 2343 3343 2394 (ΖΙ-οἰκ
3361 2342 3431 2411 (f)
3460 2361 3467 2391 :

1945 2449 1964 2483 ι
1999 2432 2285 2496 Universis,
2311 2442 2435 2494 etc.,
2461 2431 2800 2492 Baimuudus,
2833 2432 2920 2484 Dei
2948 2433 3111 2499 gratia
3134 2432 3478 2484 Cadurcensis

1943 2519 2238 2586 episcopus.
2289 2517 2566 2581 Noveritis,
2598 2520 2736 2585 quod
2762 2533 2856 2571 nos
2885 2532 3002 2570 cum
3029 2518 3310 2572 venerabili
3339 2516 3479 2582 capi-

1940 2609 2048 2662 tulo
2095 2607 2410 2660 Cadurcensi
2460 2608 2694 2659 volentes
2741 2617 2792 2658 et
2837 2607 3163 2660 intendentes
3207 2607 3394 2658 damna
3427 2616 3480 2656 ct

1940 2696 2162 2763 pericula
2201 2696 2449 2748 Ecclesiae
2479 2697 2847 2760 Cadurcensis,
2873 2699 2921 2750 in
2952 2700 3121 2764 capite
3151 2707 3203 2750 et
3231 2698 3280 2750 in
3310 2712 3473 2748 mem-

1939 2785 2074 2850 bris,
2104 2793 2252 2851 prout
2283 2797 2561 2850 possumus
2591 2795 2642 2836 et
2674 2795 2928 2844 tenemur,
2961 2785 3156 2837 evitare
3183 2824 3196 2847 ,
3227 2792 3280 2837 et
3319 2785 3482 2836 virtu-

1940 2884 2047 2929 tem
2092 2891 2186 2943 pro
2237 2875 2431 2932 viribus
2461 2891 2766 2942 procurare,
2801 2877 3058 2938 volumus,
3099 2875 3402 2927 ordinamus
3430 2881 3484 2926 et

1942 2967 2237 3030 statuimus,
2267 2968 2400 3033 quod
2436 2967 2690 3019 medietas
2717 2968 2974 3023 fructuum
3007 2967 3342 3019 ecclesiarum
3387 2979 3480 3016 va.

1945 3055 2172 3108 cautium
2203 3063 2256 3108 et
2281 3068 2642 3108 vacaturarum
2675 3058 2725 3108 iu
2749 3057 2957 3108 civitate
2989 3066 3040 3109 et
3060 3056 3274 3110 dimcesi
3305 3064 3481 3108 nostra

1941 3141 2282 3204 Cadurcensi,
2327 3143 2464 3196 illius
2510 3144 2630 3196 anni
2669 3158 2769 3210 quo
2799 3144 3056 3197 vacabunt
3099 3143 3148 3196 in
3197 3152 3481 3210 posterum,

1941 3231 2250 3285 cedentibus
2281 3233 2361 3284 vel
2391 3233 2769 3286 decedentibus
2800 3235 3088 3286 rectoribus
3117 3241 3169 3284 et
3198 3232 3482 3299 capellauis

1941 3331 2032 3370 seu
2064 3319 2325 3384 perpetuis
2356 3320 2561 3374 vicariis
2583 3322 2920 3374 ecclesiarum
2952 3322 3250 3374 earumdem
3281 3319 3430 3372 cedat
3466 3338 3477 3369 :

1941 3409 2250 3475 colligantur
2294 3424 2418 3462 vero
2445 3425 2538 3476 per
2571 3421 2744 3464 certos
2771 3411 3069 3472 canonicos,
3093 3411 3357 3478 eligendos
3384 3425 3474 3476 per

1944 3511 2038 3548 nos
2067 3507 2118 3548 et
2145 3498 2427 3562 capitulum
2457 3510 2692 3559 nostrum
2724 3500 3027 3565 prmdictum
3056 3501 3277 3568 singulis
3306 3503 3482 3567 annis,

1942 3596 2044 3648 quo
2082 3582 2300 3635 reddere
2331 3591 2608 3636 teneantur
2631 3585 2777 3637 nobis
2806 3595 2856 3638 et
2890 3585 3029 3640 dicto
3054 3587 3280 3654 capitulo
3305 3587 3373 3643 de
3398 3602 3482 3642 re-

1941 3671 2104 3735 ceptis
2127 3679 2179 3722 et
2206 3669 2450 3738 expensis
2477 3682 2672 3727 certam
2704 3684 2756 3726 et
2783 3675 3064 3742 legitimam
3097 3678 3373 3730 rationem.
3404 3677 3479 3731 Ita

1942 3761 2078 3826 quod
2109 3762 2158 3813 in
2187 3761 2365 3828 primis
2414 3773 2464 3816 et
2511 3774 2632 3816 ante
2677 3767 2873 3827 omnia,
2915 3767 2978 3817 ad
3024 3766 3272 3819 honorem
3303 3767 3392 3820 Dei
3425 3778 3480 3819 et

1944 3849 2081 3902 beati
2111 3850 2372 3902 Ambrosii
2405 3852 2605 3916 patroni
2636 3852 2832 3914 nostri,
2862 3864 2909 3904 et
2953 3854 3078 3904 olim
3109 3855 3337 3918 episc0pi
3386 3856 3484 3906 Ca-

1946 3938 2238 4002 durcensis,
2269 3938 2610 4002 deIfruCIibus
2639 3951 2687 3992 et
2721 3941 2867 3994 bonis
2911 3943 3170 4007 praedictis
3209 3955 3483 3996 construa-

1947 4039 2030 4081 tur
2078 4030 2362 4082 oratorium
2391 4046 2684 4099 congruum
2723 4043 2775 4085 et
2801 4031 3100 4100 honestum,
3131 4033 3181 4085 in
3226 4035 3358 4098 loco,
3391 4051 3497 4088 seu.

1945 4128 2118 4178 antro,
2151 4105 2238 4169 ire!
2269 4119 2530 4183 spelunca,
2566 4119 2616 4170 in
2646 4134 2746 4184 qua
2775 4123 2852 4172 vel
2876 4121 3064 4186 quibus
3093 4136 3254 4188 prope
3277 4132 3482 4188 pontem

1947 4216 2180 4257 veterem
2209 4205 2592 4259 Cadurcensem
2617 4207 2761 4272 juxta
2792 4208 2982 4260 ﬂumen
3025 4209 3126 4263 Olli
3156 4212 3322 4273 dictus
3347 4211 3481 4264 Sau-

293 4288 607 4341 Sanctorum
639 4289 879 4355 reliqulas
897 4289 994 4356 (b).
1021 4289 1159 4340 Inter
1181 4297 1397 4342 caeteras
1420 4292 1689 4355 ecclesias,
1721 4292 1839 4345 (2³1-
1872 4316 1924 4373 D
1948 4304 2062 4347 ctus
2087 4304 2282 4347 arctam
2318 4296 2474 4347 vitam
2504 4297 2696 4349 dicitur
2719 4295 2930 4349 duxisse
2959 4297 3111 4363 longo
3138 4307 3401 4365 tempore,
3434 4310 3487 4350 et

295 4375 605 4426 vinistarum
663 4373 836 4426 lurore
892 4376 1223 4438 destructas,
1275 4381 1666 4431 annumeranda
1723 4389 1845 4435 sunt

293 4464 668 4518 monasterium
696 4471 750 4515 et
791 4466 1038 4530 templum
1070 4465 1239 4517 sancti
1279 4468 1565 4531 Ambrosii,
1593 4473 1701 4522 imo
1733 4471 1845 4538 ejus

293 4567 502 4606 sacrum
530 4567 717 4618 corpus
744 4572 753 4605 :
783 4569 813 4608 e
835 4555 1025 4608 feretro
1049 4556 1155 4623 jam
1187 4559 1496 4623 projectum,
1523 4561 1844 4625 probabilius

301 4640 529 4692 ﬂammis
556 4640 902 4693 addicendutn
933 4652 1066 4703 erat,
1099 4645 1307 4708 quando
1345 4647 1731 4701 Catholieorum
1765 4649 1845 4702 in-

295 4729 497 4781 dustria
527 4743 588 4781 ex
619 4731 893 4796 impiorum
927 4734 1168 4785 manibus
1205 4744 1438 4800 ereptum
1471 4738 1565 4803 (c),
1628 4740 1678 4789 in
1712 4754 1842 4791 nova

297 4829 461 4882 capsa
485 4817 794 4870 collocatum
827 4819 936 4872 fuit.
973 4821 1158 4873 Postea
1204 4838 1339 4875 anno
1381 4824 1512 4876 1571
1547 4826 1843 4882 Ludovicus

295 4904 367 4958 de
394 4904 441 4956 la
479 4906 587 4959 Mer
616 4907 681 4960 de
720 4907 912 4969 Matha,
958 4912 1236 4974 Alvernus,
1265 4914 1427 4965 abbas
1454 4919 1840 4970 commendata-

297 4993 430 5058 rius,
457 4994 658 5048 dirutas
686 4998 826 5048 aedes
853 5012 878 5046 a
907 4997 1258 5053 lundatnentis
1284 5003 1619 5066 instauravit;
1650 5007 1841 5070 quibus

298 5078 422 5132 dein
466 5096 631 5134 novus
675 5083 922 5148 splendor
967 5089 1214 5150 accessit,
1249 5091 1458 5157 quando
1507 5107 1642 5144 anno
1689 5093 1837 5159 1654,

293 5165 396 5219 sub
437 5166 634 5222 Jacobo
662 5171 879 5239 Maugis,
908 5173 1094 5226 abbate
1126 5180 1599 5254 commendatario,
1629 5183 1839 5236 unicum

367 5318 442 5384 (α)
473 5319 534 5370 Τ.
564 5318 627 5379 ll,
655 5323 752 5374 col.
790 5321 912 5376 l8l.

370 5387 448 5468 lbj
476 5387 550 5468 De
573 5387 724 5468 Ilion
755 5391 1076 5468 ’μῆλ’-ψὴν.
1099 5393 1232 5468 ,Λιίῑῃ
1267 5413 1362 5449 xxx
1387 5440 1398 5459 ,
1437 5411 1469 5452 ι.
1507 5403 1596 5462 lll.
1633 5419 1682 5468 β.
1718 5407 1836 5456 ltiti.

392 5456 448 5532 ελ
473 5453 542 5532 ea
565 5456 868 5532 equester.
905 5460 1072 5532 Episc.
1099 5453 1352 5528 endure.
1384 5453 1430 5532 ῤ.
1469 5470 1553 5520 :i.

395 5521 452 5588 ά)
487 5521 598 5574 Gal.
634 5524 846 5590 Christ.,
882 5537 915 5578 l.
951 5528 1008 5588 ll,
1039 5532 1138 5583 col.
1167 5532 1282 5586 ’82.

1951 4382 2305 4448 pmnitentiam
2331 4383 2673 4435 voluntariam
2703 4384 2989 4449 peregisse,
3016 4396 3168 4453 prout
3190 4387 3483 4440 indubitan-

1946 4479 2024 4521 ter
2046 4477 2299 4521 testantur
2320 4471 2566 4522 miracula
2591 4485 2745 4536 quam
2773 4473 3013 4537 plurima,
3047 4474 3236 4528 ibidem
3260 4485 3311 4527 et
3335 4477 3480 4541 alibi,

1944 4569 2224 4625 praesume
2255 4559 2428 4612 divina
2459 4559 2645 4625 gratia,
2674 4560 2740 4613 ob
2770 4561 2881 4627 ejus
2915 4563 3097 4614 merita
3128 4564 3480 4619 declarata....

1945 4649 1998 4700 In
2023 4664 2241 4716 quorum
2273 4650 2424 4702 ﬁdem
2456 4662 2548 4701 nos
2576 4652 2852 4716 episcopus
2882 4651 3154 4715 praedictus
3183 4655 3352 4719 sigillo
3385 4670 3478 4707 no-

1946 4750 2055 4792 stro
2080 4755 2178 4792 una
2200 4755 2318 4792 cum
2351 4741 2524 4807 sigillo
2547 4740 2670 4794 dicti
2698 4739 2920 4806 Capituli
2948 4743 3040 4796 has
3061 4744 3260 4796 litteras
3288 4748 3478 4797 muniri

1946 4830 2184 4883 fecimus.
2231 4829 2336 4882 Nos
2378 4846 2500 4883 vero
2545 4831 2822 4896 capitulum
2877 4831 3205 4886 Cadurcense
3259 4837 3496 4902 sigillum-

1946 4927 2180 4970 nostrum
2225 4931 2498 4970 commune
2540 4931 2638 4981 una
2670 4933 2790 4970 cum
2825 4919 3000 4985 sigillo
3038 4921 3159 4973 dicti
3192 4923 3338 4974 Dom.
3374 4926 3484 4989 epi-

1944 5005 2088 5071 scopi
2137 5005 2479 5071 prtesculibus
2516 5007 2878 5071 appendimua.
2927 5007 3110 5060 Datum
3143 5010 3365 5062 Cadurci
3397 5012 3481 5064 diu

1945 5093 2087 5144 Jovis
2129 5102 2249 5146 ante
2279 5090 2466 5145 festum
2511 5095 2784 5148 Catbedra:
2816 5099 2976 5149 sancti
3018 5097 3176 5161 Petri,
3211 5115 3349 5153 anno
3384 5102 3483 5154 Do-

1943 5183 2072 5233 mini
2099 5198 2339 5236 κιαι-ιιι.
2379 5204 2393 5232 ι
2431 5185 2620 5248 Duplex
2667 5201 2800 5237 unite
2831 5186 3057 5240 Romana
3094 5189 3322 5244 Ecclesia
3348 5192 3484 5244 cele-

2019 5337 2086 5400 (ρ)
2117 5333 2228 5386 Non
2275 5349 2396 5388 vero
2437 5351 2501 5397 ll,
2535 5349 2588 5388 ut
2630 5338 2741 5388 vult
2780 5338 2843 5388 la
2886 5339 3068 5399 (lroiv,
3119 5357 3161 5402 ιι.
3203 5340 3342 5392 Ιὲ›8··;
3370 5337 3482 5392 Clr.

1947 5406 2078 5455 Call.
2113 5402 2330 5458 Cht‘iSl..
2367 5414 2404 5455 t.
2434 5403 2476 5466 Ι,
2507 5406 2604 5456 col.
2641 5406 2756 5457 137.

2018 5474 2081 5537 (Γ)
2112 5473 2222 5525 scr'
2264 5468 2431 5538 El‘lb‘f-
2460 5477 2701 5529 (indute,
2735 5491 2782 5538 μ,
2829 5475 2909 5528 tu
