3910 6234
430 302 454 355 1
467 301 567 356 255

1649 301 2049 358 δἸἙΡΗΑΝυΞ
2088 304 2262 358 PAPA
2307 307 2392 359 Ill.

3510 318 3655 371 1256

426 431 543 471 lzl‘al
574 417 760 470 festum
800 416 1070 469 Catliedra:
1114 416 1279 468 sancti
1328 416 1466 468 Petri
1499 434 1510 465 :
1538 418 1622 469 die
1662 418 1865 472 scilicet
1910 435 1975 474 xv
2005 432 2053 485 Α
2083 423 2265 489 festum
2294 423 2555 477 Cathedrw
2581 425 2741 477 sancti
2770 425 2932 491 Petri,
2980 428 3105 481 mihi
3147 441 3250 483 non
3296 439 3376 483 est
3422 430 3643 485 dubium

424 506 547 570 Kal.
598 508 863 561 Februarii
914 516 964 561 et
1001 521 1087 559 \‘lll
1131 505 1252 561 Kal.
1303 508 1496 571 Martii,
1546 519 1756 577 propter
1805 510 1983 563 sedem

432 599 714 652 Ruinamnn
738 606 791 649 et
815 596 1195 650 Antiochenam
1230 614 1242 648 :
1270 595 1484 651 difﬁcile
1508 596 1665 663 igitur
1688 597 1821 650 foret
1843 599 1981 650 diem

427 698 625 742 certum
670 688 829 739 citato
877 686 1147 754 diplomati
1200 686 1467 752 assignare
1496 729 1531 750 ,,
1569 686 1667 739 nisi
1718 698 1987 755 constaret

429 775 591 844 prius,
626 784 738 827 utra
770 775 1030 827 festivitas
1052 776 1136 826 hic
1160 764 1437 827 iudicetur.
1466 775 1697 842 Utraque
1717 777 1980 831 Cathedra

422 864 724 919 celebratur
754 864 958 930 quidem
992 862 1043 916 in
1074 864 1455 930 antiquissimis
1483 866 1890 934 martyrologiis,
1925 875 1981 919 ttt

420 953 733 1006 monstravit
765 953 813 1003 in
857 967 953 1003 suo
1000 951 1237 1007 Usuardo
1266 953 1510 1005 sollerius
1541 963 1722 1007 noster
1748 970 1760 1017 ;
1797 970 1977 1008 verum

419 1041 564 1111 prius
598 1040 783 1091 festum
826 1055 949 1092 xvtu
978 1040 1208 1093 Januarii
1240 1040 1377 1106 apud
1410 1040 1587 1108 plures
1614 1041 1973 1105 obsoleverat,

417 1138 477 1182 ut
519 1130 681 1197 liquet
710 1145 773 1181 ex
804 1128 1032 1194 antiquis
1072 1129 1500 1182 Sacramentario
1531 1131 1700 1183 sancti
1733 1129 1973 1198 Gregorii

414 1216 607 1286 Magni,
663 1217 852 1270 Missali
882 1217 1124 1279 Gothico,
1158 1227 1284 1278 etc.,
1338 1218 1463 1270 dum
1503 1218 1725 1271 alterum
1764 1220 1830 1273 ab
1861 1236 1973 1273 om-

414 1310 570 1363 nibus
602 1310 849 1362 Ecclesiis
874 1325 1086 1377 semper
1114 1320 1375 1363 retentum
1406 1312 1583 1366 luerit.
1616 1313 1766 1376 Quod
1811 1315 1969 1367 etiam

411 1396 754 1449 conﬁrmatur
799 1412 863 1460 ex
914 1414 977 1450 co
1031 1400 1167 1464 quod
1216 1399 1496 1452 concilium
1554 1401 1971 1466 Copriuiacense

410 1486 659 1559 (ϐορηίης)
698 1489 747 1539 in
779 1488 994 1543 dimcesi
1038 1490 1406 1559 Burdegalensi
1438 1494 1575 1546 circa
1607 1508 1800 1546 annum
1833 1496 1969 1550 59.55

409 1575 643 1630 habitum
665 1578 762 1641 (rt),
783 1576 917 1629 inter
939 1577 1046 1629 dies
1068 1578 1276 1646 feriatos
1300 1588 1458 1645 ponat
1477 1577 1783 1635 Cathedram
1807 1585 1966 1636 sancti

410 1661 574 1729 Petri,
600 1666 691 1719 sed
721 1677 838 1732 post
862 1665 1242 1721 Convertionem
1272 1670 1433 1720 sancti
1462 1668 1639 1734 Pauli,
1665 1678 1715 1723 et
1747 1672 1966 1738 proinde

2089 514 2213 578 quin
2239 522 2420 577 agatur
2448 513 2513 565 de
2542 513 2800 565 Cathedra
2828 515 2994 567 sancti
3023 515 3164 568 Petri
3186 517 3386 571 mensis
3411 518 3643 571 Februa-

2088 601 2149 652 rii
2184 617 2196 651 :
2226 615 2449 666 cumque
2490 616 2629 653 anno
2654 602 2910 655 bissextili
2941 602 3076 656 1508
3107 604 3275 658 littera
3307 606 3641 659 dominicalis

2085 703 2181 755 pro
2210 688 2310 742 hoc
2352 676 2720 744 mense'esset
2767 689 2831 755 F,
2862 693 3101 756 sequitur
3148 692 3288 746 diem
3330 694 3478 748 Jovis
3517 704 3645 751 ante

2083 780 2272 832 lestum
2297 778 2573 831 Callicdra:
2597 779 2757 831 fuisse
2784 794 2848 832 xv
2870 779 3163 833 Februarii.
3190 781 3383 833 Paulus
3409 798 3540 848 papa
3572 782 3637 834 ιν

2082 881 2174 934 per
2203 866 2397 919 bullam
2426 867 2599 919 datam
2624 863 2717 919 vui
2745 867 2863 919 ldus
2894 867 3124 920 Januarii
3162 869 3287 921 anni
3321 869 3457 922 1558
3486 871 3640 922 restl-

2080 953 2176 1007 tuit
2221 953 2412 1006 festum
2444 954 2719 1008 Catliedra:
2764 954 3017 1009 Romamn
3046 971 3169 1009 xvut
3196 956 3461 1018 Januarii.
3492 960 3639 1027 quod

2078 1045 2129 1095 in
2178 1045 2410 1111 pluribus
2449 1044 2687 1099 ecclesiis
2717 1046 3043 1113 antiquatum
3084 1058 3194 1100 erat
3226 1048 3323 1117 (b).
3359 1048 3424 1101 Ut
3454 1049 3643 1102 redea-

2075 1148 2192 1185 mus
2221 1135 2287 1186 ad
2334 1143 2571 1187 sanctum
2606 1133 2962 1196 Ambrosium,
2993 1134 3241 1189 sacellum
3281 1132 3420 1202 ejus,
3452 1152 3482 1187 a
3515 1133 3639 1189 Rai-

2075 1225 2271 1276 mundo
2293 1222 2606 1275 aediﬁcatum
2628 1263 2644 1289 ,
2675 1231 2846 1276 exstat
2873 1222 3067 1285 adhuc,
3114 1224 3352 1290 quamvis
3382 1225 3640 1290 posterio-

2074 1314 2216 1366 ribus
2246 1313 2568 1379 temporibus
2615 1328 2679 1364 ex
2729 1320 2880 1378 parte
2927 1312 3009 1365 vel
3041 1326 3106 1365 ex
3137 1321 3245 1365 toto
3284 1312 3635 1372 instauratum

2070 1404 2251 1457 locrit.
2298 1402 2406 1455 Sub
2438 1404 2595 1454 linem
2641 1400 2821 1454 smculi
2852 1400 3220 1467 praecedentis.
3249 1401 3351 1455 hoc
3379 1402 3637 1455 sacellum

2070 1504 2123 1548 et
2146 1493 2448 1560 adjunctum
2479 1492 2820 1554 territorium,
2847 1491 2974 1543 ﬁsco
3003 1492 3208 1558 publica
3225 1492 3493 1544 addictum
3513 1480 3637 1545 \‘en-
3669 1528 3682 1536 .

2067 1580 2359 1647 ditumque,
2396 1587 2596 1647 perstat
2618 1590 2812 1641 tamen,
2840 1577 2961 1631 licet
2980 1579 3323 1645 profanatum,
3340 1588 3497 1645 atque
3513 1592 3637 1646 spes

2067 1678 2145 1723 est
2167 1670 2339 1735 aliqua
2366 1666 2477 1720 fore
2500 1677 2553 1733 ut
2577 1665 2857 1734 aliquando
2883 1666 3043 1720 cultui
3069 1668 3235 1727 sancti
3264 1668 3529 1719 Ambrosii
3552 1681 3636 1741 re-

408 1769 593 1819 mense
623 1759 929 1812 Februario.
957 1758 1088 1813 Cum
1120 1760 1292 1826 itaque
1314 1758 1643 1814 Raimundus
1665 1761 1963 1819 Cadurcen-
1998 1770 2042 1828 Β
2069 1759 2329 1821 stituatur,
2365 1765 2421 1809 ut
2444 1756 2632 1811 litteris
2660 1755 2722 1808 ad
2755 1772 2837 1808 me
2866 1756 3001 1811 datis
3023 1755 3202 1809 scribit
3233 1756 3293 1809 R.
3321 1756 3379 1809 D.
3407 1756 3632 1825 Layrac,

407 1845 484 1901 lis
534 1847 843 1916 simpliciter
891 1848 1032 1902 dicat
1077 1848 1255 1902 datum
1305 1848 1535 1917 diploma
1565 1850 1646 1903 die
1682 1850 1823 1905 lovis
1848 1862 1965 1906 ante

480 1948 561 2017 te)
589 1956 785 2016 Lalilie.
812 1967 846 2009 t.
878 1956 966 2018 XI,
999 1966 1132 2022 part.
1160 1972 1177 2010 l
1203 1956 1389 2019 Conc.,
1419 1956 1522 2009 col.
1556 1956 1679 2010 749.

472 2026 550 2095 (ὁ)
596 2027 775 2095 Exstat
814 2026 951 2079 bulla
994 2026 1043 2077 in
1089 2028 1206 2079 Act.
1249 2024 1345 2095 SS.
1396 2041 1521 2077 xvnt
1565 2027 1706 2089 Jan.,
1742 2040 1792 2089 ρ.
1839 2026 1964 2079 182.

405 2091 837 2167 Bullatidusilicit
863 2094 1037 2146 datam
1071 2095 1244 2147 ldihus
1266 2094 1519 2158 Januarii,
1538 2110 1658 2148 cum
1685 2095 1964 2147 Bullariutn

2070 1850 2384 1904 secretarius
2415 1846 2750 1905 illustrissimi
2772 1846 2971 1900 Domini
2999 1847 3229 1915 episcopi
3253 1846 3629 1901 Cadurcensis.

2069 1956 2362 2009 Romanum
2408 1956 2600 2009 scribat
2640 1971 2730 2009 vut
2777 1954 2897 2008 ldus
2939 1940 3200 2017 Januarii,
3246 1964 3282 2008 t.
3330 1954 3383 2016 l.
3433 1971 3485 2019 ρ.
3527 1953 3639 2009 853

2074 2026 2544 2092 (Edit.'Luxemh.
2594 2038 2682 2077 an.
2718 2023 3140 2087 MDCCXXVII).
3192 2021 3301 2076 Cfr.
3357 2021 3633 2076 Biaucliini

2074 2096 2405 2156 Anastasius,
2438 2103 2476 2147 t.
2504 2092 2587 2156 IV,
2622 2109 2670 2161 p.
2701 2092 2801 2146 150
2830 2102 2885 2145 et
2906 2107 3051 2159 seqq.
3130 2136 3134 2144 ι

458 2288 601 2344 Cum
628 2305 659 2361 tr
686 2287 944 2343 nonnullis
970 2290 1167 2361 scripta
1181 2290 1302 2361 duo.
1334 2306 1512 2361 nempe
1538 2290 1605 2343 de
1634 2291 1986 2345 Sacramentis
2006 2303 2053 2343 et
2076 2292 2144 2346 de
2171 2290 2450 2360 Mysteriis,
2474 2291 2768 2361 adiudicata
2794 2292 3003 2361 fuissent
3025 2289 3085 2343 S.
3119 2289 3402 2361 Ambrosio,
3432 2287 3635 2361 Cadur-

405 2361 542 2412 ceuai
576 2360 834 2427 (piscatio,
869 2361 911 2411 ei
948 2362 1109 2411 locum
1151 2359 1203 2410 in
1243 2358 1552 2412 Bibliotheca
1598 2370 1767 2411 nostra
1792 2361 2060 2412 cancedere
2098 2358 2433 2426 Opportunum
2460 2359 2733 2421 duximus;
2761 2358 2963 2411 sed'hic
3006 2359 3159 2409 dandi
3182 2374 3335 2423 opera
3362 2360 3426 2408 de
3450 2359 3635 2424 quibus

403 2430 569 2495 agitur
594 2429 733 2480 nulla
754 2429 1021 2480 necessitas
1047 2438 1137 2491 est,
1163 2431 1264 2479 tuin
1286 2429 1400 2494 quia
1420 2445 1476 2480 ea
1504 2444 1603 2480 non
1642 2430 1707 2479 ad
1732 2429 1789 2480 S.
1818 2428 2131 2480 Ambrosium
2158 2429 2519 2480 Cadurcensem
2545 2430 2785 2493 pertinere
2808 2427 2987 2479 notitia
3012 2432 3292 2495 prrecedens
3314 2430 3635 2478 demonstra-

404 2498 490 2546 uit.
518 2508 621 2546 tum
646 2500 763 2546 ania
791 2498 893 2546 iam
918 2500 1092 2546 eodem
1118 2497 1307 2546 scripta
1328 2497 1458 2546 inter
1487 2494 1547 2546 S.
1579 2497 1830 2546 Ambrosii
1855 2495 2248 2546 Mediolanensis
2276 2512 2425 2546 onera
2450 2496 2710 2546 habentur.
2741 2506 2870 2546 tanta
2901 2494 3207 2546 Patroloaia:
3230 2492 3366 2546 XVI.
3473 2493 3630 2546 Eutr.

404 2492 490 2561 ait,
518 2508 621 2548 tum
646 2500 763 2564 quia
779 2498 893 2563 jam
918 2500 1092 2547 eodem
1118 2492 1307 2564 scripta
1328 2497 1458 2548 inter
1487 2494 1547 2549 S.
1579 2497 1830 2549 Ambrosii
1855 2495 2248 2549 Mediolanensis
2276 2512 2425 2564 opera
2450 2496 2711 2559 habentur,
2741 2506 2870 2555 tanta
2901 2492 3207 2563 Patrologia:
3230 2492 3366 2547 XVI.

508 2601 519 2607 ι
534 2600 843 2608 σ-φ-υ--κ-

847 2600 1114 2609 ...Φ-’-

1119 2600 1226 2608 ο...

1228 2600 1588 2609 a————-—-——-——o

2340 2600 2643 2609 _._..._.-.-—~—-s
2662 2601 2751 2609 ινα-..ια

2776 2601 2951 2609 ρι--υ-α

2958 2601 3107 2608 --δ--υ

3366 2597 3642 2645 ﬁ

1628 2696 1702 2739 AN
1714 2697 1794 2740 NO
1836 2697 2069 2741 DOMINI
2110 2697 2409 2741 υαοιιιι.

870 2832 2668 3131 STEPHANUS
2779 2840 3149 3053 ΠΙ

2496 3134 2531 3167 II

1580 3170 1956 3235 ROMANUS
1997 3171 2422 3237 PONTIFEX.

747 3356 1179 3431 NO'I‘ITIA
1239 3324 1791 3430 HISTORICA
1848 3356 1954 3431 IN
2017 3356 2631 3436 STEPHANUM
2694 3357 3021 3433 PAPAM
3085 3356 3230 3432 ΙΠ.

1436 3509 1565 3570 (Lib.
1594 3510 1774 3560 Pontif.
1801 3523 1865 3560 ex
1895 3474 2053 3561 Man-si
2073 3514 2217 3563 Conc.
2255 3510 2374 3563 Coll.
2397 3520 2430 3561 ι.
2457 3511 2585 3575 xu.)

468 3650 799 3733 ‘Steplianus
827 3663 1264 3733 tertius,natione
1296 3662 1523 3724 Siculus,
1553 3676 1614 3713 ex
1664 3670 1813 3729 patre
1849 3661 1959 3713 Oli-
1988 3664 2035 3725 C
2066 3679 2272 3717 manam
2300 3664 2508 3726 urbem,
2542 3664 2755 3717 tradidit
2778 3679 2899 3717 eum
2926 3665 3150 3719 domnus
3174 3666 3464 3734 Gregorius
3494 3684 3642 3735 εισι,

394 3772 483 3821 vo,
512 3759 526 3788 ί
553 3757 690 3811 sedit
718 3770 884 3811 annos
906 3765 1032 3819 tres,
1065 3770 1276 3809 nienses
1303 3754 1553 3823 quinque,
1587 3758 1607 3786 ⁸
1634 3754 1749 3808 dies
1776 3753 1955 3821 viginti

392 3861 535 3902 octo.
590 3846 677 3901 Vir
718 3856 986 3912 strenuus,
1014 3857 1067 3900 et
1115 3846 1306 3911 divinis
1354 3844 1641 3913 Scripturis
1692 3844 1952 3908 eruditus,

395 3946 555 4001 atque
600 3934 971 3991 coclesiasticis
1020 3935 1387 3990 traditionibus
1414 3936 1665 3997 imbutus,
1694 3943 1748 3987 et
1792 3933 1842 3986 in
1866 3948 1955 3987 ea-

394 4040 513 4079 rnm
569 4024 1021 4079 tbSCIVMiOﬂihllS
1068 4024 1524 4079 constantissimus
1572 4033 1955 4111 perseverator.

396 4114 490 4172 llic
518 4116 638 4167 dum
686 4132 712 4166 a
744 4115 1001 4171 Siciliensi
1031 4116 1198 4171 insula
1250 4116 1304 4170 in
1351 4115 1488 4169 banc
1515 4114 1813 4169 advenisset
1853 4112 1961 4166 Ro-

2064 3767 2162 3809 cue
2191 3754 2569 3808 recordationis
2612 3754 2820 3807 Tertius
2848 3768 2975 3821 papa
3025 3756 3076 3807 in
3104 3755 3425 3809 monasterio
3449 3760 3636 3829 sancti

2062 3841 2385 3910 Chrysogoni
2415 3842 2554 3910 quod
2584 3851 2707 3894 tunc
2736 3841 2942 3895 noviter
2968 3842 3229 3906 fundabat
3272 3843 3487 3911 illicque
3511 3844 3627 3900 cla-

2064 3932 2205 3982 ricus
2230 3940 2387 3997 atque
2413 3929 2697 3982 monachus
2721 3938 2803 3983 est
2826 3928 3062 3983 etl‘ectus.
3092 3931 3255 3995 Quem
3284 3931 3631 3997 postmodum

2062 4020 2284 4073 domnus
2319 4020 2596 4073 Zacharias
2624 4033 2754 4086 papa
2795 4033 2860 4072 ex
2891 4018 3006 4085 ipso
3034 4018 3054 4049 ³
3088 4018 3374 4073 abstollens
3421 4034 3631 4073 mona-

2064 4108 2248 4172 sterio,
2292 4110 2343 4178 in
2400 4108 2766 4170 Lateranensis
2809 4105 3110 4176 patriarcbii
3153 4108 3393 4162 cubiculo
3438 4108 3460 4139 ⁸
3504 4121 3635 4164 esse

1609 4216 2001 4273 VARlANTES
2039 4214 2428 4271 LECTIONES.

565 4312 623 4367 1.,
669 4312 881 4361 Olibrio.

565 4312 623 4367 L.
717 4312 750 4358 li
786 4312 829 4360 ri
869 4350 881 4361 .

472 4316 564 4433 1lii
590 4310 782 4439 al.3iel;
800 4327 973 4448 vioginti
994 4388 1103 4435 octo
1130 4377 1299 4445 deest,
1322 4379 1459 4433 sicut
1485 4387 1536 4433 et
1552 4380 1624 4430 vir
1642 4388 1872 4432 strenuus
1889 4386 1955 4429 et.

2138 4308 2157 4337 ³
2183 4306 2311 4359 Cod.
2344 4305 2497 4375 Luc.,
2529 4309 2778 4375 auferens.

2135 4375 2155 4404 ⁸
2175 4375 2305 4429 Cod.
2337 4374 2491 4440 Luc.,
2520 4391 2612 4428 suo
2655 4375 2897 4443 prwfecit.

1698 4474 2052 4530 VARIORUM
2092 4473 2317 4527 NO'I'IE.

473 4579 496 4606 ο
536 4570 841 4634 Stephanus.
905 4567 1030 4619 Post
1083 4565 1482 4617 Constantinum
1554 4576 1606 4617 et
1655 4564 1949 4634 Pliilippum

402 4632 763 4706 psentlupapas
791 4639 1010 4701 eiectus,
1041 4635 1228 4706 quinta
1251 4636 1491 4701 Augusti,
1522 4648 1658 4686 anno
1690 4632 1953 4698 Redemp-

404 4703 533 4761 toris
580 4707 704 4766 768,
756 4707 987 4769 legitime
1037 4703 1321 4753 secundum
1369 4716 1636 4753 sacrorum
1690 4715 1953 4753 canonum

402 4776 767 4845 pra-scriptum
790 4782 997 4845 creatus
1018 4780 1099 4820 est
1122 4769 1350 4845 pontifex
1370 4770 1665 4845 Stephanus
1690 4771 1955 4845 papa_ejus

402 4836 747 4901 itoniinis'lv,
777 4854 929 4905 quem
956 4838 1261 4889 Anastasius
1286 4836 1419 4889 male
1454 4838 1661 4889 tertium
1701 4838 1953 4905 nominat,

405 4923 463 4964 ut
485 4921 620 4975 patet
647 4926 709 4961 ex
742 4909 806 4960 iis
839 4922 952 4970 qua:
976 4920 1128 4968 supra
1157 4907 1291 4976 dicta
1339 4906 1565 4976 fuerunt.
1615 4906 1745 4976 Post,
1766 4904 1954 4957 factam

405 4972 743 5035 electionem,
778 4976 1113 5037 omniumque
1153 4972 1293 5025 sedis
1323 4974 1623 5039 apostolica:
1655 4972 1957 5024 invasorum

406 5059 698 5113 parnaniac
728 5052 972 5113 mortem,
1006 5056 1098 5106 pro
1146 5043 1346 5113 synodo
1398 5042 1595 5113 agenda
1647 5040 1958 5107 legationem

407 5109 551 5169 illisit
579 5112 643 5163 ad
684 5126 856 5177 regent
893 5109 1182 5174 Pippinum.
1243 5111 1343 5164 Sed
1397 5124 1513 5160 cum
1563 5109 1606 5160 is
1635 5119 1755 5177 ante
1776 5123 1959 5160 eorum

410 5187 695 5234 θείνειιιιιιιι
723 5176 762 5231 ε
783 5180 914 5227 VIVlS
942 5177 1271 5239 excessisset,
1302 5186 1674 5231 concesserunt
1704 5176 1822 5243 ejus
1868 5190 1962 5239 po-

409 5250 533 5300 steri
560 5248 644 5298 ﬁlii
676 5261 735 5296 ac
764 5245 999 5297 Ita-tedas
1025 5247 1168 5311 regni
1197 5246 1415 5297 Carolus
1446 5259 1495 5296 et
1516 5246 1978 5311 (Σπιτυιφιιιίψωε,⁴

392 5330 489 5374 ut.
520 5315 653 5381 quod
712 5314 998 5378 petebatur,
1054 5310 1327 5381 duodecim
1384 5310 1955 5381 episcopijGalliarum

409 5378 699 5434 doctissimi
724 5382 787 5431 ad
811 5381 1088 5433 concilium
1134 5380 1315 5432 Romae
1368 5378 1736 5430 celebrandum
1786 5379 1959 5428 mitte-

412 5462 608 5500 rentur.
644 5448 758 5510 Quo
790 5455 1020 5512 peracto,
1050 5450 1186 5501 sicut
1238 5447 1372 5498 infra
1427 5446 1835 5504 recensebimus,
1870 5457 1961 5506 per

412 5520 605 5566 “hilum
660 5519 821 5581 Sergii
874 5515 1251 5581 archiepiscopi
1303 5513 1620 5581 Ravennatis
1672 5514 1720 5561 in
1763 5512 1959 5581 eadem

412 5585 629 5635 ertlcsia
659 5578 891 5638 exortum
920 5597 997 5639 est
1027 5578 1272 5639 seliistua.
1303 5582 1429 5637 l‘t'am
1461 5580 1510 5632 in
1550 5580 1721 5633 locum
1747 5578 1960 5634 defunc-

2062 4563 2097 4615 ti
2128 4563 2302 4615 clerus
2331 4558 2605 4611 universus
2634 4561 2862 4627 elegerat
2893 4559 3118 4612 Leonem
3146 4573 3158 4608 :
3192 4573 3287 4611 rex
3312 4557 3633 4625 Langobar-

2062 4632 2244 4683 dorum
2306 4628 2607 4680 Michaelem
2665 4628 2941 4695 quemdam
2994 4628 3230 4680 ecclesia:
3284 4629 3634 4695 scriniarintn

2062 4713 2156 4763 per
2185 4700 2289 4749 vim
2317 4697 2617 4749 intruserat.
2676 4694 2823 4749 llunc
2847 4695 3143 4759 Stephanus
3176 4694 3387 4762 quidem
3415 4698 3627 4759 aliquo-

2064 4769 2161 4818 tics
2190 4774 2483 4825 monuerat,
2518 4774 2572 4815 ut
2596 4765 2863 4827 illegitime
2897 4765 3127 4815 introsus
3173 4763 3403 4831 legitime
3447 4766 3631 4817 electo

2062 4834 2296 4893 cederet,
2329 4833 2421 4885 sed
2448 4834 2572 4902 ltus}
2584 4850 2634 4883 ra
2654 4850 2667 4897 ;
2692 4835 2860 4886 donec
2883 4849 2911 4884 a
2932 4831 3122 4884 Carolo
3152 4831 3471 4902 Francorum
3494 4848 3629 4902 rego

2068 4904 2505 4965 Compellerentur
2538 4901 2870 4954 Ravennates
2900 4910 2953 4951 ut
3007 4902 3263 4965 intrusum
3309 4899 3626 4955 llicltaelein

2068 4968 2726 5039 episcopatudcjicerent,
2778 4978 2830 5021 et
2860 4968 3078 5039 Romam
3111 4969 3339 5039 vinctum
3394 4968 3627 5039 αριθμ-

2067 5034 2205 5090 rem.
2243 5036 2539 5089 llesiderius
2569 5053 2655 5088 rex
2691 5036 3151 5103 Longoliardorum
3180 5034 3627 5101 Christophor'um

2066 5105 2421 5171 primicerinm
2478 5114 2531 5156 et
2577 5104 2815 5172 Sergium
2865 5103 3317 5166 sec-iudicerium,
3350 5118 3381 5155 a
3429 5104 3626 5171 quibus

2067 5174 2378 5224 monebatur
2417 5182 2468 5222 ut
2494 5172 2613 5239 jura
2654 5173 2919 5231 Ecclesiae,
2943 5172 3214 5233 redderet,
3244 5180 3426 5224 contra
3461 5174 3629 5226 [idem

2066 5240 2299 5306 pontiﬁci
2328 5241 2500 5290 datam
2530 5244 2817 5293 exere-cavit
2837 5280 2852 5306 ,
2890 5255 3059 5305 eoque
3090 5242 3228 5291 laeto
3269 5239 3626 5305 Cliris'mpbo-

2066 5321 2180 5375 rum
2202 5307 2408 5375 occidit.
2442 5308 2587 5369 Quod
2618 5324 2749 5375 cum,
2769 5308 2999 5375 pontifex
3031 5307 3139 5373 regi
3179 5308 3393 5375 periuro
3420 5320 3628 5375 expro-

2065 5373 2258 5433 braret,
2282 5372 2793 5441 ferturrespouilis'se
2820 5394 2830 5425 :
2856 5376 3083 5441 Suﬁ'iciat
3101 5372 3385 5436 apostolico
3408 5372 3632 5441 Stepha-

2066 5458 2132 5493 no
2152 5443 2286 5507 quod
2298 5440 2673 5509 Cristoplwrnm
2696 5455 2739 5495 et
2763 5440 2993 5510 Sergium
3012 5444 3098 5510 qui
3126 5444 3201 5494 illi
3230 5440 3632 5510 dominabantur

2068 5510 2130 5580 de
2174 5512 2360 5580 medio“
2388 5512 2588 5569 sustuli.
2642 5520 2697 5561 ut
2738 5528 2834 5562 non
2865 5509 2927 5563 sit
2962 5524 3155 5580 necesse
3166 5512 3292 5580 jura
3335 5509 3633 5580 requirere.

2070 5579 2189 5631 lla:c
2221 5578 2269 5630 in
2311 5576 2419 5629 Vita
2452 5580 2702 5645 Stephani
2732 5580 2793 5633 Ill
2824 5588 2873 5634 et
2906 5578 3150 5632 lladriani
3168 5576 3521 5632 "Anastasius.
3636 5582 3639 5587 '
