3908 6342
558 321 693 375 1239

1774 319 2180 374 STEPHANUS
2223 318 2393 373 ΡΑΡΔ
2436 318 2520 371 lli.

3594 67 3838 437 ηιοἾ

554 441 683 485 tam.
711 430 901 498 Sicque
925 428 1033 497 jam
1054 426 1225 481 dictus
1252 425 1460 494 Sergius
1497 435 1551 480 et
1590 412 1942 493 Waldipertus
1979 440 2095 480 cum
2125 431 2171 485 Λ
2200 439 2320 492 pum
2366 425 2723 493 presbyterum
2762 421 2829 477 de
2856 421 3043 477 eodem
3090 421 3427 492 patriarchio,
3455 426 3535 493 qui
3562 437 3609 483 et
3633 444 3711 496 per

556 516 918 589 Longobar'dis
948 516 1235 569 Romanam
1265 514 1445 566 urbem
1477 514 1695 581 ingressi
1742 521 1884 575 sunt,
1927 522 1979 565 et
2009 526 2100 579 per

554 620 736 659 muros
763 604 991 658 civitatis
1020 616 1137 655 cum
1165 601 1427 653 flammnla
1459 599 1831 662 ascendebant.
1864 610 2097 652 metuen-

552 704 635 748 tes
656 692 945 746 Romanum
982 690 1251 758 populum,
1285 699 1337 741 et
1369 701 1693 754 nequaquam
1740 687 1804 738 de
1829 685 2100 741 Genuculo

550 783 651 848 ipsi
680 781 1006 847 Langobardi
1028 779 1139 830 ausi
1169 787 1287 830 sunt
1315 778 1655 837 descendere,
1679 776 1770 828 sed
1798 790 1913 829 cum
1939 777 2098 833 nimio

551 880 784 924 tremore
813 868 1005 921 ibidem
1036 865 1366 918 assistebant.
1413 863 1522 917 Hoc
1550 878 1676 916 vero
1718 862 1937 915 audiens
1966 864 2098 915 Toto

550 966 605 1011 et
638 956 881 1011 Passivus
911 955 1144 1021 germani
1175 952 1386 1015 fratres,
1423 954 1724 1018 ignorantes
1752 953 2016 1019 ingenium
2046 960 2100 1003 et

547 1047 726 1101 dolum
755 1047 892 1113 quod
915 1048 961 1099 ei
998 1038 1286 1110 proditores
1315 1042 1539 1095 inierant
1568 1082 1581 1105 ,
1613 1050 1953 1095 cucurrerunt
1979 1054 2097 1093 cum

547 1136 826 1205 aliquantis
855 1134 917 1187 ad
950 1133 1250 1201 przcdictam
1281 1141 1505 1199 portam,
1536 1145 1654 1183 cum
1704 1130 1893 1197 quibus
1916 1138 1967 1180 et
2001 1128 2097 1180 Dc-

546 1228 766 1280 Inetrins
790 1224 1200 1285 secundicerins,
1231 1232 1280 1276 et
1328 1221 1603 1279 Cratiosus
1657 1228 1778 1272 tunc
1830 1217 2097 1271 chartula-

546 1314 679 1378 rius,
714 1312 1041 1381 postmodum
1070 1313 1174 1364 dux
1197 1351 1211 1373 ,
1244 1317 1658 1377 properavernnt
1687 1323 1700 1369 ;
1733 1306 1818 1374 qui
1846 1315 1900 1358 et
1928 1304 2024 1369 ipsi
2049 1305 2098 1357 in

546 1406 767 1467 consilio
789 1416 936 1460 erant
965 1418 1082 1457 cum
1110 1401 1341 1469 praefatis
1369 1398 1761 1453 nefandissimis
1811 1392 2101 1464 proditori-

544 1493 664 1547 bus.
689 1494 750 1547 Et
773 1493 1252 1560 appropinquantes
1275 1490 1338 1542 ad
1357 1488 1567 1542 eosdem
1592 1484 1983 1553 Longobardos,
2005 1482 2099 1534 ob-

544 1580 911 1634 viavizTotoni
942 1578 1058 1631 duci
1081 1590 1145 1629 ex
1175 1575 1374 1629 eisdem
1402 1573 1759 1642 Longnbardis
1778 1612 1791 1637 ,
1823 1571 1911 1637 qui
1941 1568 2101 1642 bella-
2138 1584 2139 1587 η

544 1678 631 1724 tor
658 1682 766 1735 prta
802 1667 1043 1719 omnibus
1071 1665 1353 1733 apparebat
1384 1703 1398 1727 ,
1432 1662 1739 1729 Racipertus
1769 1660 1978 1714 ttOtniue
2001 1696 2015 1721 ,
2047 1665 2099 1710 et

2201 512 2398 564 scalam
2447 527 2563 576 qua:
2613 511 2757 565 ducit
2813 511 2882 565 ad
2934 510 3175 565 balneum
3232 514 3549 569 descendens
3608 532 3712 573 cum

2200 613 2384 668 magna
2435 600 2725 681 reverentia
2764 599 2828 651 ad
2858 614 3010 653 suum
3057 614 3298 654 reversus
3348 608 3429 654 est
3476 614 3712 659 monaste-

2198 689 2353 740 rium.
2415 689 2607 755 Sicque
2654 688 2909 755 praefatus
2964 688 3367 755 Christopborns
3420 680 3715 756 primicerius

2198 774 2299 826 alia
2326 773 2411 827 die
2458 789 2742 842 aggregans
2793 776 2842 827 in
2892 775 3078 833 Tribus
3109 778 3282 829 ‘satis
3336 778 3619 830 sacerdotes
3664 794 3717 833 ac

2201 862 2448 928 primates
2497 862 2641 923 cleri,
2672 872 2726 915 et
2752 862 3031 929 optimates
3061 862 3281 925 militize,
3325 874 3479 931 atque
3524 870 3711 920 univer-

2199 965 2313 1003 sum
2342 951 2650 1015 exercitum,
2681 961 2734 1006 ct
2762 953 2905 1005 cives
2950 952 3219 1018 honestos,
3250 954 3520 1020 omnisque
3561 958 3717 1024 populi

2198 1037 2421 1091 Romani
2448 1049 2661 1105 emtum,
2693 1055 2720 1090 a
2752 1054 2939 1107 magno
2965 1040 3128 1108 usque
3171 1042 3236 1093 ad
3266 1056 3499 1109 parvum,
3540 1055 3713 1107 pertra-

2198 1137 2401 1181 ctantes
2452 1131 2645 1195 pariter
2686 1129 3131 1182 concordaverunt
3172 1144 3354 1181 omnes
3405 1144 3500 1181 una
3542 1139 3709 1197 mente,

2201 1228 2408 1284 unoque
2428 1214 2688 1269 consensu
2713 1216 2764 1266 in
2786 1229 3058 1281 personam
3082 1214 3281 1279 prazfati
3309 1216 3441 1267 beati
3467 1215 3709 1281 Stephani.

2199 1302 2584 1369 Pergentesque
2614 1303 2662 1354 in
2693 1302 2896 1365 titulum
2920 1302 3085 1355 beata:
3104 1302 3354 1365 Ctecilizn,
3389 1303 3438 1355 in
3466 1318 3564 1369 quo
3587 1304 3708 1357 idem

2201 1389 2474 1459 presbyter
2499 1390 2519 1420 ³
2546 1390 2780 1443 existens
2803 1404 2921 1442 eum
2947 1390 3245 1456 porrtilicem
3273 1390 3554 1457 elegerunt,
3574 1405 3708 1458 quem

2199 1492 2317 1531 cum
2348 1478 2560 1541 vocibus
2610 1477 3042 1540 acclamationum
3068 1487 3121 1529 et
3166 1477 3411 1530 laudibus
3443 1478 3491 1529 in
3521 1477 3708 1535 Latent:

2200 1583 2362 1622 nense
2407 1569 2812 1634 deportaverunt
2858 1566 3248 1634 patriarchium,
3296 1575 3351 1619 et
3396 1575 3505 1631 post
3548 1566 3703 1631 omnia

2204 1658 2305 1711 rite
2333 1658 2386 1709 in
2415 1656 2528 1723 ejus
2557 1656 2810 1716 electione
2836 1664 3065 1729 peracta,
3096 1656 3202 1709 Deo
3240 1664 3474 1718 auctore,
3512 1656 3700 1721 pontill-

539 1758 792 1825 impetnm
823 1755 942 1809 fecit
970 1769 1125 1821 super
1156 1753 1395 1806 eumdem
1424 1751 1676 1804 Totonem
1704 1789 1718 1811 ,
1749 1761 2089 1816 super-quem
2124 1734 2167 1792 Β
2195 1757 2341 1799 catus
2390 1745 2675 1811 assumpsit
2713 1745 2936 1799 culmen.
2980 1746 3109 1798 Dum
3154 1759 3279 1797 vero
3316 1744 3481 1796 adhuc
3520 1737 3693 1799 electos

541 1846 706 1901 isdem
735 1845 867 1897 Tuto
892 1845 1112 1903 irruens,
1164 1849 1317 1907 atque
1364 1839 1567 1892 fortiter
1615 1839 1907 1906 percutiens
1944 1837 2085 1897 eum,

540 1932 815 1990 interfecit.
865 1931 1013 1994 Quod
1058 1930 1376 1995 aspicientes
1428 1925 1774 1991 Longobardi,
1824 1924 1874 1977 in
1916 1923 2085 1990 fugam

540 2020 786 2075 conversi
819 2019 1119 2085 nitebantur
1147 2016 1401 2078 evadere;
1430 2015 1519 2067 sed
1552 2012 1844 2066 Demetrius
1897 2024 2087 2062 secun-

539 2110 770 2164 dicerius
796 2119 847 2162 et
876 2107 1148 2161 Gratiosus
1174 2113 1291 2171 post
1330 2113 1527 2170 tergum
1556 2099 1837 2167 supradicti
1867 2096 2086 2150 Totonis

540 2202 870 2264 assistentes,
900 2212 1018 2251 eum
1048 2197 1099 2249 in
1129 2196 1344 2248 dorsum
1386 2189 1583 2245 lanceis
1612 2189 1982 2258 percutientes,
2010 2186 2087 2237 sic

542 2287 797 2340 adversus
852 2300 970 2339 eum
1027 2283 1434 2351 praevaluerunt,
1483 2288 1635 2345 atque
1692 2274 2082 2331 interfecerunt.

537 2375 783 2444 Passivus
807 2387 929 2427 vero
957 2371 1006 2423 in
1038 2371 1391 2424 Lateranense
1412 2366 1537 2433 fugit
1562 2360 1959 2432 patriarchium,
1988 2375 2085 2411 an-

536 2462 784 2521 nuntians
804 2476 897 2514 suo
918 2471 1167 2527 germano
1193 2453 1531 2511 Constantino
1558 2468 1673 2521 quae
1696 2459 1836 2519 gesta
1858 2450 2083 2502 fuerant.

492 2619 496 2623 ,
536 2549 651 2606 Hoc
679 2565 803 2604 vero
844 2550 1044 2610 audito,
1098 2546 1299 2614 aufugit
1326 2544 1491 2598 isdem
1540 2540 1913 2595 Constantinus
1967 2551 2085 2590 cum

535 2641 890 2711 luprascripto
917 2639 1127 2692 l’assivo
1154 2646 1208 2691 et
1237 2634 1519 2689 Theodoro
1548 2632 1814 2699 episcopo,
1866 2637 1921 2680 et
1946 2626 2087 2680 vice-

535 2731 747 2786 domino
770 2745 864 2783 suo
894 2730 945 2781 in
977 2728 1245 2781 basilicam
1275 2722 1564 2801 salvatoris
1585 2762 1599 2785 ,
1631 2731 1681 2773 et
1708 2716 2087 2771 descendentes

534 2820 600 2874 ad
624 2821 817 2872 fontem
845 2818 896 2871 in
917 2816 1195 2873 ecclesiam
1219 2814 1385 2868 sancti
1417 2808 1677 2869 Venantii,
1710 2804 2087 2872 aliquantulum

534 2908 728 2962 ibidem
752 2906 1077 2970 resederunt,
1105 2911 1161 2957 et
1184 2902 1573 2956 considerantes
1602 2896 1643 2949 si
1662 2896 1853 2948 melius
1876 2900 2091 2961 possent

534 2995 758 3057 salvari,
794 2995 843 3047 in
877 2993 1174 3063 vestiarium
1224 2990 1590 3043 ascenderunt.
1624 2987 1769 3039 Illinc
1799 2984 1937 3036 intus
1965 2990 2089 3035 ora-‘

533 3085 727 3138 torium
749 3082 913 3137 sancti
942 3080 1154 3135 Caesarii
1184 3078 1539 3146 ingredientes
1562 3118 1575 3142 ,
1608 3074 1905 3141 clausisque
1932 3084 2090 3138 super

532 3187 598 3230 se
616 3172 792 3242 jannis
812 3169 1002 3227 ibidem
1026 3166 1344 3228 residebant,
1366 3148 1804 3217 etcnnvenientes
1852 3170 1971 3227 post
1989 3146 2087 3211 ali-

534 3273 760 3334 quantas
790 3264 944 3315 horas
967 3259 1120 3324 hujus
1148 3256 1396 3310 Romamn
1426 3254 1624 3327 militiae
1650 3252 1875 3321 judices,
1910 3264 1999 3304 eos
2021 3264 2085 3303 ex

536 3354 655 3420 ipso
676 3350 906 3405 oratorio
926 3347 1217 3415 cjicientes,
1248 3345 1343 3397 sub
1371 3344 1571 3397 cautela
1602 3342 1923 3395 munierunt.
1972 3339 2090 3391 Alio

535 3457 664 3497 vero
690 3442 776 3495 die
804 3437 1070 3493 Dominico
1095 3448 1419 3503 congregans
1462 3433 1815 3499 Waldipertus
1866 3428 2087 3497 presby-

538 3544 641 3595 ter,
690 3532 960 3601 ignomnte
1012 3535 1185 3580 autem
1236 3524 1483 3591 praedicto
1535 3522 1743 3591 Sergio,
1793 3520 2088 3595 aliquantus

539 3624 828 3683 Romanos,
860 3626 1237 3688 pergentcsque
1264 3616 1314 3667 in
1340 3611 1709 3666 menastcrium
1740 3609 1907 3663 sancti
1948 3606 2083 3669 Viti,

542 3713 874 3767 abstulerunt
901 3710 1091 3765 exinde
1140 3707 1435 3772 Philippum
1490 3703 1876 3771 presbyterum,
1932 3712 2086 3765 quem

543 3803 831 3870 eligentes,
878 3811 929 3852 et
982 3812 1098 3849 cum
1130 3797 1145 3825 ‘
1194 3794 1383 3863 gaudio
1435 3790 1651 3842 vocibus
1694 3788 2086 3870 acclamantes:

542 3857 840 3957 Philippum
881 3900 1063 3955 papam
1085 3885 1103 3936 ἓν
1134 3893 1343 3935 sanctus
1365 3880 1547 3933 Petrus
1575 3880 1731 3945 elegit
1753 3857 1892 3937 eum,
1922 3875 1972 3925 in
2003 3874 2091 3923 ba-

542 3978 746 4031 silicam
767 3974 1054 4029 Salvatoris
1081 3984 1226 4024 more
1268 3969 1424 4021 solito
1475 3966 1818 4018 deduxerunt.
1878 3960 2091 4025 lllieque

544 4063 784 4117 oratione
867 4059 934 4111 ab
1015 4058 1261 4125 episcopo
1325 4055 1490 4114 data,
1546 4051 1701 4117 juxta
1768 4045 2091 4113 antiquitatis

545 4165 771 4211 morem.
823 4150 1241 4210 tribuentemque
1282 4156 1459 4209 pacem
1488 4139 1748 4197 omnibus,
1794 4138 1842 4189 in
1877 4135 2090 4186 Latera-

549 4252 715 4293 nense
758 4236 1155 4288 introduxerunt
1185 4228 1575 4298 patriarchium.
1610 4226 1674 4278 Et
1717 4223 1910 4277 ibidem
1950 4219 2095 4272 simi-

547 4327 671 4379 liter
703 4326 753 4376 in
785 4323 911 4376 sede
957 4292 1236 4389 pontificali
1267 4306 1480 4375 sedens.
1531 4313 1866 4377 tribuensque
1894 4309 2082 4370 denuo,
2125 4333 2170 4390 υ
2195 4303 2544 4356 subdiaconus
2573 4301 2803 4352 orarium
2846 4297 2912 4350 de
2937 4297 3048 4362 ejus
3088 4296 3220 4347 collo
3255 4292 3465 4345 abstulit
3504 4302 3555 4345 et
3590 4299 3696 4342 ante

547 4424 606 4468 ut
634 4427 747 4467 mus
774 4413 873 4473 est,
906 4424 1105 4477 pacem,
1138 4406 1371 4459 ascendit
1412 4418 1639 4465 sursum,
1670 4410 1723 4454 et
1752 4412 2006 4458 mensam,
2038 4406 2095 4449 ut

549 4503 777 4557 assolent
805 4498 1095 4567 pontifices.
1126 4496 1312 4556 tenuit,
1339 4493 1584 4546 sedentes
1611 4504 1728 4542 cum
1757 4502 1820 4541 eo
1840 4485 2090 4553 aliquanti

553 4608 618 4646 ex
666 4590 971 4658 primatibus
1008 4583 1243 4638 ecclesia:
1273 4590 1325 4635 et
1354 4580 1691 4647 Optimatibus
1720 4575 1938 4628 militiae.
1974 4574 2095 4624 Post

558 4681 824 4749 paululum
884 4692 1011 4730 vero
1062 4673 1383 4727 conveniens
1436 4669 1620 4721 eodem
1678 4667 1762 4719 die
1817 4651 2097 4726 θεωρεῖθωὲ

551 4756 961 4835 Cbristophorus
989 4761 1336 4829 primicerius,
1365 4758 1675 4823 cognitaque
1702 4766 1854 4804 causa
1879 4749 2095 4803 electio-

553 4862 633 4913 nis
657 4858 819 4925 ipsius
842 4853 1083 4920 Philippi,
1108 4852 1243 4904 illico
1264 4864 1379 4901 cum
1401 4860 1581 4913 magna
1610 4841 1896 4911 ascendens
1922 4838 1994 4890 ira
2014 4836 2097 4903 ju-

558 4946 839 5015 rejurando
856 4954 1030 4997 coram
1046 4940 1287 4992 omnibus
1313 4934 1557 4987 Romanis
1580 4928 1892 4989 affirmabat,
1920 4928 2102 4977 dicens

555 5050 613 5088 se
663 5032 825 5085 ltoma
875 5030 1086 5097 minime
1136 5037 1492 5091 egressurum,
1524 5030 1791 5086 qucusque
1839 5012 2103 5078 Philippus

559 5122 832 5190 presbyter
861 5119 926 5171 de
954 5112 1288 5169 Latrranensi
1312 5100 1559 5176 expu‘sus
1590 5122 1689 5157 non
1723 5105 1907 5157 luisset
1933 5102 2094 5167 patri-

558 5212 762 5265 archio.
811 5208 955 5259 Tunc
1000 5217 1284 5271 properans
1321 5197 1615 5250 antedictos
1662 5193 1933 5246 Cratiosus
1978 5202 2099 5240 cum

562 5301 840 5369 aliquantis
868 5297 1115 5349 Romanis
1160 5292 1473 5358 expulerunt
1517 5286 1622 5352 jam
1656 5285 1849 5335 dictum
1901 5278 2100 5341 Philip-

1755 5364 2131 5419 \’AlllANTES
2168 5357 2559 5417 LEC'I’IONES.

634 5481 783 5545 |y.\l.,
816 5478 1036 5527 landum.

636 5544 665 5579 ’7
690 5548 792 5606 ΑΙ..
825 5548 944 5610 {aut
967 5544 1150 5593 omnes.

640 5621 651 5644 ¹
707 5601 791 5675 \l.,
825 5601 1032 5665 rxiJcm
1056 5610 1327 5677 spiritalem
1351 5604 1551 5671 degebat
1570 5602 1713 5653 citam
1733 5610 1863 5669 τμη),
1889 5601 1986 5647 etc.

2191 1838 2485 1891 exstitisset
2530 1837 2698 1889 isdem
2742 1834 3107 1897 sanctissimus,
3142 1835 3241 1897 vir,
3299 1834 3579 1900 congregati
3623 1834 3702 1885 ali-

2201 1925 2381 1992 quanti
2407 1925 2659 1991 perversi,
2694 1923 2854 1977 Deum
2887 1938 2990 1989 pra:
3016 1924 3183 1975 oculis
3206 1937 3311 1978 non
3346 1920 3593 1985 habentes,
3621 1935 3700 1985 acc

2190 2020 2487 2065 metuentes
2532 2011 2761 2064 terribile
2806 2010 3035 2063 futurum
3081 2009 3360 2078 judicium,
3409 2008 3630 2062 submissi
3669 2022 3700 2067 ι

2187 2097 2498 2165 quibusdam
2563 2098 2822 2164 pestiferis
2876 2097 3128 2169 malorum
3182 2095 3496 2159 auctoribus,
3538 2092 3699 2161 quibus

2187 2194 2243 2238 et
2268 2185 2421 2252 digna
2472 2185 2623 2239 factis
2653 2185 2890 2238 retribuit
2930 2184 3199 2247 Dominus,
3231 2181 3694 2249 comprehendeates

2187 2273 2517 2347 Theodorum
2549 2262 2847 2343 episcopum
2876 2283 2927 2327 et
2967 2271 3352 2326 vicedominum
3377 2270 3398 2301 ⁸
3424 2269 3697 2339 ejus,un

2187 2362 2287 2416 dici
2337 2364 2552 2437 impium
2596 2374 2699 2428 est,
2752 2371 3003 2416 eruerant
3052 2362 3254 2424 oculos,
3304 2370 3358 2414 et
3406 2361 3613 2428 linguam
3638 2358 3703 2415 ίιιι

2185 2450 2467 2517 crudeliter
2493 2445 2913 2520 amputaverunt,
2931 2453 3020 2507 sed
3044 2461 3096 2506 et
3122 2451 3318 2505 Passivi
3339 2450 3565 2504 similiter
3588 2462 3698 2502 ocu-

2188 2539 2267 2593 los
2308 2553 2495 2602 eruere
2536 2541 2633 2593 nisi
2665 2552 2805 2605 suut,
2830 2548 2883 2593 et
2912 2549 3104 2593 tantam
3126 2540 3440 2608 impietatem
3461 2539 3513 2589 in
3528 2535 3696 2590 eisdem

2189 2639 2638 2689 monsuaverunt,
2691 2627 2782 2693 qui
2819 2628 2976 2679 etiam
3025 2640 3121 2680 nec
3172 2628 3231 2678 in
3274 2624 3505 2693 proprias
3538 2621 3700 2674 domos

2189 2728 2285 2767 eos
2323 2713 2585 2780 deportari
2616 2714 2968 2781 permiserint,
2998 2722 3052 2765 nt
3091 2713 3191 2766 illis
3220 2727 3344 2765 cura
3370 2726 3398 2763 a
3424 2710 3524 2773 suis
3550 2708 3697 2761 homio

2190 2803 2343 2855 nibus
2370 2802 2617 2856 exhiberi
2638 2786 2878 2869 deberet,
2919 2800 3011 2854 sed
3044 2802 3068 2835 ι
3094 2799 3337 2854 abstultis
3375 2797 3603 2853 omnibus
3624 2809 3697 2848 eo-

2193 2906 2304 2943 rum
2338 2891 2493 2943 rebus
2526 2898 2580 2943 et
2610 2890 2843 2951 familiis,
2894 2904 2953 2942 ac
3001 2888 3438 2956 possessionibus,
3476 2901 3618 2939 unum
3642 2900 3697 2940 ex

2191 2979 2287 3042 eis,
2320 2979 2651 3032 Theodorum
2680 2978 2879 3032 scilicet
2910 2978 3232 3044 episc0pum,
3266 2979 3317 3028 in
3338 2975 3691 3028 monasterium

2194 3068 2312 3119 clivi
2339 3061 2531 3121 ‘Scauri
2564 3065 2757 3118 retrudi
2790 3064 3059 3140 fecerunt,
3077 3064 3165 3115 ubi
3212 3062 3361 3129 fame,
3393 3072 3448 3116 et
3483 3061 3563 3115 siti
3601 3075 3698 3115 ατο·

2194 3169 2347 3208 mans
2393 3154 2729 3221 clamansque
2780 3167 2989 3218 aquam,
3046 3151 3124 3205 ita.
3168 3150 3428 3204 exhalavit
3468 3150 3697 3216 spiritum.

2194 3243 2462 3297 Passivum
2490 3255 2618 3295 vero
2662 3240 2713 3294 in
2744 3238 3111 3293 monasterium
3138 3238 3301 3295 sancti
3331 3215 3554 3292 Silvestri
3578 3215 3705 3287 dire-V

2191 3340 2394 3384 xerunt.
2453 3328 2581 3382 Nam
2632 3337 2685 3381 et
2757 3324 3123 3378 Constantinus
3187 3326 3393 3378 invasor
3434 3322 3698 3390 apostolica:

2190 3419 2362 3483 Sedis,
2396 3417 2517 3471 dum
2550 3416 2801 3469 deductus
2835 3416 2886 3467 in
2922 3416 3149 3467 medium
3190 3392 3351 3475 esset,
3381 3427 3559 3481 magna
3584 3425 3697 3479 pon-

2190 3507 2318 3561 dera
2367 3506 2421 3559 in
2450 3506 2566 3573 ejus
2596 3504 2902 3557 adhibentes
2931 3502 3168 3568 pedibus,
3206 3502 3267 3563 jn
3292 3500 3293 3511 ‘
3314 3502 3439 3554 sella
3488 3497 3696 3552 muliebri

2192 3596 2388 3648 sedere
2435 3607 2592 3659 super
2635 3606 2826 3659 equum
2872 3590 3126 3651 fecerunt,
3166 3598 3221 3641 et
3264 3589 3316 3641 iu
3360 3586 3699 3641 monasterium

2192 3684 2256 3736 ad
2305 3682 2472 3735 Cellas
2518 3696 2703 3744 novas,
2752 3695 2927 3734 coram
2984 3680 3223 3732 omnibus
3271 3679 3561 3746 deportatus
3608 3686 3694 3729 est.

2192 3764 2418 3827 sabbato
2448 3785 2570 3823 vero
2598 3770 2682 3823 die
2730 3769 2956 3822 diluculo
2984 3777 3105 3821 ante
3151 3783 3305 3819 uuam
3338 3751 3482 3820 metu
3510 3765 3695 3818 ordina-

2195 3862 2350 3914 tionis
2402 3860 2605 3926 praafati
2636 3857 2941 3911 beatissimi
2991 3870 3133 3923 papae
3175 3854 3423 3920 Stephani
3462 3853 3695 3921 aggregati

2193 3949 2441 4016 aliquanti
2475 3949 2860 4013 episcOporum,
2911 3959 3003 3997 seu
3045 3928 3483 4011 presbyterorum,
3513 3950 3562 3994 et
3587 3940 3695 3994 cleri

2193 4043 2242 4093 lu
2274 4039 2479 4091 basilica
2509 4036 2813 4101 Salvatoris,
2847 4036 3031 4087 iterum
3074 4032 3318 4099 praefatus
3346 4031 3690 4085 Constantinus
3836 4032 3837 4097 ι

2192 4128 2255 4180 ad
2286 4127 2508 4179 medium
2542 4126 2726 4176 allatus
2750 4134 2847 4186 est,
2881 4121 3129 4187 lectisque
3168 4118 3529 4173 sacratissimis
3554 4130 3695 4169 cant»

2195 4216 2348 4269 nibus
2399 4215 2464 4265 ita
2515 4213 2779 4278 depositus
2824 4219 2933 4273 est;
2963 4210 3212 4262 accedens
3258 4208 3395 4260 enim
3436 4204 3698 4257 Maurianus

2195 4390 2353 4459 pedes
2398 4389 2511 4454 ejus
2563 4386 2811 4452 projecit,
2855 4392 2908 4436 et
2953 4382 2977 4414 ⁸
3006 4395 3283 4447 compages
3329 4380 3441 4445 ejus
3487 4376 3699 4435 abscidit.

2194 4478 2373 4544 sicque
2414 4475 2516 4528 alio
2543 4474 2627 4527 die
2651 4464 2909 4525 dominico
2936 4469 3224 4523 antedictus
3250 4468 3569 4520 beatissimus
3590 4465 3699 4517 Ste-

2198 4566 2399 4633 phanus
2421 4563 2865 4619 consecrationem
2920 4559 3142 4624 suscepit
3167 4554 3508 4623 pontificatus.
3536 4553 3702 4606 Facta-

2198 4668 2298 4721 que
2324 4653 2388 4706 ab
2417 4652 2658 4705 universo
2682 4647 2871 4716 populo
2900 4646 3132 4700 Romano
3160 4634 3474 4708 paenitentiae
3517 4638 3698 4693 confes-

2198 4741 2464 4808 sionisqne
2502 4736 2869 4804 deprecatione
2912 4731 3049 4798 apud
3094 4732 3319 4783 divinam
3380 4727 3700 4782 clementiam.

2204 4846 2295 4899 per
2320 4844 2471 4897 quam
2502 4842 2560 4880 se
2584 4838 2762 4878 omnes
2800 4836 3039 4891 peccasse
3076 4821 3126 4872 in
3155 4818 3384 4884 prmdicti
3408 4813 3701 4869 Constantini

2205 4918 2465 4972 invasoris
2490 4911 2791 4981 apostolica:
2840 4910 2978 4962 sedis
3025 4909 3182 4973 impia
3210 4906 3535 4958 ordinatione
3561 4901 3703 4954 cona-

2204 5019 2391 5073 tentes,
2440 5020 2531 5072 pro
2569 5020 2631 5055 eo
2658 5001 2791 5064 quod
2841 5015 2940 5051 non
2970 5000 3013 5051 ei
3060 4996 3381 5055 restiterunt,
3415 4995 3480 5044 ita
3524 4990 3702 5042 excelsa

2204 5111 2331 5148 voce
2360 5098 2410 5148 in
2438 5094 2661 5146 amboue
2708 5089 2840 5141 beati
2883 5085 3019 5137 Petri
3047 5083 3270 5134 basilica:
3300 5092 3327 5131 a
3360 5078 3568 5132 Leontio
3590 5080 3703 5128 scri-

2206 5184 2375 5238 niario
2423 5180 2603 5234 eadem
2639 5178 2826 5228 retecta
2857 5180 2939 5224 est
2981 5169 3256 5223 C(lllreaSiO.
3310 5167 3432 5219 Post
3472 5164 3578 5216 hac
3603 5153 3706 5215 vero

2207 5270 2467 5338 aggregati
2518 5265 2745 5326 universi
2789 5260 3049 5314 exercitus
3092 5257 3337 5309 Romame
3390 5251 3627 5313 civitatis,
3666 5256 3707 5308 ct

2288 5450 2304 5478 ⁸
2327 5448 2452 5497 find.
2486 5446 2629 5504 l.uc.,
2662 5438 2971 5491 Constantini
2992 5442 3140 5502 quod.

2282 5518 2299 5546 ⁸
2327 5516 2452 5565 (lini.
2485 5513 2632 5569 ιω,
2662 5508 2857 5558 ablatis.

2276 5588 2291 5615 ο
2323 5585 2373 5637 μ.
2396 5592 2492 5644 rte,
2526 5597 2547 5626 r
2586 5591 2782 5653 inpage.
