3910 6234
310 266 439 323 ﬂ“

1270 275 1529 332 ΝΟΤΠΙΔ
1572 278 1631 332 IN
1671 279 2072 336 STEPHANUM
2114 282 2330 337 ΡΑΡΑΜ
2370 284 2455 337 ιιι.

3310 282 3441 337 ma

303 375 524 437 Tusciae,
578 383 633 430 et
678 374 999 443 Campaniae,
1052 390 1329 446 pergentes
1382 358 1615 436 Ala'trom
1669 384 1827 452 partis
1856 388 1905 446 Α
1928 388 2237 441 excellentes
2257 388 2397 441 viros
2425 386 2719 454 Pippinum,
2743 386 3002 453 Carolum,
3028 396 3078 441 et
3106 387 3437 440 Caroloman-

302 462 623 531 Campanim,
651 464 738 516 ubi
767 475 879 517 erat
927 464 1143 519 Gracilis
1181 469 1417 523 tribunus
1455 480 1831 524 consentaneus

297 553 409 619 1am
435 553 559 607 dicti
581 552 906 605 Constantini
936 557 1238 621 apostolicae
1265 556 1405 609 s’edis
1429 558 1709 620 invasoris,
1737 573 1832 624 per

302 654 461 708 quem
510 640 654 707 plura
704 642 839 692 mala
878 643 927 694 in
986 640 1282 708 Campaniae
1326 655 1495 708 partes
1542 654 1831 709 perpetrata

303 734 450 787 sunt,
478 727 989 794 constringentesque
1031 726 1235 779 fortiter
1274 730 1508 781 eamdem
1537 731 1829 795 civitatem,

304 812 476 879 ipsum
507 812 689 865 exin’de
716 813 1040 866 abstulerunt
1067 814 1344 877 Gracilem,
1393 825 1445 868 et
1487 816 1587 868 bnc
1614 816 1832 867 Romam

304 899 615 965 attulerunt,
642 914 797 966 quem
843 904 895 953 in
923 911 1119 953 arctam
1147 903 1433 955 custodiam
1479 904 1824 968 retrudentes,

304 987 587 1054 aliquantis
612 987 793 1045 diebus
838 988 1025 1047 ibidem
1054 990 1373 1055 mancipatus
1417 991 1637 1041 exstitit.
1682 991 1832 1043 Post-

302 1074 518 1134 modum
561 1087 688 1127 vero
728 1073 934 1141 quidam
986 1073 1142 1140 iniqui
1182 1072 1453 1141 Campani,
1481 1076 1565 1141 qui
1597 1077 1697 1128 huc
1728 1076 1832 1129 Ro-

301 1173 443 1211 mam
480 1160 814 1223 advenerant,
862 1162 1121 1213 adhortati
1152 1162 1218 1215 ab
1256 1163 1371 1214 aliis
1416 1163 1749 1231 nequioribus
1776 1178 1833 1216 se

299 1255 359 1302 et
392 1248 736 1314 impiissimis,
781 1249 1021 1303 eumdem
1071 1249 1328 1303 Graciiem
1354 1265 1418 1304 ex
1468 1251 1577 1316 ipsa
1601 1250 1830 1303 custodia

310 1334 331 1366 ⁸
359 1334 717 1398 abstollentes,
766 1342 820 1388 et
845 1338 991 1403 quasi
1020 1351 1140 1389 eum
1168 1338 1219 1390 in
1249 1336 1614 1391 monasterium
1644 1335 1833 1402 depor-

300 1429 499 1486 tantas,
538 1420 661 1473 dum
707 1420 772 1473 ad
820 1422 1121 1474 Colosseum
1170 1423 1520 1485 advenissent,
1566 1421 1669 1475 illic
1718 1419 1833 1487 ejus

293 1509 480 1565 oculos
540 1518 805 1573 erocrunt,
872 1518 924 1563 et
982 1511 1205 1577 linguam
1277 1511 1617 1563 abstulerunt.
1671 1510 1831 1562 Porro

294 1596 578 1663 aliquantis
625 1607 741 1665 post
772 1602 882 1651 lucc
926 1600 1202 1666 praeteritis
1228 1600 1429 1664 diebus,
1459 1599 1580 1653 dum
1607 1598 1828 1651 Τυδεαηί

1928 486 2073 534 nutu,
2122 488 2269 541 rcges
2312 474 2647 537 Francorum,
2696 484 2749 527 et
2798 472 3037 541 patricios
3074 472 3441 535 Romanorum,

1927 558 2157 622 Sergium
2185 558 2501 633 antedictum
2544 558 2970 619 secundicerium,
3000 568 3051 611 et
3091 559 3443 611 nomenclato-

1929 655 2038 693 rem
2063 642 2146 693 illo
2162 651 2392 707 tempore
2414 643 2739 704 existentem,
2772 643 3055 707 deprecans
3075 653 3225 707 atque
3254 643 3445 694 adhor-

1932 739 2045 781 tans
2067 744 2244 781 eorum
2267 732 2620 783 excellentiam
2658 745 2749 796 per
2767 744 2883 781 suas
2898 730 3209 793 apostolicus
3225 729 3442 791 litteras,

1930 826 1984 867 ut
2009 817 2296 888 aliquantos
2316 819 2588 884 episcopos
2613 831 2819 883 gnaros,
2849 826 2900 867 et
2926 818 2973 867 in
2996 805 3238 867 omnibus
3261 815 3449 867 divinis

1930 902 2209 966 Scripturis
2251 914 2405 971 atque
2452 914 2740 956 sanctorum
2769 918 3020 956 canonum
3051 902 3452 955 institutionibus

1930 988 2158 1041 eruditos
2185 1003 2245 1041 ac
2284 990 2617 1055 peritissimos
2645 989 2941 1055 dirigerent,
2992 991 3054 1041 ad
3085 990 3369 1041 faciendum
3401 991 3452 1041 in

1930 1075 2025 1126 hac
2055 1075 2285 1125 Romana
2333 1074 2459 1126 urbe
2494 1074 2764 1126 concilium
2796 1088 2887 1139 pro
2914 1075 3095 1126 eadem
3132 1074 3287 1142 impia
3335 1078 3454 1126 novi

1930 1162 2123 1213 erroris
2154 1176 2214 1212 ac
2240 1161 2546 1213 temeritatis
2575 1162 2595 1191 ³
2628 1162 3033 1227 prmsrriptione,
3077 1175 3230 1228 quam
3256 1160 3456 1213 anteia-

1904 1268 1905 1271 η
1937 1254 2019 1298 tus
2067 1246 2437 1298 Constantinus
2465 1246 2758 1310 apostolicae
2808 1246 2946 1297 sedis
2974 1246 2994 1275 ⁸
3025 1259 3267 1309 pervasor
3304 1259 3459 1298 ausus

1880 1362 1894 1374 κ
1930 1341 2011 1384 est
2054 1339 2369 1397 perpetrare.
2418 1331 2481 1383 Et
2527 1342 2832 1397 preperante
2876 1330 3133 1385 antedicto
3179 1329 3360 1397 Sergio
3407 1331 3459 1383 in

1931 1417 2247 1469 Francorum
2304 1416 2559 1483 regiones,
2612 1416 2718 1483 jam
2766 1417 2965 1470 invenit
3016 1426 3037 1451 ³
3094 1417 3159 1469 de
3204 1416 3298 1469 hac
3346 1416 3461 1469 luce

1930 1504 2179 1570 migrasse
2240 1502 2737 1555 Christianissimum
2802 1504 3074 1570 Pippinum
3149 1518 3352 1569 regem;
3410 1514 3462 1555 et

1929 1598 2155 1657 emptum
2184 1588 2425 1657 gradiens
2464 1588 2583 1653 iter,
2624 1589 2855 1655 pervenit
2896 1589 2960 1641 ad
2990 1590 3100 1655 ejus
3128 1590 3279 1651 ﬁlios,
3309 1589 3462 1641 Caro—

293 1692 354 1743 ει
383 1661 638 1754 ὸπιῃρειηὶ⁷
659 1685 741 1738 hic
784 1661 961 1739 Romi}
989 1686 1248 1754 aggregati
1271 1661 1515 1747 Ῐυίεςέηι,
1544 1686 1671 1739 inito
1699 1700 1825 1736 con-
1854 1667 1902 1726 Β
1930 1661 2033 1727 ium
2092 1683 2145 1727 et
2199 1673 2630 1728 Carolomannum
2692 1689 2965 1741 germanos
3039 1676 3243 1738 fratres,
3314 1690 3463 1741 reges

293 1772 423 1826 silio
462 1788 582 1825 cum
627 1774 841 1839 prmfato
873 1764 1123 1827 Gratioso‘
1151 1782 1205 1827 et
1231 1774 1527 1825 fortioribus
1564 1773 1696 1839 ejus,
1739 1786 1829 1838 per

292 1876 517 1933 quorum
548 1864 910 1917 auctoritatem
939 1872 1079 1919 tanta
1108 1863 1244 1916 mala
1271 1863 1636 1929 cperabantur,
1667 1862 1827 1913 Deum

292 1964 402 2003 non
459 1950 809 2004 metuentibus
862 1950 884 1982 '
943 1951 1171 2015 perrexit
1217 1964 1335 2001 cum
1397 1963 1563 2002 cuneo
1611 1949 1828 2003 militum

291 2035 501 2111 Tuscia:
538 2050 601 2089 ac
643 2036 943 2103 Campanim
984 2038 1151 2104 primo
1196 2036 1423 2089 diluculo
1469 2036 1520 2087 in
1571 2044 1828 2086 monaste-

288 2121 430 2174 rium
457 2121 519 2173 ad
559 2121 728 2175 Cellas
772 2135 956 2184 novas,
1001 2121 1085 2174 ubi
1134 2118 1502 2172 Constantinus
1530 2118 1826 2181 antedictos

289 2210 596 2277 apostolica
639 2211 782 2263 sedis
823 2196 1031 2262 invasor
1056 2211 1291 2261 retrus'os
1334 2216 1468 2268 erat,
1518 2220 1738 2274 eumque
1766 2221 1829 2259 ex

292 2297 415 2366 ipso
460 2298 729 2367 ejicientes
774 2298 1112 2361 monasterio,
1143 2296 1255 2362 ejus
1281 2305 1528 2347 eruerunt
1555 2294 1755 2357 oculos,
1782 2300 1832 2345 ct

290 2399 493 2451 eccum
522 2386 573 2439 in
603 2386 770 2453 platea
800 2386 1057 2452 jacentem
1086 2384 1428 2449 reliquerunt.

367 2474 463 2529 [lis
492 2476 664 2542 itaque
690 2477 853 2541 gestis
897 2475 1245 2542 peractisque,
1295 2472 1691 2524 insurrexerunt
1719 2469 1833 2537 qui-

289 2561 417 2626 dam
440 2563 673 2615 dicentes
689 2564 827 2629 quod
849 2562 1140 2614 antedictos
1159 2559 1512 2625 Waldipertus
1539 2559 1830 2625 presbyter,

287 2634 761 2719 Longobardorum
802 2665 995 2717 genere
1022 2662 1190 2714 ortus,
1221 2648 1503 2723 consilium‘
1522 2663 1637 2702 cum
1661 2648 1831 2700 Theo-

289 2740 436 2801 αἰοῖο
471 2739 608 2794 duce
645 2738 914 2807 Spoletina
943 2748 998 2791 et
1040 2739 1297 2807 aliquibus
1346 2736 1595 2790 Romanis
1634 2737 1835 2789 iniisset

287 2828 363 2880 ad
416 2826 831 2881 interﬁciendum
862 2826 1132 2894 praefatum
1174 2825 1603 2892 Christopliorum
1648 2824 1833 2892 primi-

288 2916 518 2979 cerium,
572 2924 625 2968 et
662 2916 791 2968 alios
842 2915 1106 2972 Romanos
1161 2916 1428 2982 primates,
1473 2923 1527 2967 et
1569 2915 1828 2967 civitatem

1930 1760 2263 1823 Francorum,
2292 1770 2341 1811 et
2369 1760 2611 1825 patricios
2635 1760 3223 1825 ltomanorotii.§Quibos
3245 1770 3459 1825 aposto-

1930 1848 2054 1898 Iicas
2082 1845 2309 1899 tribuens
2339 1846 2557 1911 litteras,
2607 1847 2824 1913 benigne
2851 1848 2917 1899 ab
2946 1849 3021 1899 eis
3048 1837 3317 1914 susceptus
3360 1856 3461 1915 est,

1928 1943 1981 1987 et
2032 1936 2239 2001 dignam
2298 1934 2375 1986 illi
2434 1933 2795 2002 impendentes
2841 1934 3232 1995 humanitatem,
3281 1943 3465 1987 cuncta

1930 2023 2266 2075 nihilominus
2300 2024 2392 2087 'pro
2443 2023 2629 2089 quibus
2660 2023 2845 2073 missos
2872 2030 2953 2076 est
2981 2022 3046 2074 ab
3072 2036 3251 2074 eorum
3296 2021 3465 2073 excel-

1930 2109 2091 2160 lentia
2146 2108 2462 2171 impetravit;
2530 2106 2815 2173 dirigentes
2883 2108 2977 2173 ipsi
3039 2105 3467 2159 Christianissimi

1930 2208 2081 2261 reges
2131 2194 2406 2247 duodecim
2454 2196 2726 2259 episcopos
2776 2209 2843 2248 ex
2899 2194 3095 2248 eisdem
3148 2194 3466 2249 Francorum

1931 2281 2227 2349 regionibus
2276 2280 2428 2331 nimis
2457 2282 2508 2331 in
2537 2278 2727 2331 divinis
2765 2280 3037 2345 scripturis
3085 2290 3137 2333 et
3168 2292 3468 2334 sanctorum

1930 2366 2186 2422 eanonum
2228 2368 2554 2421 caeremoniis
2616 2368 2834 2432 doctos,
2884 2370 3277 2435 probatissimos
3328 2370 3467 2422 viros

1933 2458 1957 2491 ⁸
1979 2458 2198 2511 scilicet.
2233 2457 2421 2523 Eisque
2446 2457 2577 2511 hanc
2600 2455 2885 2509 Romanam
2912 2458 3090 2509 urbem
3112 2456 3470 2523 conjungenti-

1933 2544 2048 2603 bus.
2108 2556 2287 2597 mense
2337 2542 2552 2610 Aprilis,
2600 2542 2876 2597 indictione
2936 2543 3180 2610 septima,
3236 2544 3479 2609 protinus.

1908 2631 2224 2685 antedictos
2254 2631 2548 2698 Stephanus
2573 2631 2929 2685 sanctissimus
2959 2646 3087 2698 papa
3130 2632 3151 2661 ⁸
3182 2645 3470 2701 aggregans

1933 2720 2168 2773 diversos
2230 2719 2504 2786 episcopos
2565 2719 2767 2779 TuScia‘.
2837 2728 2990 2785 atque
3042 2717 3358 2786 Campaniae,
3421 2729 3470 2771 et

1934 2812 2227 2877 aliquantus
2258 2810 2406 2863 istius
2449 2810 2610 2864 italiae
2654 2809 2956 2878 provinciai.
3006 2810 3202 2876 Quibus
3228 2808 3471 2861 omnibus

1936 2900 2281 2964 congregatis,
2347 2897 2627 2949 concilium
2694 2908 2958 2964 peractum
3022 2908 3098 2951 est
3156 2899 3206 2949 in
3261 2896 3471 2948 basilica

288 2962 1905 3072 ﬁ',,;;,’;;,;},;;.‘g.;b;,;;,;;;;,;'8;,;,";;;;,',,1;,,;;3,3;C
1936 2962 2222 3039 Salvatoris
2263 2984 2465 3037 Domini
2510 2986 2671 3038 nostri
2696 2962 2823 3038 .Iesu
2850 2985 3061 3049 Christi,
3088 2985 3235 3051 juxta
3264 2984 3470 3037 Latera-

289 3092 525 3157 directos
550 3101 631 3146 est
658 3092 865 3161 quidam
894 3091 1301 3159 Cbristophoros
1329 3094 1686 3146 vicedominus
1714 3107 1831 3145 cum

290 3181 629 3235 multitudine
675 3181 938 3248 populiad
959 3196 1076 3233 eum
1112 3182 1678 3247 comprehendendum.
1723 3183 1835 3249 Ipse

285 3284 438 3335 vero,
462 3270 561 3323 hoc
582 3272 778 3337 agnito,
796 3272 919 3338 fugit
934 3273 982 3323 in
1003 3270 1273 3326 ecclesiam
1291 3280 1486 3325 sanctae
1509 3272 1596 3324 Dei
1620 3274 1831 3339 genitri-

287 3359 375 3413 cis
405 3358 620 3426 virginis
646 3358 838 3423 Mariae,
868 3374 982 3427 qua
1036 3370 1250 3411 vocatur
1279 3359 1341 3409 ad
1372 3359 1646 3427 Martyres,
1677 3374 1829 3427 quem

287 3446 485 3502 exinde
509 3446 669 3500 isdem
698 3448 1052 3501 vicedominus
1077 3448 1349 3511 abstraxit,
1382 3458 1621 3515 portante
1646 3450 1829 3502 eodem

287 3535 615 3603 Waldiperto
645 3538 918 3604 imaginem
967 3537 1126 3603 ipsius
1156 3538 1244 3591 Dei
1284 3539 1547 3605 genitricis
1568 3579 1581 3602 ,
1609 3553 1831 3605 eumque

288 3624 346 3689 in
401 3624 719 3679 teterrimam
788 3624 981 3677 retrodi
1043 3626 1273 3679 fecerunt
1336 3627 1646 3687 custodiam,
1717 3641 1831 3693 qua:

290 3722 507 3775 vocatur
536 3712 771 3775 Ferrata,
821 3714 871 3764 in
912 3712 1138 3765 Cellario
1179 3714 1394 3779 majore.
1431 3714 1494 3766 Et
1522 3724 1635 3779 post
1665 3716 1832 3766 modi-

288 3813 385 3853 cos
412 3799 524 3853 dies
552 3799 720 3865 ipsum
758 3798 824 3853 de
846 3801 1030 3853 eadem
1060 3801 1294 3853 custodia
1322 3801 1587 3867 ejicientes
1638 3801 1829 3853 Waldi-

287 3895 495 3955 portum
524 3887 902 3954 presbyterum,
939 3903 1161 3953 eumque
1186 3880 1514 3955 p'rojicieutes
1539 3890 1589 3941 in
1612 3897 1825 3950 terram,

289 3972 431 4040 iuxta
464 3973 792 4025 transendam
819 3972 934 4041 (sic)
967 3975 1135 4040 campi
1165 3974 1532 4027 Laterauensis
1558 3975 1670 4039 cjus
1698 3977 1830 4027 eﬁo-

290 4060 479 4123 derunt
505 4058 701 4122 oculos,
733 4068 786 4111 et
810 4062 1031 4124 linguam
1076 4061 1237 4129 ipsius
1276 4062 1555 4114 crudeliter
1582 4077 1642 4113 ac
1674 4061 1830 4126 impie

290 4147 658 4209 absciderunt;
717 4146 1101 4214 (lirigentesque
1159 4151 1304 4201 illum
1353 4150 1402 4202 in
1446 4149 1827 4223 ‘xenodnehiom

291 4233 502 4295 Valerii,
558 4234 747 4291 ibidem
800 4236 1132 4300 postmodum
1191 4250 1254 4289 ex
1318 4235 1497 4293 eadem
1555 4238 1821 4289 oculorum
1850 4265 1903 4323 Β

290 4321 565 4378 eﬂ‘ossione
595 4325 749 4376 vitam
780 4322 962 4379 ﬁnivit.
994 4323 1171 4393 itaque
1197 4326 1247 4378 in
1292 4327 1509 4387 exordio
1536 4329 1822 4383 ordinatio-

288 4410 372 4463 nis
396 4424 522 4474 suzr,
550 4424 653 4478 quo
683 4411 843 4465 isdem
887 4416 1251 4477 sanctissimus
1279 4416 1465 4482 praesul
1495 4419 1823 4483 pontiﬁcatus

288 4496 490 4564 apicem
540 4500 843 4567 assumpsit,
896 4502 1086 4556 direxit
1140 4506 1189 4558 in
1256 4505 1488 4569 Francia:
1541 4518 1713 4574 partes
1759 4510 1823 4561 ad

1933 3088 2095 3127 nense
2140 3074 2403 3141 palatium.
2458 3072 2523 3125 Et
2574 3072 2886 3141 praesidente
2938 3072 3123 3126 eodem
3171 3073 3471 3125 beatissimo

1932 3176 2080 3230 papa,
2154 3160 2540 3215 considentibus
2606 3161 2765 3215 etiam
2834 3161 3027 3228 pariter
3095 3176 3210 3213 cum
3276 3160 3471 3213 eisdem

1930 3252 2171 3303 omnibus
2192 3250 2473 3317 episcopis,
2494 3250 2746 3304 deduCtus
2769 3249 2934 3303 estad
2961 3250 3184 3303 medium
3207 3248 3471 3301 Constan-

1932 3327 2071 3395 tinus
2122 3340 2423 3406 BPOSIOliCIB
2477 3340 2616 3393 sedis
2672 3340 2900 3404 invasor,
2949 3340 3056 3407 jam
3105 3340 3125 3371 '
3181 3346 3472 3393 excaecatus

1931 3427 2116 3480 oeulis.
2170 3427 2235 3480 Et
2287 3414 2543 3479 subtilius.
2580 3427 3011 3505 exquisitoscur
3063 3426 3473 3493 prmsumpsisset

1930 3516 2267 3584 apostolicam
2336 3516 2517 3569 sedem
2589 3515 2749 3569 laicus
2819 3516 3049 3568 existens
3100 3514 3366 3575 invadere,
3423 3522 3473 3564 et

1933 3607 2087 3659 talem
2150 3605 2340 3671 iniqua:
2403 3604 2644 3657 novitatis
2700 3617 2931 3657 errorem
3002 3604 3051 3655 in
3108 3603 3324 3655 ecclesia
3380 3600 3473 3652 Dei

1933 3702 2251 3762 perpetrare,
2282 3694 2349 3744 ita
2374 3706 2549 3744 coram
2579 3691 2821 3743 omnibus
2867 3688 3133 3755 professus
3164 3697 3239 3742 est
3270 3688 3371 3739 vim
3415 3699 3474 3739 se

1931 3796 1958 3831 a
1992 3780 2178 3847 populo
2224 3778 2515 3845 pertulisse,
2556 3791 2603 3829 et
2631 3778 2653 3808 '
2684 3792 2774 3843 per
2802 3776 3065 3828 brachium
3110 3776 3282 3842 populi
3316 3773 3474 3825 fuisse
3563 3780 3575 3789 ‘

1932 3868 2178 3929 electum,
2209 3876 2361 3934 atque
2390 3875 2625 3918 coactum
2654 3866 2702 3915 in
2728 3863 3078 3916 Laterauensc
3103 3858 3470 3927 patriarcbium

1932 3956 2228 4016 deductum,
2284 3963 2496 4021 propter
2549 3952 2845 4021 gravamina
2899 3966 2960 4002 ac
3028 3949 3326 4017 prcejodicia
3386 3946 3471 3998 illa

1934 4057 2049 4110 quae
2074 4042 2307 4092 Romano
2334 4042 2522 4107 populo
2552 4042 2842 4107 ingesserat
2862 4038 3083 4091 domnus
3102 4037 3290 4089 Paulus
3308 4047 3470 4101 papa;

1932 4137 1983 4180 et
2030 4142 2280 4180 corruens
2331 4130 2381 4178 in
2425 4136 2635 4189 terram,
2680 4126 2917 4178 manibus
2958 4124 3187 4177 extensis
3232 4122 3281 4173 in
3330 4121 3472 4186 pavi-

1934 4227 2130 4280 mento,
2176 4230 2235 4268 88
2273 4230 2440 4278 reum,
2481 4228 2542 4267 ac
2578 4229 2734 4279 snper
2784 4228 3057 4266 numerum
3104 4226 3273 4263 arente
3312 4209 3472 4260 maris

1930 4319 2189 4374 peccasse,
2224 4304 2466 4366 deﬂebat,
2510 4312 2696 4372 petens
2742 4302 3112 4356 misericordia:
3160 4298 3358 4352 veniam
3388 4290 3471 4349 ab
3550 4292 3556 4298 ’

1928 4394 2111 4449 eodem
2152 4391 2461 4444 sacerdotali
2507 4390 2759 4458 consequi
2794 4391 3035 4445 concilio.
3080 4388 3243 4451 Quem
3272 4399 3299 4435 a
3332 4394 3469 4435 terra

1929 4486 2136 4539 elevare
2168 4482 2439 4546 facientes,
2468 4482 2579 4549 ipso
2608 4482 2695 4535 die
2725 4481 2913 4534 nullam
2959 4478 3025 4532 de
3054 4492 3117 4530 eo
3146 4472 3469 4541 protulerunt

1470 4613 1847 4673 VARIANTES
1885 4611 2261 4667 LECTIONES

361 4692 379 4723 ¹
405 4691 533 4745 Cod.
566 4694 711 4757 Luc.,
736 4696 1033 4759 auferentes.

358 4760 525 4830 fCod.
555 4761 703 4823 Luc.,
734 4777 1085 4830 perrexermtle

356 4826 380 4898 ξ
407 4829 533 4898 Cod.
564 4830 712 4898 Luc.,
734 4826 1146 4898 praesumptione.

358 4895 377 4923 ⁸
406 4894 529 4949 Cod.
562 4897 712 4960 Luc.,
742 4894 957 4952 invasor.

2002 4703 2021 4733 ⁸
2046 4701 2100 4753 In
2125 4702 2193 4752 al.
2218 4699 2402 4750 scilicet
2425 4698 2599 4757 deest;
2626 4703 2729 4746 tum
2757 4704 2809 4747 et
2830 4692 2964 4747 erasi
2985 4702 3105 4745 sunt
3126 4692 3228 4745 duo
3258 4704 3462 4745 versus.

2000 4770 2020 4799 ⁸
2050 4770 2178 4821 Cod.
2214 4768 2361 4827 Luc.,
2389 4778 2710 4833 congregans.

1999 4839 2016 4866 ’
2044 4837 2151 4893 AL.
2175 4847 2310 4887 extra
2332 4836 2518 4885 oculos.

1999 4906 2018 4936 ⁸
2048 4906 2155 4965 ΑΙ..
2185 4913 2228 4956 ει
2254 4904 2450 4954 brae/tio
2479 4902 2649 4967 fuisse.

1558 4997 1904 5051 VARIURUM
1942 4996 2164 5051 ΝΟΤιΕ.

358 5086 379 5151 _‘
404 5081 478 5132 De
497 5082 588 5132 Imc
609 5082 715 5133 luce
737 5084 973 5147 migrasse
988 5082 1455 5151 Pippinnmrcgem.
1478 5084 1666 5136 [Errant
1684 5100 1808 5150 ergo

285 5147 371 5213 qui
406 5151 482 5199 vel
513 5150 575 5201 ad
616 5164 811 5217 annum
844 5147 1249 5216 praecedentem,
1303 5147 1380 5203 vel
1412 5154 1567 5203 etiam
1598 5147 1819 5217 sequen-

285 5225 410 5285 tem,
438 5221 570 5281 regis
600 5216 1023 5271 Christianissimi
1065 5220 1264 5285 Pippini
1316 5220 1512 5271 obitum
1562 5216 1814 5272 referunt.

284 5283 476 5352 i'odem
507 5287 602 5336 hoc
625 5301 760 5336 anno
789 5287 888 5339 768
917 5288 1051 5339 circa
1093 5283 1331 5352 octavum
1379 5289 1457 5340 vel
1494 5302 1687 5339 nonum
1718 5288 1835 5338 Ka-'

282 5351 459 5402 lendas
485 5352 712 5407 octobris
738 5354 959 5406 Carolus
991 5354 1207 5420 Magnus
1227 5356 1484 5419 Noviomi,
1516 5365 1567 5408 et
1607 5356 1818 5406 Carolo-

282 5433 503 5475 manuus
530 5420 691 5473 frater
730 5422 1011 5474 Suessione
1040 5426 1271 5475 Coronati
1324 5423 1551 5476 fuerunt.
1610 5423 1817 5482 Carolo,

276 5486 365 5553 qui
392 5487 476 5540 alii
507 5502 710 5555 sponsa:
743 5490 895 5542 ﬁdem
927 5488 1145 5556 conjugii
1204 5506 1294 5557 per
1340 5506 1394 5545 se
1441 5492 1520 5545 vel
1554 5501 1820 5558 parentem

1920 5087 2204 5145 addixerat,
2266 5081 2576 5133 connubium
2634 5092 2751 5145 cum
2810 5075 2971 5145 Berta
3014 5076 3260 5145 Desiderii
3326 5074 3464 5141 regis

1922 5142 2372 5217 Langobardorum
2400 5151 2495 5198 lilia
2527 5144 2756 5217 pontifex
2788 5143 3005 5209 epistola
3049 5142 3080 5191 5
3133 5157 3245 5217 qua:
3273 5146 3457 5217 sequi—

1921 5232 2002 5272 tur
2022 5210 2305 5270 dissuadet.
2337 5219 2464 5266 Cum
2496 5210 2592 5278 qua
2613 5214 2865 5283 dutn_uno
2889 5225 3023 5261 anno
3048 5210 3301 5283 coniugali
3326 5224 3453 5283 con-

1923 5288 2085 5340 sortio
2114 5288 2353 5343 vixisset,
2386 5276 2599 5333 dimissa
2629 5280 2709 5330 illa
2740 5279 2980 5339 fortasse,
3006 5276 3244 5343 tanquam
3278 5276 3458 5343 frigida

1924 5366 1975 5408 et
2003 5357 2307 5420 impotente,
2367 5346 2731 5420 llildegardem
2762 5345 3036 5420 _S_uetic:ini
3069 5348 3117 5395 in
3138 5359 3347 5420 uxorem
3378 5360 3461 5395 ac-

1923 5414 2087 5489 cepit.
2109 5421 2373 5475 Aitnoinus
2407 5417 2494 5469 lib.
2527 5430 2599 5480 tv,
2627 5428 2722 5481 cap
2755 5414 2842 5480 68,
2874 5425 2922 5468 et
2955 5414 3204 5481 sequenti.
