3910 6234
444 349 579 403 ηιδ

1669 344 2066 400 STEPHANUS
2106 345 2280 400 PAPA
2321 347 2404 400 ill.

3526 355 3667 409 12η

437 456 770 510 sententiam.
815 452 929 506 Alia
975 466 1105 506 vero
1155 453 1241 506 die
1285 452 1459 506 denuo
1513 451 1794 506 atferentes
1840 466 1988 515 eum,
2017 454 2066 510 Α
2093 451 2438 506 diaconorum
2478 451 2947 507 consecrationem.
3000 455 3072 508 De
3105 455 3249 510 laicis
3281 473 3405 512 vero
3449 462 3542 527 qui
3588 467 3666 516 ab

436 557 594 611 atque
635 544 1013 611 interrogantes
1043 543 1112 597 de
1151 543 1332 594 eadem
1383 543 1540 608 impia
1605 544 1857 607 novitate,
1904 556 1990 594 re-

437 633 648 698 spondit
675 633 798 684 nihil
827 633 948 685 novi
978 647 1036 685 se
1062 633 1266 694 fecisse,
1289 632 1468 684 dicens
1503 650 1514 683 :
1544 633 1676 694 Quia
1703 644 1752 685 et
1776 631 1991 695 Sergius

435 721 862 788 archiepiscopus
891 721 1294 783 Ravennatium,
1336 723 1500 775 laicus
1530 723 1781 787 existens,
1811 720 1993 772 archi-

435 810 714 875 episcOpus
741 811 909 863 factus
939 821 1039 873 est,
1070 823 1120 864 et
1144 813 1445 877 Stephanus
1476 811 1834 878 Neapolitana:
1863 810 1995 862 civi-

441 900 584 960 tatis,
629 908 681 952 et
721 901 830 967 ipse
879 901 1063 961 laicus,
1106 912 1320 970 repente
1347 904 1624 969 episc0pus
1654 911 1993 956 consecratus

433 999 535 1040 cst.
560 989 691 1041 Dum
708 1005 834 1048 vero
858 993 974 1044 talia
993 992 1156 1046 isdem
1176 994 1548 1048 Constantinus
1566 1002 1989 1060 persequeretur,

433 1075 577 1128 illico
627 1077 744 1132 irati
795 1080 911 1132 zelo
972 1082 1344 1135 ecclesiastica:
1407 1083 1706 1136 traditionis
1760 1080 1990 1132 universi

431 1164 735 1217 sacerdotes
781 1166 945 1229 alapis
984 1167 1101 1234 ejus
1149 1172 1406 1224 cervicem
1460 1171 1666 1225 cmdere
1715 1170 1992 1234 facientes,

429 1263 551 1302 eum
579 1261 724 1304 extra
755 1255 993 1307 eamdem
1024 1257 1302 1310 ecclesiam
1330 1259 1619 1325 ejecernnt.

502 1341 648 1394 'func
700 1343 716 1372 ¹
768 1344 990 1397 detectis
1036 1347 1279 1400 omnibus
1331 1349 1443 1414 ejus
1493 1351 1750 1401 rationum
1807 1349 1988 1412 gestis,

428 1430 584 1481 simul
636 1441 688 1483 et
735 1433 1012 1486 concilium
1046 1434 1169 1486 illud
1203 1437 1340 1503 quod
1397 1438 1448 1488 in
1507 1438 1714 1503 scriptis
1766 1437 1832 1489 de
1877 1438 1992 1502 ejus

429 1518 577 1582 quasi
626 1519 1024 1574 confirmatione
1056 1523 1252 1575 editum
1299 1526 1486 1588 fuerat,
1539 1527 1654 1591 igne
1683 1528 1992 1580 combusse-

429 1609 631 1662 runtin
681 1611 1217 1680 medio-presbyterii
1269 1615 1432 1681 ipsius
1476 1617 1732 1668 ecclesiae.
1780 1616 1843 1667 Et
1893 1619 1991 1669 hoc

429 1697 588 1760 facto,
615 1700 892 1766 projiciens
915 1716 972 1754 se
994 1703 1045 1754 in
1066 1711 1280 1767 terram,
1309 1705 1668 1758 sanctissimus
1688 1707 1987 1770 Stephanus

2092 540 2276 594 eodem
2316 540 2662 594 Constantino
2691 542 2983 609 presbyteri
3009 552 3094 596 aut
3122 544 3329 598 diaconi
3357 552 3663 604 consecrati

2093 637 2238 690 sunt,
2286 629 2356 680 ita
2395 629 2780 695 promulgatum
2825 638 2926 693 est,
2972 638 3027 683 ut
3074 633 3126 684 in
3177 634 3423 700 religioso
3470 635 3658 689 habitu

2093 716 2298 771 cunctis
2326 718 2509 770 diebus
2533 733 2717 771 eorum
2744 719 2884 779 vitae,
2913 722 3025 772 sive
3054 722 3104 773 in
3138 724 3362 788 propriis
3385 724 3656 787 domibus,

2095 811 2178 863 vel
2210 812 2296 863 ubi
2329 813 2370 846 ιι
2404 811 2646 873 fuissent,
2680 826 2986 878 permanere
3016 814 3286 866 deberent.
3337 816 3655 880 llujusrnodi

2092 914 2219 952 vero
2242 901 2582 968 promulgatis
2606 902 2902 965 sententiis,
2937 903 3076 957 illico
3098 905 3328 973 episcopi
3365 908 3438 960 illi
3472 909 3563 976 qui
3586 909 3654 961 ab

2093 991 2279 1044 eodem
2308 991 2655 1045 Constantino
2703 994 2927 1046 ordinati
2958 1003 3097 1057 sunt,
3130 984 3471 1055 revertentes,
3501 1001 3657 1063 juxta

2093 1078 2327 1145 ejusdem
2385 1079 2591 1132 concilii
2667 1082 3004 1144 sententiam|
3057 1084 3106 1133 in
3163 1083 3382 1148 pristino
3436 1085 3654 1136 honoris

2091 1166 2255 1233 gradu
2287 1160 2442 1218 electi
2470 1166 2644 1218 denuo
2671 1181 2700 1219 a
2728 1168 2868 1220 clero
2911 1178 2966 1222 et
3006 1168 3173 1233 plebe,
3214 1171 3457 1237 factoque
3492 1172 3657 1224 solito

2092 1253 2326 1315 decreto,
2371 1254 2434 1305 ad
2474 1254 2651 1307 sedem
2682 1256 3022 1321 apostolicam
3065 1269 3428 1324 properantes,
3463 1260 3529 1312 ab
3557 1276 3654 1317 eo-

2093 1342 2212 1392 dem
2235 1343 2566 1394 sanctissimo
2586 1359 2714 1407 papa
2738 1342 2780 1375 ¹⁸
2804 1346 3094 1398 coiisecrati
3115 1355 3254 1398 sunt.
3279 1346 3406 1399 Nam
3433 1349 3652 1417 presby-

2095 1432 2188 1482 teri
2219 1441 2270 1484 et
2298 1431 2503 1484 diaconi
2549 1432 2622 1484 illi
2656 1449 2816 1500 usque
2847 1433 2910 1485 ad
2942 1443 3158 1486 mortem
3191 1436 3354 1500 ipsius
3385 1437 3651 1499 pontificis

2093 1522 2170 1572 sic
2201 1529 2549 1580 retnanentes,
2601 1537 2926 1591 nequaquam
2969 1531 3089 1573 sunt
3131 1523 3288 1574 abeo
3330 1525 3647 1576 consecrati.

2093 1607 2166 1659 Ita
2197 1609 2336 1659 enim
2367 1605 2417 1658 in
2458 1609 2642 1660 eodem
2687 1609 2910 1661 concilio
2951 1619 3196 1662 statutum
3243 1621 3325 1664 est
3369 1621 3424 1662 ut
3470 1614 3650 1665 omnia

2092 1709 2208 1760 qua:
2240 1694 2400 1747 isdem
2425 1694 2803 1748 Constantinus
2827 1697 2876 1747 in
2905 1697 3270 1750 ecclesiasticis
3299 1700 3652 1752 sacramentis

427 1801 562 1854 papa
618 1803 736 1840 cum
796 1791 1052 1844 universis
1108 1793 1489 1859 sacerdotibus,
1540 1805 1591 1847 ει
1647 1799 1836 1861 pupum
1886 1795 1986 1846 no-
2022 1769 2063 1826 Β
2091 1795 2150 1833 ac
2177 1781 2352 1833 divino
2378 1783 2519 1834 cultu
2540 1784 2665 1848 egit,
2693 1783 2735 1812 ³³
2759 1785 2940 1836 iterata
2966 1784 3201 1848 fuissent,
3226 1795 3415 1851 praeter
3437 1801 3656 1838 sacrum.

427 1887 606 1936 mano,
668 1878 1062 1945 clamantcsque
1119 1880 1276 1946 Kyrie
1333 1881 1552 1944 eleison,
1613 1898 1735 1944 cum
1796 1882 1988 1949 ingenli

425 1963 552 2016 ﬂetu
583 1980 830 2033 peccasse
856 1983 912 2020 se
935 1983 1120 2024 omnes
1146 1970 1367 2035 professi
1399 1981 1542 2035 sunt,
1566 1989 1656 2037 pro
1679 1988 1741 2024 eo
1764 1974 1899 2040 quod
1924 1973 1990 2026 de

429 2054 675 2108 manibus
725 2057 889 2123 ipsius
918 2056 1249 2111 Constantini
1277 2063 1699 2113 communionem
1728 2063 1989 2128 suscepis-

425 2153 567 2210 sent,
592 2144 772 2213 sicque
795 2159 855 2199 ex
888 2146 985 2200 hoc
1006 2149 1250 2203 omnibus
1281 2152 1300 2181 ²
1331 2151 1524 2203 indicta
1554 2163 1635 2205 est
1661 2153 1985 2217 pmnitcntia.

424 2231 574 2286 Tunc
617 2234 788 2288 allatis
837 2238 1209 2291 sacratissimis
1247 2241 1558 2302 canonibus,
1590 2241 1768 2306 eisque
1796 2241 1990 2306 liquido

425 2325 790 2390 perscrutatis,
824 2325 1025 2391 prolata
1076 2337 1158 2380 est
1199 2329 1456 2380 sententia
1486 2330 1551 2379 ab
1579 2331 1764 2381 eodem
1815 2343 1991 2381 sacer-

426 2410 592 2465 dotali
637 2413 864 2466 concilio
893 2415 990 2466 sub
1017 2415 1368 2468 anathematis
1410 2416 1712 2480 interdicto,
1757 2433 1822 2469 ne
1851 2416 1989 2470 ullus

428 2513 660 2568 unquam
701 2511 984 2568 praesumat
1014 2503 1288 2569 laicorum,
1322 2519 1492 2570 neque
1536 2520 1599 2575 ex
1631 2506 1736 2558 alio
1781 2506 1986 2570 ordine,

424 2585 526 2639 nisi
568 2602 664 2654 per
703 2587 982 2642 distinctos
1025 2591 1218 2658 gradus
1263 2592 1558 2645 ascendens
1604 2593 1854 2645 diaconus
1899 2601 1990 2649 aut

426 2674 707 2745 presbyter
733 2677 1018 2731 cardinalis
1053 2679 1216 2732 factus
1238 2676 1416 2746 fuerit,
1450 2683 1514 2734 ad
1545 2681 1682 2735 sacri
1711 2681 1988 2750 pontifica-

423 2773 509 2817 tus
538 2762 792 2818 honorem
823 2767 988 2832 possit
1015 2768 1331 2833 promoveri.

498 2851 603 2905 Sed
652 2863 704 2906 et
747 2854 848 2907 alia
880 2856 1048 2922 plura,
1079 2872 1196 2924 quae
1225 2857 1293 2910 de
1317 2873 1381 2911 eo
1403 2858 1653 2913 canonica
1683 2858 1986 2926 indigebant

425 2942 448 2974 ⁸
461 2944 810 3010 correptione,
830 2944 881 2997 in
895 2945 1081 3000 eodem
1095 2947 1319 3000 concilio
1331 2949 1984 3002 statueruntemendanda.

425 3032 502 3085 De
535 3033 797 3100 episc0pis
829 3048 972 3100 vero,
1016 3045 1174 3104 atque
1203 3037 1544 3108 presbyteris,
1575 3020 1631 3090 et
1653 3039 1981 3102 diaconibus,

2095 1869 2354 1934 baptisma
2408 1879 2563 1936 atque
2609 1882 2848 1924 sanctum
2893 1873 3140 1925 chrisma.
3196 1874 3319 1926 Post
3361 1873 3473 1926 haec
3521 1889 3652 1927 vero

2091 1958 2265 2009 omnia
2306 1959 2649 2024 promulgata,
2701 1960 2948 2012 continuo
2992 1970 3044 2013 et
3086 1961 3292 2015 diversa
3340 1971 3652 2014 sanctorum

2095 2047 2305 2110 Patrum
2375 2047 2672 2099 teSIimonia
2729 2048 2794 2100 de
2858 2050 3019 2102 sacris
3073 2050 3384 2116 imaginibus
3435 2049 3651 2103 Domini

2092 2138 2256 2187 nostri
2289 2133 2412 2188 Jesu
2441 2134 2660 2204 Christi,
2692 2146 2990 2204 sanctasque
3015 2147 3066 2192 et
3092 2140 3335 2206 gloriosa:
3361 2141 3478 2205 ejus
3499 2141 3650 2206 geni-

2093 2225 2237 2275 tricis
2288 2238 2498 2289 sempcr
2545 2225 2757 2292 virginis
2813 2227 2984 2279 Maria:
3042 2227 3278 2281 Domina:
3324 2239 3540 2289 nostrm,
3590 2239 3654 2282 et

2091 2316 2363 2368 beatorum
2412 2318 2792 2382 apostolort'tm,
2845 2320 3179 2386 omniumque
3221 2330 3548 2384 sanctorum,
3587 2333 3654 2372 ac

2091 2405 2488 2472 prophetarum,
2544 2413 2599 2458 et
2653 2418 2959 2475 martyrum,
3025 2424 3116 2462 seu
3163 2411 3555 2472 confessmum,
3596 2409 3656 2460 in

2091 2494 2229 2547 idem
2261 2495 2415 2548 allata
2437 2505 2562 2547 sunt
2590 2497 2891 2560 concilium,
2922 2507 2975 2550 et
3000 2500 3246 2551 subtilius
3275 2501 3437 2551 multa
3467 2500 3650 2566 periti-

2088 2581 2361 2648 dagantes,
2396 2591 2691 2636 statuerunt
2713 2598 2900 2650 magno
2928 2586 3137 2637 honoris
3163 2586 3350 2639 affectu
3382 2585 3450 2636 ab
3475 2587 3654 2636 omni.

2090 2675 2189 2730 bus
2206 2673 2518 2726 Christianis
2541 2675 2681 2742 ipsas
2692 2689 2866 2728 sacras
2884 2679 3116 2730 venerari
3140 2677 3411 2742 imagines,
3430 2677 3564 2727 sicut
3581 2675 3668 2727 ab-

2091 2765 2334 2818 omnibus
2365 2765 2836 2833 przedecossoribus
2864 2765 3017 2832 hujus
3036 2767 3338 2832 apostolicte
3358 2767 3502 2819 sedis
3518 2781 3652 2832 pon-

2093 2856 2340 2920 tificibus,
2392 2864 2445 2910 et
2490 2856 2691 2910 cunctis
2737 2855 3122 2908 venerabilibus
3172 2855 3430 2920 Patribus,
3480 2871 3652 2922 usque

2093 2949 2340 3002 hactenus
2366 2947 2433 3001 de
2474 2961 2653 3000 earum
2703 2945 2914 2998 honoris
2941 2945 3267 2998 observantia
3298 2943 3568 3008 elfectum,
3596 2954 3654 2996 et

2090 3037 2291 3092 cunctis
2317 3037 2395 3106 ,ad
2431 3036 2735 3090 memoriam
2778 3036 2884 3102 pize'
2920 3034 3332 3101 compunctionis
3372 3045 3455 3087 est
3487 3036 3653 3087 tradi-

422 3135 557 3190 quos
588 3124 701 3190 ipse
729 3124 1107 3178 Constantinus
1138 3137 1560 3191 consecraverat,
1611 3128 1680 3182 ita
1708 3130 1758 3182 in
1791 3129 1977 3182 eodem
2012 3101 2056 3161 (ἶ
2091 3140 2222 3194 tum,
2250 3129 2649 3192 confundentes,
2675 3139 2829 3196 atque
2859 3127 3356 3197 anathei‘natizantes
3385 3140 3654 3178 exsecra-

423 3211 652 3265 concilio
680 3213 1068 3283 promulgatum
1099 3226 1197 3278 est,
1244 3227 1300 3269 ut
1335 3217 1570 3285 episcopi
1599 3219 1694 3281 illi,
1725 3219 1770 3272 sl
1796 3220 1982 3286 aliquis

423 3315 612 3354 eorum
657 3303 933 3370 presbyter
960 3317 1046 3356 aut
1082 3306 1332 3359 diaconus
1373 3307 1549 3373 fuerit,
1601 3307 1653 3361 in
1702 3310 1982 3375 pristinum

424 3390 770 3445 honoris'sui
799 3395 1015 3461 gradum
1061 3405 1442 3461 reverteretur;
1495 3407 1549 3450 et
1577 3398 1597 3426 ⁸
1641 3399 1684 3450 si
1729 3399 1983 3466 placabile

423 3480 610 3533 fuisset
639 3495 816 3534 coram
852 3485 1044 3550 populo
1073 3483 1300 3538 civitatis
1335 3501 1465 3550 suae,
1511 3487 1684 3540 denuo
1713 3486 1851 3541 facto
1891 3489 1983 3542 de-

423 3582 575 3624 creto
603 3572 879 3626 electionis
902 3588 1055 3627 more
1102 3577 1259 3628 solito
1299 3591 1418 3633 cum
1462 3578 1606 3631 clero
1635 3587 1687 3630 et
1738 3578 1887 3645 plebe
1916 3578 1983 3632 ad

425 3660 767 3725 apostolicam
799 3662 1138 3718 advenissent
1165 3665 1366 3732 sedem,
1397 3675 1447 3717 et
1469 3666 1535 3719 ab
1556 3667 1741 3720 eodem
1765 3668 1986 3721 sanctis-

423 3751 561 3803 simo
619 3751 890 3817 Stephano
954 3767 1085 3819 papa
1135 3753 1514 3807 benedictionis
1568 3755 1590 3785 ⁸
1632 3758 1985 3823 suscepissent

425 3843 904 3894 consecrationem.
951 3841 1250 3911 Presbyteri
1287 3858 1414 3896 vero
1455 3845 1528 3896 illi
1575 3860 1636 3898 ac
1663 3845 1866 3898 diaconi
1901 3847 1986 3898 ab

425 3933 613 3986 eodem
646 3932 993 3986 Constantino
1027 3935 1322 3988 consecrati
1349 3935 1505 3988 simili
1544 3937 1701 3989 modo
1743 3937 1793 3988 in
1837 3935 1983 3988 illum

424 4037 531 4090 quo
589 4023 735 4089 prius
786 4022 1086 4076 existebant
1143 4023 1376 4076 habitum
1447 4033 1859 4078 reverterentur.
1920 4024 1988 4077 Et

425 4113 759 4180 postmodum
805 4111 850 4165 si
904 4113 991 4181 qui
1042 4129 1222 4166 eorum
1253 4114 1273 4144 °
1303 4115 1589 4182 placabiles
1634 4115 1986 4178 exstitissent,

423 4204 686 4258 antefatus
715 4205 1053 4257 beatissimus
1103 4203 1341 4272 pontifex
1374 4205 1712 4273 presbyteros
1741 4219 1855 4269 eos,
1895 4214 1986 4256 aut

350 4281 354 4286 ’
423 4295 672 4348 diacones
703 4296 720 4323 ⁷
749 4305 1109 4348 consecraret.
1175 4294 1480 4347 Statuentes
1515 4304 1571 4347 ut
1605 4295 1656 4346 hi
1704 4295 1792 4363 qui
1819 4309 1882 4348 ex
1908 4296 1986 4348 eis

2084 3220 2240 3272 bilem
2264 3219 2402 3272 illam
2435 3217 2718 3287 synodum,
2744 3230 2860 3281 quae
2888 3217 2936 3268 in
2968 3213 3182 3267 Graecia:
3211 3215 3446 3281 partibus
3473 3227 3651 3278 nuper

2084 3308 2219 3362 facta
2247 3316 2347 3371 est,
2379 3321 2472 3374 pro
2502 3306 2543 3346 ιδ
2572 3305 2934 3372 disperdendis
2980 3305 3105 3368 ipsis
3131 3303 3648 3371 sacrisimagiuibns.

2085 3401 2322 3467 Expletis
2341 3414 2464 3451 vero
2491 3398 2732 3452 omnibus
2755 3411 2870 3463 qua:
2899 3396 2946 3447 in
2969 3397 3151 3448 eodem
3168 3395 3388 3447 concilio
3409 3395 3655 3460 promul-

2085 3489 2253 3559 ganda
2282 3498 2452 3550 erant,
2487 3497 2609 3538 tunc
2640 3485 2807 3539 isdem
2839 3486 3166 3538 beatissimus
3191 3483 3429 3552 pontifex
3455 3497 3652 3551 aggre-

2086 3593 2216 3647 gans
2242 3578 2513 3630 universos
2539 3575 2857 3636 sacerdotes,
2886 3583 3040 3640 atque
3065 3573 3283 3633 clerum,
3307 3582 3359 3625 et
3389 3583 3648 3624 cunctum

2086 3668 2358 3736 populum,
2390 3666 2602 3733 proiecti
2630 3673 2751 3718 Sunt
2772 3664 2834 3714 ad
2869 3663 3072 3715 beatum
3101 3662 3316 3714 Petrum
3345 3661 3652 3729 principem

2085 3755 2447 3823 apostolorum
2479 3767 2597 3806 cum
2655 3751 2862 3820 hymnis
2893 3761 2943 3803 et
2971 3749 3184 3802 canticis
3213 3749 3560 3814 spiritalibus,
3589 3757 3650 3802 et

2090 3844 2245 3896 nudis
2271 3842 2488 3910 pedibus
2511 3840 2834 3904 incedentes,
2859 3838 3066 3905 illicque
3085 3838 3135 3888 in
3157 3837 3434 3889 ambonem
3458 3851 3648 3890 ascen-

2089 3933 2219 3985 dens
2284 3931 2533 3985 Leontius
2583 3929 2906 3990 scriniarius,
2951 3937 3134 3980 cuncta
3179 3940 3297 3993 quae
3351 3926 3402 3977 in
3453 3928 3650 3980 eodem

2091 4030 2302 4088 peracta
2333 4030 2456 4072 sunt
2487 4018 2710 4072 concilio
2739 4024 2954 4070 extensa
2988 4028 3118 4067 voce
3145 4015 3268 4080 legit
3295 4015 3505 4080 populo.
3538 4014 3648 4068 Sed

2088 4120 2143 4165 et
2189 4121 2295 4163 tres
2325 4109 2580 4177 episcopi,
2630 4106 2680 4160 id
2717 4116 2796 4160 est
2845 4103 3127 4172 Gregorius
3155 4103 3325 4171 Sylva:
3367 4099 3648 4162 Candida.

2090 4199 2389 4253 Eustrasius
2446 4197 2650 4261 Albani,
2707 4204 2760 4248 et
2812 4192 3141 4248 Theodosius
3205 4190 3532 4254 Tiburtinus,
3592 4194 3650 4241 iu

2093 4291 2336 4344 eumdem
2360 4287 2590 4354 praefat:e
2610 4283 2850 4338 ecclesia:
2871 4283 3147 4335 ambonem
3164 4280 3506 4332 ascendentes
3525 4292 3650 4330 ana-

426 4385 446 4413 '
483 4383 795 4436 conciliandi
838 4394 1007 4447 erant,
1061 4397 1395 4450 nequaquam
1443 4386 1462 4416 ⁸
1511 4383 1778 4439 fortiorem
1823 4381 2338 4482 hono-Dthematis
2387 4378 2756 4447 obligationem
2814 4368 3255 4482 βιόιυιεειιηιηῐςλξι
3285 4368 3650 4482 εἱλιιιξξίιυιὲ

427 4488 540 4526 rem
566 4472 607 4501 '°
636 4471 1011 4533 ascenderem;
1039 4485 1136 4523 nec
1156 4471 1219 4522 ad
1253 4472 1583 4537 pontificatus
1617 4487 1986 4538 promoveren-
2014 4454 2067 4482 ν
2099 4480 2380 4540 prazsumat
2426 4481 2637 4536 quoquo
2667 4475 2902 4530 tempore
2933 4458 3223 4555 transgredi
3272 4455 3535 4555 quidpiam
3557 4454 3652 4555 de

430 4571 514 4612 tur
542 4563 768 4624 culmen,
799 4575 865 4614 ne
892 4559 1010 4612 talis
1035 4562 1227 4624 impius
1253 4559 1498 4612 novitatis
1519 4576 1666 4614 error
1689 4563 1738 4615 in
1763 4563 1986 4615 ecclesia
2091 4563 2334 4616 omnibus
2378 4573 2495 4627 qua!
2542 4557 2592 4609 in
2637 4553 2820 4610 eodem
2862 4551 3092 4606 concilio
3145 4554 3335 4646 stat-uta
3371 4553 3514 4598 sunt.

433 4653 522 4705 Dei
553 4653 845 4720 pullularet.
908 4652 1024 4718 Ipse
1055 4663 1180 4702 vero
1209 4650 1470 4703 antelatus
1499 4653 1830 4707 beatissimus
1871 4655 1988 4707 Ste-
2089 4670 2216 4706 vero
2263 4649 2482 4718 peractis
2531 4644 2868 4735 synodalibus
2921 4642 3082 4735 gestis
3121 4637 3501 4735 contigitpost
3547 4633 3653 4735 ali-

433 4747 635 4808 phanus
683 4756 815 4808 papa
842 4755 1018 4792 coram
1052 4741 1193 4791 omni
1225 4742 1536 4794 sacerdotali
1579 4741 1801 4809 collegio
1845 4744 1985 4796 clara
2088 4750 2338 4810 quantum
2357 4736 2682 4803 temporisde
2701 4734 2796 4786 hac
2821 4733 2920 4785 vita
2941 4730 3192 4796 migrasse
3223 4725 3460 4792 Sergium
3475 4723 3656 4776 archi-

428 4845 559 4884 voce
599 4831 865 4894 clamavit,
914 4830 1096 4879 dicens
1142 4831 1284 4882 nullo
1326 4833 1478 4885 modo
1515 4847 1574 4885 se
1619 4834 1851 4897 immitti,
1900 4844 1989 4886 aut
2090 4835 2392 4899 episcopum
2415 4816 3404 4914 civitatisRavennatium.Eteontinuo
3425 4825 3666 4914 surge-tit:

432 4921 639 4988 penitus
671 4919 938 4972 declinare
986 4917 1035 4969 in
1082 4919 1388 4974 eorumdem
1440 4921 1861 4989 presbyterorum
1898 4933 1988 4973 ant
2095 4925 2138 4954 ¹⁶
2170 4918 2473 4975 Michaelius
2521 4911 2824 4966 scriniarius
2857 4908 3018 4978 ipsius
3064 4905 3323 4967 ecclesiae,
3375 4903 3463 4970 qui
3509 4901 3668 4955 nullo.

1659 5011 2037 5068 VARHNTES
2074 5005 2470 5066 LECTIONES.

2160 5108 2178 5136 ’
2213 5100 2342 5153 Cod.
2367 5098 2518 5156 Luc.,
2546 5091 2806 5157 potiorem.

2166 5173 2204 5202 ¹⁰
2221 5150 2280 5224 Kl
2293 5150 2688 5231 .,ascondérent,
2703 5157 2842 5226 ponti
2850 5153 3022 5221 (icatus
3035 5154 3423 5221 provchcrcittur
3435 5150 3662 5203 culmen.
3685 5199 3700 5211 ,

2165 5244 2198 5270 ιι
2236 5234 2660 5302 Αι,,υοιυὶεεεηι.
2821 5292 2832 5302 ,
3062 5289 3072 5299 .

2165 5310 2206 5340 ¹⁹
2235 5290 2366 5359 Cod.
2395 5304 2545 5363 Luc.,
2577 5292 2851 5363 conciliati,
2880 5301 2933 5363 et
2959 5290 3036 5344 sic
3061 5290 3211 5343 infra.

2167 5377 2208 5409 "
2239 5374 2367 5428 Cod.
2401 5362 2549 5431 Luc.,
2583 5368 2742 5418 iterati
2772 5362 3069 5415 debuissent.

2174 5444 2214 5476 ’⁵
2239 5443 2370 5498 Cod.
2404 5440 2554 5500 Luc.,
2585 5433 2909 5499 deponendis.

2179 5518 2220 5544 ”
2248 5514 2356 5574 AL,
2388 5525 2446 5560 ne
2468 5509 2750 5575 quisquam-

2178 5585 2217 5612 ”
2249 5571 2373 5636 Cod.
2406 5571 2554 5644 Luc.,
2591 5571 2825 5627 Michael.

510 5110 521 5136 ’
553 5110 655 5170 AL,
685 5104 892 5157 desertis
914 5097 1062 5156 simul
1083 5123 1109 5159 ε
1131 5105 1339 5158 concilio
1363 5107 1449 5158 illo
1475 5107 1627 5172 quod,
1658 5118 1760 5160 etc.

509 5182 524 5206 ’
557 5178 661 5235 ΑΙ..
691 5175 872 5224 indita.

509 5249 525 5275 ³
555 5245 684 5295 t‘od.
718 5243 867 5302 Luc.,
899 5245 1217 5298 correctione.

508 5318 523 5342 δ
562 5314 665 5380 Αιο,
698 5309 1027 5380 si-pfucabiles
1049 5315 1268 5377 fuissent.

512 5387 527 5408 '
561 5379 688 5431 Cod.
720 5379 1206 5446 Luc.,suscipcrent.

510 5455 528 5483 ¢
566 5449 670 5508 AL,
721 5448 985 5509 placabiles
1006 5452 1303 5507 exstitissent
1322 5455 1542 5520 amcfat‘o
1562 5452 1843 5504 beatissimo
1870 5465 1991 5515 pon-

439 5523 681 5638 uﬁf’Cod.
716 5584 866 5645 Luc.,
893 5587 1200 5639 conciliaret.
1225 5630 1233 5633 _

515 5660 533 5685 '
559 5652 686 5708 Cod.
721 5652 868 5714 Luc.,
887 5666 1236 5712 'romecranai.
