3910 6234
231 262 371 317 12ιὸ

1220 266 1491 325 ΝΟΤΠῚΑ
1533 266 1596 321 ΙΝ
1635 263 2050 321 STEPHANI]!
2094 267 2323 323 PAPAM
2365 269 2453 321 Ill.

3313 276 3450 334 ﬂ“

227 371 543 425 sacerdotali
574 371 879 437 iungebatur
911 370 1135 435 honore,
1183 374 1447 440 prolectus
1479 384 1558 429 est
1587 376 1783 429 Arimi-
1810 393 1862 448 Α
1891 374 1941 426 in
1971 375 2299 441 frontispicio
2320 376 2782 429 constitutasunt:
2808 392 2964 430 unum
2985 380 3192 447 quidem
3210 382 3260 436 in
3277 383 3456 441 basili-

226 474 354 541 μυξη
385 461 448 510 ad
494 460 796 515 Mauricium
842 459 1027 513 ducem
1058 461 1466 527 Ariminensem,
1496 472 1550 515 et
1572 477 1787 528 congre-

223 568 359 618 gans
405 553 418 583 ι
464 551 631 603 isdem
689 551 1096 606 neiandissimus
1152 554 1432 608 Mauricius
1477 556 1788 620 exercitum,

226 654 331 691 una
384 653 503 692 cum
552 640 775 691 concilio
807 639 1058 693 Desiderii
1114 642 1576 709 Langobardorum
1627 644 1782 710 regis,

222 731 530 797 properavit
577 738 733 797 atque
780 733 1046 798 ingressus
1083 744 1164 785 est
1202 734 1504 787 Ravennam
1541 754 1553 786 :
1586 746 1640 790 et
1672 735 1792 788 bra-

220 817 347 869 chio
405 819 522 871 forti
579 820 739 886 elegit
786 822 1097 886 praedictum
1138 824 1159 854 ⁸
1206 822 1561 890 Michaelium,
1623 832 1677 877 et
1734 823 1787 878 in

221 907 554 973 episcopium
584 907 904 961 Ravennatis
935 910 1185 963 Ecclesite
1214 911 1520 967 introduxit.
1558 914 1619 966 Et
1650 914 1784 967 Leo—

221 1008 347 1046 nem
377 994 820 1057 archidiaconum,
851 998 938 1064 qui
970 1000 1167 1052 electus
1197 1011 1312 1053 erat
1359 1000 1410 1054 in
1438 1001 1787 1069 archiepisco-

222 1092 381 1148 patus
408 1083 668 1147 ordinem,
712 1084 1008 1137 Ariminum
1034 1088 1389 1152 deportantcs,
1423 1088 1615 1141 ibidem
1644 1099 1786 1141 arcta

219 1172 463 1224 custodia
496 1172 873 1237 mancipatum,
899 1173 1065 1225 isdem
1091 1177 1368 1227 Mauricius
1392 1175 1615 1229 detineri
1642 1176 1781 1229 fecit.

214 1261 372 1313 Tunc
393 1260 583 1313 direxit
607 1264 915 1326 quantocius
946 1263 1227 1327 praedictus
1255 1263 1277 1293 ³
1302 1263 1607 1318 Michaelius
1630 1274 1786 1330 atque

188 1348 521 1415 liauricius,
576 1357 630 1401 et
676 1348 883 1413 iudices
938 1350 1341 1423 Ravennatium,
1402 1350 1464 1402 ad
1515 1350 1784 1417 puerulum

218 1438 582 1491 beatissimum
642 1437 971 1504 Stephanum
1026 1439 1346 1504 pontiﬁcem,
1415 1442 1781 1507 promittentes

216 1526 265 1579 ei
294 1526 513 1594 copiosa
557 1540 795 1587 munera,
824 1534 881 1577 ut
909 1525 1081 1592 ipsum
1129 1526 1463 1580 Michaelium
1518 1526 1784 1596 archiepi-

211 1629 435 1683 scopum
486 1628 799 1667 consecrare
847 1613 1081 1669 deberet.
1146 1613 1260 1681 Ipse
1287 1628 1415 1666 vero
1446 1614 1782 1669 beatissimus

1892 475 1950 514 ca
1970 463 2104 515 beati
2129 458 2264 515 Petri
2280 464 2525 530 apostoli.
2545 473 2598 517 et
2617 464 2775 517 alium
2797 465 2848 517 in
2869 466 3081 520 basilica
3111 468 3246 521 beati
3273 470 3445 535 Pauli,

1891 560 1943 603 et
1970 550 2125 602 alium
2149 553 2212 603 ad
2243 553 2447 604 beatum
2478 552 2738 605 Andream
2764 553 3083 620 apostolum.
3108 555 3234 609 Nam
3259 559 3443 612 sedulo

1891 636 2055 690 isdem
2087 639 2419 691 beatissimus
2446 636 2677 705 pontifex
2704 656 2829 692 suos
2856 642 3045 695 missos
3069 652 3226 709 atque
3249 644 3455 699 litteras

1890 727 2315 778 commonitorias
2344 728 2571 795 dirigere
2609 727 2853 781 studebat
2888 730 3152 784 antedicto
3179 735 3450 786 excellet:-

1892 814 2096 865 tissimo
2117 815 2306 867 Carolo
2334 817 2444 882 regi
2484 815 2825 880 Francorum,
2864 827 2917 868 et
2940 817 3053 883 ejus
3078 831 3329 887 germano
3351 821 3453 874 Cas

1889 899 2198 951 rolomauno
2223 901 2404 952 itidem
2447 902 2554 968 regi
2582 919 2592 951 :
2619 902 3013 956 imminentibus
3040 919 3268 972 namque
3295 916 3453 973 atque

1888 988 2273 1040 decertantihus
2298 989 2346 1040 in
2381 990 2479 1041 hoc
2519 989 2712 1056 saepius
2741 992 3025 1044 nominatis
3064 993 3449 1061 ChristOphoro

1890 1078 2186 1142 primicerio
2235 1087 2288 1130 et
2328 1078 2510 1145 Sergio
2553 1078 2937 1143 secundicerio,
2986 1095 3080 1146 pro
3119 1081 3391 1149 exigendis
3419 1099 3450 1135 a

1887 1166 2158 1220 Desiderio
2188 1180 2309 1235 rege
2338 1166 2799 1234 Langobardorum
2828 1169 2847 1197 ⁷
2874 1167 3093 1234 justitiis
3116 1170 3253 1223 beati
3284 1168 3451 1235 Petri,

1887 1268 2003 1319 qute
2043 1256 2301 1308 obdurato
2348 1256 2510 1309 corde
2558 1257 2782 1310 reddere
2827 1265 3024 1310 sancta:
3068 1256 3165 1311 Dei
3210 1260 3451 1313 ecclesia:

1887 1344 2118 1397 nolebat.
2156 1345 2279 1399 Inde
2306 1345 2463 1397 nimia
2494 1347 2683 1399 furoris
2706 1346 3066 1414 indignatione
3093 1360 3274 1403 contra
3306 1366 3451 1417 prte-

1886 1433 2181 1485 nominatos
2221 1433 2659 1500 Gltristophorum
2696 1442 2750 1486 et
2797 1435 3036 1501 Sergium
3094 1437 3448 1492 exardescens

1886 1521 1998 1585 ipsc
2024 1522 2341 1585 Desiilerius,
2372 1523 2635 1575 nitebatur
2658 1537 2750 1576 eos
2781 1524 3114 1591 exstinguere
3153 1540 3216 1579 ac
3243 1528 3447 1583 delere.

1887 1609 1990 1660 l‘ro
2020 1625 2121 1673 quo
2151 1626 2249 1663 suo
2279 1611 2486 1676 ingenio
2515 1610 2742 1677 maligno
2776 1611 3039 1663 simulavit
3063 1627 3119 1666 se
3146 1616 3296 1680 quasi
3322 1629 3448 1667 ora-

214 1703 411 1771 praesul
446 1717 539 1768 per
564 1702 757 1754 nullius
799 1701 1098 1754 donationis
1129 1702 1529 1767 proluissiOnem
1560 1704 1782 1755 inclina-
1814 1702 1859 1761 Β
1888 1697 2043 1749 tionis
2083 1711 2239 1749 causa
2262 1698 2325 1750 ad
2352 1701 2560 1751 beatum
2592 1701 2799 1753 Petrum
2828 1700 2925 1751 huc
2948 1700 3166 1753 Romam
3202 1717 3449 1771 propera-

214 1802 298 1845 tus
340 1799 424 1844 est
468 1791 712 1844 eumdem
755 1789 1089 1843 Michaelium
1144 1804 1480 1853 consecrare,
1537 1806 1782 1844 asserens

212 1877 357 1931 nulla
413 1879 616 1931 ratione
670 1878 773 1930 hoc
826 1878 940 1930 ﬁeri
990 1892 1164 1944 posse,
1209 1878 1333 1931 dum
1393 1878 1443 1930 in
1502 1880 1782 1932 sacerdotii

213 1965 421 2019 honore
472 1966 693 2018 minime
751 1966 862 2032 ipse
916 1966 1195 2032 przedictus
1250 1965 1501 2019 existeret
1545 1967 1782 2019 Michae-

238 2054 246 2062 .

210 2052 338 2107 Ilus.

279 2141 376 2195 Cui
408 2151 463 2196 et
487 2141 689 2196 vicibus
728 2143 1095 2195 ohtestationis
1128 2156 1189 2195 ac
1216 2142 1607 2208 prazdicationis
1637 2144 1779 2197 litte-

210 2247 299 2289 ras
328 2242 487 2301 atque
516 2235 706 2287 missos
737 2233 948 2296 direxit,
974 2242 1029 2286 ut
1050 2233 1116 2285 ab
1136 2234 1321 2287 eodem
1353 2234 1549 2301 injuste
1584 2251 1777 2303 pr0po-

210 2326 315 2383 sito
342 2324 638 2379 recederet.
680 2323 783 2378 Sed
827 2324 973 2376 nullo
1015 2324 1169 2377 modo
1209 2326 1511 2392 apostolicis
1540 2328 1778 2383 admoni-

207 2412 445 2465 tionibus
470 2414 807 2480 acquiescere
836 2413 1019 2465 voluit.
1046 2412 1286 2478 Dansque
1312 2415 1535 2479 plurima
1561 2430 1776 2469 munera

210 2500 487 2555 Desiderio
517 2500 985 2567 Longobardorum
1014 2502 1143 2568 regi.
1175 2510 1227 2554 et
1265 2502 1495 2565 cimelia,
1525 2512 1577 2555 ct
1615 2518 1775 2555 orna-

209 2602 294 2644 tus
338 2591 506 2659 ipsius
548 2590 823 2651 ecclesiae,
870 2606 988 2644 cum
1036 2592 1155 2645 aliis
1204 2591 1427 2645 diversis
1468 2589 1771 2660 speciebus,

208 2681 425 2735 brachio
454 2680 578 2734 forti
611 2696 703 2748 per
730 2683 885 2734 unius
910 2682 1030 2733 anni
1052 2681 1327 2745 circulum,
1352 2689 1406 2733 et
1433 2697 1495 2735 eo
1515 2683 1771 2749 amplius,

209 2772 376 2837 ipsius
396 2771 636 2825 ecclesiae
660 2764 984 2839 episcopium
1007 2769 1029 2807 ⁸
1054 2786 1327 2838 pervasum
1350 2770 1592 2836 detinuit,
1614 2773 1777 2827 denu-

210 2861 374 2927 dans,
406 2870 563 2930 atque
594 2862 645 2913 in
685 2875 925 2927 magnam
958 2870 1316 2927 paupertatem
1348 2872 1469 2912 eum
1506 2860 1768 2928 redigens.

213 2947 318 3001 Sed
354 2948 479 3001 dum
521 2948 662 2999 nullo
703 2948 862 2999 modo
903 2946 1255 2998 ﬁrmissimam
1296 2944 1487 3000 mentis
1525 2956 1771 2999 constan-

1885 1794 2078 1848 turum,
2115 1794 2171 1838 ut
2220 1801 2312 1839 eos
2354 1802 2544 1855 capere
2574 1789 2847 1853 poruisset.
2884 1789 3118 1856 Dirigens
3146 1806 3272 1858 ergo
3309 1792 3445 1846 clam

1884 1888 2099 1926 munera
2123 1874 2280 1926 Paulo
2302 1875 2623 1928 cubiculario
2644 1887 2989 1943 c0gnoniento
3014 1880 3229 1943 Aﬁarta,
3251 1890 3306 1933 et
3327 1882 3449 1936 aliis

1882 1962 1995 2027 ejus
2046 1962 2221 2029 impiis
2267 1965 2599 2030 sequacibus,
2632 1966 2795 2018 Suasit
2822 1966 2899 2021 cis
2928 1976 2984 2019 ut
3011 1966 3061 2018 in
3103 1970 3445 2035 apostolicam

1882 2047 2293 2114 indignationem
2337 2066 2427 2103 eos
2472 2052 2689 2105 deberet
2752 2055 3018 2108 inducere.
3070 2056 3233 2125 Eique
3277 2057 3444 2111 isdem

1880 2136 2073 2189 Paulus
2104 2140 2435 2193 consentiens
2473 2141 2537 2194 de
2580 2158 2763 2197 eorum
2794 2146 2814 2175 ⁸
2845 2146 3139 2211 proditione
3185 2148 3446 2203 absconse

1876 2225 2215 2280 decernebat.
2266 2228 2503 2295 Dumque
2536 2230 2635 2283 hoc
2684 2236 3025 2299 agnovissent
3078 2240 3444 2301 pra-nominati

1877 2310 2291 2380 Christopliorus
2314 2329 2367 2367 et
2386 2316 2619 2385 Sergius,
2636 2329 2690 2372 ct
2708 2321 2947 2373 etnndem
2973 2332 3272 2388 protervum
3295 2322 3445 2378 Desi-

1875 2401 2076 2455 derium
2102 2420 2275 2471 regem
2294 2406 2512 2459 Romam
2537 2420 2933 2476 preperaturum
2958 2413 3313 2481 agnovissent,
3341 2414 3442 2466 illi-

1875 2508 1939 2546 co
1953 2507 2296 2560 aggregantes
2315 2501 2702 2554 multitudinem
2723 2505 2898 2569 populi
2918 2505 3121 2557 Tuscia:
3141 2516 3193 2558 et
3214 2507 3440 2573 Campa-

1875 2584 1996 2648 niae,
2026 2600 2118 2635 seu
2144 2585 2364 2638 ducatus
2390 2588 2649 2653 Perusini,
2674 2592 2890 2645 viriliter
2915 2607 3032 2645 cum
3055 2595 3236 2647 eadem
3271 2610 3437 2661 popu-

1875 2670 1911 2723 li
1936 2677 2341 2741 congregatione
2364 2678 2538 2731 eidem
2570 2680 2837 2735 Desiderio
2885 2686 2993 2751 regi
3026 2696 3338 2750 paraverunt
3376 2700 3440 2741 se

1873 2760 1939 2813 ad
1971 2756 2341 2817 resistendum.
2396 2767 2533 2832 Quin
2583 2769 2740 2821 etiam
2793 2781 2969 2836 portas
3002 2772 3155 2839 hujus
3180 2774 3437 2827 Romanae

1875 2850 2017 2901 urbis
2072 2852 2399 2914 claudentes,
2444 2854 2574 2907 alias
2603 2870 2665 2907 ex
2692 2857 2770 2909 eis
2818 2855 3226 2924 fabricaverunt,
3273 2868 3326 2913 et
3368 2862 3440 2912 ita

1871 2938 2057 2989 armati
2112 2952 2295 2993 omnes
2345 2940 2638 2995 existebant
2684 2945 2748 2997 ad
2789 2943 3150 3000 defensionem
3213 2951 3440 3015 propriae

216 3038 337 3091 tiam
366 3038 530 3105 ipsius
572 3038 893 3105 sanctissimi
926 3036 1189 3104 poutilicis
1222 3035 1437 3090 ﬂectere
1481 3038 1771 3104 potuissent
1798 3010 1842 3071 (ἶ
1874 3027 2118 3083 θίνῖιαῑίδ-
2170 3031 2235 3083 Et
2261 3030 2384 3083 dum
2418 3032 2527 3086 haec
2554 3045 2852 3101 agerentur,
2907 3038 3079 3091 subito
3120 3041 3140 3071 ’
3164 3039 3439 3106 conjunxit

225 3126 515 3195 \equissimi
559 3126 899 3179 consentanei
941 3125 1105 3192 ipsius
1147 3124 1428 3189 Michaelii,
1474 3125 1599 3178 dum
1636 3125 1783 3179 missi

204 3213 636 3267 excellentissimi
681 3212 854 3265 Caroli
904 3212 1042 3280 regis
1092 3211 1416 3265 Francorum
1472 3222 1524 3265 et
1577 3213 1780 3281 patricii

205 3296 592 3363 Romanorum,
632 3300 1042 3366 prteseutialiter
1080 3300 1350 3366 adessent,
1390 3300 1621 3370 dirigens
1666 3303 1779 3369 ipse

205 3388 543 3443 beatissimus
602 3389 791 3454 praesul
835 3399 941 3441 tam
989 3403 1112 3442 suos
1156 3390 1347 3443 missos
1396 3390 1573 3444 denuo
1620 3408 1775 3459 quam

206 3478 488 3543 pradictos
539 3476 858 3530 Francorum
909 3477 1120 3538 missos,
1166 3492 1350 3531 omnes
1407 3478 1776 3535 ltavennianos

208 3566 573 3631 admonendo,
613 3567 791 3619 statim
831 3568 1232 3620 insurrexerunt
1266 3583 1425 3634 super
1463 3569 1630 3635 ipsum
1670 3569 1776 3623 Mi-

205 3654 471 3711 chaelium
495 3694 509 3717 ,
538 3662 591 3708 et
619 3669 742 3707 eum
782 3669 901 3707 cum
941 3654 1226 3721 opprobrio
1257 3655 1323 3706 de
1352 3656 1465 3719 ipso
1507 3658 1773 3723 episcopio

206 3743 541 3813 projecerunt
573 3760 586 3797 :
618 3757 775 3810 quem
820 3743 1053 3796 vinctum
1086 3744 1186 3797 huc
1217 3744 1433 3797 Romam
1460 3746 1767 3813 dirigentes,

204 3836 476 3904 elegerunt
512 3833 816 3901 saepefatum
858 3833 1088 3884 Leonem
1132 3833 1560 3885 archidiaconum
1607 3836 1770 3901 ipsius

207 3923 475 3986 Ecclesirc,
508 3922 595 3990 qui
623 3923 671 3973 in
711 3922 844 3973 hanc
874 3922 1218 3987 apostolicam
1258 3921 1437 3974 sedem
1484 3938 1768 3988 properans

205 4027 324 4064 cum
355 4012 733 4071 sacerdotibus,
764 4020 818 4063 et
844 4011 985 4063 clero
1014 4010 1177 4075 ipsius
1207 4011 1524 4063 Ravennatis
1549 4013 1568 4041 ⁵
1592 4012 1767 4066 Eccle—

207 4098 301 4151 sise
329 4099 383 4151 in
413 4098 893 4165 archiepiscopatus
922 4097 1194 4159 honorem,
1236 4096 1302 4148 ab
1334 4097 1517 4149 eodem
1548 4100 1766 4155 sanctis-

205 4184 340 4239 simo
371 4201 497 4255 papa
530 4186 797 4253 Stephano
824 4185 1095 4241 ordinatus
1122 4196 1174 4238 et
1200 4195 1537 4239 consecratus
1563 4198 1663 4240 est.

288 4279 418 4331 Erat
455 4276 594 4333 enim
638 4276 805 4329 isdem
849 4274 1129 4344 praedictus
1183 4274 1519 4328 beatissimos
1570 4276 1759 4343 prtesul

206 4366 578 4429 ecclesiasticae
620 4365 911 4419 traditionis
952 4364 1282 4426 observator,
1326 4366 1461 4416 unde
1500 4374 1554 4417 et
1596 4364 1765 4429 pristi-

206 4468 328 4507 num
356 4454 600 4509 Ecclesia:
622 4456 672 4506 in
694 4454 913 4507 diversis
932 4452 1208 4505 clericatus
1234 4451 1517 4505 honoribus
1540 4464 1764 4505 renova-

206 4539 277 4597 vit
302 4544 476 4598 ritum.
513 4544 605 4597 llic
629 4544 813 4597 statuit
840 4553 895 4596 ut
918 4542 1060 4596 omni
1098 4542 1363 4596 dominico
1390 4542 1474 4595 die
1498 4558 1528 4595 a
1561 4533 1760 4610 septem

206 4634 464 4700 episcopis
491 4632 1303 4695 cardinalihushebdomadariis,
1327 4634 1415 4700 qui
1444 4634 1495 4685 in
1531 4635 1757 4688 ecclesia

206 4722 492 4775 Salvatoris
517 4726 817 4783 observant,
842 4722 1118 4774 missarum
1143 4722 1395 4774 solemnia
1423 4736 1579 4789 super
1597 4724 1761 4775 altare

206 4808 343 4864 beati
362 4811 498 4864 Petri
515 4809 925 4872 celebrarentur,
941 4819 992 4862 et
1008 4808 1180 4862 Gloria
1196 4811 1247 4861 in
1271 4808 1479 4863 excelsis
1504 4812 1604 4862 Dea
1626 4810 1756 4863 dice

208 4890 367 4952 retur.
392 4900 412 4930 ⁸
443 4899 589 4953 Fecit
615 4900 755 4953 enim
797 4910 849 4952 et
876 4908 980 4953 tres
1016 4900 1281 4966 regulares
1301 4911 1579 4968 argenteos
1602 4914 1758 4966 super

209 4999 389 5054 rugas,
413 5001 505 5055 per
534 5001 666 5055 quas
689 4989 1050 5057 ingrediuntur
1078 4990 1143 5041 ad
1176 4990 1359 5052 altare,
1388 4990 1477 5042 ubi
1503 4990 1755 5056 imagines

1885 3116 1951 3171 ad
2005 3119 2215 3172 beatum
2262 3120 2472 3174 Petrum
2509 3121 2803 3177 antedictos
2851 3124 3150 3179 Desiderius
3188 3141 3279 3181 rex
3316 3142 3437 3182 cum

1881 3219 1977 3257 suo
2030 3205 2493 3274 Longohardorum
2542 3212 2807 3276 exercitu,
2859 3221 2912 3266 et
2933 3214 3180 3269 continuo
3243 3215 3439 3271 direxit

1878 3304 2003 3345 suos
2031 3296 2221 3349 missos
2252 3297 2469 3363 prmfato
2501 3300 2756 3365 pontiiiei,
2787 3300 3096 3368 deprecans,
3130 3310 3185 3355 ut
3213 3305 3279 3356 ad
3317 3319 3437 3358 eum

1878 3380 1921 3410 ¹⁰
1951 3383 2157 3450 regredi
2192 3384 2452 3450 deberet;
2494 3387 2632 3453 quod
2668 3396 2721 3439 et
2762 3387 2955 3440 factum
2996 3398 3095 3442 est.
3136 3390 3269 3443 Dum
3308 3406 3437 3444 vero

1874 3480 2051 3521 coram
2082 3486 2145 3523 eo
2175 3482 2518 3540 pra'sentatus
2544 3474 2747 3541 fuisset,
2782 3479 3076 3546 pariterque
3106 3493 3201 3545 pro
3218 3479 3439 3547 justitiis

1874 3558 2009 3611 beati
2058 3558 2195 3614 Petri
2245 3562 2446 3617 locutus
2491 3572 2653 3631 esset,
2681 3580 2893 3617 rursum
2940 3567 3053 3634 ipse
3099 3562 3436 3621 beatissimus

1873 3648 2103 3712 pontifex
2131 3665 2369 3702 reversus
2392 3652 2657 3719 ingressus
2677 3663 2761 3706 est
2784 3653 2835 3705 in
2866 3654 3152 3710 civitatem.
3183 3654 3438 3709 Prmlatus

1870 3732 2126 3800 siquidem
2149 3735 2360 3802 Paulus,
2387 3746 2440 3791 et
2460 3737 2575 3805 ejus
2599 3740 2956 3792 neiandissimi
2990 3756 3264 3809 sequaces,
3304 3744 3437 3798 inito

1870 3842 1987 3881 cum
2014 3829 2263 3894 pra-dicto
2288 3830 2748 3900 Longobardorum
2774 3847 2898 3899 rege
2925 3835 3167 3897 consilio,
3192 3836 3432 3890 niteban-

1869 3922 1954 3967 tur
1981 3916 2223 3982 populum
2253 3918 2542 3969 liomanum
2567 3927 2748 3971 contra
2771 3933 2861 3972 eos
2887 3919 3143 3973 seducere
3166 3920 3234 3972 ad
3261 3923 3436 3974 insur-

1865 4004 2091 4071 gendum
2120 4014 2302 4058 contra
2338 4005 2506 4059 dictos
2525 4005 2956 4074 Christophorum
2984 4017 3038 4060 et
3070 4010 3309 4076 Sergium
3331 4054 3344 4076 ,
3373 4020 3434 4064 ut

1865 4108 1957 4146 eos
1987 4095 2363 4149 interficerent.
2396 4096 2460 4148 Et
2486 4096 2608 4147 dum
2648 4098 2746 4149 hoc
2784 4098 2861 4149 eis
2904 4096 3197 4150 nuntiatum
3227 4099 3432 4165 fuisset,

1863 4192 2205 4250 aggregantes
2238 4185 2509 4260 populum,
2534 4184 2886 4239 ascenderunt
2912 4189 3099 4260 armati
3127 4187 3179 4240 in
3210 4186 3431 4243 Latera-

1866 4286 1958 4324 nas
2000 4272 2065 4324 ad
2103 4272 2415 4340 capiendum
2455 4258 2579 4325 suos
2619 4273 2972 4327 insidiatores.
3008 4258 3051 4305 ¹ί
3080 4274 3430 4345 Nuntiatique

1872 4376 2019 4415 more
2049 4362 2227 4424 solito,
2257 4364 2505 4427 impetum
2537 4362 2729 4415 iaciens
2760 4364 2998 4415 universa
3024 4364 3297 4417 multitudo
3335 4380 3428 4433 po-

1872 4451 1978 4519 puli
2018 4453 2106 4521 qui
2148 4467 2266 4505 cum
2306 4454 2382 4506 eis
2404 4453 2705 4514 advenerat,
2740 4454 2969 4518 ingressa
2999 4462 3079 4505 est
3106 4469 3225 4506 cum
3264 4456 3429 4507 armis

1870 4541 1922 4594 in
1954 4542 2217 4594 basilicam
2249 4542 2425 4594 domui
2464 4540 2722 4594 Theodori
2752 4556 2916 4607 papaa,
2958 4541 3042 4593 ubi
3077 4540 3187 4608 ipse
3218 4558 3425 4608 praeno-

1870 4631 2093 4683 minatus
2122 4630 2335 4684 sedebat
2365 4628 2620 4699 pantifex.
2652 4630 2793 4695 Quos
2822 4640 2875 4684 et
2907 4631 3110 4685 fortiter
3135 4632 3427 4699 increpavit

1869 4738 1961 4775 cur
2010 4723 2471 4790 prtesumpsissent
2492 4722 2677 4773 armati
2703 4722 2752 4773 in
2777 4721 2913 4774 idem
2936 4730 3171 4773 sanctum
3204 4721 3425 4788 patriar—

1868 4812 2042 4864 chium
2094 4812 2291 4877 ingredi
2324 4830 2334 4863 :
2369 4812 2661 4880 pariterque
2709 4814 2981 4879 loquentes
3039 4812 3285 4864 recedere
3331 4827 3424 4865 eos

1862 4902 2036 4970 jtlsSil.
2068 4904 2180 4956 Alia
2212 4904 2298 4956 die
2329 4904 2501 4957 denuo
2531 4916 2771 4969 egressus
2800 4912 2879 4955 est
2907 4916 3051 4968 saepe
3076 4901 3245 4955 dictus
3291 4916 3423 4968 ponc

1864 4991 1989 5043 tilex
2016 4991 2079 5043 ad
2102 4992 2311 5043 beatum
2339 4989 2549 5044 Petrum
2574 5006 2690 5045 cum
2720 4990 2903 5043 eodem
2929 5002 3052 5055 rege
3075 4986 3419 5054 loquendum,

1403 5094 1787 5152 VARIANTES
1817 5095 2213 5152 LECTIONES.

276 5203 291 5230 ‘
320 5202 447 5256 Cod.
465 5205 634 5267 .Luc.,
657 5208 789 5258 inde.

275 5270 447 5338 fCod.
480 5274 628 5338 Luc.,
663 5274 976 5326 Michaelem.

272 5334 294 5365 ³
320 5340 445 5393 Cod.
482 5334 631 5401 Lucf.
660 5341 895 5393 Michael.

275 5402 297 5433 ⁵
322 5406 448 5460 Cod.
483 5408 634 5468 Luc.,
666 5410 909 5460 iiwasum.

274 5473 293 5545 ξ
460 5473 697 5537 ecclesia,
727 5488 771 5529 et
790 5477 1067 5545 judicibus,
1097 5488 1145 5529 el
1175 5478 1311 5542 plebe
1336 5478 1581 5545 ejusdem.

274 5537 422 5607 9AI.,
456 5554 500 5595 et
538 5537 961 5610 diceretur'ruper
988 5537 1137 5613 rugas
1166 5537 1251 5611 per
1289 5537 1413 5612 quos
1451 5547 1748 5614 ingrediun-

1866 5214 1946 5258 tur
1972 5208 2039 5257 ad
2067 5209 2242 5261 altare.

1935 5275 1954 5345 ’ξ
1986 5276 2151 5329 Mansi
2186 5277 2235 5327 in
2270 5292 2429 5341 marg.
2470 5275 2738 5345 :juslitiir,
2773 5275 2819 5325 id
2849 5276 3165 5341 estjuribus.

1933 5344 1953 5371 ⁸
1983 5345 2088 5405 A|.,
2126 5345 2419 5403 perditione.

1929 5414 1948 5440 '
1979 5410 2139 5463 Mansi
2173 5412 2222 5461 in
2253 5428 2415 5478 marg.
2450 5428 2462 5463 :
2495 5416 2778 5480 conjunxit,
2812 5410 2859 5466 id
2888 5418 2966 5462 est
2996 5414 3237 5475 pervenit.

1932 5479 1973 5508 ¹⁰
2001 5479 2108 5531 ΑΙ..
2140 5480 2329 5531 earedi.
2400 5503 2409 5515 ι

1932 5497 1972 5508 "
2001 5497 2108 5538 AL,
2140 5497 2329 5547 egredi.
2400 5503 2409 5515 ·

1931 5556 1966 5585 ’³
2002 5546 2128 5601 Cod.
2166 5548 2312 5613 l.uc.,
2347 5546 2558 5601 Nuntiat
2589 5564 2732 5615 caque
2760 5567 2872 5604 mox
2898 5552 3097 5605 calcati.
