3910 6234
544 323 678 379 m7

1777 309 2174 368 STEPHANUS
2215 309 2389 362 PAPA
2431 307 2513 362 Ill.

3605 295 3742 353 1248

539 438 597 484 et
621 429 741 481 dum
768 425 918 480 sin'vul
951 432 1233 494 praesentes
1263 421 1503 485 fuissent,
1535 421 1942 488 przetermittena
1969 419 2081 484 ipse
2112 419 2160 476 Α
2184 415 2451 468 cellarium
2472 412 2822 466 Latera'nense
2849 410 3126 471 deductus.
3153 396 3262 462 illic
3279 422 3445 476 usque
3469 408 3534 460 ad
3564 417 3741 461 trans-

543 514 840 569 Desiderius
861 527 1043 564 causas
1063 513 1126 563 de
1143 511 1354 577 justitiis
1373 509 1510 562 beati
1536 509 1698 570 Petri,
1724 505 2088 559 tantummodo

431 605 446 613 ’
484 599 485 602 “
540 615 638 670 pro
668 600 688 634 ⁶
715 600 1022 667 deceptione
1044 599 1416 664 .pmdictorum
1451 594 1811 659 Cltristophori
1841 601 1890 644 et
1920 591 2087 657 Sergii

545 690 838 744 insistebat.
873 688 1019 742 Unde
1047 687 1294 740 claudens
1320 686 1587 754 universas
1613 683 1798 749 januas
1827 683 1959 733 beati
1994 680 2090 732 Pe-

542 780 632 843 tri,
663 779 919 830 neminem
949 775 1330 836 Romanorum,
1359 772 1447 840 qui
1476 786 1592 823 cum
1626 772 1737 837 ipso
1757 767 2090 821 sanctissimo

539 865 788 933 pontifice
809 862 1068 923 exierant,
1090 876 1152 913 ex
1178 859 1358 912 eadem
1383 858 1604 927 ecclesia
1629 855 1805 922 egredi
1831 854 2089 921 permisit.

541 954 689 1005 Tunc
725 952 912 1004 direxit
951 951 1062 1016 ipse
1105 947 1360 999 almilicus
1395 945 1625 1012 pontifex
1674 944 1934 996 Andream
1980 942 2090 1007 epi-

539 1054 758 1107 scopum
809 1038 1211 1098 Praenestinum,
1249 1044 1301 1086 et
1326 1033 1608 1086 Jordanem
1654 1032 1955 1097 episcopum
2003 1028 2088 1080 Si-

540 1127 896 1196 gnienseurad
916 1135 1118 1191 portam
1132 1121 1378 1181 civitatis,
1402 1134 1499 1186 qua
1522 1118 1784 1185 egreditur
1798 1117 1862 1168 ad
1883 1118 2088 1168 beatum

540 1216 774 1277 Petrum,
808 1214 894 1266 ubi
921 1211 1283 1280 prtenominati
1310 1209 1408 1260 viri
1437 1206 1845 1273 CltristOphorus
1882 1213 1933 1256 et
1970 1203 2090 1256 Ser-

541 1301 657 1370 gius
683 1315 800 1352 cum
831 1298 1166 1351 multitudine
1194 1297 1368 1364 populi
1400 1294 1718 1358 residebant,
1750 1292 2089 1358 protestaudo

540 1402 636 1442 eos
657 1397 714 1441 ut
741 1389 910 1445 autin
928 1388 1304 1442 monasterium
1350 1383 1747 1447 ingrederentur
1785 1383 1849 1432 ad
1885 1383 2091 1432 salvan-

540 1475 666 1528 dum
709 1489 829 1528 suas
861 1465 1084 1537 animas,
1134 1481 1222 1524 aut
1258 1470 1322 1523 ad
1366 1472 1570 1523 beatum
1606 1470 1816 1522 Petrum
1845 1468 1908 1520 ad
1967 1482 2089 1521 eum

539 1564 814 1617 studerent
858 1562 1261 1631 properandum.
1308 1560 1406 1627 ipsi
1447 1573 1572 1612 vero
1613 1568 1907 1612 metuentes
1954 1573 2089 1626 prm-

541 1651 666 1704 dicti
700 1651 836 1718 regis
877 1650 1341 1723 Longobardorum
1380 1648 1660 1713 malignam
1703 1646 1982 1705 smvitiain.
2023 1646 2086 1697 ad

541 1755 661 1795 eum
706 1740 885 1807 egredi
929 1740 1142 1792 minime
1180 1738 1292 1790 ausi
1325 1747 1446 1789 sunt
1478 1753 1491 1797 ;
1522 1744 1816 1788 asserentes
1854 1749 1909 1788 se
1948 1734 2088 1802 prius
2122 1725 2168 1782 Β

541 1830 595 1883 lu
626 1829 864 1882 manibus
902 1827 1255 1879 Romanorum
1297 1839 1508 1877 suorum
1563 1823 1778 1875 fratrum
1824 1833 1877 1874 et
1920 1824 2097 1874 conci-

542 1919 682 1972 vium
711 1931 830 1971 esse
873 1916 1171 1978 tradendos,
1202 1927 1358 1981 quam
1389 1921 1580 1981 extera:
1619 1913 1781 1977 genti.
1816 1911 1943 1962 Dum
1971 1924 2096 1976 ergo

543 2005 784 2072 populus,
815 1999 904 2070 qui
934 2018 1052 2056 cu'n
1079 2006 1154 2055 eis
1180 1979 1360 2064 erant,
1391 1979 1631 2053 audirent
1667 1998 1850 2051 eadem
1893 2013 1922 2048 a
1963 2011 2097 2064 prte-

543 2093 683 2146 dicto
710 2092 953 2160 pontifice
975 2091 1173 2144 directa
1198 2105 1260 2142 ex
1289 2104 1382 2142 ore
1414 2087 1782 2156 praedictorum
1820 2084 2096 2154 episcopo-
2145 2120 2157 2130 ε

543 2195 685 2246 rum,
717 2179 856 2233 illico
888 2179 1185 2232 cont‘urbati
1217 2178 1428 2231 illorum
1460 2176 1726 2229 confracta
1764 2180 1889 2227 sunt
1916 2172 2095 2238 corda,

545 2279 598 2323 et
620 2271 780 2337 cmpit
809 2269 1168 2337 unusquisque
1200 2268 1265 2320 ab
1294 2271 1371 2320 eis
1401 2265 1673 2319 recedere.
1944 2316 1946 2319 .

613 2359 745 2412 Nam
775 2358 1047 2413 Gratiosus
1075 2358 1282 2424 quidam
1309 2356 1435 2420 dux,
1457 2363 1710 2423 cognatus
1734 2353 1841 2420 jam
1868 2353 1952 2404 fati
1980 2351 2100 2405 Ser-

474 2506 478 2512 ,
545 2447 639 2516 εςἰί,
669 2446 928 2515 simulans.
956 2459 1014 2498 se
1042 2445 1104 2497 ad
1137 2445 1398 2511 propriam
1445 2456 1662 2511 pergere
1696 2441 1930 2501 domum,
1975 2453 2118 2524 con:

546 2548 770 2605 gregans
791 2534 1084 2602 aliquantos
1113 2532 1493 2593 Romanorum,
1519 2527 1736 2596 profecti
1756 2537 1877 2580 sunt
1907 2527 2101 2592 pariter

547 2626 610 2679 ad
645 2632 846 2692 portam
878 2622 1218 2676 Portuensem
1248 2637 1260 2672 ε
1287 2634 1441 2689 quam
1477 2619 1708 2673 clausam
1738 2615 2062 2684 reperientes
2082 2656 2097 2681 ,

547 2727 575 2766 ι
601 2713 813 2768 cardine
850 2712 1017 2779 ipsam
1046 2720 1248 2778 portam
1279 2710 1486 2764 auferre
1520 2708 1633 2761 ausi
1658 2714 1799 2770 sunt,
1827 2715 1880 2759 et
1909 2706 1977 2787 ita
2007 2719 2113 2772 per.

551 2812 761 2858 noctem
803 2801 869 2854 ad
910 2801 1344 2868 praenominatum
1385 2800 1582 2868 egressi
1623 2805 1746 2850 sunt
1779 2795 2099 2863 pontificem.

547 2888 960 2956 Cbristophorus
989 2897 1038 2939 et
1073 2887 1288 2954 Sergius
1317 2885 1705 2951 conspicientes
1742 2896 1800 2934 se
1830 2883 1882 2934 in
1914 2895 2103 2949 magno

548 2978 770 3043 deceptu
818 2989 936 3028 esse
972 2975 1190 3040 positos,
1237 2973 1383 3040 prius
1416 2972 1623 3040 quidem
1666 2970 1880 3037 Sergius
1917 2966 2100 3020 eadem

550 3037 738 3130 nocte,
774 3077 874 3131 qua
916 3037 1042 3114 hora
1090 3037 1343 3127 campana
1392 3037 1642 3122 insonuit,
1690 3057 1966 3111 descendit
2013 3070 2104 3124 per
2131 3037 2178 3098 (ἶ
2207 3038 2431 3083 “mrum

551 3168 779 3217 murum,
812 3160 864 3206 et
893 3152 1193 3220 properavit
1219 3151 1284 3204 ad
1320 3152 1525 3204 beatum
1559 3150 1790 3202 Petrum.
1832 3148 1998 3211 Quem
2039 3146 2106 3198 ad

553 3247 748 3314 gradus
772 3246 1008 3301 ecclesia:
1041 3245 1173 3298 beati
1204 3244 1346 3298 Petri
1385 3241 1894 3310 compreltendentes
1932 3248 2108 3292 custo-

551 3338 650 3390 des
691 3333 1190 3404 Langobardorum,
1221 3332 1284 3385 ad
1333 3346 1482 3384 suum
1537 3329 1865 3383 deduxerunt
1910 3341 2105 3394 regem.

556 3427 796 3494 Eumque
836 3426 1147 3478 subsecutus
1181 3433 1264 3476 est
1305 3419 1735 3487 Cliristopltorus,
1781 3417 1868 3483 qui
1914 3417 2111 3484 pariter

555 3517 672 3582 ejus
697 3512 1060 3583 prmnominati
1097 3511 1362 3580 pontificis
1405 3511 1670 3564 obtutibus
1720 3519 1838 3560 sunt
1881 3520 2108 3573 prresen-

475 3620 478 3623 λ
555 3603 677 3666 tati,
702 3603 1058 3672 quos'salvos
1079 3613 1392 3655 conservare
1425 3598 1664 3664 cupiens,
1694 3594 1980 3646 monachos
2004 3591 2114 3644 fieri

557 3692 826 3758 prmcepit.
849 3691 974 3743 Post
995 3691 1108 3742 haec
1130 3688 1326 3740 faciens
1347 3686 1366 3715 ³
1389 3672 1603 3736 missam
1627 3681 2011 3750 prmnominato
2034 3695 2116 3733 re-

559 3780 634 3848 gi,
658 3780 924 3846 ingressus
942 3787 1024 3830 est
1044 3778 1209 3829 isdem
1233 3773 1568 3827 beatissimus
1603 3770 1835 3837 pontifex
1871 3770 2114 3834 Romam,
2145 3805 2153 3812 .

559 3867 776 3922 relectis
816 3866 1050 3934 prmfatis
1095 3864 1478 3930 Cltristophoro
1504 3871 1556 3914 et
1592 3859 1779 3928 Sergio
1809 3861 1860 3911 in
1899 3859 2116 3912 ecclesia

563 3954 703 4009 beati
730 3955 871 4008 Petri
898 3954 1150 4020 apostoli,
1173 3953 1391 4018 cupiens
1413 3958 1514 4002 eos‘
1551 3949 1716 4000 noctis
1755 3947 1965 3999 silentio
2000 3960 2120 4012 pro-

564 4053 683 4112 pter
711 4043 926 4096 insidias
975 4041 1303 4094 inimicorum
1350 4039 1522 4091 salvos
1566 4035 1821 4088 introduci
1876 4034 2116 4086 Romam.

565 4134 703 4186 Dum
745 4145 873 4184 vero
896 4129 974 4184 sol
1000 4130 1063 4182 ad
1091 4142 1334 4183 occasum
1372 4126 1637 4178 declinare
1675 4122 1962 4182 videretur,
1997 4135 2124 4174 con-

567 4221 715 4272 tinuo
754 4225 1134 4286 congregantes
1175 4215 1585 4284 prtenominatus
1629 4211 1819 4264 Paulus
1851 4209 2122 4262 cubicula-

567 4311 699 4374 rius,
729 4318 783 4362 et
810 4308 897 4360 alii
925 4307 1040 4374 ejus
1071 4304 1428 4358 nefandissimi
1470 4301 1808 4355 consentanei
1834 4298 2123 4351 multitudi-

569 4413 690 4452 nem
726 4398 923 4464 pepul-i,
958 4403 1011 4448 et
1048 4402 1391 4461 preperantes
1429 4390 1492 4442 ad
1540 4386 1864 4442 Desiderium
1918 4386 2119 4452 Longo-

572 4486 856 4540 bardorum
887 4497 1088 4551 regem,
1127 4482 1480 4548 ineuntesque'
1502 4493 1618 4529 cum
1649 4492 1713 4529 eo
1743 4477 1961 4542 impium
1991 4488 2119 4526 cou-

571 4571 768 4633 silium,
808 4569 1134 4620 abstuleruut
1173 4566 1386 4618 eosdem
1440 4563 1877 4628 Christ0pborum
1914 4570 1968 4613 et
1996 4560 2123 4613 Ser-

574 4660 712 4726 gium
743 4659 806 4709 ab
832 4655 1055 4709 ecclesia
1096 4654 1230 4705 beati
1260 4653 1396 4704 Petri
1430 4650 1672 4715 apostoli,
1701 4659 1755 4702 et
1783 4658 2123 4715 properantes

573 4762 692 4820 eum
721 4745 958 4813 plurimis
982 4741 1338 4808 Longobardis
1367 4754 1530 4806 usque
1551 4739 1611 4790 ad
1639 4748 1839 4804 portam
1869 4737 2117 4799 civitatis,

577 4835 769 4888 ibidem
818 4845 999 4884 eorum
1046 4829 1224 4881 oculos
1271 4838 1536 4880 erueruut.
1597 4827 1789 4893 Sicque
1845 4825 2127 4891 praedictus

578 4922 1012 4987 ChristOpltorus,
1043 4918 1095 4968 in
1128 4915 1499 4968 monasterium
1539 4923 1735 4967 sancta:
1778 4913 1992 4980 Agatltre
2033 4911 2126 4963 tle-

581 5012 786 5069 ductus,
827 5007 1021 5058 ibidem
1061 5013 1175 5070 post
1214 5004 1439 5056 triduum
1480 5004 1548 5055 ob
1576 5002 1808 5056 dolorem
1843 5015 1904 5052 ex
1946 5000 2126 5053 oculo-

583 5112 697 5151 rum
725 5097 744 5125 ⁸
772 5095 1071 5148 effoditione
1108 5095 1262 5143 vitam
1309 5092 1490 5144 finivit.
1530 5091 1743 5159 Sergius
1771 5103 1894 5142 vero
1934 5091 1981 5139 in
2015 5103 2129 5141 mo-

585 5183 867 5236 nasterium
903 5180 1021 5232 clivi
1054 5179 1236 5231 Scauri
1267 5180 1586 5246 deportatus,
1617 5187 1668 5232 et
1700 5176 2026 5244 postmodum
2077 5176 2127 5227 in

2189 503 2312 552 itum
2357 499 2689 568 pmoomiuati
2729 498 2984 565 pontificis
3009 498 3229 550 exstitit.
3253 496 3376 549 [hac
3400 510 3530 549 vero
3553 495 3739 548 omnia

2188 590 2321 641 mala
2353 603 2444 654 per
2475 588 2678 654 iniquas
2708 587 3055 639 immissionrs
3085 585 3550 652 Longobardormn
3592 583 3740 638 Desi-

2189 679 2316 732 derii
2339 679 2473 746 regis
2497 686 2865 744 provenerunt.
2911 676 3051 729 Fecit
3070 672 3212 728 enim
3235 679 3344 741 ipse
3368 675 3736 728 sanctissimus

2191 767 2422 832 pontifex
2447 767 2827 818 ordinationem
2854 779 3006 817 unam
3033 780 3123 831 per
3146 759 3378 816 niensem
3407 763 3734 828 Decembris,

2192 856 2524 925 presbyteros
2582 855 2826 921 quinque,
2868 853 3118 906 diacoiios
3170 860 3413 919 quatuor,
3455 853 3734 916 episcopos

2193 958 2284 1008 per
2313 944 2520 996 diversa
2560 944 2667 995 loca
2699 956 3028 994 numero.....
3059 943 3156 1006 Qui
3195 951 3246 994 et
3289 943 3529 1007 sepultus
3558 948 3642 992 est
3677 939 3738 991 ad

2193 1033 2398 1084 beatum
2439 1032 2646 1084 Petrum
2691 1030 3004 1097 apostolum,
3037 1040 3090 1082 et
3135 1031 3358 1083 cessavit
3405 1030 3740 1096 episcopatus

2191 1121 2303 1172 dies
2329 1120 2348 1148 ⁵
2389 1127 2529 1173 octo.

2670 1227 2990 1283 EPISTULA
3030 1183 3257 1280 PRIMA.

2293 1329 2541 1375 sTEPtIA'Nt
2567 1333 2711 1372 MM
2741 1333 2792 1370 Ill
2823 1335 2886 1370 so
2914 1332 3222 1369 nen'rnaom
3246 1329 3503 1375 IEGIMI,
3538 1329 3642 1367 ι)εο

2818 1399 3113 1438 SACBATAII.

2194 1495 2295 1547 Per
2323 1494 2564 1547 [theriam
2585 1494 2788 1545 missum
2811 1493 3023 1560 regium,
3050 1506 3193 1560 quem
3220 1500 3392 1560 narrat
3413 1491 3466 1541 in
3489 1489 3739 1542 Beneven-

2263 1573 2378 1614 tano
2403 1566 2590 1614 ducatu
2612 1559 2879 1614 strenuam,
2897 1577 2985 1622 pro
3011 1559 3234 1612 ecclesia:
3273 1559 3577 1609 utilitatibus
3620 1575 3738 1621 ope-

2260 1647 2368 1683 ram
2393 1646 2617 1682 navasse.
2652 1630 2762 1693 Quo
2814 1631 3009 1679 nomine
3048 1627 3237 1695 gratias
3263 1627 3388 1694 agit,
3440 1636 3657 1693 petitque
3682 1635 3740 1676 tu

2263 1698 2439 1751 Itherir'
2466 1698 2618 1763 ﬁdem
2644 1705 3000 1749 remuneretur.

2269 1788 2482 1842 Domum
2512 1787 2768 1855 religiosa:
2797 1786 2913 1839 filia:
2942 1786 3200 1839 Bertradte
3233 1786 3338 1846 Deo
3375 1794 3622 1844 sacrata,
3651 1797 3741 1836 seu

2198 1873 2391 1926 domno
2420 1871 2523 1924 filio
2548 1872 2720 1926 Caroli
2772 1873 2875 1940 regi
2925 1872 3240 1925 Francorum
3268 1879 3323 1924 et
3368 1871 3590 1937 patricio
3635 1867 3737 1920 Ro-

2197 1977 2492 2027 manorum,
2524 1963 2818 2026 Stephanus
2841 1976 2994 2028 papa.

2267 2050 2399 2103 Dum
2427 2058 2685 2103 tantorum
2717 2048 3090 2114 beneficiorum
3109 2089 3122 2110 ,
3156 2049 3207 2101 in
3239 2047 3462 2100 diversis
3491 2045 3746 2113 apostoli-

2196 2138 2274 2193 cis
2304 2138 2476 2193 causis
2505 2147 2659 2206 atque
2682 2137 3008 2199 utilitatibus,
3043 2153 3071 2188 a
3095 2137 3243 2190 vobis
3267 2135 3547 2191 cumulatis
3563 2133 3742 2187 suﬂ’ra-

2197 2228 2318 2296 giis,
2345 2228 2504 2281 nimia
2532 2227 2866 2294 jucunditatis
2895 2224 3092 2287 lzetitia,
3135 2234 3311 2278 sancta
3344 2223 3602 2289 spiritalis
3633 2235 3744 2274 ma-

2199 2326 2280 2369 ter
2303 2324 2474 2368 vestra
2507 2315 2811 2368 universalis
2842 2311 2932 2366 Dei
2965 2313 3190 2365 Ecclesia
3229 2313 3457 2364 revelata
3485 2310 3738 2368 exsultat,

2200 2403 2362 2467 nulla,
2380 2411 2436 2455 ut
2456 2403 2661 2468 Opinor,
2687 2401 2792 2452 oris
2809 2400 3029 2453 assertio
3058 2399 3124 2450 ad
3154 2397 3460 2452 referendas
3483 2396 3745 2450 sanctissi-

2199 2509 2301 2552 ma:
2329 2491 2647 2558 religiositati
2676 2500 2866 2544 vestra
2902 2498 3057 2558 atque
3103 2488 3568 2542 Cltristianissim-e
3607 2501 3742 2556 pra-

2201 2583 2456 2638 cellentia:
2477 2591 2600 2646 ture,
2621 2582 2903 2651 gratiarpm
2933 2576 3112 2633 laudes
3137 2579 3375 2632 sufficere
3396 2578 3613 2631 valebit.
3639 2577 3735 2631 Sed

2203 2683 2378 2727 tamen
2411 2672 2532 2724 licet
2557 2671 2712 2737 digna
2741 2669 2888 2722 vobis
2926 2668 2994 2722 ab
3025 2668 3325 2722 hominibus
3358 2680 3456 2735 pro
3486 2675 3637 2718 tanto
3658 2680 3742 2716 ve-

2203 2770 2329 2815 stro‘
2346 2775 2430 2828 pro
2459 2774 2620 2828 opere
2665 2758 2881 2825 rependi
2919 2771 3031 2811 non
3073 2758 3239 2824 possit
3277 2755 3619 2817 vicissitudo;
3661 2767 3744 2807 ve-

2205 2862 2501 2906 rumtamen
2531 2851 2830 2905 misericors
2858 2849 2997 2904 Deus
3025 2860 3226 2915 noster,
3257 2848 3346 2917 qui
3378 2860 3570 2916 petens
3599 2855 3745 2901 estet

2207 2940 2307 2993 scit
2335 2939 2485 2992 bonis
2527 2940 2661 2992 bona
2691 2938 2932 3003 reddere,
2963 2940 3074 3005 ipse
3099 2939 3362 3005 cepiosam
3391 2936 3637 2991 laborum
3665 2949 3744 2988 ve-

2478 3028 2627 3081 vobis
2653 3027 2945 3081 caelestium
2991 3027 3246 3080 retribuet
3289 3027 3634 3094 pmmiorum
3673 3038 3748 3075 re-

2207 3118 2690 3187 compensationem
2715 3134 2729 3181 ;
2759 3115 2852 3170 sed
2879 3124 2932 3169 et
2953 3125 3131 3168 nostra
3154 3116 3359 3168 sincera
3379 3115 3559 3167 cordis
3582 3113 3746 3165 habita

2210 3223 2331 3275 erga
2363 3207 2691 3262 vosafl‘ectio
2718 3205 2899 3258 sedulo
2928 3219 3022 3271 pro
3069 3203 3220 3256 vobis
3249 3203 3442 3256 divina:
3486 3217 3593 3255 non
3621 3201 3749 3254 deti-

2211 3304 2303 3356 stit
2355 3299 2621 3367 majestati
2681 3297 2975 3352 orationum
3035 3293 3335 3360 persolvere
3383 3301 3530 3344 vota.
3592 3291 3756 3355 Itaque

2212 3378 2446 3459 prtesens
2476 3388 2718 3449 ltlierius,
2767 3385 3041 3452 religiosus
3081 3396 3142 3434 ac
3173 3381 3622 3448 prudentissimus
3665 3382 3751 3440 vir,

2214 3489 2269 3535 et
2296 3494 2478 3533 revera
2511 3487 2690 3531 noster
2714 3488 2765 3530 et
2791 3484 2961 3528 vester
2983 3473 3220 3527 sincerus
3243 3471 3432 3536 fidelis,
3466 3487 3626 3540 quem
3648 3486 3755 3522 cum.

2216 3571 2326 3623 suis
2350 3567 2732 3621 concomitibus
2755 3573 2816 3629 et,
2838 3563 3051 3630 reliquis
3083 3561 3273 3615 vestris
3303 3560 3509 3625 missis,
3545 3575 3639 3626 pro
3674 3574 3758 3610 er-

2216 3658 2498 3726 sequendis
2528 3656 2884 3723 faciendisque
2908 3652 3132 3726 justitiis
3181 3649 3402 3705 fautoris
3435 3651 3603 3703 veStri
3633 3648 3758 3702 beati

2218 3725 2358 3808 Petri
2409 3745 2692 3806 direristis,
2724 3743 2791 3795 ad
2822 3757 2918 3794 nos
2946 3725 3293 3807 conjungens,
3327 3737 3476 3792 illico
3508 3739 3562 3790 in
3599 3746 3759 3803 partes

2221 3835 2574 3889 Beneventani
2615 3832 2883 3900 profectus
2912 3839 2992 3884 est
3031 3831 3253 3881 ducatus
3281 3842 3377 3894 pro
3411 3824 3760 3890 recolligeudo

2222 3924 2324 3977 illis
2354 3925 2404 3975 in
2435 3922 2670 3989 partibus
2699 3934 2796 3972 suo
2829 3917 3141 3986 patrimonio
3182 3914 3422 3981 ejusdem
3456 3910 3758 3978 protectoris

2222 4013 2381 4066 vestri
2411 4011 2766 4079 apostolorum
2810 4008 3081 4074 principis.
3123 4005 3224 4068 Qui
3250 4002 3498 4056 videlicet
3540 3999 3759 4056 solertis-

2223 4103 2390 4157 simus
2419 4102 2496 4154 vir
2523 4102 2574 4153 in
2617 4097 2858 4152 omnibus
2897 4094 3183 4150 secundum
3229 4101 3465 4146 vestram
3519 4100 3754 4142 nostram-

2225 4209 2326 4262 que
2352 4193 2640 4248 decertavit
2665 4191 3010 4252 voluntatem,
3063 4187 3250 4254 suique
3275 4183 3478 4236 laboris
3529 4191 3760 4235 constan-

2229 4286 2375 4348 tiam,
2419 4283 2566 4352 juxta
2610 4291 2669 4332 ιιι
2709 4296 2736 4332 a
2768 4279 2913 4331 vobis
2945 4279 3017 4331 illi
3066 4283 3385 4342 przeceptum
3420 4282 3526 4336 est,
3563 4273 3614 4324 in
3654 4269 3760 4337 ipsis

2153 4351 2203 4409 D
2227 4372 2525 4439 apostolicis
2551 4369 2786 4422 exhibuit
2817 4365 3144 4419 utilitatibus.
3178 4363 3325 4417 Unde
3357 4360 3523 4413 nimis
3551 4374 3645 4413 cor
3685 4370 3760 4408 no-

2225 4476 2389 4519 strum
2416 4463 2467 4515 in
2493 4460 2607 4528 ejus
2633 4457 2955 4512 defensionis
2983 4453 3290 4517 certamine,
3323 4460 3374 4503 et
3405 4448 3568 4502 firma
3599 4459 3762 4513 opera-

2225 4555 2382 4610 tionis
2412 4550 2805 4621 perseverantia
2836 4549 3067 4599 laatatum
3095 4554 3204 4605 est;
3233 4542 3351 4609 quia
3401 4540 3648 4608 profecto
3681 4547 3761 4589 se-

2225 4645 2453 4698 cundum
2495 4641 2632 4708 quod
2664 4636 2891 4692 cmlestis
2916 4633 3146 4710 muneris
3172 4629 3339 4698 gratia
3367 4626 3588 4695 inagna
3605 4624 3762 4680 scien-

2229 4739 2314 4789 tia:
2343 4736 2624 4787 illustratur
2656 4727 2945 4796 prudentia,
2976 4723 3074 4792 piis
3117 4732 3321 4787 quoque
3371 4716 3586 4770 meritis
3625 4723 3763 4780 atque

2228 4824 2550 4879 immutilatze
2579 4821 2693 4872 fidei
2724 4818 2999 4869 decoratur
3030 4808 3349 4878 integritate,
3383 4816 3590 4858 tantam
3631 4801 3682 4855 in
3709 4813 3762 4853 eo

2228 4914 2519 4978 reperimus
2550 4910 2849 4962 ﬁdelitatem
2883 4905 2932 4954 in
2977 4908 3151 4953 vestro
3197 4903 3489 4960 nostroque
3543 4889 3762 4947 servitio,

2228 5009 2475 5069 quantam
2502 4997 2795 5049 diutissime
2823 4999 2999 5044 nostra
3027 4987 3092 5040 de
3119 4999 3182 5038 eo
3211 4982 3428 5050 optabat
3459 4987 3760 5047 cognoscere

2233 5062 2394 5140 mens.
2445 5084 2592 5138 Unde
2630 5081 2883 5134 maximas
2929 5071 3084 5141 atque
3127 5069 3550 5124 innumerabiles
3591 5062 3764 5134 gratia-

2233 5189 2347 5227 rum
2380 5174 2616 5225 actiones
2650 5165 3050 5235 religiosissimze
3077 5158 3345 5214 sobrietati
3376 5165 3599 5221 vestra,
3634 5159 3765 5216 atth

1775 5285 1809 5334 V
1822 5279 2155 5337 ARIANTES
2196 5276 2591 5336 LECTIONES.

662 5405 682 5434 ‘
714 5403 865 5454 Forte
891 5400 991 5466 leg.
1016 5407 1278 5454 ereptione.

656 5476 676 5504 θ
707 5468 834 5520 Cod.
868 5471 1016 5531 Lua,
1049 5471 1240 5522 Almue.

658 5538 675 5563 ’
705 5536 827 5588 Cod.
868 5537 1011 5599 l.ttc.,
1048 5538 1345 5589 missionem.

2311 5393 2330 5418 ⁸
2360 5387 2487 5442 Cod.
2515 5387 2666 5446 Luc.
2693 5386 2976 5451 emissione.

2315 5459 2333 5487 '
2361 5459 2420 5509 Al
2434 5494 2469 5521 .,
2498 5471 2685 5508 norm.
