3910 6234
215 270 351 327 1949

1214 274 1476 327 ΝΟΪΙΤΙᾹ
1520 273 1580 325 ΙΝ
1619 269 2025 326 STEPHANUM
2067 269 2287 324 PAPAM
2331 269 2412 322 lli.

3239 263 3374 316 1150

213 377 672 431 Cbristiauissimat
713 377 1034 431 excellentia:
1064 387 1165 431 tua:
1194 380 1490 432 referimus.
1537 380 1596 432 Et
1627 379 1741 431 ideo
1772 383 1819 438 Α
1846 391 2000 446 quam
2047 384 2488 444 pertractaverant
2531 369 2680 429 nobis
2724 370 3006 443 ingerere"
3038 413 3052 439 ,
3098 372 3373 439 resipisce-

211 466 408 519 ohnixe
433 475 674 532 tanquam
704 464 1096 533 praesentialiter
1121 465 1494 531 benignitatem
1527 475 1754 518 vestram

215 555 442 616 petimus
464 562 519 603 ut
540 552 914 616 amplissimam
941 550 1132 612 favoris
1154 553 1311 602 vestri
1335 551 1574 618 gratiam,
1599 559 1756 617 atque

215 641 469 704 largitatis
521 641 952 702 munificentiam,
1007 650 1058 710 et
1087 641 1296 703 dignam
1345 640 1755 692 consolationem

215 727 390 778 eidem
441 710 689 793 religioso
719 728 852 790 viro,
905 741 997 791 pro
1048 726 1160 792 ejus
1195 728 1450 779 laborioso
1476 728 1758 780 certamine

214 815 358 881 quod
392 816 442 866 in
475 827 646 868 vestro
671 825 825 881 atque
860 829 1060 878 llf)Sll'0,
1095 827 1148 868 ιιι
1179 817 1370 868 dictum
1400 825 1497 879 est,
1543 826 1757 883 apustoo

216 903 324 956 lico
353 905 565 956 servitio
606 903 866 963 exhibuit,
916 905 1181 964 impertire
1209 904 1468 970 jubeatis;
1498 911 1758 969 quatenus

214 995 357 1050 sient
383 997 448 1046 ab
476 995 815 1060 omnipotenti
850 997 975 1056 Deo,
1007 993 1365 1047 intercedente
1393 994 1546 1047 beato
1579 995 1753 1058 Petro,

213 1078 377 1150 digna
407 1084 584 1149 operis
612 1081 727 1148 ejus
756 1081 806 1132 in
837 1082 1138 1134 cmlestibus
1166 1084 1338 1149 regnis
1363 1090 1576 1134 exarata
1601 1082 1760 1134 fertur

219 1171 600 1236 remuneratio,
650 1171 718 1221 ita
747 1187 774 1221 a
806 1169 954 1222 vobis
997 1169 1367 1222 consolationis
1414 1176 1761 1235 consequatur

216 1274 398 1326 opem.
447 1259 791 1324 Omnipotens
830 1267 1003 1309 autem
1053 1257 1186 1310 Deus
1217 1267 1411 1321 noster,
1444 1256 1604 1308 sacris
1632 1269 1759 1321 apo-

216 1347 477 1400 stolarum
525 1346 814 1412 principum
862 1346 1354 1408 interventionibus,
1387 1357 1479 1396 sua
1526 1357 1618 1396 vos
1659 1344 1762 1394 cir-

215 1442 493 1500 cumtegat
514 1433 703 1500 gratia,
733 1444 784 1484 et
815 1433 1084 1499 praesentis
1113 1433 1229 1483 vitae
1253 1445 1472 1498 propera
1495 1442 1547 1484 et
1567 1441 1762 1483 veterna

219 1522 494 1584 felicitatis
527 1521 678 1573 vobis
707 1520 1058 1586 multipliciter
1089 1520 1282 1572 tribuat
1306 1519 1514 1585 gaudia.
1560 1519 1763 1570 Incolu-

217 1622 369 1664 mcm
437 1608 837 1676 religiositatem
907 1619 1132 1667 vestram
1185 1616 1339 1673 atque
1397 1606 1762 1660 excellentiam

221 1700 370 1744 suam
399 1696 565 1760 gratia
594 1711 818 1758 superna
845 1696 1117 1747 custodiat.

790 1821 1109 1876 EPlSTOLA
1132 1823 1208 1874 ἸΙ.

378 1921 627 1962 STEPHANI
667 1920 822 1984 ΡΔΡῷ-
851 1925 903 1963 lll
943 1928 1006 1962 ΑΙ)
1044 1925 1350 1964 Βεητιιλῡιω
1391 1926 1618 1965 REGINAI

700 1993 764 2030 Ετ
801 1990 1038 2031 ολιιοιυιι
1078 1995 1270 2032 ΙιΕϐΕΙΙ.

221 2074 360 2153 lter]!
391 2065 654 2149 exemplar:
687 2085 909 2151 epistola:
952 2087 1177 2153 ejusdem
1225 2103 1369 2152 papa:
1413 2087 1480 2136 ad
1527 2087 1766 2139 domuum

299 2149 751 2221 Caralumjegeut,
783 2163 830 2204 et
853 2155 958 2219 ejus
972 2149 1278 2218 'prascelsa'm
1294 2149 1597 2221 'genitricem
1636 2156 1772 2205 dire:-

297 2221 496 2291 ctw‘de
524 2217 886 2291 Christop/ioro
912 2233 954 2271 et
988 2217 1166 2291 Sergio
1193 2217 1455 2291 ﬁtio’ejus
1474 2259 1490 2284 ,
1536 2223 1631 2291 Qui
1657 2237 1771 2273 cum
1795 2229 1811 2242 '

302 2284 512 2357 Potione
538 2299 581 2337 et
607 2284 795 2357 emeris
821 2286 1035 2341 Francis
1060 2284 1381 2357 Stephanum
1405 2284 1586 2357 papam
1616 2290 1772 2340 inter-

297 2350 447 2418 ﬁcere
472 2356 640 2405 conati
667 2365 804 2409 sunt.

300 2472 326 2500 ι
357 2462 572 2516 Damna:
593 2465 848 2532 religiosae
872 2465 990 2517 filia:
1016 2465 1277 2519 Dertradte
1300 2466 1408 2519 Deo
1427 2473 1770 2528 consecrata,

223 2563 324 2608 seu
351 2552 544 2606 domno
573 2556 1016 2609 excellentissimo
1045 2556 1155 2608 lilio
1183 2554 1374 2608 Carolo
1399 2557 1508 2623 regi
1537 2556 1770 2619 l-franco-

224 2651 348 2692 rum
376 2646 431 2692 et
459 2639 676 2706 patricio
705 2640 1080 2704 Romanorum,
1115 2641 1413 2708 Stephanus
1445 2655 1598 2708 papa.

298 2727 430 2782 Cum
455 2746 643 2798 magno
671 2731 852 2785 dolore
879 2740 931 2784 et
959 2733 1154 2800 gemitu
1193 2731 1390 2798 cordis,
1421 2729 1771 2785 tribulationis

218 2827 388 2890 atque
413 2823 600 2875 mortis
648 2822 958 2889 periculurn,
1006 2821 1142 2890 quod
1190 2821 1343 2874 nobis
1383 2834 1478 2888 per
1519 2832 1772 2886 sequaces

219 2908 422 2964 diaboli
447 2908 556 2976 jam
585 2910 876 2971 eveniebat,
907 2923 1028 2962 ecce
1055 2909 1296 2962 subtilius
1318 2922 1411 2974 per
1440 2911 1533 2959 bas
1561 2914 1769 2959 nostras

1851 475 1986 532 rent,
2013 473 2064 518 et
2093 467 2152 516 atl
2180 482 2274 518 nos
2303 465 2366 516 ad
2399 466 2603 518 beatum
2650 465 2855 517 Petrum
2896 469 3255 530 properarent.
3287 458 3374 513 Illi

1851 569 1996 613 mox.
2027 560 2082 604 u‘t
2109 555 2406 615 audierunt,
2436 555 2500 605 de
2527 553 2768 620 prmsenti
2797 567 2912 606 cum
2944 550 3154 604 Dodona
3187 558 3238 601 et
3264 549 3386 616 ejus

1825 641 2066 693 'Francis
2113 651 2309 692 turmas
2357 641 2631 700 facientes,
2677 645 2729 693 et
2760 649 2933 705 portas
2979 638 3206 690 civitatis
3247 635 3391 686 clau-

1855 729 2060 789 dentes,
2111 720 2312 781 fortiter
2341 730 2686 789 resistebant,
2719 733 2770 778 et
2813 728 2960 778 nobis
2999 725 3389 778 comminaban—

1858 824 1965 878 tur,
1997 825 2152 881 atque
2183 817 2232 867 in
2262 816 2523 871 civitatem
2567 829 2661 867 nos
2687 814 2886 880 ingredi
2919 812 3131 864 minime
3174 813 3393 876 permit-
3451 866 3472 881 κ

1858 904 2052 954 tebant.
2087 903 2151 953 Et
2178 902 2302 954 dum
2335 903 2384 954 in
2410 903 2592 955 eadem
2636 902 2849 968 perliaia
2896 906 3296 967 permanerent,
3342 904 3395 948 et

1856 990 2191 1055 cognovisset
2248 989 2521 1040 universus
2570 996 2748 1038 noster
2796 987 3014 1052 pupulas
3063 999 3245 1036 eorum
3295 981 3397 1033 ini-

1857 1089 2023 1142 quum
2052 1075 2354 1138 consilium,
2383 1075 2448 1127 de
2480 1073 2724 1141 prmsenti
2754 1070 3281 1137 eos‘dereliquerunt,
3308 1067 3396 1135 ’qui

1858 1167 2012 1216 etiam
2063 1173 2114 1216 et
2165 1163 2340 1229 plures
2386 1177 2477 1228 per
2507 1176 2714 1214 murum
2763 1160 3144 1212 descendentes
3191 1159 3256 1209 ad
3301 1169 3398 1207 nos

1861 1259 2290 1315 properaveruut.
2323 1249 2423 1300 Alii
2454 1263 2577 1300 vero
2600 1257 2800 1312 portam
2829 1248 3052 1298 civitatis
3083 1239 3396 1310 aperientes,

1860 1333 1924 1383 ad
1951 1333 2114 1384 nostri
2147 1333 2410 1400 progressi
2439 1340 2562 1385 sunt
2589 1336 2942 1399 praesentiam,
2971 1342 3023 1382 et
3053 1332 3120 1383 ita
3154 1333 3249 1397 ipsi
3290 1344 3402 1382 ma-

1862 1418 1984 1484 ligni
2016 1418 2114 1470 vit‘i
2160 1421 2330 1472 coacti
2378 1430 2533 1484 atque
2563 1421 2802 1472 nolentes
2850 1419 2914 1471 ad
2962 1432 3057 1470 nos
3084 1419 3136 1470 in
3182 1418 3403 1470 ecclesia

1862 1507 2028 1558 sancti
2057 1506 2195 1559 Petri
2225 1515 2346 1559 sunt
2371 1503 2602 1560 deducti.
2637 1511 2777 1571 Quos
2807 1492 3104 1560 interficere
3125 1520 3401 1560 uu.versus

1865 1593 2084 1660 pupulus
2113 1593 2430 1658 nitebantur,
2462 1603 2516 1647 et
2558 1595 2646 1646 vix
2691 1594 2756 1646 de
2805 1609 2987 1647 eorum
3035 1593 3272 1646 manibus
3313 1607 3407 1647 eos

1793 1685 1835 1742 Β
1865 1683 2120 1733 vnluirnus
2150 1683 2379 1748 eripere.
2412 1684 2474 1734 Et
2504 1683 2628 1735 dum
2661 1682 2791 1734 infra
2847 1681 3110 1733 civitatem
3152 1689 3408 1732 nocturno

1805 1766 1810 1770 ’
1868 1770 2076 1822 silentio
2118 1771 2260 1837 ipsos
2282 1769 2462 1836 salvos
2494 1770 2827 1822 introducere
2856 1769 3255 1836 disponeremus
3279 1809 3294 1828 ,
3341 1781 3409 1821 ne

1868 1859 1984 1924 quis
2025 1872 2116 1910 eos
2155 1858 2484 1923 conspiciens
2515 1857 2867 1920 interficeret,
2918 1857 3090 1909 subito
3117 1856 3169 1907 bi
3211 1854 3298 1922 qui
3329 1855 3409 1907 eis

1869 1961 2077 2014 semper
2127 1947 2536 2011 insidiabantur,
2568 1959 2726 2010 super
2763 1960 2856 1998 eos
2901 1944 3162 1997 irruentes
3183 1984 3196 2008 ,
3225 1957 3410 1996 eorum

1873 2045 2128 2088 eruerant
2157 2035 2358 2099 oculos,
2396 2035 2500 2087 Deo
2529 2035 2660 2087 tes‘le
2687 2033 2930 2098 dicimus,
2960 2034 3072 2086 sine
3103 2041 3300 2100 nostra
3322 2047 3412 2084 vo-

1882 2121 2082 2174 luntate
2108 2130 2262 2185 atque
2290 2121 2532 2173 consilio.

1953 2206 2101 2260 Unde
2145 2222 2333 2274 magno
2393 2207 2574 2259 dolore
2625 2214 2857 2257 nostrum
2909 2205 3147 2257 atteritur
3189 2217 3324 2266 cor,-
3363 2213 3414 2256 et

1875 2296 2075 2355 credite
2120 2295 2292 2361 uobis,
2337 2309 2364 2346 a
2399 2297 2505 2348 Deo
2553 2305 2856 2348 consecrata
2887 2293 3010 2353 filia,
3038 2303 3198 2358 atque
3234 2292 3416 2345 excel-

1874 2381 2166 2434 lentissime
2198 2381 2292 2446 fili,
2325 2382 2424 2434 nisi
2457 2380 2548 2432 Dei
2582 2382 2855 2446 proiectio,
2903 2389 3057 2445 atque
3087 2379 3223 2431 beati
3271 2379 3412 2431 Petri
3454 2428 3458 2432 .

1872 2469 2120 2534 apostoli,
2153 2479 2204 2521 et
2233 2469 2484 2520 auxilium
2515 2467 2940 2520 excellentissimi
2975 2467 3067 2519 filii
3099 2468 3276 2530 nostri
3309 2465 3412 2518 De-

1871 2555 2053 2608 siderii
2100 2556 2238 2623 regis
2283 2555 2540 2617 fuisset',
2567 2554 2675 2621 jam
2727 2564 2829 2607 tam
2877 2570 2995 2619 nos,
3044 2569 3200 2622 quam
3241 2561 3419 2606 noster

1871 2643 2064 2709 clerus,
2093 2652 2144 2696 et
2173 2643 2403 2696 universi
2434 2641 2612 2696 fideles
2660 2651 2853 2694 sanctae
2882 2641 2974 2696 Dei
3023 2641 3271 2696 Ecclesia:
3306 2679 3321 2703 ,
3364 2647 3420 2693 et

1873 2732 2054 2796 nostri,
2101 2722 2162 2784 in’
2201 2733 2384 2784 mortis
2418 2728 2864 2808 decidissemusltl
2913 2731 3224 2799 periculum.
3282 2730 3419 2783 Ecce

1872 2832 2093 2888 quantas
2137 2823 2441 2890 iniquitates
2485 2830 2540 2875 et
2586 2821 2870 2875 diabolicae
2923 2820 3276 2873 immissioues
3332 2817 3419 2870 ltic

1872 2910 2175 2974 seminavit,
2217 2919 2371 2975 atque
2400 2919 2642 2976 operatus
2691 2918 2774 2963 est
2814 2909 3092 2976 praedictus
3137 2908 3323 2970 Dodo,
3364 2913 3422 2959 ut

222 2995 542 3063 apostolicas
569 2996 800 3063 syllabas
841 3011 868 3046 a
914 2996 1018 3047 Deo
1046 3006 1361 3048 consecrate
1407 2992 1760 3061 religiositatis
1793 2988 1842 3049 C
1871 2999 1958 3066 qui
1982 2998 2232 3051 debuerat
2261 2999 2311 3050 in
2339 2989 2555 3050 servitio
2587 2999 2722 3050 beati
2759 2999 2896 3050 l‘etri
2945 3007 2996 3050 et
3026 3005 3208 3049 nostro
3241 2994 3414 3049 fideli-

220 3094 438 3147 vestrat,
467 3091 620 3152 atque
662 3083 1160 3151 praecellentissimze
1206 3081 1618 3137 Christianitatis
1670 3091 1770 3132 tuas

215 3169 440 3225 auribus
485 3170 726 3223 intimare
770 3169 1064 3234 studemus,
1094 3183 1159 3222 eo
1186 3168 1324 3234 quod
1358 3166 1767 3220 nefandissimus

212 3256 634 3325 Christopborus
661 3259 732 3325 ζει
778 3257 992 3324 Sergius
1038 3256 1391 3325 nequissimus
1438 3258 1552 3323 ejus
1603 3255 1795 3318 fllius,’

215 3346 508 3402 consilium
537 3348 779 3402 ineuntes
808 3339 927 3401 cum
974 3347 1192 3401 Dodone
1240 3347 1404 3401 misso
1432 3347 1666 3416 germani
1697 3346 1768 3398 tui

215 3430 566 3488 Carlomanni
627 3435 814 3503 regis,
868 3450 964 3488 nos
1019 3436 1316 3489 interficere
1368 3434 1766 3488 insidiabantur.

217 3519 380 3573 Unde
405 3534 521 3574 cum
548 3522 732 3575 eodem
759 3523 996 3587 Dodone,
1027 3533 1080 3577 et
1107 3524 1223 3590 ejus
1255 3523 1494 3588 Francis,
1523 3538 1641 3576 cum
1674 3522 1770 3574 ali-

209 3610 415 3676 quibus
445 3624 624 3664 eorum
654 3611 988 3678 nequissimis
1029 3611 1398 3664 consentaneis
1427 3617 1775 3680 aggregantes‘

210 3697 519 3751 exercitum
547 3714 703 3764 super
729 3713 846 3763 nos,
865 3700 916 3752 in
940 3699 1376 3752 Lateranensium
1407 3705 1646 3751 sanctum
1673 3710 1768 3763 pa-

212 3783 565 3837 triarcltatum
596 3801 712 3838 cum
744 3788 906 3839 armis
948 3787 1165 3855 ingressi
1194 3793 1338 3850 sunt,
1379 3786 1771 3852 confringentes

213 3882 278 3927 et
305 3877 509 3937 januas.
560 3883 718 3940 atque
769 3889 953 3927 omnes
1001 3876 1235 3928 cortinas
1275 3873 1441 3942 ipsius
1489 3869 1791 3927 venerandi.

215 3961 526 4030 patriarchii
555 3961 751 4014 lanceis
781 3965 1124 4027 perforanles,
1157 3970 1314 4028 atque
1346 3961 1485 4014 intus
1513 3961 1564 4013 in
1595 3956 1774 4028 basili-

211 4061 342 4101 cam
369 4048 550 4100 domui
587 4048 847 4101 Theodori
878 4065 1045 4116 papae,
1079 4049 1164 4102 ubi
1196 4051 1368 4101 nullus
1427 4063 1551 4100 usus
1577 4056 1659 4100 est
1686 4045 1775 4098 ali-

213 4137 437 4203 quando
464 4138 547 4189 vel
577 4138 732 4190 etiam
764 4152 882 4190 cum
913 4141 1083 4190 cultro
1133 4137 1355 4204 ingredi,
1383 4152 1500 4189 cum
1525 4137 1699 4188 loricis
1721 4143 1776 4188 et

212 4223 448 4282 lanceis,
501 4225 587 4276 ubi
637 4223 988 4286 sedebamus,
1037 4224 1374 4276 introierunt.
1434 4223 1630 4288 Sicque
1673 4222 1771 4287 ipsi

1873 3097 1953 3142 ter
1980 3103 2306 3156 permanere,
2341 3090 2448 3155 ipse
2477 3105 2506 3140 e
2535 3089 2800 3145 contrario
2831 3088 3017 3139 auium
3049 3098 3242 3139 nostra:
3288 3089 3414 3142 insi-

1872 3177 2132 3230 diabatur.
2163 3176 2276 3229 Non
2307 3191 2466 3243 agens
2511 3175 2660 3241 juxta
2705 3174 2754 3226 id
2786 3177 2922 3241 quod
2974 3189 3001 3223 a
3048 3187 3145 3226 suo
3175 3188 3300 3240 rege
3343 3175 3421 3228 illi

1873 3273 2187 3330 praeceptum
2214 3273 2314 3328 est,
2348 3263 2398 3313 in
2422 3263 2637 3316 servitio
2667 3262 2804 3314 beati
2829 3261 2989 3324 Petri,
3019 3269 3072 3312 et
3102 3270 3276 3313 nostra
3293 3263 3424 3316 ube-

1837 3348 1840 3350 ’
1871 3349 2061 3402 dientia
2089 3350 2444 3417 ﬁdeliteresse
2463 3363 2886 3416 permansurum.
2916 3347 2982 3400 Et
3001 3348 3422 3402 certocredimus

1870 3438 2007 3504 quod
2037 3437 2159 3504 dum
2190 3446 2332 3489 tanta
2360 3437 2473 3502 ejus
2522 3436 2768 3502 iniquitas
2799 3434 2863 3485 ad
2895 3448 3049 3486 aures
3093 3434 3426 3486 excellentis-

1871 3526 1990 3577 simi
2023 3526 2116 3577 lilii
2165 3529 2331 3578 nostri
2376 3526 2712 3577 Carlomanni
2744 3523 3066 3590 pervenerit,
3099 3524 3240 3575 nullo
3269 3525 3456 3576 modo‘

1872 3613 1919 3664 ei
1948 3613 2196 3677 placebit,
2233 3616 2284 3663 in
2334 3628 2397 3665 eo
2445 3613 2584 3680 quod
2637 3613 2686 3663 in
2719 3621 2918 3664 tantam
2949 3610 3426 3663 deminorationem

1870 3708 2028 3767 atque
2058 3701 2475 3753 devastationem
2504 3709 2739 3752 sanctam
2771 3699 2863 3752 Dei
2897 3699 3179 3751 Ecclesium
3211 3700 3254 3750 is
3279 3699 3428 3754 Dedo

1871 3805 1989 3844 cum
2018 3789 2246 3857 praefatis
2276 3792 2385 3840 suis
2416 3787 2808 3839 nc‘fandissimis
2839 3785 3153 3851 sequacibus
3182 3786 3429 3850 cupiebat

1873 3875 2157 3929 deducere.
2189 3871 2257 3926 Et
2284 3874 2401 3926 ideo
2432 3881 2640 3925 nostras
2670 3870 3038 3923 tribulationes
3073 3878 3127 3923 et
3156 3874 3425 3939 angustias

1873 3974 2028 4031 atque
2074 3945 2301 4028 pericula
2330 3975 2359 4012 a
2392 3962 2497 4013 Deo
2543 3960 2790 4012 institutae
2823 3959 3230 4024 religiosissima
3275 3959 3430 4014 Citri-

1873 4050 2124 4104 stianitati
2158 4059 2259 4101 tum
2289 4059 2444 4114 atque
2473 4045 2803 4099 excellentia:
2853 4056 3039 4095 vestrae
3085 4044 3430 4108 innutuimus,

1874 4139 2117 4205 quoniam
2149 4136 2383 4205 profecto
2408 4135 2741 4200 omnipotens
2767 4135 2903 4185 Deus
2948 4131 3224 4184 credentes
3271 4134 3321 4185 in
3371 4148 3430 4186 se

1877 4236 1930 4278 et
1959 4225 2279 4278 confidentes
2309 4225 2358 4276 in
2381 4223 2494 4290 ejus
2524 4220 2882 4275 misericordia
2920 4233 3023 4270 non
3053 4217 3354 4283 dereliquit.

210 4309 439 4375 maligni
469 4312 563 4363 viri
595 4311 974 4364 insidiabantur
1001 4325 1098 4364 nos
1124 4310 1438 4362 interficere.
1474 4310 1576 4364 Seti
1600 4311 1773 4362 omni-
1803 4285 1854 4344 Ῑ)
1951 4316 2210 4380 Agnoscat
2236 4322 2408 4364 autem
2444 4308 2831 4374 Deo,amabilis
2861 4305 3173 4373 religiositas
3224 4314 3426 4369 vestra,

212 4406 414 4468 potens
461 4398 595 4451 Deus
650 4413 873 4452 cernens
931 4398 1299 4452 rectitudincm
1348 4399 1523 4450 cordis
1573 4398 1769 4459 nostri,

212 4485 365 4555 quod
392 4485 516 4537 nulli
549 4494 778 4552 unquam
825 4486 1018 4537 malum
1068 4485 1435 4551 cogitavimus.
1469 4486 1534 4536 de
1589 4498 1773 4535 eorum

215 4586 328 4628 nos
354 4574 542 4638 eripuit
571 4572 831 4636 manibus,
873 4582 926 4625 et
974 4573 1056 4624 vix
1109 4587 1199 4638 per
1228 4572 1451 4623 multum
1478 4572 1771 4640 ingenium,

212 4662 350 4738 dum
381 4661 467 4716 bic
492 4664 626 4730 apud
660 4677 754 4714 nos
784 4660 1260 4714 excellentissimus
1296 4660 1431 4712 filius
1465 4672 1643 4713 noster
1674 4661 1774 4713 De-

211 4747 450 4805 siderius
493 4749 957 4816 Longobardarum
1008 4763 1119 4812 rex,
1175 4761 1267 4812 pro
1323 4746 1576 4799 faciendis
1626 4745 1776 4800 nobis

214 4837 446 4890 diversis
469 4835 686 4904 juStitiis
723 4837 856 4888 beati
892 4836 1025 4886 Petri
1072 4839 1322 4886 existeret
1359 4874 1372 4897 ,
1408 4851 1498 4900 per
1538 4833 1776 4887 eamdem

213 4927 557 4980 occasionem
601 4924 883 4985 valuimus,
936 4939 1051 4975 cum
1105 4932 1284 4974 nostro
1331 4924 1474 4975 clero
1521 4924 1775 4988 refugium

216 5015 402 5069 facere
446 5013 511 5064 ad
540 5021 886 5079 protectorem
919 5021 1170 5072 vestrum,
1204 5019 1257 5061 et
1283 5013 1532 5062 continuo
1577 5012 1771 5063 direxi-

217 5116 342 5156 mus
390 5109 598 5152 nostros
627 5101 927 5167 sacerdotes
954 5100 1016 5149 ad
1056 5099 1268 5150 eosdem
1320 5100 1575 5164 malignos
1617 5102 1779 5151 L‘ltri-

214 5190 535 5255 stopltorum
580 5200 736 5255 atque
768 5187 1030 5253 Sergium,
1068 5197 1123 5238 ut
1172 5188 1235 5237 ab
1264 5187 1448 5239 eadem
1502 5188 1778 5255 iniquitate

294 5371 318 5394 ί³
346 5362 519 5414 Grets.
555 5360 724 5428 Hujus
754 5361 976 5426 epistola
1005 5358 1327 5408 summarium
1356 5358 1562 5408 recitent
1619 5357 1777 5408 Baro-

215 5435 336 5483 rsius
364 5439 408 5480 et
440 5428 823 5478 Centuriutorrx.

291 5498 315 5535 ι
348 5497 556 5556 L:itttb.,
584 5497 726 5547 nobis
755 5495 1097 5559 ingerendum.

1880 4410 2035 4467 atque
2060 4398 2504 4453 Christianissima
2530 4393 2842 4448 excellentia
2870 4401 2979 4456 tua,
3004 4405 3068 4444 eo
3093 4390 3232 4458 quod
3255 4392 3306 4443 in
3331 4408 3427 4443 no-
3495 4458 3500 4463 _

1880 4491 2023 4542 mine
2071 4488 2275 4540 Domini
2321 4487 2458 4540 bona
2509 4486 2778 4538 voluntate
2819 4482 2968 4534 nobis
3017 4481 3268 4533 convenit
3306 4494 3428 4533 cum

1872 4578 2097 4645 "prmfato
2121 4575 2585 4637 excellentissimo,
2639 4580 2692 4624 et
2720 4586 2747 4622 a
2781 4571 2892 4622 Deo
2939 4576 3146 4622 servato
3176 4567 3286 4620 filio
3335 4583 3432 4621 nu-

1878 4678 1989 4719 Stro
2018 4664 2289 4718 Desiderio
2319 4677 2460 4728 rege,
2489 4673 2537 4713 et
2566 4673 2751 4713 omnes
2769 4655 3000 4723 justitias
3027 4655 3166 4708 beati
3200 4653 3342 4707 Petri
3365 4655 3435 4709 ab

1880 4770 1944 4808 eo
1978 4753 2184 4821 plenius
2210 4760 2266 4808 et
2293 4753 2344 4805 in
2387 4751 2590 4816 integro
2640 4745 2988 4812 suscepimus.
3019 4744 3216 4795 Tamen
3260 4751 3314 4794 et
3342 4756 3435 4810 per

1882 4853 2090 4894 vestros
2128 4840 2318 4892 missos
2367 4839 2432 4891 de
2479 4839 2579 4889 ltoc
2629 4835 2936 4903 plenissime
2985 4832 3130 4884 eritis
3159 4830 3437 4884 satisfacti.

1882 4929 2018 4981 Deus
2051 4938 2225 4980 autem
2255 4930 2593 4994 omnipotens
2622 4939 2716 4976 sua
2737 4937 2835 4983 vos
2859 4918 3194 4987 protectionis
3215 4920 3434 4971 dextera

1882 5020 2244 5084 circumtegat,
2273 5025 2326 5069 et
2368 5015 2645 5084 praesentis
2689 5010 2835 5079 regni
2867 5007 3219 5076 gubernacula
3248 5007 3374 5060 aevis
3410 5016 3434 5043 ⁸

1882 5102 2038 5174 atque
2109 5103 2377 5173 prosperis
2439 5100 2760 5168 temporibus
2820 5097 3014 5163 perfrui
3073 5101 3304 5157 annuat,
3378 5105 3437 5146 et

1883 5205 2075 5247 aeterna
2127 5193 2467 5261 praemiorum
2511 5187 2697 5256 gaudia
2746 5183 3100 5252 multipliciter
3131 5181 3285 5234 faciat
3323 5178 3437 5234 adi-

3350 5320 3386 5342 ,
3449 5345 3454 5352 ι

1956 5376 1974 5399 τ
2008 5365 2168 5422 Idem,
2203 5366 2412 5414 adesset.

1957 5428 2166 5485 d'lclem.
2203 5433 2564 5482 decidet-emus.

1962 5507 1980 5529 °
2011 5499 2207 5558 (ἣρω,
2246 5500 2497 5569 locamus.
