3910 6234
419 277 551 344 ηδε

1639 268 2046 337 STEPIIANUS
2088 274 2262 334 Papa
2302 266 2387 334 tit.

3519 262 3662 336 issi

419 398 571 467 pisci.
605 384 921 448 Incolumem
968 378 1365 459 religiositatem
1414 401 1647 445 ve5tram
1694 400 1851 457 atque
1879 403 1972 443 ex-
2006 390 2051 445 Α
2078 387 2328 456 spiritalis
2355 398 2524 442 mater
2551 397 2719 441 vestra
2752 388 2843 441 Dei
2874 384 3134 453 Ecclesia,
3179 394 3233 443 et
3260 390 3378 457 ejus
3419 393 3659 458 populus

418 483 717 540 cellentiam
747 492 887 535 tuam
918 482 1081 548 gratia
1110 494 1336 547 superna
1365 480 1650 535 custodiat.

978 606 1303 660 EPISTOLA
1343 605 1428 659 Ill.

457 710 710 751 STEPHANI
752 708 987 748 ΡΑΡΞΞΙΗ
1029 709 1092 746 ΑΒ
1129 707 1369 745 οΑκοιυἏ
1412 708 1477 744 ΕΤ
1516 696 1939 746 εΑήοιοηΑΝΝυΜ

460 794 465 797 ·
1108 777 1290 813 ηεςες.

423 875 724 929 Gratulatur
750 874 818 925 eis
846 872 977 936 quod
1022 873 1088 922 ad
1117 872 1393 939 fraternam
1429 871 1752 923 concordiam
1800 887 1974 922 recon-

496 945 655 995 ciliati
682 943 800 993 sint.
835 939 966 991 Petit
995 952 1048 991 ut
1084 941 1439 1003 Langobardos
1474 949 1656 1007 cogant
1688 956 1746 991 ea
1774 940 1981 991 reddere

494 1027 608 1081 qua:
638 1011 699 1061 de
734 1010 1036 1071 patrimonio
1070 1008 1309 1059 Ecclesia:
1336 1009 1647 1059 invaserunt.

496 1098 730 1152 Dominis
759 1096 1223 1150 excellentissimis
1268 1096 1412 1160 filiis,
1465 1096 1655 1149 Carolo
1685 1106 1740 1150 ct
1766 1096 1981 1149 Carolo-

428 1202 643 1251 manno,
663 1186 872 1253 regibus
896 1184 1240 1246 Francorum,
1266 1194 1317 1235 et
1341 1183 1576 1251 patriciis
1605 1183 1982 1248 Romanorum,

430 1275 727 1342 Stephanus
757 1288 817 1340 pa
827 1287 905 1340 pa.

501 1364 814 1417 Benedictus
864 1362 1117 1414 Dominus
1165 1360 1301 1413 Deus
1345 1365 1551 1421 noster,
1585 1366 1733 1425 pater
1777 1359 1985 1412 miseri-

430 1451 753 1506 cordiarum.
785 1458 838 1501 et
870 1449 1004 1501 Deus
1034 1452 1194 1499 tmius
1223 1447 1624 1509 consolationis,
1658 1447 1745 1513 qui
1791 1460 1984 1498 conso-

430 1540 569 1592 lator
590 1547 643 1591 et
672 1537 980 1604 proiiitiator
1008 1537 1188 1589 existit
1215 1538 1449 1588 omnium
1480 1536 1829 1589 invocantium
1864 1551 1985 1589 eum

431 1628 484 1678 in
533 1626 775 1679 veritate.
828 1625 945 1691 Ipse
990 1625 1132 1677 enim
1183 1624 1505 1689 Redemptor
1551 1632 1750 1687 noster,
1804 1636 1985 1689 preces

2077 478 2355 530 universus
2384 477 2639 530 exsultat.
2670 475 2808 529 Nam
2839 485 2891 529 et
2921 476 2973 529 in
3020 476 3105 529 his
3135 477 3260 546 ipsis
3288 478 3481 534 vestris
3517 480 3659 534 fere-

2078 565 2230 618 batur
2277 567 2537 631 apicibus,
2571 573 2677 618 tota
2711 574 2884 618 vestra
2918 565 3115 619 virtute
3157 581 3247 619 vos
3284 567 3657 622 decertatum:

2076 667 2172 718 pro
2200 654 2469 720 exigendis
2492 653 2716 721 justitiis
2746 656 3060 718 protectoris
3105 656 3266 709 vestri
3293 656 3434 709 beati
3484 655 3650 717 Petri,

2078 750 2130 793 et
2174 753 2371 794 sancta:
2410 743 2498 794 Dei
2554 742 2831 806 Ecclesiae,
2885 754 3042 811 atque
3084 742 3137 795 in
3186 758 3249 797 ea
3298 745 3657 812 promissione

2078 830 2295 893 amoris,
2331 845 2450 896 qua:
2495 846 2523 881 a
2572 840 2751 883 vestro
2786 831 3131 899 progenitore
3167 840 3365 885 sancta:
3407 835 3658 885 recorda-

2084 916 2239 970 tionis
2288 919 2488 970 dOmno
2518 918 2738 985 Pippino
2766 920 2939 973 cidem
2988 920 3210 988 principi
3257 921 3653 986 apostolorum,

2081 1011 2134 1056 et
2179 1003 2294 1071 ejus
2331 1006 2540 1058 vieariis
2590 1006 2728 1059 facta
2778 1018 2881 1073 est,
2933 1008 3162 1071 polliciti
3197 1010 3325 1064 estis
3367 1024 3487 1064 esse
3531 1025 3656 1077 per-

2083 1107 2378 1155 mansuros,
2403 1104 2457 1147 et
2480 1096 2743 1162 plenarias
2756 1096 2989 1165 justitias
3016 1112 3216 1151 sancta:
3249 1099 3341 1151 Dei
3372 1099 3652 1161 Ecclesia,

2081 1193 2239 1251 atque
2279 1184 2395 1253 ejus
2444 1187 2818 1241 exaltationem
2858 1198 2981 1242 esse
3030 1200 3363 1257 oneraturos.
3412 1189 3476 1242 Et
3528 1190 3656 1256 qui-

2010 1287 2015 1292 ’
2084 1274 2201 1327 dem
2249 1289 2365 1339 nos,
2416 1275 2843 1330 excellentissimi
2891 1276 2980 1330 filii
3032 1278 3473 1331 Christianissimi
3541 1292 3658 1331 ma-

2084 1367 2173 1435 gni
2204 1382 2376 1435 reges,
2407 1368 2623 1422 omnino
2650 1368 2718 1422 de
2763 1370 2863 1422 hoc
2921 1368 3085 1433 certi,
3117 1378 3275 1437 atque
3323 1371 3375 1422 in
3408 1369 3659 1423 omnibus

2089 1456 2343 1509 satisfacti
2388 1471 2591 1520 sumus,
2634 1457 2774 1524 quod
2820 1456 2964 1510 nulla
2994 1457 3266 1511 hominum
3315 1457 3514 1521 suasio,
3562 1463 3661 1512 aut

2089 1543 2457 1597 thesaurorum
2504 1544 2717 1611 copiosa
2767 1545 2936 1607 datio,
2991 1558 3085 1598 vos
3135 1544 3331 1612 poterit
3359 1544 3659 1612 declinare,

2088 1640 2177 1683 aut
2204 1632 2270 1683 ab
2300 1628 2483 1685 eadem
2513 1629 2685 1685 vestra
2714 1633 3065 1698 promissione
3092 1647 3250 1702 quam
3300 1632 3455 1685 beato
3496 1632 3661 1686 Petro

430 1714 767 1767 clamantium
798 1711 863 1763 ad
894 1726 951 1765 se
981 1711 1291 1770 exaudiens.
1324 1710 1661 1763 mmrentium
1695 1710 1990 1763 tribulatio—
2020 1709 2068 1766 B
2094 1717 2448 1783 spopondistis
2494 1719 2869 1785 quoquomodo
2918 1720 3218 1773 immutare.
3270 1720 3466 1774 Tamen
3516 1734 3662 1774 nunc

430 1817 525 1857 nes
555 1804 619 1855 ad
651 1802 899 1869 gaudium
924 1801 1204 1854 convertit.
1232 1801 1382 1864 Quod
1412 1811 1557 1854 certe
1586 1816 1725 1852 nunc
1756 1801 1807 1852 in
1835 1802 1987 1854 nobis

429 1902 589 1958 atque
638 1891 891 1943 universo
922 1888 1172 1956 peculiari
1224 1887 1413 1956 populo
1444 1898 1640 1941 sanctze
1675 1888 1766 1940 Dei
1800 1888 1984 1940 Eccle-

372 2048 373 2051 η
429 1983 525 2034 sine
553 1983 688 2047 eius.
714 1981 903 2034 divina:
943 1981 1149 2045 pietatis
1192 1980 1492 2041 clementia,
1523 1987 1574 2031 et
1605 1977 1986 2031 misericordia:

438 2069 762 2136 benignitate
789 2056 1057 2120 cernimus
1087 2082 1207 2120 esse
1234 2064 1514 2139 diﬂ‘usum,
1536 2068 1587 2117 in
1618 2080 1682 2118 eo
1711 2064 1850 2133 quod
1881 2079 1987 2117 no-

440 2167 564 2229 stra:
612 2157 866 2209 orationis
897 2165 1016 2209 vota
1065 2155 1380 2217 exaudiens,
1428 2154 1671 2208 maeroris
1700 2155 1873 2207 nosrri-
1906 2155 1986 2207 la-

439 2244 815 2297 mentationem
861 2258 1017 2308 quam
1068 2258 1235 2310 usque
1284 2243 1537 2297 hactenus
1589 2243 1864 2295 habuir..us
1919 2258 1984 2296 ex

436 2335 550 2399 ipsa
577 2334 834 2386 divisione
863 2332 1161 2395 discordiae,
1192 2349 1347 2399 quam
1393 2334 1637 2400 antiquus
1671 2333 1836 2385 hostis
1880 2333 1986 2386 ini-

438 2424 607 2472 micus
634 2420 777 2487 pacis
822 2421 955 2471 intra
986 2428 1211 2472 vestram
1263 2420 1637 2473 fraternitatem
1669 2420 1982 2484 immiserat,

435 2521 576 2560 nunc
606 2506 713 2559 Deo
743 2506 986 2571 propitio,
1038 2507 1220 2559 eodem
1255 2508 1501 2573 pestifero
1530 2508 1726 2559 aemulo
1766 2508 1987 2559 confuso

436 2598 490 2650 in
534 2612 864 2649 communem
911 2596 1244 2648 dilectionem
1293 2605 1344 2647 et
1374 2596 1729 2659 concordiam,
1779 2602 1835 2648 ut
1864 2609 1988 2649 vero

438 2670 675 2739 uterinos
712 2696 762 2739 ct
793 2699 1069 2752 germanos
1099 2685 1286 2737 fratres
1316 2701 1408 2737 vos
1448 2701 1713 2740 connexos
1741 2700 1857 2759 esse
1877 2685 1987 2739 dis-

437 2782 640 2836 centes,
674 2773 724 2824 in
754 2788 992 2838 magnam
1026 2773 1258 2825 lmtitiam
1285 2782 1595 2827 convertere
1618 2775 1860 2840 dignatus
1886 2781 1989 2826 est.

440 2864 642 2930 itaque,
692 2862 1161 2928 prtecellentissimi
1196 2862 1306 2924 filii,
1355 2865 1527 2929 magni
1573 2862 1989 2915 victoriosissimi

442 2967 615 3018 rcges,
662 2962 714 3003 et
742 2951 833 3003 Dei
859 2952 1179 3017 providentia
1212 2953 1373 3005 nostri
1405 2953 1757 3005 Romanorum
1788 2950 1986 3019 patricii

440 3040 821 3107 coojungentes
850 3039 913 3091 ad
948 3053 1041 3091 nos
1064 3040 1355 3092 fidelissimi
1381 3054 1442 3093 ac
1466 3040 1802 3093 solertissimi
1825 3041 1987 3093 vestri

441 3129 607 3191 missi,
654 3127 853 3179 scilicet
880 3128 1227 3179 Gaozihertus
1272 3128 1745 3182 reverendissimus
1775 3138 1828 3182 et
1868 3144 1990 3182 san-

441 3216 704 3267 ctissimus
734 3215 897 3267 frater
927 3227 1105 3268 noster
1133 3217 1430 3283 episcopus,
1479 3228 1635 3284 atque
1665 3217 1989 3272 Fuchbertus

442 3304 741 3371 religiosus,
773 3314 825 3356 et
854 3304 1166 3368 Ansfredus,
1198 3319 1291 3357 seu
1340 3306 1697 3371 llelmagarins
1722 3306 1991 3372 gloriosis-

444 3393 565 3445 simi
610 3392 791 3453 vestri,
838 3392 1144 3443 detulerunt
1192 3393 1341 3443 nobis
1387 3392 1718 3445 honorabiles
1748 3401 1799 3444 et
1838 3392 1991 3444 nimis

445 3478 818 3530 desiderabiles
847 3478 1093 3543 syllabas,
1138 3494 1164 3528 a
1198 3486 1366 3529 vestra
1398 3493 1425 3528 a
1478 3479 1582 3530 Deo
1614 3480 1853 3531 instituta
1905 3494 1989 3531 re-

446 3566 548 3635 gali
578 3568 805 3631 potentia
834 3566 1059 3617 directas
1086 3582 1095 3615 :
1133 3581 1224 3631 per
1255 3580 1383 3631 quas
1433 3565 1736 3617 innotuistis
1774 3576 1993 3617 conten-

448 3653 607 3704 tionis
635 3654 807 3713 rixas,
837 3666 899 3704 ac
928 3653 1088 3719 litigia
1137 3655 1270 3704 inter
1306 3667 1397 3705 vos
1431 3664 1633 3705 versata
1668 3655 1848 3713 fuisse.
1899 3656 1990 3706 sed

447 3751 712 3793 annuente
761 3741 980 3793 Domino
1030 3757 1169 3794 nunc
1216 3744 1278 3794 ad
1324 3756 1497 3794 veram
1544 3743 1898 3805 dilectionem,
1941 3754 1994 3797 et

332 3841 359 3860 ί
449 3816 663 3883 unitatis
701 3832 1059 3891 concordiam,
1111 3843 1164 3882 et
1230 3832 1514 3885 fraternum
1560 3833 1811 3896 amorem,
1865 3848 1995 3885 con-

446 3921 582 3973 versi
613 3920 877 3972 exstitisse
911 3920 1177 3971 vidcmini.
1219 3922 1333 3983 Quo
1362 3923 1559 3985 audito,
1592 3937 1779 3987 magno
1807 3924 1994 3988 gaudio

447 4014 606 4073 atque
660 4007 859 4067 laetitia,
917 4020 1035 4057 cum
1089 4006 1331 4058 universo
1376 4008 1567 4073 popqu
1618 4017 1796 4059 nostro
1846 4010 1995 4061 istius

451 4093 731 4158 provincia:
772 4106 799 4144 a
831 4092 977 4144 vobis
1006 4094 1311 4161 redemptae,
1345 4095 1528 4159 repleti
1576 4108 1777 4157 sumus,
1820 4105 1872 4147 et
1900 4111 1995 4164 ge-

452 4182 593 4232 mina
642 4179 941 4233 festivitatis
970 4181 1157 4248 gaudia
1190 4182 1505 4249 peregimus,
1555 4183 1838 4235 immensas
1889 4184 1996 4237 Deo

448 4278 631 4322 nostro
668 4268 1019 4334 omnipotenti
1068 4269 1357 4322 referentes
1410 4270 1696 4337 gratiarum
1727 4271 1991 4335 actiones,

450 4366 608 4424 atque
637 4357 906 4409 victricem
939 4356 1055 4423 ejus
1094 4359 1424 4411 clementiam
1466 4360 1847 4424 collaudantes,
1872 4376 1999 4414 con-

449 4448 581 4499 soiia
608 4458 725 4496 cum
756 4444 1060 4511 prophetica
1083 4460 1210 4497 voce
1237 4455 1509 4499 cantantes
1535 4455 1691 4515 atque
1718 4448 1956 4503 dicentes
1981 4467 1994 4502 :

452 4534 764 4585 Benedictus
793 4547 873 4595 es,
926 4532 1149 4585 Domine
1200 4534 1334 4586 Deus
1383 4545 1577 4597 noster,
1606 4526 1683 4589 ret
1727 4539 1998 4591 benedicta

450 4623 624 4673 omnia
655 4634 813 4687 opera
846 4629 952 4672 tua.
986 4620 1123 4672 Ecce
1148 4622 1285 4673 enim
1329 4638 1466 4675 nunc
1506 4624 1697 4691 gaudet
1729 4626 1865 4678 Deus
1904 4641 1998 4679 no-

454 4720 564 4763 ster
596 4711 647 4762 in
691 4708 864 4772 cmlis,
916 4710 1109 4776 gaudet
1156 4720 1209 4763 et
1238 4712 1510 4765 universus
1558 4718 1746 4767 chorus
1787 4717 1997 4781 angelo-

450 4808 689 4861 rum;et
735 4800 785 4851 in
837 4808 975 4853 terra
1026 4801 1179 4852 etiam
1233 4812 1451 4856 cunctus
1500 4806 1733 4857 exsultat
1775 4808 1999 4873 populus

453 4888 800 4950 Christianus,
828 4899 881 4940 et
911 4889 1053 4941 solus
1079 4889 1314 4942 diabolus
1346 4892 1586 4946 inimicus
1611 4895 1777 4960 pacis,
1808 4909 1861 4950 et
1891 4897 1998 4948 dis-

452 4976 648 5029 cordia:
676 4978 960 5029 seminator
986 4979 1147 5045 luget,
1179 4978 1300 5030 dum
1347 4980 1541 5033 victum
1587 4996 1643 5033 se
1678 4998 1794 5037 esse
1823 4995 1874 5038 et
1913 5000 2001 5038 su-

456 5075 693 5129 peratum
720 5064 994 5131 conspicit.
1030 5068 1143 5120 Non
1186 5069 1325 5121 enim
1356 5068 1507 5121 aliter
1535 5070 1765 5124 fidelium
1794 5058 2000 5127 mentes

452 5153 761 5207 existimare
785 5165 1025 5222 poterant
1053 5160 1351 5224 pervenire,
1393 5175 1549 5227 quam
1578 5164 1716 5229 quod
1761 5178 1897 5215 nunc
1926 5164 2001 5214 fa-

452 5256 595 5295 ctum
644 5258 763 5297 esse
808 5244 1120 5309 gaudemus.
1168 5245 1255 5299 Sic
1306 5246 1443 5302 Deus
1490 5250 1820 5315 omnipotens
1863 5253 1999 5303 illam

450 5345 632 5399 pacem
664 5340 715 5382 et
743 5330 1029 5385 fraternam
1051 5334 1383 5390 dilectionem
1414 5338 1465 5389 in
1488 5340 1638 5391 vobis
1664 5340 1997 5409 multiplicet,

450 5428 505 5468 et
537 5417 929 5483 multiplicatam
959 5422 1287 5487 corroboret,
1318 5439 1473 5489 quam
1512 5427 1621 5478 suis
1648 5427 1857 5481 donavit
1882 5445 2002 5481 san-

450 5501 547 5555 ctis
595 5502 867 5567 apostolis.
903 5501 1047 5556 Unde
1078 5506 1144 5557 dc
1176 5516 1350 5560 vestra
1395 5509 1590 5562 unitate
1620 5508 1773 5562 etiam
1824 5520 2001 5565 sancta

2090 1806 2395 1859 ﬁrmitatem
2444 1816 2672 1860 vestram
2703 1808 3184 1876 comprobavimus,
3220 1809 3343 1861 dum
3391 1823 3495 1862 non
3524 1823 3662 1863 cor-

2090 1896 2290 1959 ruptori
2332 1902 2385 1947 et
2427 1895 2601 1961 fragili
2653 1894 2878 1959 homini,
2930 1895 3023 1947 sed
3073 1896 3179 1947 Deo
3209 1895 3559 1962 omnipotenti
3602 1903 3663 1948 et

2086 1982 2201 2048 ejus
2230 1981 2590 2049 apostolorum
2624 1982 2846 2048 principi
2880 1982 3090 2049 placere
3125 1984 3463 2047 procurastis.
3504 1981 3663 2035 Unde

2085 2067 2279 2121 obnixe
2326 2078 2571 2135 tanquam
2603 2068 3003 2135 praesentialiter
3046 2069 3317 2136 petimus,
3372 2078 3425 2120 et
3472 2081 3663 2121 coram

2086 2157 2197 2211 Deo
2225 2158 2344 2211 vivo
2373 2159 2462 2226 qui
2489 2171 2582 2210 vos
2612 2172 2836 2225 regnare
2864 2157 3135 2224 praecepit,
3169 2156 3517 2222 conjuramus
3562 2170 3666 2208 ex-

2087 2248 2389 2302 cellentiam
2420 2257 2669 2309 vestram,
2700 2257 2757 2299 ut
2790 2246 3052 2314 plenarias
3079 2246 3313 2313 justitias
3341 2246 3480 2299 beati
3516 2242 3665 2298 Petri

2086 2336 2187 2390 sub
2233 2336 2390 2389 nimia
2436 2335 2743 2399 velocitate,
2796 2334 3085 2388 secundum
3134 2334 3462 2401 capitulare,
3515 2332 3663 2403 quod

2086 2425 2235 2479 Vobis
2266 2441 2357 2492 per
2381 2436 2668 2493 przesentes
2699 2435 2902 2476 vestros
2952 2424 3295 2477 ﬁdelissimos
3343 2425 3536 2476 missos
3576 2421 3663 2477 di-

2088 2512 2343 2573 reximus,
2373 2512 2608 2578 exigerc,
2657 2518 2712 2563 et
2759 2511 2915 2562 beato
2959 2510 3115 2562 Petro
3156 2510 3378 2563 reddere
3402 2507 3689 2576 iubeatis;

2088 2600 2224 2654 sicut
2266 2610 2321 2653 et
2364 2610 2541 2652 vestra
2587 2600 2826 2652 continet
2874 2599 3179 2663 promissio,
3210 2609 3264 2651 et
3310 2597 3487 2651 omnia
3539 2610 3665 2662 qua

2089 2688 2247 2741 beato
2278 2687 2457 2751 Petro,
2489 2699 2543 2740 et
2572 2688 2687 2754 ejus
2718 2687 2925 2751 vicariis
2956 2702 3075 2740 cum
3114 2695 3295 2740 vestro
3323 2694 3521 2739 sancta
3548 2700 3664 2739 rne-

2090 2777 2272 2829 moria:
2295 2777 2632 2841 progenitore
2655 2777 2991 2843 promisistis,
3018 2774 3309 2843 adimplere
3331 2774 3623 2843 dignemini
3646 2791 3661 2826 :

2091 2868 2352 2931 quatenus
2394 2863 2759 2916 intercedente
2787 2864 2976 2916 eodem
3009 2864 3251 2930 principe
3296 2863 3664 2931 apostolorum

2093 2955 2379 3021 perfectam
2427 2955 2495 3007 ab
2537 2955 2896 3021 omnipotente
2928 2956 3036 3007 Deo
3083 2954 3136 3006 in
3182 2955 3565 3022 praesentiVita
3606 2964 3664 3007 et

2092 3044 2266 3097 futura
2296 3044 2670 3098 beatitudinem
2699 3044 3017 3111 suscipiatis.
3053 3045 3177 3097 Post
3204 3044 3369 3097 Deum
3404 3044 3439 3097 it
3504 3043 3666 3097 vobis

2092 3133 2343 3187 habemus
2374 3133 2640 3196 fiduciam,
2672 3142 2726 3186 et
2766 3134 2817 3185 in
2849 3144 3023 3186 vestro
3060 3147 3264 3198 amore,
3297 3142 3455 3199 atque
3484 3133 3665 3187 chari-

2090 3220 2214 3272 tatis
2240 3219 2542 3282 dilectione,
2571 3221 2788 3273 firmiter
2810 3234 2979 3287 usque
3004 3219 3070 3272 ad
3095 3220 3327 3271 animam
3361 3228 3415 3273 et
3441 3220 3663 3288 sangui-

2072 3307 2171 3376 ,οἷς
2223 3306 2533 3360 effusionem
2564 3322 2662 3359 una
2696 3322 2815 3359 cum
2867 3308 3118 3360 universo
3150 3307 3345 3373 populo
3376 3321 3663 3371 permane-

2092 3395 2285 3447 bimus.
2311 3394 2513 3447 Tamen
2542 3404 2595 3446 et
2616 3395 2681 3447 de
2711 3395 2809 3448 hoc
2835 3405 2887 3447 et
2910 3395 2977 3447 de
3001 3394 3246 3447 omnibus
3264 3393 3486 3460 justitiis
3517 3393 3662 3447 beati

2092 3479 2253 3540 Petri.
2286 3481 2546 3545 pradictis
2595 3482 2789 3534 vestris
2839 3480 3013 3533 missis
3064 3478 3309 3532 subtilius
3357 3480 3519 3534 locuti
3560 3494 3662 3532 suo

2092 3582 2229 3632 mus,
2261 3580 2435 3621 vestro
2464 3569 2623 3635 regali
2654 3571 2869 3621 culmini
2893 3577 3081 3622 cuncta
3103 3569 3401 3622 enarranda
3431 3590 3443 3621 :
3474 3569 3662 3638 etjam

2092 3658 2228 3710 sicut
2256 3666 2395 3707 terra
2425 3657 2609 3708 sitiens
2658 3658 2881 3709 imbrem
2930 3660 3282 3721 prmstolatur,
3318 3660 3389 3711 ita
3423 3669 3662 3713 vestrum

2092 3747 2373 3807 auxilium,
2405 3756 2458 3798 et
2485 3761 2774 3813 congruum
2804 3746 3050 3799 effectum
3101 3748 3169 3800 de
3198 3747 3394 3800 nostris
3443 3748 3662 3814 petizioo

2094 3833 2246 3885 nihus
2294 3835 2641 3899 postulamus.
2690 3835 2753 3886 Et
2800 3836 2995 3897 videte,
3053 3836 3490 3889 excellentissimi
3537 3836 3662 3903 il‘ii,

2094 3921 2211 3983 quia
2242 3921 2567 3972 obtestamur
2598 3934 2690 3973 vos
2723 3936 2814 3987 per
2865 3922 3195 3974 tremendum
3240 3923 3379 3976 diem
3419 3924 3659 3990 jndicii;

2095 4008 2252 4059 etiam
2301 4007 2483 4059 beatus
2535 4008 2720 4061 Petrus
2748 4022 2840 4081 per
2880 4021 2978 4059 nos
3018 4022 3111 4059 vos
3156 4008 3469 4061 adhortatur
3494 4018 3663 4076 atque

2095 4099 2406 4158 obtestatur,
2461 4107 2517 4147 ut.
2562 4096 2662 4149 sub
2710 4096 2868 4148 nimia
2920 4097 3196 4149 velocitate
3242 4100 3385 4163 ipsas
3420 4098 3663 4163 justitias

2097 4184 2335 4250 ejusdem
2359 4185 2490 4246 prim
2510 4184 2608 4249 ipis
2632 4183 2988 4250 apostolorum
3011 4182 3223 4249 exigere
3242 4198 3271 4234 a
3295 4184 3663 4252 Lougobardis

2024 4308 2076 4367 Β
2096 4272 2351 4339 jubeatis;
2386 4272 2591 4323 fortiter
2618 4286 2710 4323 eos
2737 4286 2855 4322 cum
2889 4271 2979 4322 Dei
3012 4272 3205 4325 virtute
3233 4272 3620 4339 distringente:
3642 4309 3662 4337 ,

2103 4370 2156 4411 ut
2201 4374 2291 4411 sua
2326 4360 2533 4426 propria
2586 4358 2724 4411 idem
2779 4361 3021 4425 princeps
3064 4359 3445 4425 apostolorum.
3496 4366 3662 4426 atque

2099 4463 2275 4508 sancta
2306 4455 2538 4507 Romana
2574 4453 2806 4507 Ecclesia
2836 4452 3072 4519 recipiat.
3120 4450 3249 4505 Nam
3279 4452 3343 4515 si,
3378 4450 3517 4519 quod
3546 4466 3660 4507 non

2097 4543 2386 4608 credimus,
2413 4542 2552 4609 ipsas
2579 4541 2810 4608 justitias
2824 4540 3033 4608 exigere
3052 4537 3412 4608 neglexeritis,
3434 4548 3527 4593 aut
3544 4540 3660 4593 die-

2098 4632 2322 4684 tuleritis
2342 4670 2355 4692 ,
2406 4631 2583 4683 sciatis
2612 4645 2704 4683 vos
2727 4631 2793 4683 de
2841 4630 2959 4682 istis
2988 4628 3246 4681 rationem
3276 4628 3481 4681 fortiter
3522 4636 3659 4682 ante

2099 4718 2320 4771 tribunal
2359 4718 2552 4771 Christi
2578 4720 2748 4772 eidem
2786 4718 3006 4784 principi
3033 4720 3396 4785 apostolorum
3423 4730 3545 4772 esse
3569 4717 3660 4770 fa.

2096 4816 2294 4860 cturos.
2348 4806 2402 4859 Si
2430 4808 2549 4872 quis
2595 4810 2767 4859 autem
2813 4808 2966 4859 vobis
2994 4807 3207 4868 dixerit,
3250 4807 3388 4881 quos!
3414 4805 3656 4874 justitias

2100 4897 2234 4948 beati
2262 4896 2399 4949 Petri
2431 4898 2734 4963 recipimus,
2766 4910 2857 4949 vos
2881 4897 2986 4949 ullo
3013 4896 3168 4948 modo
3192 4896 3241 4950 ei
3268 4910 3373 4949 non
3398 4894 3650 4952 credatis.

2101 4986 2235 5040 Deus
2264 4995 2436 5039 autem
2467 4988 2801 5051 omnipotens
2825 4998 2917 5037 sua
2942 4999 3035 5037 vos
3066 4983 3280 5037 dextera
3309 4993 3565 5052 protegat,
3592 4992 3656 5038 et

2099 5074 2369 5126 victoriam
2404 5073 2552 5125 vobis
2599 5074 2665 5125 de
2692 5072 2829 5126 corio
2850 5072 3063 5133 tribuat,
3096 5084 3355 5137 suumque
3398 5076 3654 5143 angelum

2100 5172 2220 5214 ante
2252 5161 2439 5214 faciem
2473 5170 2704 5214 vestram
2758 5161 2952 5223 mittat,
3005 5159 3094 5227 qui
3138 5175 3233 5213 vos
3261 5160 3549 5227 praecedat,
3590 5170 3659 5218 es

2102 5249 2337 5302 inimicos
2365 5258 2569 5302 vestros
2601 5264 2778 5300 coram
2825 5248 3015 5303 vestris
3058 5257 3362 5315 prosternat
3386 5245 3654 5313 vestigiis.

2102 5347 2258 5404 atque
2280 5351 2306 5387 a
2339 5337 2444 5388 Deo
2472 5336 2691 5388 instituti
2719 5337 2864 5403 regni
2893 5336 3052 5388 vestri
3084 5333 3339 5388 terminos
3368 5333 3574 5399 dilatet,
3596 5344 3661 5390 et

2104 5426 2345 5493 prresenti
2379 5440 2538 5493 regno
2584 5425 2891 5491 longmviter
2919 5438 2981 5480 ac
3010 5436 3262 5493 prospere
3290 5424 3663 5491 gubernacula

2105 5512 2296 5580 perfrui
2325 5511 2503 5577 faciat,
2525 5514 2682 5566 etiam
2706 5522 2759 5565 et
2790 5522 2907 5580 post
2933 5511 3087 5579 hujus
3107 5512 3229 5567 vita:
3256 5510 3666 5578 longaevitatexn
