3910 6234
266 238 402 291 {253
1262 249 1522 303 ΝΟΤΙΤΙᾹ
1566 254 1627 303 ΙΝ
1666 254 1764 307 STI

1865 259 2063 314 lANUil
2098 264 2316 322 ΡΑΡΛΙΙ
2360 269 2438 326 ΙΙΙ.

256 350 491 401 celestis
517 348 663 401 vobis
689 363 847 417 regna
879 366 968 418 per
993 353 1192 406 inlinlta
1225 358 1416 408 tribuat
1438 362 1626 411 sa-cula
1656 375 1787 425 pos-

255 435 494 488 sidenda.

3262 290 3285 343 ί
3296 290 3395 344 ’254

1814 368 1859 419 Α
1893 366 2344 435 Longobardorum
2392 384 2547 441 gente
2598 380 2887 447 polluatur;
2934 396 3050 455 qua:
3097 394 3145 445 in
3178 410 3393 452 numero

774 525 799 553 ⁸
833 524 1149 580 EPISTOLA
1186 529 1270 583 IV.

252 620 506 681 ιτμδιιηι
544 622 687 662 ΡΔΡΒ
729 624 783 662 ΠΙ
841 628 905 664 AD
958 628 1191 667 ωιιοιυιι
1258 633 1321 668 ετ
1373 634 1780 676 ελιιοιοιιλκηυι

932 696 1107 734 BEGES.

255 759 452 833 Uenite
481 772 687 812 conatur
712 764 1019 828 dissuadere,
1052 783 1109 818 ne
1136 770 1258 819 alter
1277 772 1496 833 ipsorum
1538 774 1781 827 Desiderii

324 829 481 891 ﬁliam
530 844 732 880 uxorem
779 833 943 890 ducat,
977 850 1088 883 »τρυε
1133 829 1348 887 sororem
1383 854 1523 891 suam
1567 839 1779 894 Cisilam
1822 862 1827 865 τ

328 895 571 945 Desiderii
601 897 705 959 ﬁlio
734 896 921 948 elocent
950 901 999 949 in
1027 904 1413 955 matrimonium.

327 978 563 1032 Dominis
592 983 1051 1037 excellentissimis
1098 989 1213 1040 ﬁliis
1239 988 1428 1042 Carolo
1469 1003 1521 1044 et
1562 991 1778 1048 Carolo-

252 1078 450 1117 manno
479 1068 690 1133 regibus
712 1068 1051 1133 Francorum,
1080 1084 1129 1124 et
1153 1079 1382 1139 patriciis
1403 1080 1773 1147 Romanorum,

194 1160 219 1204 ς
245 1151 550 1217 Stephanus
570 1169 721 1221 papa.

316 1235 450 1288 Dum
478 1240 712 1292 omniunt
753 1244 1037 1296 eleCtorum
1079 1246 1169 1299 Dei
1199 1250 1512 1317 pimcipuam
1538 1255 1693 1307 vitam
1721 1264 1774 1309 et

246 1322 404 1391 digna
434 1339 648 1390 operum
693 1332 875 1381 merita
921 1332 970 1382 in
1000 1345 1230 1386 nostrain
1262 1344 1567 1392 memoriam
1600 1346 1770 1396 revol-

244 1408 438 1470 vimus,
472 1412 765 1465 invenimus
792 1415 1025 1480 profecto
1052 1420 1189 1472 nulla
1211 1436 1300 1475 eos
1332 1426 1564 1490 potuisse
1598 1429 1773 1493 quali-

246 1494 370 1545 tatis
420 1494 721 1550 diversitate
768 1500 831 1550 ab
859 1514 1039 1553 eorum
1069 1506 1241 1557 cordis
1278 1516 1413 1559 statu
1458 1521 1510 1562 et
1557 1513 1770 1575 pristina

246 1582 549 1646 sponsionis
578 1588 871 1638 constantia
903 1592 1153 1643 amoveri.
1187 1592 1333 1647 Unde
1361 1604 1413 1647 et
1447 1598 1605 1649 variis
1633 1602 1768 1651 anti-

246 1669 339 1731 qui
372 1668 540 1720 hostis
565 1673 900 1727 suasionibus
940 1690 999 1727 ac
1047 1677 1417 1733 blandimentis
1445 1685 1767 1737 circumval-

242 1752 363 1813 lati,
419 1759 767 1811 Immutabiles
808 1758 860 1812 in
907 1774 1030 1835 suae.
1066 1766 1520 1821 mentislirmitate
1562 1780 1769 1823 constat

248 1845 624 1908 permansisse,
656 1855 709 1896 et
737 1846 804 1898 ob
852 1847 951 1900 hoc
986 1864 1103 1902 cum
1137 1853 1398 1919 triumpho
1428 1857 1656 1908 victoria!
1702 1858 1766 1910 ad

243 1937 424 1993 optata
474 1930 768 1996 pertingere
817 1946 1119 1988 meruerunt
1158 1938 1362 2003 gaudia.
1417 1939 1481 1991 Et
1524 1942 1765 1995 nimirum

240 2013 687 2068 considerandum
720 2027 803 2070 est
824 2020 942 2085 quia
963 2023 1005 2073 si
1033 2024 1146 2089 quis
1174 2026 1482 2091 quibusdam
1511 2029 1766 2081 suasioni.

238 2102 341 2155 bus
374 2103 690 2156 demulcitus
720 2108 887 2159 victus
918 2108 1092 2171 fuerit,
1124 2125 1150 2159 a
1185 2121 1327 2163 recto
1354 2113 1628 2166 confestim
1659 2124 1767 2168 tra-

238 2191 392 2256 mite,
426 2192 510 2258 qui
540 2192 686 2245 ducit
708 2196 770 2245 ad
804 2195 961 2247 vitam
993 2209 1263 2260 aeternam,
1304 2215 1394 2265 per
1424 2204 1639 2269 abrupta
1658 2204 1765 2255 'de-

231 2277 441 2330 clinans
476 2279 687 2332 deviare
729 2284 1024 2345 contendat,
1074 2295 1128 2336 ut
1172 2302 1235 2337 ex
1282 2287 1452 2339 ltociu
1488 2290 1767 2355 proclivem

232 2368 514 2422 delabatur
543 2385 751 2423 noxam.
784 2371 910 2424 Nam
940 2375 1241 2443 plerumque
1282 2387 1480 2430 certum
1523 2391 1603 2431 est
1646 2381 1765 2446 quia

230 2455 377 2509 idem
400 2458 641 2522 antiquos
672 2460 833 2511 hostis
861 2476 951 2526 per
977 2462 1235 2515 iulirmam
1266 2474 1502 2518 naturam
1538 2469 1765 2521 ﬁdelium

231 2556 444 2599 mentes
470 2546 745 2613 subripere
774 2548 974 2601 nititur.
1010 2550 1139 2603 Hinc
1168 2564 1246 2604 est
1286 2556 1425 2605 enim
1454 2556 1590 2621 quod
1640 2557 1764 2607 olim

234 2632 407 2696 primo
442 2633 637 2685 homini
682 2633 735 2685 in
766 2636 1008 2700 paradiso
1038 2640 1317 2691 constituto
1364 2656 1453 2703 per
1503 2642 1764 2693 inlirmam

230 2718 471 2769 .nulieris
511 2729 748 2772 naturam
790 2721 1052 2787 pestiferis
1100 2726 1262 2776 valuit
1294 2728 1515 2784 suadere
1558 2730 1762 2781 blandi-

228 2805 449 2865 mentis,
478 2798 713 2857 divinum
771 2809 1065 2875 transgredi
1107 2811 1525 2871 mandatumyet
1569 2814 1635 2865 ob
1666 2815 1765 2867 hoc

1887 457 2115 517 gentium
2158 474 2481 529 nequaquam
2527 479 2873 534 computatur,
2898 473 2964 524 de
3008 477 3152 544 cujus
3178 484 3391 537 natione

1883 548 1934 589 et
1964 541 2282 603 leprosoruut
2307 562 2467 612 genus
2496 553 2622 604 oriri
2643 566 2839 608 certum
2868 561 2983 611 est?
3010 541 3191 618 Nullus
3218 571 3381 633 enim,
3444 576 3453 581 ’

1883 628 1969 689 qui
2001 638 2225 682 mentem
2254 647 2436 686 sanam
2467 636 2639 701 habet,
2668 643 2766 694 hoc
2794 644 2874 695 vel
2916 649 3164 711 suspicari
3197 628 3383 719 potest,

1879 723 1935 765 ut
1963 718 2091 770 tales
2134 721 2529 779 nominatissimi
2558 743 2708 795 reges
2738 740 2877 784 tanto
2908 737 3192 789 detestabili
3233 749 3385 806 atque

1876 804 2208 861 abominabili
2237 812 2480 876 contagio
2508 815 2855 880 implicentur.
2902 821 3192 885 Qua'enim
3222 804 3387 879 socie-

1828 938 1837 949 ,
1878 900 1953 942 tas
1982 892 2078 944 luci
2125 895 2187 946 ad
2228 897 2491 962 tenebras,
2531 910 2619 953 aut
2644 918 2757 967 qua:
2788 920 2903 970 pars
2946 907 3081 961 ﬁdeli
3111 924 3227 961 cum
3265 912 3384 964 inll-

1874 980 2013 1031 tieli?
2042 981 2263 1044 Etenim,
2294 983 2553 1039 mitissimi
2585 999 2637 1041 et
2663 1004 2691 1041 a
2721 991 2826 1043 Deo
2867 992 3084 1046 instituti
3118 997 3384 1063 benignis-

1872 1068 1987 1119 simi
2026 1069 2316 1136 reges,'jam
2367 1071 2453 1124 Dei
2494 1074 2752 1128 voluntate
2801 1087 2851 1128 et
2889 1080 3104 1131 consilio
3150 1082 3389 1155 ronjugio

1873 1154 2097 1219 legitimo
2147 1170 2213 1208 ex
2269 1161 2611 1223 praeceptione
2654 1164 2899 1229 genitoris
2948 1168 3101 1218 vestri
3156 1172 3380 1233 copulati

1872 1241 2018 1301 estis,
2053 1240 2381 1307 accipientes,
2429 1243 2563 1296 sicut
2593 1248 2821 1310 praeclari
2868 1257 2921 1301 et
2946 1251 3247 1305 nobilissimi
3292 1270 3381 1306 re-

1869 1341 1982 1392 ges,
2002 1327 2069 1378 de
2097 1328 2275 1381 eadem
2302 1339 2471 1383 vestra
2500 1335 2680 1397 patria,
2717 1333 2914 1386 scilicet
2941 1350 3003 1388 ex
3038 1338 3145 1403 ipsa
3172 1339 3383 1392 nobilis-

1868 1413 1999 1463 sima
2029 1409 2349 1465 Francorum
2399 1425 2573 1480 gente,
2601 1416 2975 1482 pulcherrimas
3010 1420 3275 1487 coniuges,
3329 1433 3381 1474 et

1876 1512 2053 1551 earum
2085 1513 2177 1552 vos
2202 1510 2406 1566 oportet
2426 1506 2587 1553 amori
2610 1516 2727 1555 esse
2754 1516 3006 1557 annexus.
3037 1505 3103 1558 Et
3125 1516 3265 1559 certe
3290 1522 3381 1558 vo—

1872 1584 1953 1636 bis
1977 1600 2078 1637 non
2101 1587 2219 1637 licet
2247 1588 2324 1639 eis
2349 1587 2582 1641 dimissis
2602 1589 2730 1640 alias
2754 1589 2945 1642 ducere
2968 1604 3172 1655 uxores,
3197 1593 3275 1644 vel
3299 1608 3383 1645 ει-

1874 1679 2065 1722 tranea:
2097 1673 2323 1723 nationis
2350 1674 2792 1737 consanguinitate
2837 1675 3139 1728 immisceri.
3166 1676 3381 1729 Etenim

1868 1757 2039 1809 nullus
2085 1772 2150 1811 ex
2203 1760 2386 1811 vestris
2439 1761 2761 1825 parentibus,
2812 1760 3013 1814 scilicet
3055 1776 3222 1828 neque
3257 1775 3385 1815 avus

1865 1852 2061 1905 vester,
2097 1858 2263 1911 neque
2309 1858 2553 1911 proavus,
2599 1846 2691 1898 sed
2739 1860 2836 1899 nec
2864 1856 3032 1899 vester
3066 1850 3285 1914 genitor,
3318 1863 3384 1902 ex

1864 1932 1973 1984 alio
2004 1947 2190 1999 regno,
2224 1933 2307 1985 vel
2335 1942 2580 1985 extranea
2606 1935 2816 1985 natione
2842 1934 3112 2001 cunjugem
3144 1936 3340 2000 accepit
3366 1951 3382 1988 :

1865 2027 1922 2074 et
1965 2021 2083 2086 quis
2116 2033 2181 2070 ee
2225 2027 2400 2070 vestro
2433 2017 2758 2070 nobilissimo
2802 2033 2995 2083 genere
3038 2032 3095 2071 se
3134 2020 3385 2074 contami-

1872 2118 2018 2167 nare,
2050 2114 2137 2154 aut
2168 2105 2509 2156 commiscere
2538 2118 2667 2177 cum,
2689 2104 2895 2156 horrida
2929 2104 3382 2170 Longobardorum

1867 2201 2021 2256 gente
2055 2192 2297 2256 dignatus
2348 2198 2446 2251 est,
2472 2200 2528 2241 ut
2579 2204 2717 2241 nunc
2771 2205 2862 2241 vos
2906 2192 3213 2254 suademiui,
3246 2192 3378 2258 quod

1865 2287 2066 2342 avertat
2098 2278 2363 2335 Dominus,
2399 2279 2577 2329 eadem
2611 2276 2850 2330 horribili
2878 2288 3027 2343 gente
3058 2278 3253 2344 pollui?
3281 2279 3383 2331 ila-

1866 2380 1966 2432 que
1995 2367 2165 2417 nullus
2199 2376 2389 2417 extera:
2419 2365 2586 2431 gentis
2610 2376 2874 2441 assumpta
2901 2368 3121 2431 conjuge
3147 2366 3385 2431 innoxius

1867 2452 2589 2521 perseveravit»Advertite,
2634 2466 2828 2517 quaeso,
2884 2452 3061 2518 quanti
3100 2456 3384 2519 qualesque

1865 2548 2104 2606 potentes
2155 2553 2245 2604 per
2298 2539 2588 2603 alienigena
2627 2538 2863 2604 conjugia
2896 2553 2923 2588 a
2971 2541 3246 2605 prmceptis
3291 2538 3386 2593 Dei

1863 2625 2209 2683 declinantes,
2261 2631 2316 2674 et
2359 2638 2567 2675 suarum
2615 2634 2891 2689 sequentes
2945 2637 3158 2675 uxorum
3200 2625 3388 2677 alienat

1866 2712 2040 2779 gentis
2091 2714 2412 2764 Voluntatem
2458 2712 2639 2763 validis
2695 2712 2865 2763 innexi
2918 2712 3237 2778 excessibus,
3286 2714 3389 2766 im-

1865 2816 2042 2853 mensa
2073 2804 2333 2868 pertulere
2358 2801 2681 2852 discrimina.
2716 2799 2931 2866 impium
2954 2802 3089 2852 euint
3118 2811 3202 2854 est
3229 2811 3285 2853 ut
3307 2802 3387 2855 vel

227 2889 363 2939 dine
414 2891 595 2941 mortis
637 2890 863 2944 humano
906 2896 1082 2959 generi
1134 2897 1339 2961 irrepsi;
1377 2899 1653 2952 excidium,
1696 2903 1761 2953 [ει
1786 2916 1831 2978 c
1866 2892 2074 2955 penitus
2095 2889 2283 2939 vestris
2302 2886 2548 2939 ascendat
2576 2887 2820 2939 cordibus
2844 2888 2972 2938 alias
2995 2889 3231 2954 accipere
3258 2903 3387 2941 uxo-

234 2972 381 3031 ideo.
418 2976 885 3041 praecellentissimi
920 2983 1032 3041 lilii,
1066 2983 1233 3047 magni
1264 2998 1431 3051 reges,
1462 2994 1603 3037 tanto
1645 2997 1753 3039 stu-

223 3059 435 3113 diosius
457 3063 690 3127 ejusdem
722 3066 974 3119 moliniiui
1002 3069 1346 3121 rESistcttdttm
1373 3083 1473 3132 est,
1498 3088 1562 3125 ne
1583 3089 1762 3139 quem-

224 3162 390 3214 quam
420 3151 527 3199 suis
552 3150 754 3202 irretire
782 3153 952 3203 valeat
1002 3157 1337 3220 argumentis,
1372 3167 1565 3222 quanto
1593 3162 1760 3212 cerni-

228 3250 351 3286 mus
393 3236 503 3287 suis
534 3239 721 3290 crebro
764 3240 972 3307 insidiis
1020 3242 1084 3293 ad
1116 3243 1479 3309 decipiendum
1530 3248 1759 3299 lidelium

222 3324 393 3377 corda
422 3326 681 3378 insistere.
718 3327 894 3394 Itaque
939 3339 1133 3382 nostra:
1162 3333 1413 3397 perlatum
1454 3344 1534 3385 est
1564 3335 1759 3387 notinui

224 3412 374 3479 quod
406 3423 547 3465 certe
578 3428 693 3466 cum
726 3431 915 3481 magno
948 3417 1122 3470 cordis
1148 3419 1327 3471 dolore
1356 3422 1598 3487 dicimus,
1622 3424 1759 3489 quod

233 3497 544 3551 Desiderius
590 3500 1050 3567 Langobardorum
1098 3518 1185 3556 rex
1213 3517 1398 3557 vestra:
1445 3512 1759 3571 persuadere

231 3590 563 3655 dignoscitur
603 3592 947 3654 excelle-utimr,
988 3608 1131 3644 suam
1175 3594 1328 3645 filiam
1363 3596 1448 3645 uni
1482 3611 1547 3647 ex
1594 3609 1760 3648 testra

225 3675 567 3732 fraternitate
600 3681 650 3732 iu
678 3684 943 3733 connubio
970 3682 1215 3748 conulare
1244 3700 1253 3731 :
1281 3682 1416 3747 quod
1446 3691 1588 3735 certe
1616 3685 1658 3734 si
1691 3687 1758 3735 ita

228 3774 349 3825 est,
381 3766 491 3817 iure
522 3768 732 3832 praprie
758 3767 1012 3819 diabolica
1039 3779 1114 3820 est
1138 3769 1409 3833 imtnissio,
1439 3780 1489 3821 et
1530 3786 1629 3821 non
1657 3781 1758 3822 tam

232 3855 560 3905 tttatritnonii
593 3857 917 3920 conjunctio,
947 3858 1037 3908 sed
1068 3860 1388 3909 consortium
1430 3859 1761 3925 nequissima:

226 3942 623 3994 adiuventionis
662 3957 781 3995 esse
807 3944 1030 3995 videtur.
1063 3945 1519 4008 Quoniamplures
1548 3960 1760 4008 compe-

229 4029 424 4095 rimus,
458 4030 591 4084 sicut
620 4031 810 4084 diviute
856 4033 1137 4098 Scriptura:
1171 4032 1385 4083 historia
1437 4032 1756 4093 instruimur,

228 4132 330 4183 per
357 4119 471 4171 alia:
501 4119 731 4171 nationis
763 4119 1008 4185 injustam
1042 4121 1279 4184 copulant
1324 4134 1351 4170 a
1384 4121 1637 4172 mandatis
1668 4121 1756 4172 Dei

1866 2990 1949 3029 res
1988 2990 2143 3043 super
2172 2990 2261 3028 eas
2309 2991 2438 3042 quas
2470 2978 2711 3042 primitus
2754 2992 2843 3029 vos
2874 2988 3070 3030 certum
3116 2990 3195 3033 est
3236 2994 3389 3033 arce-

1866 3065 2028 3127 pisse.
2076 3063 2189 3116 Non
2222 3063 2373 3115 vobis
2402 3066 2649 3115 convenit
2686 3064 2788 3115 tale
2819 3078 3067 3130 peragere
3105 3067 3271 3128 nefas,
3300 3065 3389 3133 qtti

1863 3151 2028 3215 legem
2059 3149 2147 3202 Dei
2180 3149 2387 3221 tenetis,
2422 3157 2474 3201 et
2498 3149 2633 3200 alios
2662 3134 2727 3201 ne
2757 3151 2876 3201 talia
2904 3158 3058 3215 agant
3083 3153 3383 3217 corripitis:

1865 3237 1978 3289 haec
2006 3238 2195 3303 quippe
2227 3250 2440 3301 pagana:
2466 3245 2647 3301 gentes
2675 3238 2887 3290 iaciunt.
2919 3230 3047 3290 Nam
3073 3239 3208 3292 absit
3236 3240 3336 3293 hoc
3357 3257 3388 3295 a

1861 3323 2032 3384 vobis,
2064 3323 2150 3389 qui
2184 3320 2395 3387 perfecti
2440 3324 2567 3374 estis
2596 3322 2899 3385 Christiani,
2931 3334 2985 3376 et
3011 3338 3140 3390 gens
3184 3336 3386 3387 sancta,

1862 3418 2016 3473 atque
2047 3410 2215 3475 regale
2241 3408 2368 3461 estis
2389 3410 2757 3462 sacerdotium.
2785 3410 3147 3464 Recordatnini
3178 3420 3231 3465 et
3257 3427 3387 3466 cou-

1863 3502 2094 3551 siderate
2118 3499 2236 3564 quia
2266 3501 2383 3550 oleo
2410 3498 2549 3551 uncti
2584 3514 2675 3563 per
2706 3513 2884 3550 manus
2913 3499 3088 3552 vicarii
3119 3499 3255 3553 beati
3284 3502 3387 3553 Pe-

1866 3593 1954 3655 tri,
2005 3594 2211 3645 caelesti
2262 3592 2630 3645 benedictione
2674 3594 2800 3645 estis
2832 3595 3138 3647 sanctificati
3170 3605 3261 3648 :et
3296 3610 3390 3649 ca-

1861 3682 2087 3731 vendum
2141 3680 2293 3731 vobis
2321 3687 2419 3740 est,
2455 3694 2519 3732 ne
2566 3680 2718 3731 tantis
2748 3682 2976 3733 reatibus
3025 3682 3377 3747 implicemini.

1862 3770 2175 3821 Mementote
2221 3769 2317 3819 hoc
2338 3807 2350 3829 ,
2383 3767 2846 3833 praeeelientissirni
2874 3770 2984 3831 lilii,
3013 3770 3147 3835 quod
3190 3782 3387 3825 sanctae

1864 3856 2247 3909 recordationis
2275 3855 2627 3919 prmdecessnr
2649 3865 2826 3907 noster
2846 3856 3064 3908 domnus
3092 3856 3387 3924 Stephanus

1860 3958 1987 4010 papa
2032 3942 2484 3997 excellentissima:
2532 3944 2802 3995 memoria:
2828 3943 3117 4009 genitorem
3152 3954 3385 3999 vestrum

1866 4033 2161 4084 obtestatus
2214 4039 2313 4093 est,
2366 4038 2421 4080 ut
2464 4043 2786 4095 nequaquam
2829 4040 3167 4095 prmsumeret
3212 4032 3389 4087 dimit-

1866 4127 1972 4171 tere
2001 4120 2263 4169 dominam
2293 4126 2345 4169 et
2374 4118 2676 4183 genitricem
2706 4122 2961 4181 vestram,"
2988 4128 3039 4169 et
3078 4118 3208 4183 ipse,
3249 4120 3387 4172 sicut

227 4202 472 4268 deviare,
508 4216 559 4257 et
600 4206 649 4256 iu
692 4219 882 4271 magno
929 4206 1196 4257 devolutOs
1226 4205 1476 4258 facinore.
1524 4206 1653 4273 Qua:
1679 4217 1760 4259 est
1791 4210 1837 4267 ι)
1867 4222 2046 4259 revera
2075 4204 2557 4256 Christianissimus
2592 4218 2703 4265 rex,
2741 4202 2855 4268 ejus
2882 4203 3155 4255 salutiferis
3185 4204 3389 4257 obtem-

227 4294 399 4357 enim,
430 4292 900 4359 prmcciientissitui
930 4294 1045 4353 lilii,
1079 4292 1250 4357 magni
1280 4306 1450 4358 reges,
1478 4294 1599 4349 talis
1624 4294 1761 4344 desi-

229 4379 448 4445 pientia,
476 4387 531 4430 ut
560 4381 763 4444 penitus
788 4380 865 4431 vel
893 4380 996 4431 dici
1031 4381 1205 4440 liceat,
1232 4380 1368 4446 quod
1413 4388 1586 4435 vestra
1627 4393 1761 4445 prte-

227 4470 375 4523 clara
406 4469 720 4523 Francorum
744 4483 892 4535 gens,
920 4482 1035 4535 qusc
1062 4483 1217 4534 super
1244 4482 1424 4519 omnes
1446 4477 1625 4534 gentes
1646 4470 1760 4519 eni-

233 4567 337 4617 tet,
368 4565 419 4609 et
447 4566 547 4607 tam
576 4555 883 4620 splendillua
910 4568 969 4605 ac
999 4555 1318 4617 nobilissima
1357 4555 1544 4619 regalis
1573 4562 1762 4607 vestra:

231 4646 478 4712 potentia:
511 4645 703 4710 proles,
732 4644 951 4709 perlida,
981 4642 1121 4709 quod
1150 4641 1307 4706 absit,
1335 4657 1394 4694 ac
1423 4641 1760 4692 letentissima

306 4786 329 4810 ι
360 4774 557 4825 Habent
590 4774 802 4825 annales
842 4774 1182 4831 Francorum,
1214 4788 1349 4824 anno
1399 4773 1761 4837 Redemptoris

234 4844 397 4893 nostri
417 4842 821 4906 570,contigisse
840 4844 1151 4893 connubiqu
1170 4843 1301 4893 inter
1312 4840 1552 4891 Carolnm
1568 4856 1614 4889 et
1641 4846 1761 4891 Ber-

234 4920 368 4962 tram
412 4911 566 4961 iiiiaut
608 4909 857 4961 Desiderii
908 4910 1041 4976 regis
1099 4910 1555 4976 lmngnbardorum
1586 4924 1594 4956 :
1623 4907 1757 4971 apud

233 4975 531 5029 Aitnniuum
555 4979 692 5029 enim
739 4978 831 5027 ista
876 4978 1147 5044 leguntur:
1179 4977 1420 5027 Bertruda
1452 4991 1561 5025 wro
1602 4986 1761 5044 mater

234 5060 406 5111 regunt
444 5060 556 5095 cum
604 5043 969 5111 Carolomanno
1012 5048 1200 5095 minore
1219 5046 1325 5108 ﬁlio
1351 5047 1485 5107 apud
1529 5043 1760 5111 §nlutias

235 5108 421 5173 laertia,
458 5114 592 5178 pacis
614 5128 764 5162 causa
796 5116 845 5161 in
878 5110 1078 5162 Italiam
1119 5114 1465 5177 proﬁciscitur.
1518 5108 1756 5160 Peracto-

234 5196 328 5241 que
350 5190 547 5247 propter
570 5181 701 5247 quod
730 5179 851 5230 illuc
872 5189 1063 5231 verterat
1098 5180 1289 5247 negotio
1312 5186 1448 5238 (nam
1473 5189 1672 5244 preptrr

210 5249 354 5300 liam
398 5245 639 5300 Drsiderii
683 5251 812 5315 regis
858 5245 1295 5314 Langobardorum
1334 5251 1661 5307 expetendum
1708 5245 1759 5295 in

236 5317 603 5382 matrimonium
655 5317 759 5379 ﬁlio
804 5331 891 5367 suo
939 5316 1042 5382 regi
1106 5315 1285 5366 Carolo
1336 5318 1479 5375 ierat)
1535 5315 1759 5363 adoratis

244 5387 381 5435 :tiam
423 5381 592 5448 Romae
619 5387 900 5435 sanctorum
930 5381 1268 5448 apostolorum
1304 5383 1573 5441 liminibus,
1601 5383 1666 5428 ad
1695 5382 1756 5443 ﬁ-

236 5458 330 5507 lios
373 5455 422 5503 in
465 5447 682 5502 Galliam
731 5447 983 5503 revertitur
1057 5452 1174 5505 Huic
1222 5450 1508 5503 Aituoinus.
1562 5450 1752 5501 Eadem

1866 4292 2065 4357 peravit
2090 4290 2324 4342 monitis.
2358 4289 2482 4339 Nam
2512 4298 2564 4339 et
2608 4288 2732 4339 illud
2771 4286 3124 4340 excellentiam
3158 4298 3385 4341 vestram

1862 4389 2068 4446 Oportet
2096 4377 2421 4436 meminisse,
2469 4376 2536 4425 ita
2562 4388 2654 4427 vos
2684 4375 2833 4427 beato
2872 4385 2923 4427 ct
2954 4375 3168 4441 prmfato
3195 4376 3388 4430 vicario

1861 4468 1995 4532 ejus,
2024 4465 2103 4515 vel
2132 4464 2241 4528 ejus
2273 4460 2666 4513 successoribus
2694 4462 3053 4526 spopondisse,
3082 4463 3264 4515 amicis
3293 4479 3388 4515 no-

1862 4553 1983 4605 stris
2015 4552 2207 4603 amicos
2240 4564 2375 4611 esse,
2404 4557 2455 4600 et
2483 4548 2707 4599 inimicis
2737 4548 3000 4611 inimicos,
3049 4549 3181 4600 sicut
3207 4557 3258 4600 et
3289 4562 3387 4601 nos

1864 4645 1916 4696 in
1963 4642 2142 4695 eadem
2188 4640 2479 4704 Speusioue
2528 4637 2745 4687 firmiter
2792 4636 3146 4701 dignoscimur
3182 4650 3387 4702 perma-

1864 4776 2170 4840 Eginhartns
2210 4770 2340 4833 (sive
2380 4769 2491 4833 ejus
2522 4769 2934 4840 continuatornex
2966 4768 3258 4840 vulgaribus
3277 4784 3381 4840 an-

1863 4834 2053 4896 ualiitnt
2102 4840 2414 4891 Francorum
2448 4837 2725 4901 periocliis)
2759 4835 2807 4885 in
2838 4834 2946 4886 Vita
2976 4836 3165 4885 Caroli.
3198 4834 3379 4887 Fuisse

1863 4913 2069 4964 eosdem
2095 4910 2356 4958 voluntate
2379 4905 2603 4967 parentis
2621 4904 2844 4953 defuncti
2868 4903 3085 4953 aliarum
3117 4902 3383 4953 connubio

1862 4981 2145 5029 destinatos
2176 4985 2227 5025 et
2252 4974 2543 5045 copulatus,
2561 4971 2786 5045 indicat
2812 4969 3041 5045 pontifex
3083 4971 3382 5045 paulopist

1864 5050 2059 5097 initium
2092 5045 2170 5093 bis
2198 5042 2362 5094 verbis
2387 5058 2399 5091 :
2427 5040 2641 5100 Etenim,
2680 5038 2925 5087 mitissimi
2954 5048 2999 5085 et
3029 5052 3060 5084 ο
3106 5038 3205 5085 Dea
3240 5038 3378 5085 insti-

1863 5118 1953 5165 tuti
1978 5110 2309 5177 benignissimi
2354 5126 2510 5176 reges,
2536 5106 2767 5182 jam_l)ei
2803 5108 3050 5182 voluntate
3079 5114 3121 5153 et
3145 5106 3381 5182 consilio,

1860 5175 2096 5250 conjngio
2117 5175 2418 5250 legitima}:
2440 5175 2765 5250 prmceplione
2794 5175 3028 5249 genitoris
3058 5175 3200 5221 reitri
3230 5187 3385 5250 copti»

1862 5239 2117 5304 lati'eitis.
2162 5239 2269 5298 ἵεις.
2324 5244 2598 5294 Dissuadet
2646 5239 3128 5308 ergamconjugiuttt
3165 5239 3389 5300 maritis,

1863 5318 2106 5369 uxoribus
2130 5314 2236 5381 jam
2282 5322 2400 5381 ante
2426 5307 2733 5381 destinatis;
2778 5307 2907 5359 Vide
2949 5307 3222 5357 iiarouium
3253 5317 3391 5355 anno

1862 5387 1960 5439 570
1990 5379 2195 5453 numf8
2222 5393 2270 5433 et
2306 5380 2384 5431 Η.
2421 5379 2594 5429 Βικιυς
