3910 6234
450 274 582 324 195⁵5

1675 260 2071 320 5ΪΕΡ11ᾹΝυ5
2111 260 2282 315 PAPA
2327 259 2413 313 Ill.

3508 250 3644 324 testi

445 399 593 436 nere.
621 381 684 433 Et
712 380 971 447 quomodo
998 391 1134 430 nunc
1161 384 1345 429 contra
1375 371 1578 427 animas
1601 385 1802 428 vestras
1835 386 1991 438 agere
2022 373 2070 430 Α
2095 383 2234 435 sunt,
2267 382 2318 426 et
2342 372 2480 425 caelo
2508 385 2569 425 ac
2601 379 2737 425 terra
2773 371 2966 442 ligandi
2985 371 3346 444 "solvendique
3386 391 3642 435 concessa

446 468 782 528 contenditis,
818 476 868 517 et
912 479 1028 516 cum
1064 465 1258 516 nostris
1298 462 1528 514 inimicis
1567 461 1991 526 conjunctionem

446 556 622 610 facere
648 555 822 616 vultis,
845 555 970 606 dum
994 553 1100 618 ipsa
1130 552 1336 618 perjura
1369 549 1833 614 Longobardorum
1861 561 1990 614 gens

446 659 656 710 semper
706 643 982 694 ecclesiam
1030 640 1123 692 Dei
1175 648 1559 704 expugnantes,
1611 646 1664 688 et
1714 638 1848 688 hanc
1896 649 1991 687 no-

449 747 614 790 stram
663 736 1016 788 Romanorum
1060 731 1380 796 provinciam
1412 728 1764 798 invadentes,
1825 726 1988 779 nostri

451 839 570 878 esse
597 824 1013 888 comprobantur
1041 819 1278 872 inimici?
1307 819 1484 884 Itaque
1521 827 1573 870 et
1608 817 1727 881 hoc,
1760 826 1899 882 peto,
1927 812 1992 866 ad

448 913 606 969 vestri
654 913 851 965 referre
901 910 1110 963 studete
1157 906 1491 966 memoriam,
1539 919 1604 958 eo
1648 903 1808 972 quod,
1868 903 1989 953 dum

446 1003 822 1058 Constantinus
854 1001 1137 1066 imperator
1161 997 1421 1049 nitebatur
1450 993 1765 1060 persuadere
1797 999 1990 1043 sancta:

450 1091 718 1145 memoritn
743 1087 1016 1140 mitissimo
1047 1094 1220 1136 vestro
1258 1083 1504 1150 genitori,
1532 1082 1596 1133 ad
1628 1078 1990 1144 accipiendum

391 1187 393 1189 ’
457 1177 700 1245 conjugio
742 1175 831 1226 lilii
863 1174 939 1225 sui
989 1185 1291 1238 germanam
1333 1178 1560 1221 vestram
1608 1166 1990 1219 nobilissimam

461 1265 704 1324 Gisilam,
748 1276 919 1326 neque
952 1274 1044 1311 vos
1071 1259 1157 1311 alii
1189 1257 1381 1310 nationi
1413 1257 1570 1308 licere
1598 1255 1853 1320 copulari,
1898 1252 1991 1306 sed

459 1369 557 1408 nec
605 1363 784 1405 contra
829 1350 1146 1400 voluntatem
1187 1345 1481 1414 apostolica:
1519 1344 1658 1416 sedis
1689 1341 1988 1409 pontificum

456 1441 821 1513 quoquomodo
869 1455 961 1492 vos
987 1439 1176 1491 audere
1203 1451 1462 1504 peragere.
1498 1435 1562 1487 Et
1590 1450 1744 1500 quam
1778 1434 1845 1486 ob
1865 1448 1993 1485 cau-

459 1547 568 1586 sam
601 1536 741 1584 'nttnc
767 1539 947 1582 contra
975 1527 1256 1593 apostolica
1287 1525 1550 1586 mandata,
1584 1532 1637 1575 et
1663 1523 1988 1575 voluntatem

453 1622 635 1675 vicarii
673 1619 1029 1687 apostolorum
1070 1615 1316 1682 principis
1356 1627 1510 1680 agere
1535 1611 1816 1673 conamini,
1848 1610 1986 1677 quod

2096 468 2175 511 est
2206 467 2458 524 potestas,
2493 458 2714 511 firmiter
2757 459 3120 513 excellentiam
3152 472 3380 528 vestram
3425 479 3520 532 per
3547 483 3645 521 no-

2095 555 2256 597 stram
2291 545 2658 599 infelicitatem
2680 547 2971 599 obtestatur
2996 564 3008 610 ;
3039 550 3297 617 simulque
3316 561 3370 605 et
3397 568 3515 617 nos,
3539 570 3644 610 una

2094 647 2214 685 cum
2247 634 2493 686 omnibus
2538 634 2821 701 episcopis,
2859 628 3184 703 presbyteris
3231 646 3284 691 et
3321 643 3529 696 caeteris
3556 658 3645 698 suo

2093 718 2422 782 cerdotibns,
2453 728 2610 787 atque
2636 722 2840 774 cunctis
2869 723 3174 787 proceribus
3199 734 3254 776 et
3279 726 3423 779 clero
3444 711 3645 785 sanctas

2100 816 2299 860 nostra:
2344 807 2617 868 Ecclesiae,
2647 809 2924 874 abbatibus
2953 814 3112 866 etiam
3143 823 3195 866 et
3226 817 3485 870 universis
3514 819 3647 873 reli-

2094 896 2263 968 giosis
2290 896 2472 948 divino
2501 897 2664 949 cultui
2694 897 2908 962 deditis,
2932 913 3028 952 seu
3056 901 3396 967 optimatibus
3426 913 3482 958 et
3501 905 3661 973 judi-’

2093 984 2240 1037 cibus
2269 985 2353 1037 vel
2384 995 2578 1039 cuncto
2619 997 2803 1040 nostro
2853 990 3208 1045 Romanorum
3247 993 3395 1048 istius
3424 999 3646 1062 provin-

2093 1071 2189 1124 cize
2214 1065 2428 1140 populo,
2479 1074 2577 1126 sub
2604 1075 2767 1128 divini
2795 1075 2980 1142 judicii
3035 1079 3394 1135 obtestatione
3424 1086 3519 1137 "vos
3548 1088 3646 1140 ad-

2089 1159 2326 1227 juramus
2353 1176 2446 1229 per
2491 1162 2653 1214 Deum
2684 1163 2858 1215 vivum
2905 1174 2958 1242 et
2995 1180 3200 1236 verum,
3248 1169 3339 1237 qui
3368 1181 3450 1224 est
3473 1172 3646 1239 judex

2093 1250 2332 1302 vivorum
2363 1259 2415 1302 et
2445 1247 2794 1316 mortuorum,
2837 1262 2890 1306 et
2919 1269 3013 1322 per
3057 1257 3171 1324 ejus
3198 1257 3522 1316 ineﬂabilem
3553 1260 3646 1317 di-

2092 1338 2227 1389 vinae
2257 1338 2546 1404 majestatis
2595 1340 2903 1406 potentiam,
2948 1352 3108 1410 atque
3149 1359 3240 1412 per
3291 1324 3637 1407 tremendum

2092 1424 2251 1477 futuri
2277 1426 2458 1491 judicii
2485 1429 2646 1494 diem,
2681 1429 2766 1481 ubi
2800 1445 2985 1484 omnes
3016 1434 3280 1501 principes
3309 1451 3372 1490 ac
3402 1449 3642 1504 potestao

2093 1520 2191 1574 tes,
2221 1522 2276 1565 et
2309 1523 2557 1568 cunctum
2606 1515 2890 1571 humanum
2931 1533 3097 1586 genus
3125 1535 3244 1574 cum
3293 1533 3525 1581 tremore
3553 1541 3644 1582 as-

2093 1602 2283 1654 sistere
2331 1602 2669 1667 habebimus;
2729 1619 2826 1657 nec
2869 1621 2972 1659 non
3021 1615 3076 1660 et
3117 1621 3213 1675 per
3239 1597 3416 1664 omnia
3451 1613 3639 1670 divina

453 1677 724 1777 nunquam
775 1717 946 1760 vester
1001 1677 1148 1772 pale:
1201 1677 1542 1770 perpetravit.
1611 1701 1690 1753 An
1747 1698 1980 1762 nescitis,
2014 1677 2062 1735 Β
2091 1691 2360 1758 mysteria,
2395 1700 2448 1744 et
2492 1694 2908 1747 sacratissimum
2951 1711 3142 1762 corpus
3191 1700 3333 1754 beati
3380 1694 3547 1768 Petri,
3582 1713 3643 1760 ut

450 1797 590 1868 quod
614 1778 738 1850 .non
787 1795 1144 1848 infelicitatem
1196 1797 1448 1851 nostram,
1498 1787 1587 1840 sed
1637 1788 1845 1840 beatum
1882 1785 1986 1838 Pe-

454 1895 618 1949 trum,
641 1884 788 1951 cujus
819 1884 940 1936 licet
969 1880 1216 1933 immeriti
1247 1879 1383 1930 vices
1409 1876 1660 1944 gerimus,
1693 1870 1991 1940 spernetis?

461 1974 722 2039 Scriptum
766 1979 844 2024 est
886 1970 1061 2023 enim:
1089 1969 1186 2032 Qui
1235 1981 1316 2017 vos
1363 1965 1556 2032 recipit,
1599 1978 1677 2014 me
1715 1963 1910 2030 recipit,
1942 1969 1988 2012 et

448 2063 536 2130 qui
577 2076 660 2112 vos
704 2059 906 2125 spernit,
955 2073 1030 2107 me
1067 2057 1255 2118 spernit
1298 2052 1444 2122 (Luc.
1477 2052 1552 2118 χ).
1593 2051 1986 2114 Recdrda’minl,

451 2155 599 2216 peto,
645 2142 1073 2198 excellentissimi
1105 2142 1214 2204 lilii,
1262 2139 1522 2206 quomodo
1551 2153 1644 2190 vos
1677 2139 1776 2190 fide
1814 2138 1989 2208 [vobis

454 2230 704 2299 ﬁdeliter]
731 2222 907 2283 dicere
938 2229 1080 2282 visus
1107 2237 1185 2282 est
1209 2228 1453 2294 prmfatus
1477 2233 1652 2278 vester
1679 2226 1902 2278 domnus
1926 2240 1987 2279 ac

452 2321 683 2385 genitor,
735 2317 1046 2384 promittens
1093 2315 1143 2368 in
1193 2314 1380 2367 vestris
1407 2313 1681 2365 animabus
1710 2314 1862 2365 beato
1893 2313 1988 2365 Ρα-

457 2416 561 2468 tro,
610 2413 767 2471 atque
815 2403 928 2470 ejus
972 2403 1168 2455 vicario
1212 2399 1443 2453 antefato
1470 2399 1665 2452 domno
1716 2399 1986 2466 Stephano

455 2505 627 2558 papae,
659 2489 878 2541 ﬁrmiter
927 2488 1119 2542 debere
1146 2501 1237 2539 vos
1272 2485 1578 2550 permanere
1617 2498 1746 2551 erga
1791 2492 1986 2537 sanctae

454 2577 702 2629 Ecclesiae
753 2575 1074 2637 ﬁdelitatem,
1125 2583 1178 2627 et
1228 2573 1459 2626 omnium
1507 2572 1807 2639 apostolicae
1848 2570 1988 2625 sedis

453 2665 767 2734 pontiﬁcum
792 2665 1167 2727 obedientiam,
1201 2671 1254 2715 et
1281 2662 1531 2715 illibatam
1560 2661 1867 2715 eharitatem
1893 2675 1907 2715 :
1933 2668 1985 2713 et

454 2754 789 2821 postmodum
821 2751 1191 2820 prtedecessori
1224 2759 1404 2804 nostro
1428 2751 1621 2803 domno
1652 2751 1812 2802 Paulo
1834 2763 1982 2816 papa:

454 2841 634 2895 eadem
663 2855 779 2904 vos,
804 2856 901 2892 una
931 2855 1047 2893 cum
1077 2841 1260 2892 eodem
1289 2849 1466 2891 vestro
1496 2840 1751 2904 genitore,
1781 2846 1978 2890 certum

451 2938 536 2982 est
569 2929 878 2995 plerumque
932 2941 1022 2993 per
1073 2929 1260 2979 missos
1302 2935 1359 2978 et
1387 2927 1579 2991 scripta
1632 2925 1976 2991 promisisse:

450 3023 506 3070 et
546 3025 662 3084 post
689 3015 962 3067 decessum
1013 3013 1228 3066 antelati
1278 3021 1474 3064 sancta:
1526 3012 1792 3065 memoriae
1822 3010 1978 3078 patris

452 3105 636 3166 vestri,
665 3113 718 3158 et
745 3101 835 3155 vo’s
864 3103 960 3168 ipsi
1005 3103 1217 3168 stepius,
1274 3113 1375 3154 tam
1407 3117 1499 3167 per
1535 3110 1738 3153 vestros
1768 3100 1983 3163 missos,

454 3205 717 3258 quamque
742 3205 832 3257 per
859 3190 1079 3253 litteras,
1108 3191 1366 3254 simulque
1396 3199 1446 3240 et
1476 3202 1567 3256 per
1588 3189 1826 3256 Sergium
1851 3189 1979 3241 fide-

463 3277 716 3330 lissimum
747 3286 981 3328 nostrmn
1014 3275 1512 3340 nomenculatorem,
1544 3288 1594 3328 et
1623 3290 1713 3342 per
1739 3276 1868 3328 alios
1891 3291 1984 3328 no-

462 3373 599 3417 stros
647 3363 859 3425 missos,
906 3365 1057 3418 nobis
1084 3365 1436 3430 spopondistis
1466 3364 1516 3416 in
1546 3365 1724 3416 eadem
1766 3378 1859 3417 vos
1889 3379 1983 3416 ve-

466 3459 571 3503 stra
630 3450 1001 3514 promissione,
1052 3453 1184 3502 sicut
1223 3452 1424 3517 genitor
1451 3459 1643 3512 vester,
1687 3452 1827 3503 circa
1865 3465 1984 3502 san-

461 3547 600 3589 Clam
636 3537 724 3588 Dei
751 3538 1034 3588 Ecclesiam
1065 3546 1117 3589 et
1147 3548 1372 3589 nostram
1400 3539 1702 3591 fidelitatem
1730 3552 1845 3590 esse
1867 3553 1984 3601 per-

457 3630 809 3673 severaturos.
837 3620 937 3673 Sed
966 3629 1018 3673 et
1046 3623 1192 3685 illud,
1218 3639 1414 3689 quaeso,
1446 3625 1508 3675 ad
1536 3634 1762 3677 vestram
1788 3623 1982 3677 referte

461 3709 786 3768 memoriam,
817 3710 1042 3775 qualiter
1095 3726 1186 3761 nos
1217 3712 1460 3777 praefatus
1500 3712 1718 3765 domnus
1765 3710 1986 3779 Stepha-
2023 3732 2027 3733 ί

466 3808 564 3845 nus
601 3807 728 3858 papa
759 3795 808 3844 iu
837 3809 931 3845 suo
962 3798 1179 3846 transitu
1216 3812 1305 3862 per
1353 3814 1444 3849 sua
1486 3799 1681 3863 scripta
1708 3800 1804 3850 sub
1831 3799 1982 3850 terri-

467 3879 557 3931 bili
608 3880 932 3945 adiuratione
978 3882 1242 3933 adhortari
1268 3884 1485 3948 studuit,
1516 3885 1664 3936 firma
1700 3885 1982 3938 stabilitate

470 3987 562 4025 vos
591 3985 707 4026 esse
738 3986 1105 4039 permansuros
1134 3990 1255 4041 erga
1289 3975 1620 4029 dilectionem
1654 3986 1847 4028 sancta:
1891 3975 1981 4027 Dei

473 4061 739 4122 Ecclesiae,
789 4071 841 4112 et
882 4061 1126 4113 illibatam
1166 4063 1470 4116 charitatem
1517 4065 1815 4129 apostolica
1845 4063 1984 4114 sedis

477 4145 776 4212 pontificum
805 4160 818 4207 ;
848 4155 898 4195 et
929 4145 1101 4197 omnia
1145 4162 1234 4197 vos
1264 4148 1547 4214 adimplere
1572 4150 1717 4215 juxta
1759 4160 1980 4202 vestram

468 4235 636 4286 eidem
664 4233 758 4284 Dei
787 4233 1017 4295 apostolo
1056 4233 1334 4286 adhibitam
1361 4235 1716 4302 sponsionem.
1748 4237 1812 4286 Et
1847 4249 1980 4286 nunc
2006 4263 2060 4328 Ι)

471 4323 566 4373 ista
614 4330 693 4372 est
723 4327 892 4369 vestra
923 4318 1227 4383 promissio?
1259 4321 1300 4371 υ
1327 4330 1572 4386 quantum
1605 4321 1836 4372 laborem
1864 4335 1984 4372 sus-

467 4410 620 4460 tinuit
680 4407 861 4457 iisdem
922 4405 1208 4470 prmcipuus
1253 4420 1312 4457 ac
1353 4406 1685 4457 beatissimus
1729 4407 1978 4473 pontifex,

469 4497 556 4561 qni
585 4495 654 4546 ita
698 4492 971 4544 imbecillis
1007 4493 1234 4541 existens
1263 4501 1407 4542 tanto
1446 4507 1502 4543 se
1532 4494 1762 4545 exhibuit
1796 4495 1980 4558 prolixi

469 4583 672 4635 itineris
718 4582 975 4646 periculo;
1009 4588 1060 4628 et
1091 4580 1186 4628 nisi
1236 4578 1482 4632 Domina.
1505 4588 1695 4645 praesto
1725 4580 1899 4642 fuerit,
1933 4583 1982 4631 in

470 4685 687 4723 vacuum
719 4671 831 4731 ejus
862 4668 1005 4716 labor
1035 4665 1339 4729 deducetur,
1371 4664 1567 4730 fuitque
1602 4666 1752 4717 nobis
1790 4665 1885 4716 iter
1915 4666 1980 4716 il-

470 4759 578 4816 Iud,
610 4755 742 4822 quod
796 4753 985 4803 ibidem
1037 4761 1215 4802 noster
1247 4751 1590 4814 praedecessor
1632 4753 1682 4803 in
1715 4753 1981 4804 Franciam

474 4844 788 4910 properavit,
822 4841 875 4890 in
906 4852 1144 4905 magnam
1193 4840 1415 4900 ruinam,
1447 4840 1564 4890 dum
1597 4843 1756 4891 nostri
1789 4841 1982 4891 inimici

472 4935 588 4998 plus
613 4943 747 4980 nunc
775 4941 926 4991 quam
964 4926 1157 4988 pridem
1188 4927 1237 4975 in
1263 4928 1512 4989 superbia:
1544 4927 1860 4978 ferocitatem
1883 4930 1983 4978 ele-

385 5037 400 5048 σ
474 5021 575 5070 vati
608 5024 750 5068 sunt.
801 5015 862 5064 Et
903 5028 1024 5064 ecce
1065 5013 1198 5078 quod
1243 5013 1545 5065 verebamur
1573 5016 1786 5066 evenire
1813 5015 1982 5066 cerni-

475 5119 611 5166 mus,
646 5113 996 5164 conversaque
1040 5110 1120 5150 est
1166 5107 1340 5149 nostra
1383 5099 1554 5149 laetitia
1585 5099 1636 5149 in
1683 5099 1902 5160 luctum,
1932 5109 1985 5150 et

476 5191 607 5240 facta
641 5199 765 5236 sunt
793 5185 1066 5235 novissima
1113 5184 1242 5235 mala
1268 5185 1439 5249 pejora
1469 5185 1744 5248 prioribus,
1770 5195 1820 5237 et
1851 5185 1983 5237 unde

471 5271 869 5337 expectabamus
918 5271 1065 5320 nobis
1093 5273 1262 5320 lumen
1309 5270 1454 5328 oriri,
1501 5280 1794 5335 eruperunt
1843 5280 1983 5322 tene-

474 5360 599 5411 δῖε.
632 5360 953 5421 QuaprOpter
977 5367 1026 5408 et
1050 5358 1107 5409 Β.
1135 5358 1314 5410 Petrus
1343 5363 1580 5423 princeps
1609 5369 1980 5421 apostotorum.

474 5445 555 5495 cui
602 5443 746 5508 regni
779 5443 1020 5495 cmlorum
1068 5447 1235 5497 claves
1286 5459 1311 5493 a
1363 5442 1579 5495 Domino
1627 5445 1730 5498 Deo
1782 5447 1980 5498 traditw

2007 2969 2058 3031 C

2091 1784 2237 1836 nullo
2268 1783 2423 1836 modo
2452 1785 2722 1852 quisquam
2755 1784 2821 1838 de
2853 1795 3021 1839 vestra
3053 1790 3382 1846 fraternitate
3435 1808 3640 1860 praesu-

2095 1883 2203 1924 mat
2235 1871 2396 1925 filiam
2421 1873 2529 1956 jam
2550 1875 2677 1927 dicti
2710 1875 2965 1930 Desiderii
2995 1877 3463 1956 Langobardorum
3492 1887 3640 1954 regis

2099 1962 2151 2012 in
2197 1960 2498 2028 conjugium
2522 1953 2832 2029 acciperet,
2856 1979 2953 2019 nec
2982 1965 3176 2020 iterum
3199 1953 3375 2025 vestra
3417 1953 3642 2029 nobilis-

2089 2046 2222 2100 sima
2255 2062 2522 2113 germana,
2566 2048 2675 2102 Deo
2717 2049 2957 2105 amabilis
3000 2052 3188 2118 Gisila,
3233 2055 3498 2113 tribuatur
3523 2061 3642 2117 filio

2089 2135 2326 2202 sarpefati
2358 2135 2613 2188 Desiderii
2643 2152 2657 2199 ;
2690 2153 2787 2192 nec
2813 2150 3016 2194 vestras
3055 2146 3425 2212 quoquomodo
3451 2149 3642 2217 conju-

2089 2235 2180 2288 ges
2223 2221 2458 2300 audeatis
2491 2222 2776 2276 dimittere.
2809 2224 2914 2279 Sed
2961 2230 3128 2301 magis
3158 2230 3494 2286 .ecordantes
3517 2248 3643 2302 qua

2089 2309 2242 2361 beato
2271 2308 2427 2361 Petro
2452 2311 2805 2377 apostolorum
2831 2313 3049 2380 principi
3075 2316 3297 2380 polliciti
3325 2321 3471 2381 estis,
3503 2321 3637 2375 viri-

2089 2395 2208 2448 liter
2235 2396 2435 2450 eisdem
2477 2398 2672 2450 nostris
2723 2390 2950 2454 inimicis
2992 2400 3353 2470 Longohardis
3402 2407 3640 2462 resistite

2089 2483 2462 2549 distringentes
2506 2496 2598 2536 eos
2645 2484 2885 2547 firmiter,
2937 2493 2996 2539 ut
3038 2489 3249 2556 propria
3298 2500 3495 2545 sancta
3541 2492 3638 2547 Dei

2092 2569 2345 2623 Ecclesia:
2382 2571 2634 2624 Romana:
2681 2572 2982 2639 reipublicte
3026 2577 3248 2631 reddere
3269 2577 3494 2632 debeant
3522 2597 3536 2632 t
3566 2595 3638 2637 eo

2087 2655 2225 2724 quod
2255 2659 2430 2708 omnia
2451 2671 2573 2724 quae
2597 2658 2744 2711 vobis
2773 2659 2990 2725 polliciti
3009 2672 3130 2714 sunt
3161 2665 3636 2734 transgredientes,

2089 2764 2184 2801 nos
2212 2747 2443 2816 quotidie
2482 2749 2762 2816 afﬂigendo
2790 2761 2844 2802 et
2872 2752 3216 2817 opprimendo
3244 2769 3348 2808 non
3374 2767 3589 2810 cessant
3618 2775 3634 2810 :

2085 2843 2138 2890 et
2161 2835 2270 2904 jam
2300 2837 2419 2903 quia
2464 2836 2659 2906 aliquid
2710 2826 2860 2892 nobis
2888 2839 3112 2895 reddere
3152 2845 3370 2898 minime
3399 2854 3524 2898 sunt
3549 2846 3637 2901 in-

2086 2924 2286 2984 clinati,
2318 2925 2477 2974 etiam
2526 2932 2578 2976 et
2618 2932 2830 2977 nostros
2859 2926 3109 2982 invadere
3145 2929 3278 2984 fines
3319 2941 3633 2996 noscuntur,

2083 3021 2138 3063 et
2186 3011 2554 3062 tantummodo
2601 3024 2695 3076 per
2743 3023 3108 3079 argumentum
3159 3017 3210 3069 in
3255 3020 3533 3084 prtesentia
3561 3021 3633 3077 de

2087 3098 2276 3149 vestris
2324 3095 2498 3149 missis
2537 3097 2783 3152 simulant
2807 3099 3041 3164 justitias
3085 3103 3237 3156 nobis
3262 3090 3459 3158 faCere.
3496 3105 3629 3162 Nam

2091 3184 2221 3235 nihil
2245 3185 2308 3236 ad
2339 3183 2582 3236 effectum
2612 3184 2931 3250 perducitur,
2981 3199 3031 3242 et
3058 3190 3335 3258 quidquam
3363 3193 3429 3244 ab
3454 3194 3535 3246 eis
3560 3194 3631 3248 de

2090 3274 2282 3327 nostris
2310 3287 2638 3339 nequaquam
2661 3275 2898 3342 recipere
2919 3277 3195 3330 valuimus.
3225 3278 3368 3331 Unde
3395 3294 3542 3344 ecce,
3568 3290 3633 3336 ut

2087 3361 2262 3414 cuncti
2301 3360 2468 3412 nostri
2510 3361 2717 3414 dolores
2749 3362 3014 3415 subtiliter
3044 3363 3233 3416 vestris
3263 3366 3477 3417 auribus
3503 3380 3630 3436 sng-

2087 3457 2353 3516 gerantur,
2407 3447 2696 3499 direximus
2740 3441 2947 3502 nostros
2982 3452 3196 3516 missos,
3239 3452 3480 3507 videlicet
3524 3455 3628 3510 Pe-

2088 3546 2225 3587 trum
2253 3535 2498 3586 dilectum
2531 3536 2692 3586 lilium
2722 3546 2979 3600 nostrum,
3004 3548 3056 3590 et
3087 3538 3414 3606 Pamphilum
3443 3541 3626 3597 defen-

2085 3636 2258 3674 sorem
2301 3621 2650 3686 regionarium
2691 3634 2886 3674 sancta:
2925 3635 3115 3677 nostrae
3170 3628 3459 3680 Ecclesiae:
3490 3644 3628 3696 quos

2087 3719 2140 3762 et
2169 3711 2233 3761 de
2279 3709 2586 3770 imminente
2611 3708 2776 3761 ‘nobis
2809 3710 3162 3778 tribulatione,
3209 3727 3304 3766 nec
3345 3729 3447 3766 non
3476 3723 3528 3767 et
3555 3718 3628 3772 de

2085 3797 2305 3862 singulis
2341 3797 2513 3848 causis
2543 3796 2803 3849 subtiliter
2833 3797 3232 3851 infortnavimus
3255 3809 3432 3853 vestro
3460 3804 3626 3869 regali

2087 3885 2386 3939 intimandis
2418 3885 2632 3937 culmini
2663 3901 2675 3935 :
2706 3894 2758 3936 et
2785 3888 3004 3950 petimus
3033 3892 3089 3940 ut
3114 3887 3268 3940 solita
3299 3888 3628 3957 benignitate

2085 3986 2176 4025 eos
2206 3970 2496 4036 suscipere,
2530 3977 2823 4036 nostraeque
2851 3973 3091 4037 petitinni
3118 3984 3319 4026 vestras
3344 3989 3373 4025 a
3399 3974 3507 4027 Deo
3534 3976 3625 4029 in-

2087 4060 2309 4126 spiratas
2336 4073 2490 4110 aures
2515 4059 2909 4111 accommodare
2935 4058 3256 4125 dignemini,
3287 4070 3338 4114 et
3360 4063 3629 4128 amplissi-

2087 4162 2224 4198 mam
2263 4147 2628 4198 liberationem
2678 4156 2832 4211 atque
2875 4147 3242 4200 exaltationem
3284 4158 3480 4203 sancta
3519 4150 3628 4205 Dei

2089 4235 2355 4298 Ecclesiae,
2400 4233 2650 4300 spiritalis
2679 4234 2862 4286 matris
2889 4243 3096 4296 vestrae,
3127 4244 3180 4288 et
3221 4235 3366 4288 istius
3403 4251 3433 4288 a
3469 4237 3624 4290 vobis

2083 4321 2365 4386 redempta:
2396 4320 2670 4386 provincia:
2700 4319 3056 4373 defensionem
3086 4323 3334 4387 perficere
3356 4322 3616 4390 iubeatis,

2083 4417 2135 4458 ut
2182 4408 2461 4472 perfectam
2513 4407 2987 4459 remunerationem
3028 4421 3055 4457 a
3101 4407 3243 4470 justo
3281 4409 3459 4474 judice
3506 4409 3624 4463 Deo

2083 4504 2302 4554 nostro,
2368 4492 2718 4544 intercedente
2773 4492 2886 4557 ejus
2943 4493 3180 4558 principe
3249 4493 3620 4558 apostolorum

2083 4582 2232 4632 beato
2266 4580 2436 4642 Petro,
2477 4579 2786 4645 suscipiatis.
2829 4578 3146 4632 Praesentem
3179 4581 3350 4647 itaque
3375 4591 3618 4638 nostram

2081 4669 2490 4718 exhortationem
2548 4677 2704 4731 atque
2750 4665 3128 4732 adjurattonem
3176 4667 3227 4719 in
3282 4667 3620 4725 confessione

2083 4756 2216 4808 beati
2243 4754 2382 4806 Petri
2413 4765 2682 4820 ponentes,
2707 4763 2760 4805 et
2792 4754 3101 4808 sacrificium
3132 4769 3287 4822 super
3308 4769 3423 4808 eam
3448 4766 3620 4822 atq-ao

2083 4844 2303 4894 liostias‘
2328 4842 2430 4892 Deo
2461 4850 2641 4892 nostro
2686 4838 2981 4901 olierentes,
3037 4840 3188 4893 vobis
3212 4841 3616 4911 cumiacryinis

2081 4946 2141 4981 ex
2183 4929 2361 4980 eadem
2393 4942 2536 4978 sacra
2577 4924 2909 4978 confessione
2948 4925 3255 5002 direximus.
3297 4927 3359 4979 Et
3396 4927 3439 4978 si
3465 4928 3614 4995 quis,

2082 5017 2219 5082 quod
2251 5029 2349 5066 non
2373 5024 2629 5079 Optamus,
2652 5021 2831 5064 contra
2858 5010 3154 5076 bujusmodi
3183 5018 3374 5062 nostra:
3396 5014 3617 5073 δόξαν..

2085 5102 2240 5154 tinnis
2270 5109 2425 5162 atque
2453 5098 2830 5150 exhortationis
2854 5095 3040 5149 seriem
3080 5109 3235 5163 agere
3259 5107 3620 5160 praesumpse-

2085 5185 2167 5244 rit,
2193 5187 2322 5235 sciat
2344 5200 2399 5235 se
2424 5186 2727 5236 auctoritate
2755 5182 2951 5235 domini
2984 5181 3084 5235 mei
3124 5181 3262 5234 beati
3302 5180 3444 5233 Petri
3478 5193 3619 5248 apo-

2090 5273 2336 5324 stolarum
2371 5272 2615 5336 principis
2643 5270 2992 5323 anathematis
3012 5270 3220 5322 vinculo
3241 5282 3357 5322 esse
3384 5269 3620 5324 innoda-

2085 5370 2209 5421 tum,
2241 5369 2293 5410 et
2318 5373 2344 5409 a
2374 5373 2537 5425 regno
2569 5359 2657 5410 Dei
2705 5360 2951 5418 alienum,
2977 5365 3134 5422 atque
3171 5371 3288 5409 cum
3318 5356 3537 5410 diabolo
3563 5365 3623 5410 el

2085 5449 2193 5501 eius
2219 5446 2556 5500 atrocissimis
2585 5445 2801 5511 pompis,
2847 5453 2898 5498 et
2931 5446 3132 5498 caeteris
3166 5443 3366 5510 impiis,
3400 5443 3626 5498 aeternis
