3910 6234
226 179 338 235 ηὕῖ

1355 173 1623 228 Νωίπιλ
1667 172 1728 224 IN
1767 171 1824 225 S.
1866 168 2254 225 STURSIIUM.

3285 161 3422 215 ηδε

233 287 466 345 incendiis
515 284 958 338 concremantlum
1002 284 1326 349 deputatum.
1378 287 1442 337 At
1496 299 1623 337 vero
1665 281 1754 351 qui
1789 284 1830 339 Α
1860 294 1975 332 cum
2009 295 2198 347 magno
2227 281 2436 334 honoris
2489 280 2679 334 affectu
2707 278 3054 347 suscipientes
3089 285 3249 346 atque
3289 278 3435 334 rele-

223 381 509 433 observstor
532 381 585 426 et
605 383 786 427 custos
818 375 965 426 istius
995 385 1188 427 nostra:
1227 374 1618 428 exhortationis
1671 390 1760 427 ρι-

224 465 419 526 stiterit,
451 461 756 516 cmlestibus
775 461 1230 516 benedictionibus
1261 476 1288 513 a
1323 461 1546 514 Domino
1578 469 1761 515 nostro

225 557 523 613 illustratus,
555 551 768 604 aeternis
810 552 1148 617 praemiorum
1196 551 1401 619 gaudiis
1432 565 1550 604 cum
1595 551 1766 603 omni-

223 643 306 694 bus
341 640 540 693 sanctis
570 645 624 692 et
651 638 836 693 electis
876 638 968 691 Dei
998 640 1261 706 particeps
1290 637 1432 692 effici
1476 647 1760 692 mereatur.

221 733 525 786 Incolumem
554 731 924 786 excellentiam
948 739 1179 785 vestram
1211 729 1377 799 gratia
1409 742 1640 796 superna
1669 742 1767 780 cu-

220 827 414 881 stodiat.

776 915 1099 971 EPISTULA
1142 916 1203 968 ν.

341 1020 594 1060 STEPHANI
625 1022 690 1082 III.
710 1021 855 1060 ΡΑΡΞ
888 1022 952 1059 ΑΒ
982 1019 1402 1059 εΑηοιιηιιΑΝΝυΜ
1432 1017 1623 1057 Μῦες.

437 1100 622 1168 Rogat,
655 1108 708 1150 ut
735 1100 820 1164 ﬁat
864 1102 972 1168 ejus
999 1108 1254 1165 compater
1283 1096 1545 1161 spiritalis.

280 1189 482 1261 Damno
536 1188 982 1242 excellentissimo
1047 1189 1153 1240 filio
1207 1185 1596 1238 Carolomanno
1658 1184 1765 1250 regi

219 1277 553 1342 Francorum,
588 1290 640 1332 et
658 1280 877 1346 patricio
902 1280 1260 1332 Romanorum
1285 1277 1586 1344 Stephanus
1609 1290 1767 1343 papa.

279 1368 408 1422 Dum
439 1377 637 1421 tantam
691 1367 790 1434 pia:
832 1370 1270 1422 considerationis
1316 1368 1562 1435 gratiam,
1616 1375 1773 1431 atque

215 1456 476 1512 efficacem
525 1459 800 1512 solertiam
846 1467 1055 1510 creator
1085 1468 1264 1510 noster
1302 1457 1640 1522 omnipotens
1671 1456 1772 1508 Do-

216 1547 399 1607 minus,
451 1533 629 1598 vestro
660 1545 913 1598 mellifluo
943 1547 1102 1614 regali
1133 1545 1302 1610 cordi,
1337 1561 1432 1615 pro
1461 1545 1772 1599 defensione

1863 380 2064 439 gentes,
2096 384 2212 438 qua:
2241 373 2290 422 in
2321 370 2396 424 eis
2442 368 2766 433 ferebantur,
2815 369 3038 423 omnino
3083 369 3418 437 agnovimus.

1863 460 1969 514 Sed
2000 467 2047 533 et
2079 459 2173 523 ipsi
2206 461 2361 513 vestri
2397 460 2687 512 fidelissimi
2739 459 2884 512 missi
2911 471 2994 524 ea,
3039 472 3156 527 qua:
3187 472 3216 510 a
3250 467 3428 509 vestra

1866 561 1892 597 a
1915 549 2021 601 Deo
2039 558 2269 614 protecta
2301 550 2635 610 excellentia,
2668 550 2895 616 injuncta
2928 548 3246 612 habuerunt,
3275 547 3429 602 nobis

1867 638 2112 690 subtilius
2143 638 2449 702 retulerunt,
2500 639 2566 692 de
2597 623 2803 706 quibus,
2855 641 2990 693 sicut
3028 640 3221 695 vestris
3251 641 3424 694 fideli-

1872 726 1968 778 bos
1999 728 2062 778 ad
2096 726 2401 794 singulaeis
2432 742 2744 794 responsum
2791 727 3138 791 reddidimus,
3191 736 3366 782 vestro
3391 743 3422 781 a

1872 815 1981 868 Deo
2012 814 2261 881 inSpirato
2286 816 2501 869 culmini
2533 816 2728 884 liquido
2758 817 3133 869 enarrandum.

1943 905 2007 956 At
2035 919 2182 966 vero,
2216 904 2332 970 quia
2381 907 2577 959 amoris
2609 908 2766 959 vestri
2820 905 2994 961 fervor
3024 906 3074 961 in
3119 909 3313 962 nostris
3342 907 3428 962 fir-

1873 993 2028 1045 miter
2073 994 2209 1060 viget
2241 994 2562 1061 praacmiliis,
2613 1009 2801 1062 magna
2845 994 2997 1050 nobis
3042 995 3293 1050 desiderii
3321 1012 3435 1051 am-

1873 1081 2004 1131 bitio
2035 1079 2250 1144 insistit,
2300 1081 2792 1149 praceflentissime
2837 1097 3052 1152 regum,
3105 1093 3164 1138 ut
3206 1084 3439 1154 Spiritus

1870 1175 2034 1228 sancti
2057 1163 2244 1243 gratia,
2267 1175 2462 1228 sciliCet
2484 1177 2937 1242 compaternitatis
2959 1176 3166 1231 affectio
3187 1177 3324 1232 inter
3339 1192 3437 1232 nos

1873 1264 2140 1326 adveniat,
2177 1277 2271 1330 pro
2299 1279 2404 1331 quo
2433 1264 2626 1318 obnixe
2652 1281 2955 1333 quaesumus
2984 1245 3438 1323 Cltristianit'atetn

1875 1366 2038 1417 tuam,
2090 1372 2117 1409 a
2149 1359 2254 1410 Deo
2303 1357 2544 1410 institute
2572 1357 2712 1408 bone
2758 1371 2849 1409 rex
2887 1357 3436 1427 excellentissimeque

1877 1447 1968 1509 fili,
2003 1455 2058 1497 ut
2085 1445 2152 1498 de
2181 1446 2436 1512 praeclaro
2467 1457 2528 1496 ac
2576 1444 2736 1510 regali
2786 1455 2960 1498 vestro
2988 1447 3242 1513 germine,
3297 1451 3448 1518 quod

1876 1533 2025 1586 vobis
2057 1533 2308 1586 Dominus
2340 1549 2434 1599 pro
2461 1532 2779 1586 exaltationc
2822 1544 3020 1588 sanctae
3047 1548 3156 1591 sua
3186 1536 3445 1594 Ecclesia:

213 1642 262 1685 et
295 1632 614 1686 exaltatione
657 1643 854 1686 sancta:
895 1647 1006 1686 sua:
1056 1634 1326 1698 Ecclesim,
1379 1634 1660 1689 infundere
1690 1636 1771 1688 di-
1810 1627 1851 1683 Β
1883 1624 2060 1692 largiri
2106 1622 2351 1692 dismms
2381 1634 2483 1686 es"
2536 1623 2585 1675 in
2618 1624 2811 1677 ηοείΐίε
2855 1623 2995 1678 ulnis
3019 1639 3085 1679 οι
3134 1626 3282 1683 {Ome
3311 1632 3449 1686 “Cri

211 1731 391 1788 gnatus
438 1731 558 1785 est,
622 1722 1115 1789 praecellentissime
1169 1725 1242 1776 fili
1290 1737 1352 1776 ac
1401 1722 1774 1793 benignissime

214 1825 301 1863 rex
328 1827 342 1862 :
386 1810 586 1864 idcirco
612 1811 965 1878 opinatissimi
998 1812 1227 1865 nominis
1274 1812 1348 1865 tui
1378 1814 1633 1880 praeclara
1663 1828 1775 1875 me-

214 1901 389 1962 moria,
439 1908 494 1951 et
532 1899 694 1953 indita
723 1900 936 1954 ccelitus
964 1901 1242 1968 prudentia
1291 1903 1341 1955 in
1373 1911 1483 1954 toto
1515 1915 1774 1956 terrarum

213 1989 333 2041 orbe
363 1988 624 2054 divulgata
658 1998 955 2054 permanet,
989 1990 1148 2042 etiam
1175 1991 1230 2043 in
1261 1991 1574 2044 coelestibus
1602 1993 1778 2059 regnis

213 2078 360 2144 d‘gna
394 2092 615 2144 operum
646 2087 858 2130 tuorum
890 2078 1155 2146 refulgent
1199 2082 1408 2134 merita.
1468 2079 1617 2134 Unde
1646 2080 1776 2135 bea-

212 2174 292 2218 tns
321 2179 398 2229 es,
437 2165 574 2218 bone
602 2166 1052 2221 Christianissime
1081 2183 1205 2233 rex,
1255 2168 1398 2235 quod
1428 2168 1640 2236 quidem
1682 2183 1778 2222 nos

211 2264 494 2320 conspecta
522 2254 642 2309 fidei
675 2265 777 2308 tuae
809 2259 1106 2309 constantia
1131 2296 1148 2320 ,
1186 2271 1341 2324 quam
1376 2259 1427 2308 in
1474 2257 1780 2328 apostolicis

209 2343 402 2409 causis,
434 2353 489 2397 et
515 2346 678 2397 nostri
723 2345 920 2399 amoris
948 2349 1156 2400 fervore
1188 2347 1385 2400 habere
1425 2348 1775 2414 dignosceris,

210 2431 344 2485 firmi
374 2432 428 2484 in
461 2441 548 2486 tua
581 2433 873 2489 dilectione
911 2447 1284 2503 permanentes
1306 2478 1319 2501 ,
1369 2439 1557 2490 sedulo
1603 2437 1778 2493 eidem

207 2532 390 2574 nostro
432 2521 702 2590 Conditori
755 2539 851 2592 pro
902 2526 1159 2580 immensa
1208 2535 1384 2580 vestra
1415 2527 1617 2592 laetitia,
1667 2538 1719 2583 et
1748 2544 1778 2582 a

209 2609 316 2668 Deo
360 2611 594 2666 inStituli
627 2616 775 2683 regni
805 2616 970 2669 vestri
1006 2617 1313 2678 stabilitate,
1347 2631 1531 2684 preces
1559 2617 1780 2672 fundere

209 2712 540 2770 nequaquam
566 2702 893 2759 desistimus.
948 2706 1152 2760 Interea
1180 2707 1562 2774 conjungentes
1589 2708 1654 2760 ad
1682 2722 1780 2761 nos

216 2789 473 2844 Beraldus
500 2792 782 2860 religiosus
810 2795 997 2857 abbas,
1028 2807 1082 2849 et
1112 2795 1415 2849 Audbertus
1445 2795 1524 2848 vir
1555 2796 1778 2859 illuster,

204 2876 516 2934 detulerunt
563 2883 714 2936 nobis
747 2882 1105 2950 honorandae,
1139 2885 1404 2954 nimisque
1451 2886 1780 2940 desiderabi-

1876 1714 2206 1780 baptismatis
2237 1723 2327 1766 aut
2369 1713 2527 1766 etiam
2574 1729 2668 1781 per
2691 1713 2950 1768 adorandi
2997 1714 3301 1773 chrismatis
3353 1733 3450 1775 un-

1875 1802 2130 1866 ctionem,
2181 1802 2478 1870 spiritalem
2509 1802 2785 1869 suscipere
2835 1803 3107 1859 valeamus
3153 1803 3350 1872 ﬁlium,
3396 1817 3452 1862 ut

1875 1892 2094 1956 eadem,
2129 1892 2237 1946 Deo
2270 1900 2634 1959 prosperante,
2683 1895 3138 1961 compaternitatis
3178 1898 3344 1965 gratia
3392 1899 3446 1954 in

1879 1981 2052 2034 medio
2081 1990 2320 2033 nostrum
2351 1981 2713 2045 corroborata,
2750 1981 2930 2036 laetitia
2960 1997 3025 2036 ex
3055 1981 3158 2038 hoc
3208 1995 3314 2039 tam
3343 1996 3443 2043 nos

1879 2084 2151 2136 quamque
2182 2072 2459 2123 universus
2491 2081 2670 2123 noster
2702 2073 2926 2139 populus
2955 2073 3154 2141 pariter
3203 2077 3447 2140 relevati.
3519 2101 3526 2110 ι

1877 2161 2147 2214 exsultare
2175 2160 2446 2215 valeamus
2474 2160 2526 2213 in
2558 2160 2800 2215 Domino.
2837 2162 2974 2218 Deus
3000 2173 3177 2220 autem
3202 2170 3449 2238 omnipo-

1883 2261 2019 2317 tens,
2067 2267 2162 2321 per
2204 2267 2362 2321 quem
2410 2263 2565 2318 reges
2596 2261 2840 2321 regnant,
2887 2263 2942 2308 et
2983 2256 3248 2326 principes
3287 2261 3455 2328 impe-

1883 2333 2162 2408 rant,‘sua
2202 2355 2297 2395 vos
2350 2349 2590 2409 protegat
2641 2344 2829 2410 gratia,
2882 2353 2936 2397 et
2983 2344 3255 2400 victoriam
3306 2350 3456 2403 vobis

1881 2431 1949 2486 de
1975 2433 2111 2484 coelo
2162 2445 2256 2498 pro
2297 2445 2407 2484 suat
2459 2441 2658 2485 sancta:
2706 2432 2960 2487 Ecclesiae
3009 2435 3319 2493 defensione
3365 2440 3456 2493 tri~

1882 2521 2045 2586 boat;
2097 2531 2259 2588 atque
2285 2520 2556 2588 longmvos
2584 2530 2638 2574 et
2666 2523 2894 2589 sospites
2924 2524 2975 2576 in
3004 2526 3136 2577 solio
3183 2528 3332 2595 regni
3364 2540 3445 2595 pa.

1883 2615 2011 2669 riter
2061 2629 2180 2669 cum
2234 2616 2681 2669 excellentissima
2734 2627 2790 2670 et
2846 2616 3296 2671 Christianissiina
3348 2619 3455 2670 filia

1884 2715 2064 2759 nostra
2095 2707 2300 2774 regina,
2331 2705 2636 2760 dulcissima
2683 2715 2856 2761 vestra
2889 2707 3134 2775 conjuge,
3183 2717 3236 2761 et
3264 2721 3450 2761 aman-

1885 2792 2108 2848 tissimis
2137 2795 2299 2859 natis,
2345 2810 2688 2859 conservare,
2719 2807 2773 2851 et
2803 2796 3036 2850 caelestis
3081 2799 3229 2866 regni
3259 2807 3457 2852 mterna

1889 2887 2080 2955 gaudia
2125 2887 2418 2941 concedere
2447 2885 2692 2956 dignetur
2742 2887 3080 2956 possidenda.
3133 2888 3457 2942 Incolumem

209 2965 285 3023 Ies
313 2971 547 3038 syllabas
570 2986 601 3025 a
635 2972 743 3027 Deo
777 2985 1033 3042 protecta:
1056 2975 1385 3029 excellentiae
1414 2987 1630 3040 vestra),
1657 2991 1790 3045 quas
1816 2957 1863 3019 (ἶ
1894 2975 2269 3031 excellentiam
2303 2985 2531 3030 vestram
2565 2977 2734 3046 gratia
2764 2991 2991 3044 superna
3021 2976 3305 3031 custodiat.

208 3093 3458 3155 ῃ

1419 3231 1581 3274 ANNO
1623 3230 1853 3272 DOMINI
1898 3228 2238 3271 DCCLXXVI.

866 3396 1106 3618 S.
1207 3396 2777 3615 STURMIUS

1459 3733 1887 3796 FULDENSIS
1933 3734 2204 3794 ABBAS.
2960 3771 2963 3774 ν

844 3984 1276 4058 ΝΟΤΙΤΙΑ
1337 3979 1811 4057 HISTORIC

1881 4045 1884 4050 .
1949 3979 2053 4052 IN
2117 3976 2192 4050 S.
2260 3975 2832 4051 STURMIUM.

1382 4177 1596 4238 (Fabric.
1625 4175 1752 4224 Bibl.
1775 4173 1906 4223 med.
1933 4181 1982 4221 et
2008 4173 2089 4220 inf.
2116 4173 2317 4245 astatis),

271 4372 537 4434 Sturntio,
569 4370 687 4424 aliis
710 4369 987 4434 Sturmius,
1021 4380 1174 4423 natus
1205 4369 1254 4422 in
1287 4368 1496 4431 Norico,
1551 4368 1650 4420 sub
1679 4367 1775 4420 ini-
1809 4369 1859 4429 ι)
1884 4367 2094 4418 ecclesia
2144 4364 2458 4434 I’risingensi
2485 4377 2600 4420 ante
2647 4367 2849 4422 Pascha
2878 4387 2896 4434 ;
2937 4370 3164 4426 alterum
3191 4413 3204 4436 ,
3238 4373 3472 4441 Antiqua

193 4466 336 4517 tium
375 4459 563 4515 saeculi
590 4473 679 4511 vtn
710 4472 891 4512 comes
915 4470 968 4512 et
1012 4460 1212 4512 assecla
1247 4457 1531 4519 Bonifacii,
1580 4458 1630 4509 in
1664 4470 1776 4509 mo-

188 4549 444 4606 nasterio
477 4547 858 4602 Fritislariensi
905 4547 1181 4612 educatus,
1241 4556 1425 4615 postea
1459 4549 1660 4613 primus
1690 4548 1781 4599 ab-

192 4643 294 4697 bas
318 4638 631 4701 Fuldensis,
683 4647 926 4693 mortuus
978 4653 1116 4691 anno
1162 4640 1264 4690 776
1313 4638 1394 4691 vel
1424 4637 1548 4691 πε).
1600 4638 1674 4690 De
1721 4651 1785 4690 eo

195 4728 453 4786 historici
488 4729 708 4797 passim,
739 4730 1006 4797 praecipue
1041 4729 1325 4793 Eccardus,
1374 4737 1504 4781 tom.
1541 4728 1558 4780 ι
1589 4727 1783 4780 Rerum

193 4820 604 4877 Francicarum.
654 4807 790 4887 Ejus
827 4832 954 4873 sunt
984 4819 1088 4872 duo
1138 4821 1331 4888 scripta
1382 4831 1410 4870 a
1456 4817 1781 4881 Mabillonio,

194 4922 337 4966 tom.
357 4909 426 4963 IV
463 4909 866 4974 Analectorum,
900 4925 1017 4978 pag.
1044 4909 1588 4980 45ιιο457,ἁνονὺμως
1618 4908 1780 4967 edita,

191 5017 436 5070 quorum
471 4999 635 5069 prius
677 5000 978 5055 inscribitur
1028 5000 1167 5052 Ordo
1219 5002 1364 5067 a/ﬁrii
1413 5002 1463 5052 in
1504 5003 1656 5052 domo
1700 5016 1786 5051 seu

1888 4455 2290 4507 Consuetudines
2341 4457 2762 4508 monasteriorum
2827 4458 3019 4509 ordinis
3073 4458 3134 4513 S.
3187 4457 3466 4516 Benedicti.

1891 4547 2087 4601 Verum
2123 4548 2232 4613 ipse
2258 4546 2588 4600 Mabillonius
2615 4558 2798 4616 postea
2826 4550 3040 4617 agnovit
3064 4553 3318 4616 Opuscula
3346 4567 3470 4606 esse

1895 4637 2248 4700 Sturmionis,
2296 4639 2382 4704 qui
2416 4652 2476 4691 ea
2509 4639 2559 4690 in
2604 4639 2798 4694 Itinere
2836 4639 3048 4705 Italico,
3102 4653 3155 4694 et
3208 4642 3472 4710 praecipue

1892 4730 2215 4782 monasterio
2261 4727 2565 4792 Casinensi,
2615 4731 2919 4798 collegerat.
2976 4732 3040 4785 Et
3065 4732 3165 4785 sub
3196 4732 3350 4800 hujus
3378 4751 3470 4786 no-

1892 4821 2035 4872 mine
2065 4819 2236 4872 denuo
2265 4820 2406 4872 edita
2440 4831 2561 4873 sunt
2595 4824 2646 4873 in
2679 4822 2817 4875 libro
2853 4821 3007 4874 Vetus
3044 4825 3328 4883 Disciplina
3363 4839 3471 4878 mn-

1896 4912 2108 4971 nastica,
2156 4911 2303 4963 Paris
2335 4951 2347 4972 ,
2377 4911 2531 4977 I726,
2563 4913 2720 4972 ἱππ-4⁸,
2749 4930 2865 4980 pag.
2905 4911 2953 4963 4.
2985 4912 3212 4966 Histoire
3231 4915 3471 4967 littéraire

1898 5005 1956 5052 de
1982 5004 2031 5054 la
2064 5001 2277 5066 France,
2315 5013 2442 5057 tum.
2476 5019 2544 5066 tv,
2580 5019 2698 5071 pag.
2727 5004 2846 5056 161.

1405 5211 1649 5284 νΙΤΑ
1708 5208 1783 5283 S.
1865 5211 2296 5287 STURMII

1561 5336 1850 5387 AUCTORE
1875 5337 2103 5387 EIGII.E.

971 5509 1126 5577 (ναις
1159 5510 1281 5558 ἰιιησ
1314 5507 1476 5558 Vitam
1502 5508 1637 5574 infra
1660 5508 1726 5558 ad
1755 5523 1938 5559 (mnum
1973 5507 2093 5572 79.2,
2126 5511 2254 5561 inter
2282 5508 2456 5576 Eigilis
2498 5526 2697 5576 operm,

695 5601 955 5657 ἔπεισι..
1038 5596 1115 5648 I..\'
1140 5596 1371 5652 XXIX.

2933 5598 3011 5657 ιο
