3910 6234
373 215 510 269 1259

1457 190 1510 266 εξ
1557 214 1829 268 s't'unuu
1876 190 2253 268 Fliltit-LNSSS
2294 215 2578 266 .UtflA'l‘lS

3485 217 3637 269 1260

2432 362 3068 375 *μεμε-..-
3093 365 3327 377 ——
3357 366 3402 377 —

1248 479 1921 593 SANGTI
1993 480 2765 594 STUBMII

1685 666 2029 716 FULDENSIS
2067 667 2331 735 AllBATlS

804 934 811 951 ,
880 798 1625 927 SCRIPTA
1708 764 2145 953 QU/E‘
2219 804 3043 927 EXSTANT.

549 1089 822 1165 ORDO
878 1084 1259 1162 OFFICII
1320 1092 1341 1117 ⁰
1404 1083 1508 1184 ΙΝ
1574 1080 1862 1155 DOMO
1921 1079 1997 1153 S.

2058 1080 2606 1169 BENEDICTI
2672 1089 2937 1163 ANTE
2996 1090 3403 1172 PASCHA.

1510 1318 1711 1381 manili.
1741 1319 1945 1369 :tnalcct.
1975 1333 2022 1379 p.
2052 1320 2130 1368 ιδι
2162 1334 2273 1371 nov.
2300 1325 2445 1384 edit.)

432 1520 486 1573 ιη
513 1516 694 1587 primis
718 1516 768 1568 in
796 1511 1073 1567 Dununica
1101 1523 1219 1576 qua:
1242 1516 1324 1562 est
1352 1518 1474 1561 ante
1524 1506 1725 1568 Palma,
1770 1508 1819 1559 id
1850 1518 1931 1559 est
1966 1516 2004 1565 Α
2040 1507 2271 1563 Tertiam
2319 1514 2498 1582 legunt
2542 1517 2845 1575 Passionem
2879 1524 3089 1578 Domini
3138 1532 3432 1585 secundum
3483 1534 3593 1590 Mat

367 1608 669 1678 quindecim
702 1604 816 1658 dies
846 1612 971 1655 ante
1001 1600 1225 1663 Pascha,
1260 1612 1366 1652 non
1397 1607 1619 1652 cantant
1650 1613 1933 1666 responso-

359 1704 499 1756 rium
526 1698 805 1769 parvulum
841 1710 959 1750 cum
987 1692 1192 1757 Gloria,
1226 1698 1281 1744 et
1301 1690 1533 1744 secunda
1558 1690 1689 1745 feria
1729 1690 1930 1744 iconias

356 1792 552 1846 velant.

425 1882 555 1936 Item
580 1881 636 1933 in
660 1876 937 1933 Dominica
961 1887 1081 1941 qua:
1110 1881 1191 1926 est
1218 1872 1270 1925 in
1295 1870 1447 1923 olivre
1473 1867 1926 1928 benedictionem,

358 1967 833 2025 rantantTertiam
860 1964 910 2017 in
934 1962 992 2018 S.
1021 1962 1179 2017 Petro
1222 1959 1542 2014 residentes.
1594 1957 1793 2011 Omnes
1843 1957 1923 2009 Ie-

355 2072 480 2131 gnnt
508 2061 794 2114 lectionem
847 2054 1139 2110 secundum
1182 2051 1648 2107 consuetudinem.
1706 2050 1829 2102 Post
1857 2049 1929 2100 le-

349 2142 584 2207 'ctionem
611 2163 737 2204 vero
762 2147 1002 2217 sequitur
1035 2146 1284 2199 lntroitus
1311 2155 1363 2197 et
1385 2143 1544 2196 lectio
1573 2142 1836 2209 Apostoli,
1870 2149 1925 2193 et

355 2244 587 2319 gradatis
614 2241 680 2295 ad
708 2242 875 2309 ipsam
910 2237 1053 2292 diem
1082 2238 1435 2307 pertinentes,
1482 2242 1537 2287 et
1584 2234 1927 2300 Evangelium

354 2338 424 2390 de
446 2334 628 2387 Ramis
655 2331 951 2400 palmarum
1001 2345 1014 2380 :
1053 2337 1108 2380 et
1137 2327 1527 2381 benedicuntur
1551 2325 1723 2385 olivae,
1753 2331 1806 2375 ct
1836 2322 1924 2374 iu-

353 2418 948 2497 cipinntantipltmiatn,
984 2418 1237 2472 "osanna
1276 2418 1398 2486 ﬁlio,
1440 2416 1621 2468 David.
1650 2415 1788 2469 'Post
1817 2413 1930 2466 haec

358 2517 487 2571 Ecce
526 2532 676 2585 quant
722 2518 928 2575 bonum,
956 2519 1011 2562 et
1034 2508 1230 2561 intrant
1272 2507 1325 2559 in
1374 2507 1430 2558 S.
1479 2505 1845 2589 Benedictum,
1876 2512 1925 2551 et

352 2609 495 2660 dicta
543 2606 786 2657 oratione
819 2599 1080 2667 incipiunt
1124 2597 1284 2649 aliam
1336 2595 1705 2661 antiplionam,
1752 2591 1925 2644 Turba

354 2697 534 2749 multa.
588 2674 839 2760 Sequitur
894 2689 1121 2746 Lit-auia.
1179 2693 1235 2739 et
1279 2690 1399 2738 eum
1450 2686 1559 2751 ipsa
1616 2683 1813 2735 intrant
1861 2681 1929 2732 ad

356 2789 567 2842 Missam
614 2784 892 2853 majorem.
944 2780 1020 2834 Ad
1064 2780 1233 2847 ipsam
1287 2780 1469 2846 legunt
1521 2776 1805 2831 lectionem
1853 2774 1919 2826 du

2038 1600 2257 1665 llttl‘llll),
2310 1604 2375 1656 ad
2409 1605 2623 1667 Sextam
2652 1611 2943 1666 secundum
2990 1614 3218 1672 Marcum
3252 1635 3266 1671 :
3298 1620 3426 1675 liora
3474 1638 3608 1678 vero

2037 1706 2175 1743 nona
2208 1691 2410 1761 legunt-
2436 1696 2716 1753 lectionem
2749 1701 2816 1754 de
2845 1704 2979 1756 Osce
3031 1708 3317 1775 propheta;
3372 1717 3620 1783 sequitur

2037 1779 2271 1845 giadalis
2315 1797 2434 1834 cum
2485 1786 2717 1855 quinque
2765 1792 3066 1857 versiculis,
3122 1794 3368 1863 Domine,
3416 1779 3614 1857 audivi.

2035 1868 2236 1923 Deinde
2266 1871 2424 1924 lectio
2453 1873 2520 1927 de
2552 1874 2745 1930 Exodo
2774 1887 2829 1933 et
2885 1890 3103 1946 tractus,
3165 1886 3267 1949 Qui
3316 1890 3509 1943 habitat
3560 1896 3615 1947 il

2029 1959 2313 2027 adjutorio.
2350 1961 2479 2016 Post
2514 1964 2625 2019 tunc
2659 1966 2842 2021 Passio
2884 1969 3091 2026 Domini
3122 1976 3412 2031 secundum
3442 1980 3618 2035 Joan—

2033 2064 2153 2103 nem
2199 2062 2478 2119 sequatur.
2543 2054 2744 2111 Deinde
2799 2062 3049 2114 sacerdos
3104 2063 3287 2118 fundat
3341 2072 3616 2125 orationes

2033 2151 2106 2189 xu
2138 2152 2257 2190 cum
2291 2139 2509 2209 totidem
2564 2142 2781 2199 litaniis.
2818 2146 2939 2201 llzrc
2984 2151 3163 2204 omnia
3211 2156 3443 2220 expleta,
3476 2161 3613 2211 adu-

2034 2236 2153 2280 rant
2181 2240 2420 2283 sanctam
2444 2247 2680 2295 crucem.
2712 2238 2843 2293 Acta
2870 2255 3113 2311 vespera,
3152 2245 3346 2300 vadant
3369 2251 3435 2301 ad
3488 2256 3611 2305 reti-

2032 2319 2308 2374 ciendum.

2108 2409 2345 2463 Sabbato
2374 2427 2501 2465 vero
2532 2425 2653 2483 post
2697 2418 2881 2473 horam
2931 2432 3149 2488 nonam,
3201 2425 3411 2491 pulsato
3460 2429 3615 2498 signa

2033 2498 2235 2553 intrent
2290 2502 2343 2554 in
2375 2506 2631 2559 oratorio.
2671 2508 2816 2562 Dicta
2840 2515 3081 2567 oratione
3107 2515 3363 2583 incipiunt
3403 2518 3616 2574 Lectio-

2031 2604 2133 2642 nes
2165 2605 2240 2642 xu
2286 2608 2488 2646 cumis
2526 2597 2855 2652 orationibus
2906 2602 3230 2672 totidemque
3274 2608 3601 2673 gradalibus,

2030 2686 2085 2731 et
2130 2691 2429 2748 sequuntur
2482 2684 2904 2756 benedictiuncs,
2955 2701 3009 2745 et
3054 2693 3353 2747 benedictio
3382 2698 3522 2750 cerei
3553 2709 3615 2751 et

2030 2784 2200 2837 aqum.
2235 2770 2509 2827 Exeunles
2541 2790 2668 2829 vero
2696 2792 2814 2831 cum
2840 2779 3021 2833 litania
3075 2783 3367 2848 procedunt
3426 2787 3491 2839 ad
3538 2788 3603 2841 8.

350 2878 629 2947 Αροειοιο,
660 2846 926 2945 gradalem
951 2880 1004 2926 et
1034 2846 1280 2932 tractmn,
1320 2861 1681 2935 Evangelinm,
1715 2867 1919 2946 passio-
1954 2846 1997 2904 Β
2034 2860 2267 2915 Petrum.
2314 2863 2484 2916 Finita
2529 2865 2721 2920 ibidem
2773 2870 2882 2935 ipsa
2924 2871 3128 2938 litania,
3176 2873 3315 2949 dicta
3365 2878 3615 2933 oratione

351 2984 475 3022 nem
509 2960 717 3021 Domini
744 2962 1040 3018 secundum
1075 2960 1399 3013 Matthmnm.
1432 2959 1706 3025 Completa
1746 2958 1923 3018 Missa,

358 3058 560 3110 vadunt
584 3071 705 3109 cum
733 3054 1020 3123 psallentin
1044 3040 1095 3105 in
1125 3052 1430 3105 rcfectorin.

428 3149 555 3203 Item
580 3158 697 3215 pust
713 3146 920 3199 Palmas
939 3154 1139 3197 tantum
1160 3154 1265 3195 tres
1288 3149 1473 3193 noctes
1493 3138 1689 3192 faciunt
1716 3148 1928 3190 noctur-

352 3254 500 3291 num.
550 3236 752 3301 Quarta
794 3243 968 3286 autem
1020 3232 1173 3295 feria,
1209 3230 1258 3282 id
1300 3240 1381 3282 est
1423 3229 1474 3281 in
1525 3229 1697 3297 vigilia
1748 3226 1927 3280 Cagnat

356 3326 588 3390 Domini,
622 3325 747 3377 liora
782 3336 916 3376 nona
960 3320 1171 3393 expleta
1203 3320 1399 3371 intrant
1431 3318 1495 3370 ad
1527 3318 1737 3370 Missam
1772 3316 1787 3369 ε
1843 3318 1920 3369 le-

350 3426 481 3488 gunt
523 3417 777 3470 lectiones
822 3394 997 3479 duas,
1046 3420 1100 3466 e‘t
1144 3420 1363 3465 cantant
1412 3410 1693 3478 gradualcs
1746 3407 1920 3472 duos,

348 3502 952 3578 unumquemque'cum
1018 3505 1251 3572 quinque
1308 3502 1609 3555 versiculis.
1666 3500 1923 3582 Sequitur

349 3601 534 3656 Passio
593 3598 800 3651 Domini
850 3596 1143 3650 secundum
1202 3594 1425 3645 Lucam.
1458 3592 1584 3643 Post
1610 3589 1919 3655 Completn.

346 3694 482 3746 rium
514 3706 639 3744 vero
661 3694 725 3742 ad
750 3694 889 3757 ipsas
915 3686 1123 3755 vigilias
1144 3686 1356 3753 signum
1385 3701 1486 3735 nun
1513 3690 1737 3750 tangunt
1761 3696 1926 3747 usque

344 3783 413 3838 ad
444 3782 647 3835 Missam
681 3781 731 3833 in
773 3777 1008 3834 Sabban
1054 3785 1273 3833 sancto;
1319 3788 1416 3827 nec
1449 3774 1677 3826 lectores
1706 3771 1925 3824 benedi-

348 3874 577 3927 ctionem
608 3876 813 3935 petunt,
847 3868 945 3920 nec
969 3866 1020 3917 in
1055 3863 1156 3916 line
1188 3871 1441 3916 consueta
1479 3861 1682 3912 dicunt.
1716 3860 1916 3911 Simili-

346 3974 426 4017 ter
449 3961 512 4014 ad
543 3973 754 4013 mensas
777 3964 982 4023 agatur.

422 4047 736 4116 Congrcgati
766 4060 954 4099 nnmes
983 4045 1035 4097 in
1061 4042 1307 4111 oratorio,
1327 4056 1539 4095 versum
1572 4056 1676 4094 non
1718 4040 1917 4099 dit-aut,

347 4155 446 4194 nec
477 4136 799 4190 vocatorium
834 4129 1265 4202 [InvitatoriumL
1317 4144 1412 4183 nec
1446 4131 1722 4198 presbyter
1765 4145 1912 4183 com-

347 4232 524 4301 pleat;
566 4243 664 4281 nrc
692 4228 985 4279 orationem
1015 4225 1213 4285 dicant,
1269 4223 1369 4276 nisi
1426 4232 1628 4289 tantum
1663 4224 1915 4291 simplici-

346 4332 429 4375 ter
460 4317 719 4386 incipiant
744 4315 1114 4381 antipbonam.
1148 4312 1346 4365 Novem
1380 4314 1564 4379 psalmi
1598 4312 1912 4368 dividuntur

350 4413 403 4463 in
438 4420 544 4463 tres
576 4408 738 4469 viccv,
774 4417 904 4470 tres,
934 4414 1061 4468 tres,
1107 4413 1234 4466 tres,
1260 4419 1377 4456 cum
1409 4419 1598 4455 novent
1634 4420 1913 4471 responso-

347 4501 441 4552 riis
472 4497 784 4564 majoribus,
816 4506 868 4547 et
899 4508 1088 4546 novem
1147 4494 1465 4545 lectionibus
1512 4495 1579 4546 de
1630 4494 1913 4548 Lamenta—

345 4593 487 4641 linite
517 4585 784 4647 Jcrcmite,
816 4594 868 4637 et
892 4582 1139 4639 Tractatn
1168 4583 1237 4635 de
1278 4583 1521 4647 passione
1567 4585 1792 4637 Domini.
1845 4585 1917 4641 Ita

346 4690 537 4740 agatur
569 4691 732 4737 usque
762 4675 812 4725 in
845 4672 1301 4725 Sabbntn'sanctn.

420 4770 550 4821 item
585 4769 635 4817 in
668 4765 831 4818 (liena
872 4760 1078 4813 Dntnini
1105 4771 1293 4827 agatur
1328 4761 1481 4813 Missa
1507 4764 1568 4813 :id
1596 4761 1910 4829 Vespertzm.

350 4860 426 4914 Ita
459 4862 717 4912 intrantes
749 4857 799 4909 in
829 4853 1139 4913 relectorin,
1174 4854 1685 4921 accipiantsinéulus
1709 4857 1916 4907 biberes

347 4963 398 5003 ιιι
432 4965 645 5014 panem,
666 4957 718 5000 et
746 4945 998 5015 quidquid
1030 4943 1106 4997 eis
1127 4945 1423 5011 appositum
1452 4944 1625 4998 fuerit.
1650 4947 1913 4998 Εχιιυιιιυδ

351 5056 475 5092 tem
506 5040 645 5089 lavat
676 5036 839 5089 abbas
872 5035 1031 5103 pedes
1060 5035 1325 5097 omnibus,
1360 5045 1412 5087 et
1445 5046 1559 5101 post
1606 5036 1909 5089 Mandatum

346 5139 582 5183 (mnam.
1608 5138 1611 5139 ⁷

420 5222 482 5273 Et
511 5220 562 5270 in
590 5226 743 5269 nocte
772 5214 838 5267 dc
870 5212 1029 5267 Ctenn
1062 5214 1288 5280 Domini,
1318 5217 1456 5284 quod
1484 5228 1563 5270 est
1596 5217 1912 5276 l‘arnsccve,

350 5310 660 5378 incipientes
694 5306 1027 5368 Matutinum,
1080 5322 1169 5374 per
1202 5310 1438 5375 singulas
1471 5308 1790 5373 antipltonas
1820 5321 1917 5357 ex-

350 5401 622 5468 stingunnt
672 5397 924 5451 candelas
964 5399 1218 5452 singulas.
1255 5398 1381 5449 item
1434 5398 1481 5447 in
1512 5406 1657 5447 svxta
1703 5395 1824 5447 feria
1853 5398 1913 5447 uti

424 5520 445 5544 ⁸
477 5510 741 5561 Gallieni:
775 5510 952 5561 Diime.

2033 2951 2325 3017 procedunt
2358 2954 2478 3008 inde
2507 2957 2570 3009 ad
2602 2957 2659 3011 8.
2699 2960 3036 3016 Benedictum
3068 2979 3187 3017 cum
3218 2964 3320 3020 alia
3374 2968 3553 3022 litania
3595 2987 3614 3024 :

2040 3050 2090 3091 et
2125 3042 2209 3092 illa
2265 3041 2457 3095 ibidem
2510 3046 2680 3108 (inita,
2715 3051 2959 3104 similiter
3009 3052 3149 3106 dicta
3201 3055 3443 3112 oratione
3472 3058 3613 3112 inci-

2038 3128 2179 3191 pient
2210 3131 2389 3201 aliam,
2417 3142 2609 3185 etcum
2640 3138 2749 3202 ipsa
2783 3140 3071 3202 procedunt
3095 3142 3160 3193 ad
3192 3143 3401 3197 Missam
3433 3148 3610 3214 majo-

2032 3232 2163 3272 rem.
2220 3216 2345 3271 l’ust
2398 3221 2634 3286 Missam,
2695 3237 2900 3291 peracta
2951 3243 3191 3297 vespera,
3235 3234 3433 3286 vadunt
3486 3251 3611 3289 cum

2030 3308 2311 3373 psallciitio
2343 3309 2396 3361 in
2422 3312 2725 3366 relectorio.

2100 3396 2229 3450 ltem
2262 3398 2539 3455 Dominim
2570 3403 2670 3460 die.
2692 3404 2886 3459 vadunt
2907 3422 3027 3460 cum
3063 3408 3352 3477 antipbona
3384 3424 3439 3468 et
3467 3429 3611 3483 aqua

2029 3499 2213 3545 sancta
2276 3507 2371 3559 per
2418 3495 2655 3564 singulas
2708 3500 3033 3557 mansiones.
3080 3502 3250 3557 Finita
3315 3508 3493 3561 omnia
3547 3522 3609 3563 et

2027 3581 2311 3647 completa,
2346 3585 2637 3651 procedunt
2669 3587 2719 3641 in
2752 3590 3093 3646 relectorium
3133 3608 3255 3648 cum
3290 3598 3606 3664 psallentio.

2028 3668 2271 3724 Secunda
2316 3676 2444 3727 leria
2472 3687 2599 3729 eunt
2638 3694 2757 3731 cum
2786 3695 2945 3737 cruce
2976 3691 3032 3737 et
3064 3687 3354 3752 patrocinia
3388 3687 3484 3762 [Id
3525 3702 3609 3743 est

2028 3759 2310 3831 reliquiis],
2343 3772 2396 3815 et
2427 3780 2559 3831 aqua
2592 3779 2771 3821 sancta
2802 3784 2896 3837 per
2941 3772 3181 3841 singulos
3208 3759 3420 3832 labores
3454 3795 3468 3831 :
3504 3793 3602 3833 re-

2026 3852 2249 3907 dcuntes
2276 3867 2438 3923 agunt
2463 3859 2670 3912 Missam
2703 3862 2752 3913 itt
2782 3872 2967 3918 sancto
2994 3864 3172 3919 Petro.

2101 3943 2276 3999 'Iertia
2307 3964 2434 3999 vero
2463 3949 2589 4002 feria
2622 3954 2919 4019 procedens
2943 3954 3069 4022 juso
3107 3954 3198 4026 [Id
3228 3967 3299 4011 eu
3350 3958 3608 4013 deorsum

2026 4051 2112 4087 seu
2144 4035 2410 4108 inferius],
2450 4038 2737 4109 jungentes
2764 4057 2820 4097 se
2845 4043 3094 4111 invicem,
3124 4056 3179 4099 et
3220 4048 3511 4101 salutantes
3543 4064 3611 4103 se

1969 4179 1989 4197 ‘
2029 4135 2211 4178 mutuo
2241 4126 2305 4179 ad
2358 4128 2415 4182 8.
2454 4130 2665 4183 Petrum
2700 4132 2750 4184 in
2800 4131 3015 4188 civitate
3051 4151 3063 4186 :
3121 4133 3434 4203 incipientes
3475 4139 3608 4191 lita-

2026 4221 2187 4280 niam,
2219 4220 2495 4275 intrantin
2535 4225 2841 4289 ecclesiam,
2878 4227 3063 4294 legunt
3095 4226 3373 4282 lectionem
3429 4230 3607 4284 Actus

2024 4312 2412 4374 apostolorum,
2436 4313 2727 4380 gradalem,
2773 4316 3023 4381 alleluia;
3074 4321 3313 4385 sequitur
3344 4320 3611 4389 Evange-

2027 4402 2175 4454 lium.
2212 4402 2359 4455 Dicta
2390 4406 2654 4470 oratione,
2692 4407 3007 4475 incipientes
3032 4411 3373 4477 antipbnnam
3408 4428 3607 4479 proce-

2025 4493 2154 4569 dnnt
2187 4492 2237 4545 in
2271 4495 2459 4547 cellam
2488 4496 2553 4548 ad
2600 4508 2785 4549 saneto
2818 4499 3117 4553 Salvatore.
3153 4500 3370 4555 Peracta
3418 4514 3607 4557 autem

2028 4584 2307 4636 llissarnm
2333 4586 2610 4647 Sulenmia,
2662 4586 2982 4653 incipientes
3006 4590 3355 4658 antipltOnam
3384 4600 3514 4644 eunt
3549 4592 3608 4645 in

2027 4673 2327 4727 relcctnrio.
2387 4675 2477 4729 llis
2532 4682 2603 4729 ita
2660 4674 2907 4732 ommous
2952 4679 3209 4746 expletis,
3260 4680 3495 4738 seCunda
3550 4694 3607 4733 et

2024 4767 2179 4816 tertia
2215 4765 2339 4817 feria
2374 4766 2576 4821 faciunt
2624 4781 2744 4821 octo
2794 4769 3094 4832 lectiones;
3153 4769 3374 4833 reliquis
3403 4769 3611 4823 diebus

2023 4870 2189 4921 usque
2238 4857 2286 4906 in
2347 4859 2532 4909 nctaba
2591 4866 2739 4925 sexta
2798 4868 2853 4911 et
2909 4874 3076 4926 usque
3128 4858 3183 4912 in
3235 4858 3605 4914 Pentecosteu

2020 4946 2161 4997 omni
2191 4959 2345 4999 nocte
2371 4956 2475 4999 tres
2505 4948 2789 5000 lectiunes:
2814 4958 2867 5000 et
2892 4947 2955 5001 ad
2985 4947 3304 5001 matutinum
3336 4945 3603 5027 [Laudcsj

2024 5035 2291 5091 Dominus,
2311 5040 2554 5105 regnarit,
2603 5048 2649 5090 et
2692 5040 2908 5108 jubilate
2937 5040 3061 5091 Deo.

2056 5138 2059 5143 ·
2098 5128 2149 5177 In
2182 5127 2262 5178 his
2296 5128 2670 5180 festivitatibus
2705 5127 2830 5182 fiunt
2865 5144 2939 5183 su
2992 5129 3277 5190 lectiones.
3306 5140 3362 5185 et
3406 5132 3615 5185 dicitur

2025 5214 2273 5267 Dominus
2297 5219 2541 5286 regnavit,
2583 5217 2805 5283 Pascha,
2840 5218 3098 5273 Aaccnsio
3127 5220 3358 5283 Domini,
3410 5222 3614 5277 Pente-

2023 5314 2227 5369 costen,
2263 5306 2319 5357 S.
2351 5307 2571 5359 Joannis
2602 5307 2871 5374 Baptism,
2898 5307 2959 5361 S.
2993 5307 3152 5374 Petri,
3209 5311 3269 5364 8.
3306 5310 3614 5377 Laurentii,

2024 5398 2079 5449 8.
2116 5397 2309 5460 λιπίίυ.
2353 5398 2406 5451 8.
2446 5399 2673 5459 Martini,
2710 5399 2974 5453 Nativitas
3021 5397 3256 5465 Domini,
3303 5399 3616 5472 Epiphania

3598 5676 3831 6121 ,1
