3910 6234
438 297 571 348 l'itil

440 402 667 457 Domini.
694 399 913 451 Octalius
941 376 1166 458 Ditltlltli,
1193 395 1416 446 Οριλιιηις
1448 389 1773 456 Epipltattim,
1810 388 1985 440 Purili-
2024 393 2064 446 Α

437 492 583 543 ratio
612 490 668 541 S.
702 488 895 547 Mariae,
932 484 1184 537 Natiiitas
1220 483 1276 535 S.
1313 480 1568 544 Faustini,
1597 488 1651 530 et
1682 477 1887 540 lovitte,
1939 488 1990 528 et

437 578 702 645 depositio
733 578 789 629 S.
816 574 1080 627 Benedicti
1113 572 1337 633 abbatis,
1369 581 1422 623 et
1455 569 1510 622 S.
1542 566 1785 635 Gregorii
1821 580 1987 634 papze,

437 679 500 723 et
528 669 582 723 S.
616 667 860 719 Germani
893 664 1145 732 epianpi.
1198 663 1249 713 In
1306 661 1387 712 his
1417 668 1590 711 autem
1621 656 1993 709 festivitatibus

442 758 499 809 in
525 754 694 823 vigilia
717 768 837 807 non.
861 752 1152 818 processio,
1183 743 1565 817 nec'jejnninm
1599 747 1661 798 ad
1691 759 1987 812 vesperum,

444 844 697 897 videlicet
720 842 902 895 nctaba
929 840 1157 900 Domini,
1186 838 1369 890 octaba
1394 835 1719 900 Epiphaniae,
1755 841 1807 885 et
1840 831 1991 883 Puri-

444 932 691 984 licatione
710 939 903 983 sancta.-
933 928 1128 980 Marite.
1166 926 1218 979 In
1244 925 1459 992 reliquis
1489 931 1661 975 autem
1692 929 1991 974 sanctorum

442 1022 814 1075 festivitatibus
848 1034 939 1071 vttr
972 1016 1247 1071 lectiones.

516 1155 841 1206 Annorum.
882 1179 950 1190 —
990 1149 1295 1201 Praemisms
1318 1145 1457 1197 ()rdo
1489 1144 1709 1194 habetur
1735 1142 1784 1191 in
1805 1140 1991 1192 codice

444 1222 779 1274 bibliotheca:
809 1220 975 1272 sancti
1010 1217 1235 1272 Udalrii-i
1260 1218 1393 1279 apud
1428 1216 1713 1287 Augttstftitt
1758 1208 1990 1287 Vindeli-

442 1307 649 1353 corutn,
673 1291 865 1354 scripto
888 1288 953 1339 ah
981 1288 1129 1337 annis
1163 1290 1269 1337 fere
1300 1286 1595 1354 nongentis.
1624 1281 1773 1354 l_|uuc
1819 1281 1991 1341 (τηειῇί-

438 1364 608 1412 cimus
632 1348 748 1412 esse
776 1348 1025 1409 Ordinem
1049 1355 1315 1420 antiquum
1343 1352 1594 1404 ECL‘ICSIEB
1624 1348 1990 1423 Frisingensis,

438 1443 561 1494 quae
580 1431 735 1479 etiam
770 1435 951 1479 sancto
987 1415 1265 1474 Benedicto
1313 1431 1513 1494 sacrata
1556 1427 1685 1473 erat.
1723 1415 1995 1494 monachis

437 1488 684 1548 :Lsancto
713 1495 804 1547 Cor
822 1496 1030 1545 ltiltidﬂﬂ
1055 1494 1303 1557 episcopo
1329 1488 1568 1555 primitus
1587 1488 1907 1557 coturnissu,
1940 1492 1994 1557 ut

437 1565 568 1616 alibi
612 1563 955 1616 ostendimus.
1010 1560 1137 1613 Illud
1187 1552 1555 1629 observatione
1601 1553 1818 1629 dignum
1851 1552 1991 1629 quod

445 1634 628 1685 l’asaio
660 1633 862 1685 Domitii
888 1630 1072 1698 triplex
1106 1630 1157 1682 in
1192 1631 1480 1683 l‘arasceve
1507 1623 1726 1693 legenda
1747 1623 1992 1689 praescri-

437 1701 601 1755 hitur.

441 1832 2511 1859 Wa

1172 284 1489 349 ANTIQUJ‘I
1529 279 2087 334 CUNSUE'I‘UIHNES
2124 280 2383 331 οιιιυιλιιδ
2423 280 2458 331 S
2526 276 2895 330 liliNlltlltJl'l.

3500 275 3629 328 1262

2169 386 2218 436 lu
2252 403 2311 436 eo
2333 385 2525 438 Codice
2555 387 2884 451 pra-mittitur
2912 383 3006 433 alia
3060 396 3212 433 tttattzt
3248 392 3393 433 Vetus
3440 379 3634 451 Kalen-

2095 455 2294 506 darrnnt
2334 468 2424 506 seu
2470 450 2625 507 breve
2678 454 3134 521 Martyrologium;
3187 450 3401 521 deinde
3438 450 3631 521 ltegttla

2093 526 2256 576 sancti
2289 524 2572 582 Benedicti.
2604 524 2653 573 in
2682 516 2830 587 cujus
2855 516 3203 587 fine—legitur,
3272 516 3505 569 Fucierrti
3527 517 3634 570 hinc

2095 594 2189 643 vita
2216 594 2305 643 erit
2328 602 2532 643 (eterna.
2565 591 2695 643 Tum
2720 601 3005 657 sequuntur
3030 603 3227 650 versus,
3249 588 3348 650 Qui
3370 587 3635 657 lcttijuqo,

2093 671 2199 711 etc.
2236 662 2430 711 Deinde
2484 661 2614 711 ordo
2661 655 2863 725 legendi
2896 659 3055 709 libros
3082 672 3260 709 sacros
3310 657 3359 708 in
3397 655 3631 708 Ecclesia-

2096 728 2366 781 ﬂuuiana:
2416 737 2592 793 postea
2621 729 2784 790 Ordo,
2834 743 2987 793 quem
3023 741 3138 778 mox
3190 725 3473 785 edidimus,
3517 739 3636 775 cuti.

2096 798 2304 861 hymnis
2327 797 2716 849 ecclesiasticis.
2751 795 2877 847 Item
2926 796 3082 847 breve
3118 796 3373 861 scriptum
3426 794 3486 842 de
3512 808 3638 859 pou-

2095 866 2294 916 derilma
2343 868 2537 930 absque
2587 866 2815 917 auctoris
2862 865 3094 925 nomine,
3128 866 3212 917 ubi
3263 864 3373 914 hmc
3429 864 3633 914 verba:

2100 933 2270 985 Unciw
2318 949 2388 986 att
2438 935 2613 984 librant
2662 934 3023 1000 e/ﬁciuttf...“
3076 932 3228 983 Libra
3269 949 3369 983 mra
3405 939 3451 981 et
3490 932 3637 981 sentis

2094 1002 2340 1053 Iterrtiuam
2368 1004 2490 1069 facit
2518 1016 2534 1052 :
2560 1003 2674 1053 (tua:
2699 1004 2909 1053 heminae
2936 1002 3210 1053 sextarium
3248 1002 3486 1053 reddunt.
3523 1004 3641 1050 xxiv

2094 1072 2315 1123 sextario
2368 1072 2592 1122 modium
2643 1072 2852 1137 faciunt,
2902 1071 3185 1139 quindecim
3234 1071 3402 1122 modia
3441 1083 3638 1134 gomor.

2095 1140 2196 1191 duo
2218 1156 2393 1207 gomor
2430 1156 2624 1191 eorum.

2167 1204 2292 1259 lluic
2316 1210 2518 1272 lirdini,
2553 1218 2766 1275 propter
2795 1207 3087 1275 argumenti
3111 1207 3445 1265 affinitatem,
3479 1204 3643 1269 subji-

2095 1277 2262 1328 cimus
2308 1292 2370 1329 ex
2404 1288 2705 1341 pervetusto
2756 1277 2947 1330 Codice
2998 1282 3163 1329 sancti
3208 1276 3341 1329 Galli
3396 1276 3637 1336 antiqan

2096 1348 2513 1399 consuetudines
2542 1348 2593 1398 in
2624 1349 2954 1400 monasteriis
2982 1347 3176 1397 nostris
3205 1348 3332 1397 olim
3380 1354 3637 1397 servatas.

2098 1414 2294 1467 Deinde
2328 1431 2453 1467 vero
2481 1418 2757 1481 epistolam
2804 1432 2898 1470 seu
2928 1417 3239 1479 rescriptum
3277 1413 3639 1466 Casinerisinm

2095 1484 2157 1534 ad
2200 1485 2401 1536 litteras
2454 1480 2847 1538 tuoiiachorum.
2879 1485 3286 1537 'l‘eutnnicornin
3338 1484 3404 1534 de
3455 1480 3643 1533 ritibus

2098 1553 2535 1607 Cluniacensibus
2571 1572 2582 1603 :
2616 1569 2770 1619 quam
2804 1554 3079 1618 epistolam
3106 1557 3154 1604 in
3186 1553 3435 1618 opereulo
3466 1548 3649 1615 cujiis-.

2096 1622 2215 1672 dam
2266 1622 2472 1675 Codicis
2514 1624 2735 1690 publica:
2780 1623 3109 1677 bibliotheca:
3144 1621 3459 1675 Basileensis
3504 1619 3647 1671 inve-

2099 1705 2294 1744 lllmUS.

1350 1960 1827 2051 ANTIQUE
1881 1957 2731 2034 CONSUETUDINES

1222 2107 1905 2171 MONASTEIUORUM
1945 2104 2263 2165 ORDINIS
2304 2106 2367 2165 S.
2412 2105 2864 2172 BENEDICTI.

1580 2344 1780 2406 (Habiti.
1812 2342 2028 2394 Analect-
2055 2354 2103 2403 p.
2133 2343 2220 2393 152
2251 2357 2360 2396 nov.
2386 2349 2525 2410 edit.,

510 2543 695 2597 Patres
722 2539 1085 2595 coenobiorum
1116 2539 1350 2593 studiose
1378 2548 1615 2592 sanctam
1644 2536 1880 2605 regulam
1911 2536 2001 2589 ob-
2029 2535 2076 2594 Β
2106 2550 2313 2606 semper
2336 2550 2509 2597 tamen
2543 2544 2595 2597 in
2625 2545 2834 2600 illorum
2866 2550 3273 2607 habitationibus
3303 2553 3575 2613 εειεηιίυηι
3604 2571 3653 2614 ρ,

436 2648 651 2690 servare
670 2648 788 2686 cum
812 2644 1016 2683 summa
1046 2644 1169 2682 cura
1201 2629 1495 2693 decertant,
1528 2638 1585 2681 ut
1612 2627 1861 2681 fratribus
1884 2626 1996 2679 suis

440 2721 737 2777 necessaria
768 2718 1133 2772 alimentorum
1171 2728 1221 2770 et
1248 2716 1674 2770 indumentorum
1703 2713 1995 2769 secundum

440 2820 636 2865 statuta
659 2817 854 2867 sanetae
880 2807 1074 2876 regula:
1098 2808 1369 2876 praebeant
1396 2824 1407 2857 :
1430 2815 1488 2861 ut
1512 2820 1721 2859 omnem
1742 2805 1818 2859 eis
1847 2820 1998 2857 mun-

433 2900 592 2952 danae
619 2911 759 2951 cura:
781 2896 1111 2949 occasionem
1156 2895 1361 2957 tollant.
1386 2904 1440 2949 et
1465 2894 1743 2962 peculiaris
1778 2892 1997 2961 alicujus

438 2985 1071 3056 atquemurmurationis
1124 2988 1451 3038 mortiferum
1485 2985 1628 3038 virus
1680 2984 1993 3047 excludant,

436 3090 654 3144 sumque
685 3060 1000 3141 professioni
1052 3072 1273 3129 idoneos
1303 3074 1547 3126 reddant.
1604 3072 1732 3125 Nam
1763 3074 1997 3126 eleemoo

439 3180 686 3235 synarum
731 3163 1105 3231 largitionem,
1163 3178 1258 3215 seu
1305 3162 1595 3230 quamlibet
1644 3162 1992 3226 oblationem,

438 3256 551 3304 sive
599 3250 993 3320 possessionum
1025 3264 1237 3302 suarum
1286 3252 1486 3303 reditus
1540 3251 1769 3303 maxime
1798 3253 1845 3302 iri
1898 3252 1996 3304 hoc

439 3342 765 3409 expendunt,
793 3324 1127 3393 ut'fratribus
1157 3342 1264 3392 suis
1294 3342 1615 3405 necessaria,
1650 3355 1751 3393 non
1805 3356 1995 3407 super-

437 3436 540 3487 llua
564 3433 854 3501 pra‘heant,
888 3444 1146 3497 quatenus
1176 3431 1241 3484 ab
1270 3430 1347 3483 eis
1391 3430 1605 3493 liberius
1646 3432 1815 3485 sancti
1870 3445 1995 3499 prn-

439 3523 599 3590 positi
620 3522 1041 3576 observationem
1066 3522 1340 3589 requirere
1364 3522 1570 3574 valeant
1601 3540 1611 3573 :
1640 3537 1898 3590 curasque
1939 3529 1996 3575 et

438 3613 825 3668 sollicitudines
870 3626 1043 3665 rerum
1098 3596 1430 3665 terrenarum
1465 3621 1802 3679 postponunt,
1832 3606 1884 3667 et
1910 3627 1994 3667 se-

434 3703 664 3756 cundum
701 3710 959 3769 praecepta
996 3702 1190 3768 regula:
1242 3701 1511 3754 lucrandis
1552 3703 1843 3756 animabus
1884 3684 2012 3756 stu:

437 3791 587 3845 diose
612 3790 898 3856 invigilant.
1793 3776 1850 3851 ’

515 3881 562 3932 Ι.
604 3875 659 3931 ln
687 3878 925 3931 oratorio
948 3892 1211 3931 summum
1242 3878 1533 3940 silentium,
1561 3892 1820 3931 summam
1851 3878 1995 3945 psal—
2023 3857 2070 3917 θ

439 3969 581 4023 tendi
639 3966 1028 4027 reverentiam,
1084 3976 1554 4034 temperamentum
1604 3968 1859 4021 elevatius
1904 3982 1994 4021 ca-

438 4056 620 4122 nendi,
654 4066 707 4109 et
723 4056 1172 4110 ordinatissimum
1192 4056 1402 4108 modum
1432 4058 1483 4110 in
1511 4057 1674 4111 choro
1701 4056 1872 4110 standi
1902 4074 1914 4120 ;
1946 4058 1996 4112 in

441 4146 687 4199 omnibus
730 4143 948 4213 agendis
981 4152 1324 4211 temperatam
1357 4144 1791 4208 modulationem,
1823 4145 1995 4198 ablata

442 4237 493 4290 in
520 4235 765 4288 omnibus
786 4234 1123 4287 festinatione
1167 4234 1406 4298 confusa,
1440 4248 1501 4287 ac
1551 4236 1891 4289 celerrimum
1931 4236 1996 4289 ad

442 4326 620 4383 omnia
647 4325 793 4392 signa
820 4332 1161 4376 conventum.

511 4413 563 4466 2.
607 4410 661 4467 In
681 4414 913 4466 sacrario
938 4428 1181 4480 magnum
1209 4411 1496 4477 silentium,
1531 4426 1588 4467 et
1629 4414 1995 4469 nitidissimam

456 4504 972 4560 administrationem
992 4544 1006 4567 ,
1035 4514 1093 4556 et
1122 4504 1548 4559 vestimentorum
1596 4502 1997 4561 sacerdotalium

445 4600 720 4651 honestam
749 4605 803 4649 et
830 4596 1130 4649 ordinatam
1176 4597 1328 4651 valde
1366 4598 1811 4667 distributionem,
1842 4611 1896 4655 et
1924 4603 2000 4655 si-

444 4700 665 4755 gnorum
696 4684 847 4739 valde
876 4684 1177 4739 distinctum
1208 4700 1419 4739 sonum.

522 4775 576 4830 5.
616 4773 961 4844 inhospitali
997 4774 1261 4843 hospitum
1306 4775 1682 4833 monachorum
1729 4778 1999 4831 honestis-

445 4868 634 4919 simam
675 4866 1063 4934 susceptionem
1090 4903 1107 4930 ,
1145 4877 1415 4934 segregata
1452 4866 1610 4920 domo
1654 4868 1999 4935 susceptionis
2038 4937 2043 4942 _

446 4957 671 5009 aliorum
704 4956 986 5023 hospitum.

515 5046 568 5099 4.
611 5046 667 5102 In
701 5047 979 5100 refectnrio
1007 5060 1270 5103 summum
1313 5046 1605 5112 silentium,
1637 5056 1690 5103 et
1719 5047 2003 5102 ordinatis-

444 5138 634 5190 simam
664 5144 819 5201 atque
842 5135 1239 5189 mundissimam
1270 5136 1372 5190 cibi
1401 5144 1455 5189 et
1486 5146 1642 5205 potus
1666 5137 1999 5190 administra-

2031 5193 2081 5250 D

2100 2624 2373 2707 humilitas
2399 2632 2632 2708 studiose
2658 2636 2991 2693 observatur.
3060 2684 3065 2697 .

2168 2718 2220 2771 6.
2263 2720 2318 2773 In
2365 2721 2678 2778 dormitorio
2718 2726 3165 2784 ordinatissimam
3212 2732 3467 2789 lectorum
3517 2740 3656 2805 posi-

2100 2806 2318 2877 tionem,
2354 2823 2405 2865 et
2433 2829 2635 2883 aequam
2664 2819 2981 2889 acqsimilem
3009 2831 3420 2880 stramentorum
3446 2828 3657 2886 divisio-

2099 2911 2219 2952 nem
2251 2918 2266 2953 :
2299 2901 2386 2956 ubi
2425 2904 2554 2958 nihil
2589 2907 2786 2973 pictum
2823 2911 2904 2967 vel
2950 2912 3205 2967 variatum
3250 2926 3409 2984 atque
3455 2916 3653 2973 lineuut

2097 2988 2346 3055 vidimus,
2376 2994 2469 3047 sed
2500 3010 2673 3064 neque
2710 2998 2763 3052 in
2791 2998 3101 3055 dormitorio
3129 3003 3418 3069 hospitum.
3652 2995 3659 2998 V

2168 3076 2221 3129 7.
2263 3078 2609 3151 Omnigenam
2648 3084 2971 3154 iurationem
3004 3090 3144 3144 inter
3170 3106 3262 3145 ens
3304 3108 3401 3149 nec
3442 3097 3656 3163 audiri,

2099 3180 2195 3220 nec
2224 3172 2471 3235 praesumi
2518 3188 2544 3224 a
2575 3189 2835 3243 quoquam
2872 3193 2883 3229 :
2925 3186 2979 3230 et
3023 3187 3342 3254 nocturnum
3391 3184 3659 3241 silentium

2098 3268 2312 3325 semper
2342 3260 2408 3312 ab
2438 3263 2516 3313 eis
2547 3264 2838 3329 custodiri,
2871 3267 2984 3321 sive
3020 3268 3188 3332 intus,
3220 3269 3328 3323 sive
3359 3271 3487 3325 foris
3515 3274 3618 3329 sint
3639 3317 3657 3341 ,
3686 3322 3696 3331 .

2098 3359 2369 3414 quousque
2400 3349 2450 3401 in
2482 3351 2714 3418 capitulo
2746 3368 2949 3407 versum
2981 3356 3180 3410 dicant.

2101 3430 2343 3487 Ordinem
2373 3439 2653 3508 regularem
2681 3443 2819 3510 apud
2844 3458 2927 3496 eos
2953 3447 3041 3513 qui
3068 3447 3121 3497 in
3160 3464 3275 3501 arce
3302 3452 3522 3520 regulari
3549 3470 3660 3523 po.-

2379 3538 2387 3603 "
2534 3531 2638 3583 lem
2657 3570 2671 3597 ,
2701 3532 2851 3585 istum
2880 3537 3216 3590 meminimus.
3605 3595 3609 3600 ,
3662 3592 3670 3598 ,

2172 3613 2222 3667 1.
2260 3613 2318 3666 in
2351 3615 2537 3685 primis
2564 3627 2623 3670 ut
2650 3634 2677 3670 a
2709 3623 3023 3689 vespertinis
3053 3638 3217 3692 usque
3250 3629 3301 3679 in
3332 3631 3616 3697 capitulum
3640 3676 3659 3701 ,

2097 3706 2237 3769 quod
2264 3705 2321 3755 fit
2355 3716 2469 3771 post
2502 3706 2754 3775 Primam,
2782 3716 3346 3771 sumrnumsilentium
3374 3728 3614 3777 teneatur
3644 3742 3657 3775 :

2096 3798 2153 3843 et
2190 3802 2307 3856 post
2336 3797 2618 3847 matutinas
2669 3800 2825 3852 horas
2854 3814 2959 3853 non
3000 3796 3246 3858 redeatur
3284 3808 3349 3861 ad
3396 3809 3657 3879 lectulos.

2102 3881 2199 3934 nisi
2230 3885 2438 3949 quando
2470 3885 2763 3950 plenarium
2795 3888 3030 3944 officium
3056 3894 3356 3950 celebratur
3388 3916 3402 3951 :
3432 3902 3511 3954 vel
3532 3917 3660 3957 con-

2100 3971 2261 4037 tingat
2306 3984 2428 4025 ante
2462 3974 2643 4028 horam
2683 3980 2983 4033 surrexisse
3006 4021 3022 4044 ,
3056 3997 3276 4052 excepto
3325 3988 3549 4045 infirmis
3581 3998 3658 4048 vel

2100 4072 2209 4125 pra:
2240 4059 2546 4115 lassitudine
2575 4078 2680 4118 non
2709 4064 3030 4137 valentibus,
3072 4086 3295 4141 quorum
3326 4076 3661 4136 imbecillitas

2098 4159 2127 4197 a
2161 4147 2336 4213 priore
2374 4153 2758 4208 consideranda
2788 4168 2886 4211 est.
3019 4188 3023 4190 ν
3266 4158 3271 4175 ³
3312 4166 3316 4168 ⁷

2169 4238 2223 4290 2.
2256 4237 2381 4293 Post
2410 4241 2686 4299 lectionem
2712 4258 2884 4302 autem
2909 4249 3122 4317 capituli
3164 4236 3459 4313 exeundum
3488 4275 3571 4317 est
3592 4266 3659 4321 ad

2097 4341 2233 4393 opus
2262 4332 2400 4397 quod
2447 4335 2751 4402 praecipitur
2785 4350 2814 4390 a
2856 4340 3034 4407 priore
3058 4343 3179 4397 cum
3224 4348 3427 4404 summa
3455 4359 3660 4411 cautela

2101 4419 2153 4471 in
2206 4419 2532 4475 Psalmnrum
2566 4425 2922 4483 modulatione
2965 4433 3044 4486 vel
3087 4436 3436 4501 spiritualium
3483 4458 3658 4501 rerum
3721 4422 3726 4428 ’

2100 4510 2581 4581 cordocutionihus,
2614 4533 2678 4571 ne
2702 4519 2861 4575 verba
2893 4527 3062 4577 otiosa
3093 4529 3407 4598 subripiartt,
3439 4548 3493 4588 ut
3510 4536 3659 4605 juxta

2103 4602 2397 4666 regularem
2445 4608 2808 4663 auctoritatem
2859 4626 3024 4681 usque
3074 4615 3140 4670 ad
3190 4602 3659 4691 interrogationem

2104 4704 2208 4742 non
2236 4692 2534 4759 loquantur.
2567 4697 2669 4750 ista
2702 4698 3047 4770 interrogatio
3075 4720 3103 4758 a
3130 4708 3452 4775 sapientibus
3480 4721 3658 4772 consi-

2103 4783 2333 4837 deranda
2365 4798 2462 4848 est,
2498 4798 2553 4840 ut
2583 4791 2766 4856 paucis
2791 4798 3266 4863 comprehendant.

2172 4872 2225 4926 5.
2266 4875 2389 4928 Post
2415 4892 2571 4944 opus,
2600 4890 2653 4933 et
2680 4880 2934 4947 Tertiam,
2963 4897 3011 4939 et
3037 4888 3267 4955 Missam,
3293 4894 3515 4962 pleniter
3535 4915 3658 4955 cnn—

2104 4962 2339 5017 veniatur
2360 4966 2423 5017 ad
2454 4964 2738 5023 lectionem
2771 4970 2821 5024 in
2857 4973 3029 5029 laeum
3061 4977 3367 5044 deputatum
3397 4989 3463 5039 ab
3492 4971 3655 5044 omni.

2102 5052 2494 5144 hus,eacepto
2536 5058 2617 5112 his
2661 5062 2747 5129 qui
2782 5062 2831 5115 in
2874 5057 3031 5119 variis
3062 5068 3250 5125 olliciis
3298 5053 3657 5144 deputantur:

2104 5141 2197 5194 sed
2226 5143 2293 5196 de
2323 5143 2403 5197 his
2430 5147 2518 5213 qui
2547 5162 2765 5215 possunt
2793 5167 3106 5221 occurrant,
3137 5141 3650 5228 quorum-conscien-

446 5233 666 5290 tioocm,
699 5238 855 5293 atque
884 5227 1168 5279 secundum
1198 5230 1430 5295 regulam
1461 5229 1715 5295 tequalem
1746 5229 1797 5282 in
1827 5231 1998 5283 omni-
2031 5227 2087 5250 ν
2108 5229 2176 5281 tia
2208 5232 2307 5283 sibi
2340 5235 2487 5289 testis
2526 5246 2606 5289 est
2629 5275 2644 5299 ,
2675 5248 2846 5293 utrum
2890 5246 3089 5310 possint
3114 5252 3423 5311 ,‘custoditn
3450 5273 3660 5315 surnum

444 5322 544 5373 bus
569 5332 659 5383 pro
678 5318 987 5369 necessitate
1008 5318 1456 5381 distributionem,
1482 5321 1531 5369 in
1561 5318 1802 5372 omnibus
1824 5321 1999 5386 provi-

444 5409 657 5469 dentes,
692 5421 756 5459 ne
788 5407 996 5458 modum
1027 5406 1220 5474 regulae
1252 5422 1469 5472 usquam
1502 5410 1777 5462 excedant.

517 5500 572 5553 5.
616 5498 671 5550 In
699 5497 942 5549 claustris
981 5498 1104 5549 hora
1138 5498 1375 5550 lectionis
1407 5513 1668 5551 summum
1706 5501 1987 5567 silentium,

443 5599 495 5645 ct
536 5602 798 5643 summum
834 5586 1062 5640 studium
1104 5588 1342 5642 lectionis
1385 5587 1449 5640 ab
1480 5590 1723 5643 omnibus
1772 5590 1988 5647 haberi:

2105 5321 2315 5376 silentio
2337 5323 2388 5378 in
2412 5327 2703 5382 intentione
2726 5332 2989 5399 lectionis,
3015 5336 3112 5391 nisi
3134 5340 3316 5406 jubeat
3342 5350 3485 5412 prior
3500 5353 3655 5408 alicui

2105 5412 2324 5468 doctiorr’
2352 5456 2367 5479 ,
2411 5420 2583 5471 minus
2628 5421 3075 5499 doctislratribus
3112 5430 3193 5481 vel
3237 5431 3473 5489 doctrina
3525 5442 3657 5497 indi-

2102 5505 2343 5571 gentibus
2372 5507 2649 5563 lectionem
2681 5507 2919 5579 tradere,
2955 5516 3019 5571 de
3049 5518 3200 5585 cujus
3231 5506 3465 5579 moribus
3506 5544 3651 5583 secu-

2098 5609 2188 5649 rus
2216 5596 2298 5651 sit.
