3910 6234
190 286 320 339 ηδ

1161 279 1249 329 ιιι»
1289 277 1341 328 s.
1385 269 1657 328 sruuant
1701 261 1981 318 summa
2025 237 2433 313 .vrreauux.‘

3249 245 3384 298 i363

258 398 308 448 4.
354 395 440 448 llis
469 395 536 447 ita
577 390 876 457 compositis
906 427 919 449 ,
953 388 1113 440 frater
1157 386 1241 454 qui
1277 385 1444 456 signis
1489 381 1739 431 horarum
1774 375 1811 425 Λ
1848 369 2191 423 temeritatem
2223 360 2446 433 regulari
2476 361 2749 425 disciplina
2779 355 3176 423 corripiebatur.
3207 351 3309 406 Sed
3343 363 3395 404 et

192 492 401 553 pr.resl,
437 482 648 537 accedat
677 483 741 532 ad
776 477 1055 546 coquinam
1101 475 1165 527 ad
1202 472 1481 527 videndum
1508 509 1520 530 ,
1560 470 1600 520 si
1633 466 1736 532 iam

191 587 368 642 parata
404 580 526 627 sunt
557 586 671 638 qua:
717 577 966 637 parantur
1010 565 1227 618 fratrum
1260 562 1371 614 usui
1421 558 1738 611 necessaria.

193 662 286 717 llis
325 659 522 729 paratis
568 668 774 711 moveat
810 658 1012 724 signum
1059 651 1344 722 prolixius,
1386 650 1509 701 dum
1554 646 1741 698 fratres

191 763 378 806 omnes
407 751 458 804 in
482 747 761 803 ecclesiam
787 758 1101 800 concurrere
1131 743 1355 810 possint.
1390 738 1481 791 llis
1508 738 1558 790 in
1583 751 1740 788 unum

201 838 404 910 positis,
434 838 638 909 signum
664 835 952 891 secundum
981 834 1152 900 pulset
1172 830 1402 885 brevius.
1429 827 1603 880 Finito
1625 825 1742 876 offi-

197 936 299 1002 cio,
325 942 424 989 stc'.
449 932 609 987 abbas
632 931 711 984 vel
742 926 1002 984 secundus
1027 926 1093 980 ab
1123 925 1232 987 illo,
1257 924 1299 976 si
1330 922 1441 989 ipse
1465 934 1568 972 non
1596 918 1749 969 adest

199 1039 319 1079 cum
343 1021 625 1083 fratribus;
655 1029 707 1074 et
734 1019 910 1073 senior
932 1017 1163 1070 decanus
1191 1012 1406 1066 accedat
1434 1021 1656 1076 propere
1681 1005 1744 1057 ad

200 1113 406 1178 signum
428 1107 691 1163 refectorii
716 1103 1053 1174 pulsandum,
1081 1116 1184 1170 quo
1206 1100 1404 1160 audito,
1427 1095 1592 1148 abbas
1614 1107 1748 1160 prae-

198 1201 377 1265 .cedat,
410 1200 487 1253 sic
513 1206 799 1266 sequantur
830 1194 1015 1261 reliqui
1047 1190 1237 1244 fratres
1266 1187 1660 1248 honestissime,
1697 1190 1749 1234 ut

205 1291 397 1346 nullius
429 1304 532 1354 vox
557 1289 639 1342 vel
680 1284 973 1340 mussitatio
1005 1283 1073 1335 ibi
1104 1280 1366 1334 audiatur.

268 1381 324 1436 5.
367 1380 490 1435 Post
534 1379 706 1431 cibum
754 1384 929 1427 autem
977 1374 1128 1425 citius
1174 1369 1398 1422 redeunt
1445 1364 1508 1416 ad
1559 1370 1752 1414 stratus

207 1487 349 1538 suos,
376 1471 607 1525 maxime
632 1469 851 1535 juvenes
883 1466 962 1518 vel
1000 1462 1342 1529 negligentes,
1375 1469 1594 1524 quorum
1635 1468 1750 1505 mo-

206 1576 292 1616 res
319 1569 591 1615 notantur.
616 1556 670 1610 Si
697 1557 784 1624 qui
808 1561 930 1608 sunt
954 1553 1019 1605 de
1049 1551 1238 1618 quibus
1263 1549 1394 1600 bene
1418 1542 1754 1613 prznsumitur

205 1661 259 1704 et
291 1651 488 1736 voiunt,
517 1649 671 1703 liceat
693 1645 797 1700 illis
817 1643 1220 1714 aliquantulum,
1250 1640 1343 1693 sed
1372 1649 1545 1689 tamen
1572 1633 1750 1686 brevi-

210 1755 311 1808 ter,
342 1729 528 1795 vacare
557 1737 778 1792 orationi
825 1737 876 1790 in
921 1732 1159 1790 ecclesia.
1209 1729 1262 1782 ln
1303 1729 1532 1782 claustro
1577 1734 1747 1778 autem

208 1834 287 1886 vel
329 1829 591 1900 prohibito
623 1830 738 1882 loco
760 1824 932 1881 nullus
974 1819 1290 1881 inveniatur,
1325 1832 1410 1871 ne.
1433 1815 1568 1868 forte
1595 1813 1757 1881 (quod

206 1922 367 1989 absit)
386 1918 576 1987 aliquis
600 1916 787 1971 fabulis
810 1922 958 1968 vacet
982 1911 1062 1967 vel
1086 1910 1215 1964 otio.
1240 1908 1344 1961 Sed
1376 1920 1472 1960 nec
1499 1904 1597 1958 hoc
1626 1917 1758 1970 prae-

209 2012 332 2066 dicti
365 2011 546 2064 Patrcs
574 2009 748 2063 saltim
775 2004 1092 2060 concedunt.

279 2102 328 2156 6.
373 2101 499 2154 ltern
531 2099 682 2168 signo
709 2097 870 2152 Nona:
898 2093 1074 2164 priore
1103 2092 1309 2160 pulsato
1343 2086 1594 2156 prolixius
1620 2124 1635 2149 ,
1668 2099 1759 2136 stt-

211 2187 469 2241 stineatur
510 2200 539 2238 a
587 2184 818 2239 secundo
863 2197 927 2237 eo
970 2180 1165 2241 modo,
1207 2177 1344 2232 sicut
1388 2174 1666 2243 superius:
1697 2169 1763 2224 'et

212 2287 400 2331 caetera
431 2276 604 2329 omnia
633 2287 750 2341 quae
777 2273 1024 2340 superius
1051 2270 1279 2325 diximus
1307 2267 1373 2320 de
1406 2267 1530 2320 liora
1562 2266 1718 2318 Sexta
1745 2304 1759 2327 ,

211 2361 593 2434 compleantur.
634 2363 768 2418 Sunt
809 2362 896 2430 qui
944 2374 1151 2414 versum
1196 2359 1379 2411 Volunt
1422 2355 1598 2409 dicere
1645 2360 1766 2421 post

215 2467 394 2526 potum
438 2455 621 2516 Nonm,
651 2454 788 2508 sicut
815 2452 957 2520 prius
989 2451 1042 2504 in
1074 2450 1327 2518 capitulo,
1357 2447 1421 2499 ad
1451 2444 1764 2500 solvendum

214 2545 508 2609 silentium,
539 2545 676 2613 quod
705 2550 858 2596 caute
885 2540 1186 2594 custodiunt
1217 2551 1383 2605 usque
1409 2535 1474 2589 ad
1501 2534 1641 2588 illam
1673 2533 1768 2586 tio-

215 2653 346 2691 ram.
369 2632 492 2690 Sed
515 2636 688 2689 videat
707 2632 868 2686 abbas
890 2641 1062 2685 utrum
1088 2630 1189 2685 hoc
1217 2629 1501 2682 observare
1523 2625 1764 2679 voluerit.

218 2724 341 2780 Post
380 2724 578 2778 Nonam
623 2732 800 2776 autem
830 2763 846 2788 ,
888 2721 1025 2775 sicut
1061 2719 1163 2785 iam
1211 2717 1409 2785 prmfati
1457 2727 1672 2776 sumus,
1719 2713 1767 2766 in

215 2828 377 2883 opere
404 2811 768 2867 custodiantur
793 2812 992 2863 omnia.

289 2905 343 2958 7.
383 2903 618 2957 Vidimus
659 2900 815 2955 etiam
855 2900 923 2954 de
968 2898 1475 2952 adolescentioribus
1522 2893 1774 2950 fratribus

221 2995 501 3051 maximam
529 3008 709 3048 curam
739 2990 948 3054 haberi,
980 3001 1032 3044 et
1059 2991 1124 3043 ad
1157 2992 1289 3042 banc
1334 3001 1512 3041 curam
1555 2985 1775 3052 deputa—

221 3098 302 3140 tos
356 3085 517 3147 duos,
565 3096 783 3151 quorum
832 3079 1196 3148 probatissima
1241 3079 1348 3130 vita
1395 3077 1684 3130 habebatur
1724 3076 1775 3127 in

223 3173 582 3237 monasterio;
633 3188 729 3227 nec
765 3173 1018 3228 declinari
1071 3172 1438 3225 adolescentes
1483 3168 1548 3222 ab
1592 3182 1775 3221 eorum

225 3279 438 3338 aspectu
464 3308 478 3332 ,
525 3268 637 3320 sive
667 3266 718 3318 in
746 3266 864 3330 die,
896 3265 1007 3318 sive
1047 3264 1098 3316 in
1137 3272 1290 3317 nocte
1313 3305 1326 3326 ,
1367 3274 1594 3330 unquam
1625 3272 1780 3312 ausos

228 3363 356 3413 fore.
700 3374 705 3377 ‘
1319 3405 1322 3409 .

300 3450 350 3502 8.
392 3444 692 3502 Circatores
724 3448 878 3500 etiam
903 3446 1057 3512 duos,
1087 3446 1172 3513 qui
1197 3443 1440 3496 omnibus
1469 3443 1632 3507 horis,
1660 3441 1784 3493 dum

235 3540 424 3592 fratres
453 3536 767 3605 vigilabant,
796 3536 1088 3588 circuibant
1130 3534 1527 3596 monasterium,
1575 3545 1641 3583 ne
1669 3531 1785 3600 quis

225 3630 395 3684 i‘r-a'er
418 3627 628 3682 deesset
655 3628 868 3695 proprio
899 3628 1012 3678 loro
1044 3643 1054 3676 :
1087 3625 1130 3678 si
1163 3634 1335 3676 autem
1367 3624 1650 3684 defuisset,
1679 3629 1790 3673 sta-

233 3721 322 3772 tim
371 3720 421 3771 in
459 3717 652 3771 tabulis
699 3705 1014 3778 notabatur,
1069 3725 1122 3769 et
1171 3714 1224 3766 in
1270 3724 1530 3765 conventu
1572 3711 1790 3764 fratrum

233 3809 465 3874 aspectui
503 3808 708 3861 abbatis
748 3807 1190 3876 prmseutabatur,
1236 3812 1289 3857 et
1336 3804 1482 3871 juvta
1529 3801 1792 3878 pmpriam

969 3961 1878 3986 _______________._—-——-

1844 460 2004 513 multa
2035 459 2159 521 alia,
2191 469 2307 524 qua:
2343 454 2572 506 brevitas
2605 449 2762 513 hujus
2789 445 3054 499 scliedulaz
3079 454 3281 495 coercet
3303 482 3317 505 ,
3345 453 3398 492 et

1844 565 1937 604 ore
1979 545 2324 614 colloquentis
2356 542 2643 596 edocentur
2673 535 2862 591 melius
2913 534 2980 587 ab
3035 533 3114 585 bis
3153 530 3400 583 Patribns

1844 640 2119 696 custodiri.

1915 755 1966 808 9.
2010 753 2084 808 De
2112 750 2282 806 modis
2308 757 2485 803 autem
2521 743 2843 816 pmnitentize
2887 740 3186 814 cautissime
3215 738 3402 791 decer-

1849 851 2000 904 nunt.
2024 855 2157 908 quos
2183 839 2371 892 modos
2398 849 2519 892 esse
2546 843 2749 904 septem
2773 832 2954 886 dicunt
2975 830 3261 896 regulares.
3291 826 3405 879 Pri-

1849 948 1964 988 mus
1989 973 2003 998 ,
2035 931 2325 989 admonitio
2362 927 2530 982 semel
2568 934 2621 978 et
2659 923 2848 976 iterum
2896 931 3054 988 atque
3083 917 3257 970 tertio.
3302 917 3400 968 Se-

1849 1023 2083 1085 cundus,
2131 1018 2397 1085 correptio
2429 1013 2633 1081 publica
2674 1026 2851 1064 coram
2882 1006 3162 1070 omnibus,
3205 1005 3407 1066 absum:

1851 1110 2418 1167 excommunicatione.
2446 1105 2677 1164 Tertius,
2705 1095 3182 1156 excommunicatio
3207 1109 3300 1160 pro
3327 1094 3376 1145 le
3394 1121 3406 1129 -

1850 1201 2080 1254 vioribus
2109 1197 2300 1263 culpis.
2342 1197 2571 1260 Quartus
2598 1233 2610 1254 ,
2642 1187 3120 1244 excommunicatio
3161 1191 3253 1249 pro
3283 1197 3406 1248 gra-

1855 1289 2090 1342 vioribus
2141 1285 2328 1354 culpis.
2382 1283 2606 1349 Quintus
2638 1321 2652 1343 ,
2703 1277 2986 1332 verberum
3038 1271 3270 1325 vindicta
3327 1270 3408 1318 vel

1854 1376 2091 1446 corporis
2116 1373 2414 1442 castigatio.
2450 1370 2665 1434 Sextus,
2695 1367 2864 1420 oratio
2887 1359 3182 1417 communis
3207 1359 3272 1410 ab
3297 1374 3414 1408 ont-

1857 1468 2026 1521 nibus.
2061 1461 2348 1529 Septimus,
2381 1457 2619 1527 expulsio
2649 1456 2714 1508 de
2748 1451 3090 1513 Monasterio,
3121 1448 3163 1500 si
3201 1447 3298 1498 rite
3329 1460 3413 1495 re~

1856 1556 2065 1612 eordor.
2115 1551 2453 1606 Inveniuntur
2485 1556 2660 1600 tamen
2693 1550 2744 1596 et
2783 1539 2882 1592 alii
2913 1537 3050 1591 modi
3095 1535 3413 1602 pmoitentim

1861 1648 1910 1700 in
1939 1641 2164 1711 regulari
2194 1639 2502 1706 disciplina,
2533 1633 2625 1688 sed
2655 1631 2707 1684 bi
2739 1626 3157 1682 excellentiores.

1933 1757 2020 1811 lo.
2064 1755 2302 1808 Vidimus
2341 1750 2498 1802 etiam
2545 1755 2596 1800 et
2626 1744 2764 1796 aliud
2793 1727 3170 1797 observabile,
3213 1734 3255 1787 si
3282 1732 3419 1799 jqnis

1859 1850 1922 1901 ad
1954 1839 2335 1915 perfectionem
2367 1833 2735 1891 taciturnitatis
2754 1829 2939 1882 venire
2963 1824 3249 1884 desideret,
3277 1820 3418 1885 quod

1861 1911 2033 1992 nullus
2063 1935 2282 1988 fratrum
2315 1930 2366 1982 in
2406 1926 2638 1993 quolibet
2667 1922 2786 1974 loco
2820 1916 2962 1985 loqui
2991 1911 3190 1981 aliquid
3221 1923 3417 1976 praesu-

1861 2029 2052 2087 mebat,
2084 2031 2275 2092 prmter
2304 2020 2410 2072 duo
2437 2015 2501 2069 ad
2531 2015 2642 2066 lucc
2665 2011 2935 2075 deputata.
2967 2004 3020 2056 In
3045 1997 3268 2054 ecclesia
3301 1998 3420 2047 nul-

1863 2121 1945 2173 lus
1976 2125 2167 2185 praeter
2210 2112 2440 2167 officium
2483 2103 2716 2159 divinum
2767 2109 2820 2152 et
2847 2095 3007 2149 verba
3046 2086 3299 2152 orationis
3332 2103 3342 2135 :
3380 2099 3430 2150 si

1862 2206 2056 2276 aliquid
2076 2205 2286 2258 cuilibet
2314 2199 2452 2263 loqui
2479 2192 2768 2249 necessitas
2790 2193 2924 2246 erat,
2946 2190 3084 2235 tacto
3110 2178 3426 2230 vestimento

1863 2266 2071 2354 abbatis
2115 2294 2198 2349 vel
2237 2289 2519 2360 cujuslibet
2568 2280 2744 2336 fratris
2793 2274 2976 2330 annuit
3024 2272 3088 2325 ad
3139 2270 3222 2321 illa
3265 2266 3378 2318 loca
3415 2281 3426 2312 :

1864 2389 2219 2458 expositisque
2263 2357 2591 2449 paucissimis
2633 2371 2805 2424 verbis
2855 2365 2935 2419 vel
2983 2357 3382 2416 rationabilibus
3416 2393 3430 2411 ,

1867 2456 2045 2534 statim
2072 2474 2438 2526 abscesserunt
2468 2506 2482 2529 ,
2517 2466 2759 2514 timentes
2790 2470 2854 2508 ne
2883 2457 3099 2520 propter
3131 2456 3430 2499 necessaria

1869 2567 2050 2629 verba,
2080 2565 2131 2618 in
2165 2560 2350 2616 nociva
2381 2563 2432 2610 et
2464 2551 2674 2606 inutilia
2705 2546 3023 2600 inciderent.
3103 2566 3110 2574 ι

1946 2678 2031 2730 Η.
2079 2669 2320 2727 Praedicti
2361 2666 2648 2720 'circatores
2695 2658 2794 2711 hoc
2836 2651 3224 2707 observabant;
3258 2643 3302 2697 si
3334 2640 3438 2692 ali-

1872 2784 2030 2841 quem
2071 2766 2331 2820 ridentem
2367 2759 2446 2811 vel
2494 2751 2704 2822 aliquid,
2730 2756 3092 2802 susurrantem
3141 2747 3441 2802 conspexe—

1876 2828 1992 2916 rant
2019 2900 2034 2924 ,
2062 2855 2240 2911 statim
2272 2849 2464 2905 tabulis
2491 2844 2791 2906 notabatur,
2828 2846 2880 2892 et
2911 2828 3291 2901 benignissime
3317 2839 3443 2878 coro

1879 2948 2170 3018 ripiebatur
2199 2954 2435 3010 tempore
2464 2942 2782 3005 opportuno.
2871 3009 2874 3012 .

1953 3056 2043 3110 η.
2084 3052 2223 3106 Inter
2251 3062 2310 3102 se
2339 3057 2564 3112 namque
2596 3048 2736 3093 tanta
2768 3032 3029 3090 cliaritate
3067 3024 3352 3101 ardebant,
3391 3030 3448 3071 nt

1886 3151 1932 3204 si
1963 3145 2181 3203 cuilibet
2202 3138 2532 3206 contigisset,
2565 3139 2779 3199 prepter
2801 3134 3134 3206 communem
3162 3115 3441 3167 utilitatem

1892 3239 2096 3308 longius
2123 3201 2514 3295 abesse,'quod
2545 3231 2686 3275 tanta
2718 3201 3004 3271 dilectione
3046 3202 3452 3261 desiderabatur

1891 3330 1958 3383 ab
1982 3291 2240 3380 'btnnibus
2262 3359 2278 3384 ,
2323 3327 2381 3369 ut
2417 3313 2554 3367 nulla
2593 3320 2757 3362 mater
2785 3301 3006 3370 amplius
3040 3296 3248 3350 unicum
3282 3291 3451 3342 lilium

1893 3377 2198 3471 desiderare
2240 3377 2528 3473 pomisset,
2579 3407 2744 3462 usque
2782 3391 2902 3443 dum
2953 3384 3171 3438 rediret.
3224 3377 3456 3429 Reddita

1895 3504 2146 3576 propriis,
2180 3470 2354 3552 statim
2387 3501 2545 3559 super
2573 3485 2764 3539 collum
2809 3480 2922 3543 eius
2971 3477 3021 3526 in
3054 3470 3290 3524 osculum
3332 3481 3457 3516 t‘tlt'o

1893 3556 2282 3648 fraierno
2311 3556 2500 3634 affectu
2519 3617 2534 3640 ,
2562 3573 2841 3639 implentcs
2872 3563 2998 3618 illud
3031 3560 3166 3630 quod
3201 3556 3463 3608 Dominus

1897 3683 2022 3738 dicit
2053 3681 2106 3732 in
2137 3672 2422 3740 Evangelia
2457 3687 2467 3719 :
2500 3665 2641 3717 Tunc
2679 3675 2788 3713 verr
2817 3654 3049 3722 discipuli
3083 3650 3176 3701 mei
3206 3646 3344 3699 eritis
3373 3683 3388 3704 ,
3424 3647 3468 3693 si

1901 3771 2217 3825 dilectionem
2247 3758 2515 3814 habueritis
2541 3755 2605 3805 ad
2633 3752 2857 3804 invicem.

1879 3921 3484 3970 _____________________.__.~_—————

1499 4063 2137 4171 APPENDIX
2162 4132 2187 4158 .

1740 4255 1956 4271 *—

549 4361 1251 4443 FRAGMENTUM
1332 4352 1738 4434 PLACITI
1803 4339 2075 4423 REGII
2144 4324 2652 4446 ADVERSUS
2709 4315 3157 4449 SINIJZUM

890 4518 1012 4592 Qui
1042 4517 1198 4575 bona
1229 4510 1563 4572 Ecclesium
1613 4485 1971 4566 Fuldensem
2011 4487 2342 4550 attinenlia
2395 4485 2827 4557 usurpaverint.

323 4662 562 4721 Carolus,
599 4658 763 4725 gratia
809 4655 898 4708 Dei
932 4669 1021 4705 rex
1061 4651 1404 4709 Francorum,
1439 4647 1515 4698 vir
1562 4645 1804 4696 inlustcr.
1844 4641 1888 4697 Ι)
1917 4632 2001 4699 qui
2032 4627 2224 4682 (Ποίων
2249 4621 2659 4682 Αυιηῖοηάίειωο
2688 4615 2825 4685 (ιυυά
2850 4614 3073 4667 (“mnus
3103 4607 3191 4662 rei
3226 4607 3488 4673 Ρίρβίηθδ

2433 4721 2441 4725 -
2615 4710 2629 4725 ι
2765 4721 2831 4725 νμ-
2855 4722 2887 4725 __
2942 4703 2974 4725 ο
3055 4699 3302 4725 ΠΑ..ἶΙ¹.ιιζῖ
3354 4713 3457 4725 AA.-

1922 4735 2014 4787 per
2038 4732 2191 4771 suum
2220 4721 2537 4783 praeceptum
2568 4710 2632 4763 ad
2681 4721 2892 4761 causam
2942 4703 2999 4758 S.
3055 4699 3302 4755 Bonifacii
3351 4713 3502 4749 con-

1920 4808 2155 4871 donavit,
2187 4819 2290 4858 una
2343 4816 2459 4856 cum
2538 4797 3170 4867 adjeceutiis..............
3212 4787 3490 4850 domibus,

1926 4897 2166 4957 edificiis,
2191 4893 2379 4961 pratis,
2407 4889 2578 4953 silvis,
2625 4888 2799 4952 aquis,
2830 4891 3188 4951 aquarumque
3234 4873 3491 4928 decursi-

1929 4989 2021 5039 bus
2059 4999 2120 5037 ac
2143 4992 2307 5035 totum
2336 4989 2388 5034 et
2413 4980 2668 5044 integrum
2699 4972 2948 5039 quidquid
2975 4971 3040 5023 ad
3062 4968 3172 5038 ipsa
3205 4965 3323 5018 villa
3355 4966 3494 5016 Aut-

1931 5073 2213 5129 mondistat
2239 5070 2430 5122 aficere
2459 5052 2947 5119 videtur..........'..

2001 5161 2186 5214 Actum
2238 5157 2375 5225 quod
2416 5155 2540 5208 fecit
2575 5165 2756 5205 mense
2813 5144 3121 5201 Novembris
3177 5141 3263 5193 die
3321 5155 3381 5192 ιιι
3437 5141 3500 5192 in

1934 5265 2071 5304 anno
2103 5265 2150 5301 tv
2185 5246 2328 5315 regni
2354 5245 2538 5297 nostri.

2006 5339 2361 5406 Tlti0tgandns
2385 5333 2690 5402 recognovit
2718 5339 2769 5383 et
2797 5324 3129 5392 subscripsit.

257 4752 386 4805 Cum
422 4764 518 4803 nos
547 4750 598 4799 in
652 4747 739 4799 Dei
793 4743 1004 4796 nomine
1051 4738 1329 4808 Longlario
1366 4739 1507 4798 villa,
1552 4747 1651 4786 una
1693 4744 1810 4783 cum

258 4837 619 4898 obtitnatibus,
654 4835 736 4888 vel
786 4831 1139 4899 pontificibus,
1194 4843 1286 4881 seu
1343 4825 1645 4878 inlustribus
1695 4820 1816 4872 viris

263 4930 505 4990 ducibus,
569 4924 869 4983 comitibus,
942 4921 1246 4974 sederemus
1327 4918 1392 4970 ad
1461 4914 1818 4967 universormn

263 5028 450 5068 causas
500 5011 813 5072 audiendas,
845 5009 925 5060 vel
992 5014 1134 5058 recto
1161 5005 1357 5074 judicio
1411 4999 1820 5060 aterminandas,

267 5109 444 5173 ibique
498 5102 718 5155 veniens
767 5099 1079 5153 venerabilis
1137 5101 1216 5150 vir
1268 5096 1524 5156 Slurmio,
1576 5092 1708 5143 abba
1757 5091 1822 5141 de

269 5193 590 5250 monasterio
621 5190 800 5256 Fulda,
837 5189 920 5243 ubi
959 5189 1184 5242 domnus
1213 5197 1266 5241 et
1291 5195 1503 5239 sanctus
1534 5181 1826 5234 Bonifacius

271 5291 319 5339 iu
353 5298 573 5352 corpore
603 5281 898 5349 requiescit.
931 5280 1143 5333 bomine
1174 5281 1368 5346 aliquo,
1404 5273 1612 5327 nomine
1643 5273 1826 5332 Sinlei,

273 5373 637 5439 interpellabat
668 5371 1030 5438 repetivitque,
1065 5384 1131 5423 eo
1157 5368 1292 5437 quod
1336 5381 1418 5420 res
1452 5365 1566 5418 illas
1609 5363 1658 5415 in
1715 5363 1827 5413 lico
