3910 6234
480 241 610 292 12ῦῦ
1561 246 1710 298 ῊῘΛ
1861 250 2173 303 ΑΜιιιιυὲιι
2223 253 2580 309 Αυτιδκιιιι.

3535 267 3668 318 filiis

602 393 660 396 ,μ
758 393 770 399 ,
899 394 910 398 ,
941 394 954 398 -
981 395 988 399 ,
1035 395 1084 401 ._
1111 395 1148 399 ἡ,
1197 397 1242 401 ,ρ
1278 395 1304 400 ,-
1325 395 1458 400 --..--
1493 395 1564 402 -_.
1626 398 1696 404 ._..
1729 399 1736 402 .
1768 403 1770 405 ,
1799 399 2050 406 -.κν--.η
2079 401 2160 408 η-.
2193 401 2426 409 ..-ην-η
2469 404 2532 408 .-.
2594 404 2661 411 -.ν
2689 405 2743 411 ...-
2773 406 2842 412 -,.
2877 409 2880 412 .
2912 408 2966 416 ..-
3003 409 3016 414 -
3050 410 3097 416 -..
3203 411 3478 420 ..ν-η..-

1631 535 1791 578 ANNO
1834 537 2057 580 DOHINI
2103 541 2490 586 υοςιιχνιιι.

471 675 646 829 S.
798 672 2136 834 AMBROSIUS
2229 677 3654 857 AUTPERTUS

1597 919 1998 978 BENEVEN'I
2017 922 2210 982 ANUS
2253 925 2497 986 ABBAS

1835 1067 2019 1078 μὴ.

2167 1067 2294 1080 ⁵.-

1007 1156 1429 1230 NOTITIA
1493 1156 1595 1233 IN
1656 1102 2382 1238 SsAMBROSIUM
2444 1165 3094 1248 AUTPEBTUM.

1602 1359 1812 1419 (Fabric.
1836 1361 1959 1409 Bibl.
1986 1364 2114 1411 med.
2143 1371 2192 1413 et
2219 1364 2302 1413 ini.
2331 1368 2526 1423 atatis.)

1999 1479 2006 1486 ⁸
2027 1471 2094 1481 -

533 1551 817 1603 Ambrosius
846 1551 1133 1617 Διαιρεῖται,
1165 1550 1335 1602 minus
1387 1559 1529 1604 recte
1558 1549 1678 1604 aliis
1701 1550 2000 1616 Ansbertus,
2033 1557 2076 1612 Α
2109 1555 2386 1622 Autperto,
2416 1570 2572 1624 quem
2607 1573 2694 1610 an.
2740 1559 2844 1613 890
2871 1561 2941 1616 sit
2966 1561 3225 1630 ﬂoruisse,
3276 1567 3461 1621 tribuit
3491 1568 3656 1626 libros

459 1639 659 1704 Gallus,
706 1635 998 1691 monachus
1047 1637 1413 1692 Benedictinus
1467 1647 1622 1706 atque
1673 1639 1792 1694 inde
1844 1642 2007 1694 abbas

457 1732 515 1785 8.
549 1730 804 1784 Vincentii
834 1729 896 1781 ad
927 1730 1093 1782 fontes
1125 1728 1363 1782 Vulturni
1397 1729 1536 1782 ﬂuvii
1565 1730 1614 1782 in
1667 1730 1880 1784 Samnio
1916 1745 2002 1786 an.

461 1822 564 1874 777
591 1832 645 1876 et
695 1821 818 1886 778,
849 1834 954 1888 quo
990 1821 1128 1873 diem
1159 1820 1287 1872 obiit
1326 1835 1648 1888 supremum.
1691 1820 1822 1873 Vide
1873 1823 2003 1873 Acta
2047 1855 2053 1861 -

458 1921 761 1965 sanctorum
792 1909 858 1964 19
909 1908 1053 1974 Julii,
1111 1918 1236 1963 tom.
1293 1908 1380 1973 IV,
1440 1923 1558 1978 pag.
1616 1907 1718 1962 646
1769 1923 1906 1977 seq.,
1957 1918 2010 1961 ct

458 1999 814 2055 Mabillonium
848 1999 1042 2052 szcculo
1070 2013 1123 2052 ιιι
1147 1998 1456 2052 Sanctorum
1483 1997 1704 2061 Bened.,
1754 2006 1900 2065 parte
1950 2011 2005 2058 ιι,

460 2103 578 2156 pag.
609 2088 734 2141 256.
767 2086 1010 2153 Scripsit,
1037 2095 1096 2140 ut
1139 2086 1250 2152 ipse
1277 2086 1326 2139 in
1354 2094 1592 2140 extremo
1619 2087 1791 2154 Operis
1846 2095 2005 2138 testa-

463 2189 549 2230 tur
573 2177 666 2246 (α),
710 2177 810 2230 sub
853 2177 1123 2230 Desiderio
1175 2175 1635 2243 Longohardorum
1666 2191 1786 2244 rege
1815 2187 1869 2230 et
1914 2176 2010 2229 sub

459 2266 664 2321 Paulol
693 2281 846 2336 papa,
897 2277 950 2320 et
979 2268 1270 2320 successori
1318 2265 1436 2334 ‘ejus
1480 2281 1618 2319 anno
1663 2267 1854 2328 Christi
1908 2263 2009 2318 767

457 2356 724 2424 Stephano
748 2355 944 2410 dicavit
971 2356 1124 2408 libros
1155 2355 1200 2408 X
1231 2355 1715 2410 Commentariorum
1767 2358 1820 2408 in
1874 2357 2011 2422 Apo-

458 2447 705 2517 calypsin,
754 2446 924 2500 editos
964 2447 1219 2511 Coloniae,
1272 2446 1427 2511 1556,
1478 2456 1531 2500 et
1586 2449 1636 2501 in
1692 2448 2010 2504 Bibliotheca

461 2537 675 2592 Patrum
724 2537 1021 2593 Coloniensi
1070 2548 1200 2593 tom.
1248 2538 1336 2606 lX,
1394 2547 1448 2593 et
1496 2539 1828 2606 Lugdunensi
1879 2551 2007 2596 tom.

459 2629 598 2695 XIII,
649 2629 766 2699 pag.
798 2631 934 2695 405;
993 2630 1158 2684 Vitam
1209 2631 1313 2686 SS.
1373 2631 1638 2696 Paldonis,
1699 2632 1906 2686 Tatonis
1967 2642 2011 2686 et

458 2718 673 2774 Tasonis
701 2720 918 2775 fratrum
947 2728 997 2774 et
1024 2721 1329 2776 monasterii
1360 2721 1420 2777 S.
1469 2721 1726 2776 Vincentii
1765 2723 1832 2776 de
1881 2722 2010 2783 Vul-

462 2821 616 2865 turno
640 2811 907 2874 abbatum,
938 2819 993 2865 et
1012 2811 1298 2864 historicum
1329 2811 1391 2864 de
1428 2813 1729 2864 monasterio
1754 2827 1846 2865 suo
1872 2812 2009 2875 rcta,-

2094 1639 2139 1694 'x
2171 1642 2222 1695 in
2247 1643 2617 1714 Apocalypsin,
2643 1655 2694 1699 et
2723 1648 2774 1700 in
2802 1647 3126 1716 Psalterium,
3156 1655 3208 1707 in
3238 1653 3457 1710 Cantica
3503 1663 3664 1714 canti-

2108 1747 2279 1783 corum
2307 1744 2359 1786 et
2385 1734 2564 1786 librum
2593 1738 2653 1788 de
2679 1733 2962 1802 Cupiditate
2988 1740 3158 1809 (cujus
3187 1745 3418 1799 notitiam
3458 1747 3667 1803 videtur

2109 1821 2319 1887 petiisse
2346 1837 2374 1873 a
2397 1823 2687 1892 Sigcberto,
2720 1841 2835 1893 cap.
2869 1826 2980 1895 9|),
3012 1840 3056 1880 et
3086 1830 3266 1884 librum
3317 1833 3664 1900 Epistolarum

2109 1907 2177 1966 ad
2205 1910 2444 1964 diversos.
2499 1912 2683 1982 Magna
2724 1925 2901 1969 autem
2945 1920 3175 1988 suspicio
3202 1929 3281 1976 est
3307 1937 3336 1974 a
3365 1923 3664 1991 Sigeberto,

2081 2047 2083 2050 ι
2109 1995 2426 2061 Trilhemio,
2470 1999 2622 2054 Sixto
2647 2003 2886 2068 Senensi,
2918 2007 3136 2076 aliisque
3163 2011 3248 2075 qui
3279 2012 3460 2065 horum
3503 2014 3670 2066 vesti-

2113 2087 2214 2154 giis
2253 2089 2515 2153 insistunt,
2546 2091 2877 2147 Ambrosium
2907 2095 3044 2151 hunc
3083 2099 3330 2152 confundi
3372 2114 3490 2154 cum
3541 2103 3668 2154 Aut-

2112 2187 2251 2243 perto
2279 2179 2453 2231 abbate
2487 2179 2770 2235 Cassinensi
2800 2185 2866 2238 ab
2895 2199 3032 2240 anno
3067 2186 3168 2240 854
3195 2187 3259 2240 ad
3296 2186 3417 2254 857,
3451 2189 3518 2243 de
3556 2205 3662 2256 quo

2114 2266 2302 2321 Petrus
2347 2268 2600 2323 diaconus
2628 2284 2745 2340 cap.
2777 2271 2863 2338 15,
2917 2282 2967 2328 et
2996 2276 3059 2327 ad
3100 2289 3220 2330 eum
3249 2278 3404 2330 Joan.
3437 2277 3664 2345 Baptista

2113 2355 2303 2422 Marus,
2337 2373 2458 2427 pag.
2505 2359 2608 2413 I72
2656 2375 2793 2428 seq.,
2836 2363 2928 2430 (vel
2955 2378 3074 2418 cum
3101 2366 3204 2418 alio
3242 2368 3404 2420 etiam
3459 2367 3666 2434 iuniore

2115 2446 2271 2515 hujus
2299 2450 2547 2505 nominis.
2597 2452 2673 2504 Ad
2723 2454 3048 2508 Audbertum
3105 2457 3470 2512 Cassinensem
3526 2459 3660 2512 refe-

2113 2548 2237 2592 runt
2283 2556 2556 2594 sermonem
2605 2543 2658 2595 in
2709 2545 3113 2612 Assumptionem
3164 2547 3345 2602 Maria:
3371 2549 3506 2601 inter
3561 2553 3666 2600 Au-

2113 2631 2442 2698 gustinianos
2471 2631 2537 2684 de
2569 2632 2789 2697 sanctis,
2821 2643 2875 2687 et
2921 2635 2969 2688 in
3000 2633 3297 2688 Combeﬁsii
3345 2635 3663 2689 Bibliotheca

2113 2718 2532 2781 Concionatoria,
2564 2736 2836 2773 sermonem
2891 2723 2954 2774 de
2987 2720 3341 2788 Puriﬁcatione
3384 2723 3440 2775 Β.
3490 2723 3664 2776 Maria:

2114 2809 2352 2877 virginis,
2382 2811 2491 2866 sive
2515 2811 2576 2862 de
2615 2807 2836 2865 lectione
2858 2811 3116 2882 Evangelii
3158 2814 3282 2869 Luc.
3330 2829 3388 2881 tt,
3417 2813 3507 2881 22,
3551 2829 3664 2881 seq.

462 2900 674 2963 tionem,
728 2914 846 2968 qua:
873 2910 1046 2954 exstat
1092 2901 1228 2968 apud
1263 2900 1537 2968 Ughellum
1585 2909 1716 2954 tom.
1766 2900 1852 2963 Vl,
1888 2915 2005 2969 pag.
2043 2875 2087 2934 Β
2113 2899 2177 2952 ad
2199 2875 2403 2954 calcem
2444 2900 2672 2969 Operum
2721 2902 2777 2957 S.
2811 2875 3074 2958 Ambrosii
3126 2905 3254 2959 edit.
3279 2875 3444 2958 Paris.
3495 2875 3671 2960 ἰωέέ

455 2988 559 3044 458
614 2990 765 3057 (edit.
816 3005 937 3043 nov.
992 3005 1109 3058 pag.
1167 2988 1312 3058 569),
1367 2988 1722 3042 Mabillonium
1775 3003 1898 3043 saec.
1955 3006 2015 3043 ιιι-

460 3077 679 3138 Bened.,
714 3092 829 3144 pag.
863 3076 991 3140 423,
1018 3087 1072 3129 et
1095 3077 1147 3128 in
1169 3077 1315 3130 Actis
1339 3083 1642 3130 sanctorum
1674 3090 1725 3128 st
1754 3075 2006 3130 Januarii.

455 3163 559 3218 Sed
599 3166 971 3222 commentaria
1001 3165 1053 3217 in
1082 3164 1314 3218 Psalmds
1354 3167 1493 3219 etin
1541 3166 1804 3220 Canticum
1847 3170 2010 3221 canti-

456 3270 651 3320 corum,
667 3270 783 3321 qutc
801 3254 1030 3308 Colonia:
1053 3263 1210 3323 atque
1231 3255 1353 3309 alibi
1374 3255 1516 3310 edita
1537 3256 1722 3310 scribit
1741 3256 2003 3323 Labbeus,

455 3343 547 3396 alii
577 3343 840 3412 ignorant,
872 3343 970 3396 nisi
997 3344 1137 3412 quod
1188 3359 1289 3398 ms.
1322 3344 1373 3397 iu
1403 3341 1616 3398 Cantica
1656 3347 2006 3416 canticorum,

455 3436 510 3489 in
554 3435 866 3490 bibliotheca
895 3434 1214 3490 Floriacensi
1261 3444 1470 3492 exstare
1497 3435 1732 3491 Oudinus
1761 3444 2010 3502 testatur,

463 3532 609 3578 certe
645 3524 785 3577 edita
810 3538 934 3578 esse
975 3538 1078 3578 non
1108 3524 1373 3589 existimo,
1425 3539 1596 3592 neque
1643 3538 1824 3579 eorum
1871 3525 2009 3589 apud

455 3613 758 3668 Albericum
810 3616 1025 3678 mentio,
1076 3615 1162 3670 ubi
1194 3616 1261 3670 de
1293 3615 1446 3684 hujus
1499 3616 1764 3670 Ambrosii
1807 3616 2007 3684 prolixa

333 3783 341 3789 ι
453 3716 614 3771 super
681 3704 1032 3776 Apocalypsin
1106 3704 1454 3774 expositione.
1526 3705 1765 3761 Meminit
1834 3715 2008 3762 autem

2115 2986 2269 3053 1085,
2299 2998 2428 3054 etc.,
2456 2999 2508 3044 et
2533 2993 2584 3044 in
2615 2990 2791 3046 Veteri
2819 2992 3124 3051 llomiliario
3147 3007 3300 3058 quem
3327 2994 3426 3048 sub
3458 2992 3664 3047 A‘lcuini

2113 3078 2322 3130 nomine
2350 3075 2517 3130 edidit
2567 3078 2808 3131 Baluzius
2847 3082 2978 3134 tom.
3018 3078 3038 3134 I
3087 3080 3309 3144 Miscel.,
3364 3094 3482 3147 pag.
3533 3077 3658 3141 383,

2112 3172 2220 3218 tum
2249 3180 2498 3218 sermones
2527 3167 2578 3217 in
2602 3167 2801 3220 laudem
2827 3167 2888 3221 3.
2925 3167 3153 3221 Matthiae
3174 3169 3389 3235 apostoli
3417 3167 3660 3221 aliorum-

2107 3271 2202 3319 que
2226 3265 2551 3319 sanctorum;
2600 3265 2656 3310 et
2681 3263 2743 3308 de
2771 3255 3045 3308 Natiuitate
3090 3256 3291 3321 Mariw,
3318 3264 3372 3311 et
3399 3259 3451 3310 in
3480 3257 3662 3324 festum

2115 3345 2338 3397 omnium
2383 3354 2692 3406 sanctorum,
2721 3360 3000 3398 sermonem
3052 3346 3114 3398 de
3139 3347 3436 3412 cupiditate,
3465 3347 3662 3400 haben-

2113 3442 2218 3489 tem
2249 3435 2640 3502 Scripturarum
2671 3436 2972 3499 testimonia
2998 3438 3282 3504 octoginta,
3308 3439 3396 3506 qui
3428 3439 3608 3506 incipit
3649 3458 3662 3491 :

2115 3523 2426 3598 Sanctorum
2477 3521 2793 3589 Ecclesium;
2823 3539 3118 3580 sermonem
3149 3527 3200 3578 in
3239 3529 3556 3581 dedicatione
3580 3544 3663 3582 eeo

2114 3615 2302 3679 desire,
2353 3615 2650 3669 orationem
2678 3625 2854 3668 contra
2899 3624 3085 3686 septem
3130 3619 3310 3686 septies
3332 3620 3473 3682 vitia,
3500 3618 3672 3674 homi-

2117 3701 2240 3756 liam
2270 3703 2323 3756 in
2375 3702 2537 3757 Marci
2569 3719 2640 3767 ιι,
2679 3703 2717 3757 2
2741 3718 2887 3774 seq.,
2943 3714 3050 3760 etc.
3099 3705 3335 3776 Denique
3378 3707 3568 3763 librum
3604 3707 3672 3762 de

457 3789 774 3848 Tritbemius
809 3808 925 3862 cap.
953 3792 1055 3848 287
1097 3795 1162 3850 de
1186 3796 1544 3863 Scriptoribus
1569 3800 1785 3861 cccles.,
1808 3809 1885 3867 ,et
1914 3799 2005 3853 lib.
2038 3811 2083 3874 ρ
2114 3789 2365 3860 εοππεσω
2391 3793 2633 3856 vitiorum
2670 3803 2717 3848 ει
2749 3795 2994 3848 Virtutum
3030 3795 3164 3850 inlel’
3207 3796 3266 3852 So
3318 3796 3579 3852 Ambros“
3617 3807 3690 3851 et

457 3897 516 3948 tt,
563 3897 680 3953 cap.
730 3883 857 3953 106,
905 3885 1071 3941 lilust.
1105 3887 1321 3953 Bened.,
1379 3889 1464 3942 ubi
1507 3890 1678 3945 eidem
1727 3891 2003 3944 Ambrosio

531 4019 602 4089 (α)
628 4017 818 4090 Confer
845 4023 1143 4077 Albericum
1191 4024 1505 4079 monachum
1531 4024 1710 4079 Trium
1739 4025 2004 4090 Fontium,

455 4088 522 4141 sd
541 4088 629 4142 an.
657 4089 780 4157 7S7,
809 4105 926 4159 pag.
958 4092 1061 4146 102
1087 4107 1199 4162 seq.
1501 4090 1514 4101 '

2111 3883 2387 3953 Augustini
2421 3886 2498 3954 (6)
2528 3888 2700 3956 Opera
2729 3889 2924 3955 smpius
2961 3887 3179 3941 editum.

2180 4034 2256 4102 Ib)
2284 4033 2435 4090 Tom.
2472 4035 2535 4090 Vl
2565 4036 2692 4092 edit.
2723 4039 3035 4105 AmStelod.,
3063 4054 3179 4108 pag.
3209 4039 3310 4094 699

1312 4376 1545 4451 VITA
1607 4377 1679 4450 S.
1767 4377 2236 4456 AMBROSII
2297 4381 2803 4458 AUTPERTI

1119 4542 1328 4584 AIBA‘I'IS
1369 4543 1682 4583 HONASTBRII
1720 4545 1765 4584 8.
1809 4545 2030 4586 VINCENT

2113 4548 2179 4586 so
2219 4545 2542 4588 vusruanuu
2581 4550 2632 4588 ta
2669 4534 3004 4590 asasvs‘sro.

966 4742 1314 4806 (Ex‘Chronioo
1338 4747 1555 4796 eiusdem
1579 4745 1853 4797 Honasterii
1878 4751 2034 4809 θοι-ίιιιι

2113 4751 2257 4799 seculo
2283 4764 2348 4811 ιι,
2377 4752 2499 4812 apud
2524 4751 2699 4801 Habill.
2729 4756 2783 4802 Α.
2808 4754 2863 4802 Β.
2886 4766 2996 4804 saec.
3033 4757 3123 4816 tu.)

1533 4921 2178 4984 OBSERVATIO‘NES
2225 4926 2584 4986 PBEVIE.

531 5064 581 5117 ‘I'.
625 5063 894 5137 Auspertus
914 5075 1004 5137 seu
1027 5064 1441 5137 Autbertus.ipse
1463 5073 1542 5119 est
1564 5065 1855 5137 Ambrosius
1878 5067 2003 5119 Aut-
2033 5069 2080 5129 ι)
2110 5068 2316 5137 vivebat.
2345 5069 2542 5123 saeculo
2572 5085 2646 5134 ιι,
2680 5079 2731 5122 ιιι
2766 5077 2910 5137 patet
2935 5084 3000 5123 ex
3034 5072 3195 5137 ipsius
3226 5072 3487 5127 Chronico
3515 5077 3657 5130 edito

455 5139 649 5204 pertus,
676 5131 794 5204 aliis
823 5132 1115 5204 A_n_abertus,
1144 5132 1296 5204 cujus
1326 5142 1541 5188 exstant
1570 5133 1693 5187 libri
1721 5134 1903 5188 decem
1951 5138 2000 5189 in
2107 5131 2243 5204 apud
2273 5135 2555 5191 Chesnium
2588 5131 2643 5190 in
2673 5131 2813 5191 tonio
2842 5136 2908 5192 lll
2948 5131 3078 5193 Hist.
3126 5139 3314 5193 Franc.

456 5199 828 5272 apocalypsin.
854 5199 905 5254 Id
929 5199 1667 5272 anteqnnmdemonstremus,
1691 5204 1839 5272 juvat
1860 5219 2006 5271 qum—-

452 5269 574 5322 dam
618 5268 936 5336 praemittere
960 5271 1026 5322 de
1069 5270 1184 5337 ejus
1234 5271 1344 5324 Vita
1370 5310 1385 5333 ,
1432 5286 1586 5336 qnam
1623 5268 1772 5324 nobis
1798 5268 2009 5327 exhibet

456 5337 889 5406 chronograpbus
909 5339 1213 5392 monasterii
1236 5341 1403 5392 sancti
1427 5341 1683 5394 Vincentii
1707 5340 1770 5392 ad
1795 5340 2008 5394 ﬂuvium

455 5405 841 5477 Vulturnumin
856 5406 1152 5477 Benevento
1186 5425 1198 5460 :
1231 5423 1332 5477 quo
1361 5409 1429 5461 de
1456 5411 1780 5462 monasterio
1808 5409 2006 5462 dictum

455 5485 536 5529 est
565 5475 618 5527 in
660 5473 773 5528 Vita
797 5475 979 5545 sancti
1013 5473 1261 5529 Paldonis'
1306 5478 1370 5530 ab
1418 5478 1530 5544 ipso
1559 5481 1808 5544 Autperto
1838 5479 2006 5545 scrip—

457 5555 539 5610 ta,
561 5557 716 5613 supra
749 5544 810 5598 ad
842 5560 1035 5599 annum
1066 5545 1186 5599 79.0.
1225 5546 1386 5600 Porro
1435 5549 1864 5615 Chronographus
1915 5544 2011 5600 istc

2179 5205 2233 5259 2.
2275 5208 2512 5274 Autperti
2547 5223 2733 5259 nomen
2763 5221 2867 5260 non
2893 5215 3065 5261 exstat
3092 5209 3142 5261 in
3175 5209 3319 5262 fastis
3367 5209 3661 5267 Benedicti-

2113 5275 2214 5340 nis,
2245 5290 2413 5342 neque
2444 5276 2493 5327 in
2522 5275 2792 5337 Romanis,
2824 5275 3114 5331 Ferrariive
3141 5279 3402 5345 catalogo,
3432 5296 3550 5333 eum
3582 5293 3659 5334 ta-

2113 5360 2230 5415 nien
2262 5346 2627 5396 sanetissimum
2659 5355 2806 5396 vocnt
2835 5346 3265 5415 chronogrnpltus
3296 5349 3412 5409 iste,
3441 5352 3527 5415 qui
3579 5367 3660 5403 res

2113 5414 2179 5463 ab
2201 5427 2264 5465 co
2289 5421 2466 5480 gestas
2493 5416 2705 5479 propius
2736 5413 2980 5475 inspexit.
3007 5413 3277 5468 Consenlit
3304 5413 3664 5470 Fertiillantllts

2120 5480 2369 5549 Ughellns
2399 5482 2448 5534 in
2482 5493 2622 5534 tomo
2658 5482 2714 5532 Vl
2749 5481 2910 5533 ltalim
2939 5497 3122 5546 sacrm,
3153 5485 3240 5536 ubi
3282 5496 3506 5538 sanctum
3541 5491 3666 5539 Ant-

2118 5562 2309 5615 pcrtnm
2355 5551 2497 5604 dicit.
2559 5552 2694 5604 Sane
2743 5549 2854 5618 ejus
2904 5551 3146 5617 pietatem
3178 5567 3237 5606 ac
3265 5556 3663 5610 sanctimoniam
