3910 6234
308 311 447 367 1969

1443 304 1594 356 ὶἸΤΛ
1635 304 1692 357 S.
1737 305 2050 355 .ﬁlilllttlrill
2097 304 2454 356 AU'l'l'l‘lltl‘l.

3397 309 3542 358 ’1ὲῖιί

302 423 453 473 dium
483 461 497 482 ,
555 420 806 483 virtusque
873 418 1112 480 operandi
1178 417 1358 468 bonum
1385 433 1483 467 non
1556 418 1871 481 prosrquitnr
1902 429 1944 475 Α
1980 418 2074 472 niis
2097 431 2222 467 certe
2243 417 2360 481 ﬁdei
2379 419 2764 483 cenqrueutibus
2791 419 3015 468 roboruti
3057 431 3218 478 erant,
3249 437 3363 483 qma
3409 439 3534 485 pror-

302 491 533 542 scientia:
560 490 781 552 donum;
818 489 939 539 satis
967 487 1088 537 mihi
1125 495 1217 545 est.
1270 485 1498 546 Domine,
1541 486 1751 537 stultum
1781 488 1869 539 lie-

302 560 566 624 bctemque
607 575 730 610 esse.
773 555 946 623 Neque
997 556 1125 606 enim
1156 557 1268 607 ideo
1299 557 1513 620 putrium
1545 567 1871 622 parentesque

304 629 516 693 reliqui,
563 637 617 678 ut
646 625 768 678 mihi
799 627 1021 678 scientia
1059 624 1195 675 dona
1237 624 1515 691 largireris.
1548 626 1633 676 sed
1661 635 1714 676 ut
1757 642 1873 682 per.

219 732 230 740 ο
305 698 525 750 lectione
551 697 787 747 virtutum
815 696 881 745 ad
909 697 1056 744 vitam
1100 704 1336 746 teternam
1382 694 1697 760 perduccres.
1735 694 1872 746 Nolo

299 777 444 818 certe
470 765 596 816 lianc
624 764 1080 816 commutationem.
1133 764 1279 825 Quod
1321 764 1362 814 si
1401 773 1607 828 utraque
1636 780 1741 815 non
1773 780 1875 815 me-

303 851 450 895 reor,
495 835 775 885 doctrinam
813 833 1000 885 scilicet
1055 843 1202 900 atque
1251 834 1591 895 operationem
1639 848 1657 884 :
1704 833 1871 898 aufer,

301 919 502 968 quteso,
530 903 834 964 doctrinam,
866 912 1059 952 tantum
1103 912 1155 953 ut
1185 903 1373 954 tribuas
1406 904 1746 970 Operationem
1778 903 1875 952 vir-

304 981 498 1026 tutum.
536 971 743 1029 Utiuam
789 976 820 1023 ii
865 973 951 1038 qui
988 972 1175 1023 studiis
1232 974 1396 1023 sacris
1430 972 1710 1023 intendunt
1763 970 1878 1021 ani—

306 1057 482 1104 mum,
511 1039 670 1092 simili
710 1041 956 1094 instinctu
1001 1048 1308 1092 moveantur
1347 1041 1560 1092 omnes!
1611 1039 1760 1104 Quod
1791 1053 1875 1090 ve-

306 1109 405 1163 lim
453 1111 716 1178 przccipue
766 1109 1040 1163 attendant
1095 1111 1258 1162 uestri
1309 1109 1396 1176 qui
1438 1109 1625 1164 litteris
1673 1109 1878 1161 incum-

303 1179 465 1232 bunt.
1186 1180 1197 1192 '

385 1248 438 1301 8.
465 1248 628 1312 Quam
650 1249 845 1302 sanetis
866 1249 1107 1301 Patribus
1129 1247 1283 1301 fuerit
1303 1248 1542 1300 addictus
1565 1248 1873 1314 Autpertus,

311 1317 559 1384 pluribus
583 1320 632 1372 in
669 1319 794 1371 Iuris
824 1328 1123 1380 attestatur,
1171 1319 1433 1381 praecipue
1464 1316 1514 1368 in
1547 1316 1649 1368 line
1697 1315 1814 1368 libri
1845 1333 1873 1368 κ

308 1387 398 1438 his
428 1387 600 1439 verbis
627 1405 637 1438 ;
672 1390 928 1452 Quantum
969 1388 1133 1454 itaque
1157 1386 1222 1437 ad
1257 1387 1375 1453 ﬁdei
1403 1387 1579 1438 attinet
1618 1386 1878 1437 rectitudi-

307 1472 451 1518 nem,
477 1458 545 1507 ita
577 1458 626 1509 in
655 1458 867 1525 singulis
897 1458 1154 1510 sententiis
1180 1467 1327 1507 cauta
1357 1465 1581 1508 servatur
1609 1456 1875 1521 expositio,

305 1537 365 1576 ut
391 1528 435 1578 si
461 1527 586 1593 forte
612 1542 689 1580 me
713 1528 921 1579 voluerit
942 1528 993 1578 in
1018 1527 1095 1577 his
1122 1526 1484 1592 reprehendere
1511 1564 1525 1584 ,
1572 1525 1879 1593 reprenlien.

304 1595 403 1646 dat
441 1589 592 1647 etiam
619 1596 696 1665 (ut
721 1598 784 1648 de
813 1597 984 1647 multis
1031 1589 1222 1661 paucos
1250 1589 1655 1660 commemorent)
1692 1589 1878 1665 iero-

303 1680 551 1734 nymum,
562 1659 914 1734 Augustinum,
931 1659 1270 1734 Ambrosium,
1288 1671 1437 1734 atque
1451 1672 1675 1734 nostrum
1690 1659 1882 1730 Grego-

1975 486 2252 536 cedentium
2275 495 2599 538 tractatornm
2618 503 2762 539 sensu
2794 487 3052 554 vigebant;
3076 486 3352 539 humilitati
3375 498 3536 541 tamen

1979 570 2100 604 meo
2123 554 2428 620 prospiciens
2466 567 2599 618 pcto,
2627 567 2678 606 ut
2708 566 2867 608 vestro
2888 557 3039 608 etiam
3063 558 3260 614 decreto
3286 556 3539 621 profuturi

1918 671 1923 676 .
1979 625 2112 688 [irini
2144 632 2399 685 maneant,
2428 627 2558 690 quod
2580 625 2807 677 videlicet
2840 628 3036 678 nullum
3080 635 3354 694 prteternte
3386 626 3545 677 alium

1979 702 2303 746 tractatorem
2332 695 2484 758 (uisse
2509 696 2720 758 reperio.
2743 694 2846 748 Sed
2869 711 2968 746 non
2991 695 3102 746 ideo
3131 696 3334 747 libertas
3363 711 3547 746 succu-

1979 762 2125 832 buit,
2184 761 2303 832 quia
2357 762 2616 832 humilitas
2684 765 3000 827 semetipsum
3051 765 3203 817 libere
3257 765 3546 832 prostravit.

1981 831 2182 892 Qubus
2230 830 2282 901 in
2311 830 2503 901 verbis
2531 831 2655 884 illud
2686 837 2968 885 observata
3021 833 3237 901 dignum
3259 830 3265 832 ⁷
3289 842 3390 892 est.
3425 835 3550 886 Aut.

1984 909 2189 958 portum
2255 897 2414 952 {uiase
2464 902 2686 964 primum
2736 901 2820 968 qui
2872 897 3101 954 Romani
3148 901 3410 967 pontilicis
3451 903 3548 953 tle-

1980 977 2205 1046 cretum
2237 969 2288 1020 iu
2343 982 2556 1022 suorum
2621 970 2871 1023 librorum
2938 970 3398 1025 conﬁrmatiorem
3461 989 3542 1026 rc-

1984 1039 2253 1104 quisierit.

2073 1106 2158 1158 lt).
2219 1107 2493 1162 Postremo
2557 1107 2690 1161 adeo
2751 1121 2852 1159 non
2910 1105 3199 1175 refugiebat
3258 1108 3549 1164 studiorum

1981 1177 2212 1241 vigilias,
2267 1187 2322 1230 ut
2371 1176 2530 1230 etiam
2570 1177 2685 1242 ipse
2734 1175 3027 1237 susciperet
3057 1175 3246 1229 notarii
3291 1177 3543 1232 laborem.

1982 1246 2070 1316 Sic
2119 1247 2261 1298 enim
2299 1245 2390 1316 ait
2434 1249 2483 1298 in
2526 1247 2766 1299 oratione
2808 1244 2873 1299 ad
2911 1245 3074 1316 Deum
3123 1261 3135 1296 :
3200 1243 3434 1316 Eretria
3495 1249 3546 1299 in

1981 1315 2077 1366 ltoc
2126 1324 2228 1366 tam
2288 1315 2536 1368 laborioso
2593 1330 2740 1383 Opere
2783 1314 3100 1367 notariorum
3149 1314 3333 1366 solatia
3379 1315 3556 1370 deesse

1984 1385 2103 1436 mihi
2150 1386 2415 1443 videntur;
2455 1384 2687 1450 obsecro,
2717 1383 2943 1439 Domine.
2972 1397 3026 1435 ut
3073 1399 3164 1437 nec
3212 1398 3392 1438 manus
3436 1401 3550 1437 ver-

1986 1457 2155 1504 borum
2204 1458 2514 1507 characteres
2561 1453 2810 1520 formans,
2865 1462 2952 1505 aut
3003 1456 3137 1507 visus
3165 1455 3384 1506 exterior
3409 1457 3554 1506 verba

1986 1521 2166 1574 litteris
2204 1527 2421 1587 {armatu
2467 1523 2799 1586 conspiciens,
2843 1524 3258 1588 impedimentum
3311 1532 3550 1588 prmstent

1986 1592 2126 1642 cordi
2151 1593 2284 1645 intus
2312 1603 2503 1644 secreta
2543 1594 2896 1660 mysteriorum
2917 1592 3120 1660 rimanti
3154 1591 3360 1660 :sicque
3382 1594 3552 1644 cordis

1988 1660 2194 1711 intentio
2229 1663 2409 1731 uigilet
2465 1663 2788 1720 intrinsecus,
2835 1659 3089 1728 quatenus
3120 1659 3337 1728 oﬁicium
3379 1677 3556 1731 manus

305 1729 464 1806 rium.
515 1729 884 1806 Ubi'observa
940 1732 1253 1806 Gregorium
1285 1733 1352 1783 ab
1399 1745 1464 1783 eo
1487 1731 1590 1783 dici
1635 1729 1879 1806 nostrum,
1915 1746 1960 1806 Β
1990 1729 2558 1806 n_t_'qt_taquani__torpeat
2592 1731 2944 1782 extrinsecus.
2997 1731 3139 1806 Idem
3192 1731 3382 1806 repetit
3409 1729 3560 1806 initio

310 1801 418 1853 hoc
469 1811 551 1854 est
601 1801 996 1855 Benedictiuttm
1027 1843 1041 1862 ,
1095 1801 1234 1868 quod
1282 1812 1404 1853 ante
1453 1815 1536 1852 mc
1580 1801 1882 1854 adverterat

306 1868 610 1950 litterisque
649 1869 780 1925 mibi
829 1873 1220 1940 signiﬁcaverat
1254 1869 1316 1922 V.
1346 1870 1405 1922 C.
1463 1869 1739 1923 Eruericus
1797 1871 1881 1923 Bi-

307 1947 505 2007 gotius.
1360 2004 1372 2007 _
1426 1947 1432 1952 ‘

386 2010 440 2059 9.
474 2007 584 2060 Etsi
633 2007 677 2059 is
717 2016 831 2061 erat
864 2011 1167 2074 Autpertus,
1201 2022 1304 2060 non
1343 2004 1516 2060 t'amen
1557 2007 1767 2061 invidia:
1791 2024 1880 2061 ex-

309 2090 437 2143 pers
465 2074 583 2146 fuit.
615 2074 743 2129 Cum
775 2079 916 2131 enim
956 2078 1222 2142 vulgasset
1273 2078 1434 2129 libros
1464 2092 1588 2130 Suos
1638 2080 1686 2130 in
1742 2080 1880 2145 Apo-

306 2146 572 2216 calypsin,
607 2147 860 2200 continuo
892 2162 1076 2214 passus
1108 2159 1188 2198 e~t
1233 2146 1646 2211 obtrectatores,
1681 2149 1874 2216 quibus

310 2214 511 2282 objecit
555 2216 807 2280 Stephani
859 2231 1004 2283 papae
1054 2217 1460 2278 auctoritatem,
1514 2232 1614 2282 qua
1667 2214 1724 2269 se
1769 2220 1880 2280 ipse

313 2283 528 2336 munire
557 2293 776 2337 conatus
803 2296 902 2338 est.
945 2287 1127 2338 Exstat
1157 2300 1219 2338 ea
1248 2285 1312 2336 de
1338 2299 1395 2337 re
1425 2287 1538 2351 ejus
1562 2286 1781 2345 epistola
1813 2284 1878 2338 ad

311 2353 665 2421 Stephanum,
716 2351 767 2405 in
798 2369 898 2420 qua
942 2355 1174 2407 defendit
1214 2356 1366 2406 totius
1414 2354 1653 2407 Ecclesia:
1679 2355 1881 2406 liberta-

314 2430 440 2483 tem,
470 2432 526 2474 ut
554 2423 755 2476 scilicet
783 2424 1143 2490 unusquisque
1175 2433 1329 2489 prout
1376 2425 1607 2488 desuper
1656 2425 1879 2490 accepit,

315 2491 434 2542 sine
463 2491 678 2543 alterius
731 2495 1094 2546 controversia
1147 2496 1413 2546 volumina
1468 2495 1702 2546 eondat:
1737 2508 1884 2547 eum-

317 2574 424 2623 que
451 2562 678 2630 al'lirmat
705 2565 1051 2613 damnandum
1075 2563 1302 2626 censeri,
1332 2563 1554 2630 quisquis
1581 2564 1709 2615 lianc
1735 2563 1884 2614 liber-

319 2636 475 2681 tatem
518 2628 726 2692 spiritus
775 2631 972 2690 abolere
1016 2644 1244 2683 conatur.
1283 2628 1351 2683 Et
1378 2631 1555 2684 infra:
1605 2632 1786 2698 Nuper
1831 2633 1884 2684 in

317 2698 678 2771 Apocalypsitn
699 2699 918 2771 Joannis
948 2702 1117 2752 deum
1151 2701 1288 2771 edidi
1316 2703 1501 2763 libros;
1525 2712 1572 2754 et
1593 2717 1885 2771 quanquam

314 2767 566 2834 sufﬁceret
585 2767 706 2818 milii
730 2770 850 2837 quia
892 2780 1183 2821 sanctarum
1227 2767 1616 2836 Scripturaruni
1663 2767 1885 2823 testimo-

732 2915 988 2926 -————

1995 1800 2113 1854 libri
2167 1815 2215 1858 ν,
2276 1801 2462 1853 Mirum
2510 1808 2590 1853 est
2639 1814 2804 1862 sane,
2856 1807 3003 1850 tanto
3051 1799 3164 1851 viro
3194 1798 3354 1866 (quod
3399 1799 3557 1852 etiam

1993 1871 2278 1921 venerabili
2335 1871 2487 1923 Beda:
2529 1882 2580 1921 et
2637 1869 2798 1921 l’aulo
2853 1869 3081 1921 Diacmto
3127 1867 3392 1935 accidisse,
3434 1870 3562 1936 legi-

1991 1940 2131 2004 mus)
2165 1939 2397 1992 defuisse
2457 1938 2693 1991 sodalem
2747 1939 2825 1990 vel
2873 1953 3054 2000 unum,
3100 1938 3187 2006 qui
3234 1937 3557 2007 excipienuis

1989 2007 2107 2074 ejus
2133 2010 2406 2062 sententiis
2449 2023 2512 2061 ac
2550 2007 2702 2061 dictis
2734 2009 2999 2059 calamum
3029 2022 3091 2061 ac
3120 2022 3331 2060 manum
3383 2008 3551 2074 porri-

1989 2089 2158 2144 geret.

2069 2144 2148 2198 lt‘.
2184 2147 2306 2199 lltcc
2335 2147 2452 2200 ideo
2495 2145 2662 2198 fusius
2707 2146 3080 2213 praunisitnus,
3111 2147 3248 2212 quod
3295 2160 3401 2198 non
3433 2147 3566 2199 satis

1990 2224 2146 2268 nutus
2200 2217 2455 2269 hactenus
2501 2217 2656 2269 luerit
2712 2216 3019 2268 Ambrosius
3075 2218 3393 2281 Autpertus;
3468 2230 3564 2266 nec

1989 2286 2224 2352 subjeCta
2266 2286 2665 2352 Cbrouugraphi
2712 2287 2897 2338 relatio
2935 2283 3166 2339 sufﬁciat
3201 2286 3266 2338 ad
3305 2284 3562 2337 factorum

1991 2355 2103 2422 ejus
2132 2355 2671 2408 eon'ttnettdationem.

2073 2423 2156 2474 l2.
2209 2427 2322 2487 Quo
2350 2435 2588 2490 tempore
2639 2426 2920 2492 Autpertus
2973 2425 3024 2476 in
3061 2422 3407 2492 Vincentium.)
3451 2437 3562 2472 ino-

1994 2494 2225 2546 uasterio
2255 2493 2496 2558 ﬂorebat,
2530 2494 2597 2546 ibi
2638 2490 2797 2545 etiam
2830 2496 3050 2559 degebat
3083 2490 3298 2558 Magnus
3331 2531 3344 2552 ,
3393 2492 3572 2542 doctus

1993 2570 2038 2613 ct
2090 2564 2234 2629 mira
2268 2563 2704 2623 conversationis,
2758 2573 2812 2614 ut
2867 2562 3055 2629 legitur
3105 2560 3156 2612 in
3204 2562 3349 2613 Aetis
3400 2561 3571 2612 sancti

1997 2628 2242 2684 Walt‘ridi
2272 2631 2479 2683 abbatis
2513 2629 2750 2683 l’alatioli
2797 2628 2952 2698 supra
2985 2632 3051 2681 ad
3103 2643 3298 2681 annum
3327 2629 3452 2689 765,
3483 2629 3566 2698 cui

1996 2698 2254 2821 1VGlalh-ido
2283 2699 2334 2752 in
2365 2701 2688 2754 insutuendo
2718 2696 2967 2754 eoenobio
2997 2712 3094 2752 suo
3116 2699 3327 2767 adiutor
3364 2696 3570 2750 exstitit

2047 2784 2234 2821 annus.

1994 2771 2234 2836 Magnus.

1980 2913 2686 2944 ,_______.._____

1685 3002 1969 3062 INCIPIT
2021 3002 2206 3064 Vl'l'A

399 3148 452 3202 1.
493 3147 620 3214 Qua:
655 3147 720 3201 de
752 3147 1089 3202 sanctissimo
1129 3145 1321 3200 abbate
1360 3147 1618 3213 Autperto
1671 3159 1897 3214 sequuu-
1927 3146 1971 3208 C
2008 3161 2121 3197 rum
2153 3161 2273 3199 cum
2302 3146 2562 3212 puellares
2604 3152 2785 3213 ageret
2811 3155 3000 3207 annos,
3045 3141 3341 3196 litterarum
3393 3141 3578 3200 studiis

323 3245 446 3300 tur,
493 3251 668 3302 operat
728 3235 954 3302 pretium
1012 3249 1134 3288 reor
1193 3235 1580 3300 aliquantulum
1637 3233 1899 3300 prolixius

320 3337 595 3378 enarrare.
632 3322 888 3389 Equidem
918 3335 1023 3375 non
1070 3321 1282 3388 ambigo
1335 3336 1420 3374 me
1477 3321 1683 3373 meritis
1732 3321 1899 3388 ipsius

317 3411 461 3480 apud
494 3411 653 3464 Deum
699 3423 850 3476 posse
874 3409 1066 3478 iuvari.
1089 3407 1253 3477 Cujus
1289 3410 1577 3478 originem,
1609 3419 1778 3474 actus,
1814 3411 1896 3463 vel

318 3500 608 3552 adventum
637 3498 689 3550 in
720 3500 999 3551 hoc-sacro
1028 3496 1279 3551 cmuobio
1309 3496 1512 3550 Christi
1541 3497 1740 3550 Levita:
1771 3496 1899 3549 Vitt-

317 3587 502 3651 centii,
541 3586 728 3655 partim
756 3595 908 3638 vetus
937 3585 1200 3653 scriptura
1251 3586 1510 3651 tradidit;
1553 3585 1742 3654 partim
1773 3601 1899 3640 vero

318 3682 462 3733 sicut
475 3676 850 3732 venerabilium
874 3676 1088 3729 Patrum
1108 3675 1232 3730 fidei
1253 3677 1511 3730 relatione
1532 3677 1688 3730 didici
1705 3677 1901 3744 pariter

317 3769 804 3838 conprehendens,
840 3777 892 3822 et
918 3769 984 3821 ad
1011 3767 1220 3820 laudem
1248 3767 1341 3820 Dei
1366 3768 1536 3822 nostri
1562 3767 1902 3834 omnipoten-

322 3864 393 3919 tis
431 3864 691 3927 scribens,
725 3863 954 3930 posteris
1000 3859 1389 3929 perfectionem
1438 3867 1599 3913 rectae
1629 3857 1900 3928 religionis

326 3970 408 4008 ac-
432 3953 738 4019 exemplum
770 3952 1080 4017 proferimus
1111 3936 1520 4018 Perseverantize
1545 3949 1674 4019 justi
1702 3949 1898 4003 laboris

322 4043 542 4114 proDei
571 4057 752 4096 amore
789 4041 1183 4095 decertantibus
1215 4041 1266 4093 in
1309 4041 1445 4094 sacri
1477 4039 1706 4095 caenobii
1748 4038 1900 4091 insti-

323 4139 490 4193 tutis:
525 4147 582 4190 ut
610 4135 912 4205 quicunque
961 4135 1248 4202 astriciens,
1303 4133 1464 4202 hujus
1514 4132 1901 4201 contempletur

327 4231 659 4284 nobilitatem
687 4269 702 4291 ,
765 4241 927 4293 seque
975 4229 1343 4291 quantociusa
1390 4226 1572 4278 smculi
1629 4230 1904 4279 convertat

323 4319 599 4381 vanitate;
635 4318 788 4381 hujus
812 4316 1090 4368 attendens
1121 4315 1452 4383 prudentiam
1485 4323 1539 4369 et
1566 4314 1899 4377 charitatcm,

320 4412 528 4466 avidius
557 4409 752 4461 Christi
794 4419 1027 4462 sectetur
1057 4407 1407 4460 humilitatem
1436 4423 1448 4470 ;
1482 4416 1622 4461 eteo
1648 4409 1816 4474 magis
1857 4405 1901 4459 si

2008 3231 2271 3296 traditus,,
2305 3233 2426 3286 tOtis
2474 3229 2674 3286 viribus
2731 3233 3041 3284 innocenter
3093 3229 3291 3284 Christi
3336 3230 3614 3286 mandata-

2003 3322 2331 3385 eustodiens,
2365 3331 2470 3374 tam
2501 3322 2695 3375 divinae
2726 3336 2881 3387 quam
2913 3319 3197 3373 mundana:
3233 3318 3582 3388 phil030phia:

1997 3423 2157 3460 .vcrus
2181 3409 2386 3462 Christi
2421 3409 2768 3476 philosotibus
2798 3409 3031 3464 cflieacia
3064 3409 3283 3472 adeptus
3323 3418 3424 3460 est.
3457 3407 3582 3461 Post

2005 3499 2144 3566 quod
2179 3500 2230 3551 in
2253 3500 2423 3567 regali
2446 3497 2562 3552 aula
2589 3499 2724 3550 diva:
2748 3501 3018 3550 memoria:
3048 3496 3221 3549 Caroli
3249 3496 3585 3563 imperatoris

2004 3603 2325 3657 assumptus,
2352 3605 2472 3643 cum
2498 3605 2525 3642 a
2555 3578 3117 3657 cunctisdiligeretur,
3142 3585 3475 3654 maximeque
3511 3589 3578 3638 ab

2004 3683 2191 3733 eodem
2246 3682 2566 3748 imperatore
2622 3680 2832 3742 Carolo,
2881 3680 2992 3732 sive
3040 3679 3154 3744 ejus
3201 3678 3440 3747 genitore
3485 3683 3572 3745 pio

2007 3772 2249 3838 Pippiuo,
2276 3751 2439 3838 etrapit
2471 3769 2710 3839 ejusdem
2755 3769 3090 3838 imperatoris
3132 3767 3383 3836 magister
3408 3777 3464 3822 et
3502 3767 3584 3820 in-

2004 3862 2219 3914 stitutor
2273 3873 2391 3914 esse
2434 3859 2917 3928 prudentissimus,
2963 3859 3236 3928 ipsiusque
3297 3856 3582 3924 imperialis

2002 3951 2135 4003 aulae
2168 3949 2663 4003 archicaneellarius
2697 3960 2720 3986 °
2748 3963 2909 4017 supra
2940 3958 3163 4011 exteros
3211 3946 3395 4000 haberi
3446 3956 3576 4000 stre-

2011 4041 2316 4094 nuissimos.
2352 4043 2413 4093 lit
2441 4055 2562 4093 cum
2612 4055 2641 4092 a
2671 4041 2878 4094 cunctis
2920 4046 3265 4092 veneraretur
3309 4045 3466 4104 atque
3497 4046 3574 4088 at-

2018 4131 2298 4184 tolleretur
2346 4131 2444 4184 sibi
2489 4129 2610 4198 jure
2665 4129 2836 4198 dignis
2892 4128 3138 4181 laudibus
3192 4126 3579 4195 prmcipuisthe

2005 4222 2314 4288 obsequiis;
2371 4231 2546 4274 tamen
2591 4219 2680 4272 ille
2712 4219 2780 4286 pii
2832 4218 3059 4286 pectoris
3087 4214 3482 4283 simplicitatem
3531 4220 3584 4266 et

2006 4330 2153 4384 purae
2205 4315 2482 4369 charitatis
2531 4314 2890 4368 sinceritatem
2934 4311 3266 4367 custodiebat
3310 4307 3584 4361 attentius.

2080 4407 2134 4460 5.
2177 4404 2284 4460 Sed
2335 4420 2455 4458 cum
2496 4404 2578 4459 bis
2630 4405 2960 4470 temporibus
2999 4400 3380 4456 monasterium
3443 4399 3587 4478 beati

320 4502 506 4557 saeculi
535 4499 748 4553 divitias
774 4499 1019 4552 alacriter
1049 4498 1252 4552 studuit
1283 4497 1511 4563 calcare,
1545 4498 1614 4552 de
1644 4472 1897 4564 sibi-pro-
1927 4472 1982 4533 D
2010 4495 2257 4562 martyris
2289 4493 2554 4547 Vincentii
2606 4507 2767 4560 super
2804 4491 3040 4544 Vulturni
3071 4489 3301 4546 ﬂuminis
3333 4487 3528 4540 fontem
3555 4472 3591 4536 a

320 4593 487 4646 missa
525 4591 578 4643 in
609 4590 762 4644 cmlis
800 4604 826 4640 a
857 4587 1079 4641 Domino
1109 4587 1338 4653 gaudeat
1361 4586 1638 4640 felicitate.
1674 4589 1728 4641 Si
1769 4602 1899 4654 pau-

319 4696 419 4751 per
467 4693 594 4733 vero
648 4677 915 4746 propriam
985 4675 1365 4730 abrenuntians
1418 4676 1746 4729 voluntatem
1802 4676 1900 4728 sub

313 4771 690 4840 jugo‘sanctae
739 4766 932 4835 regula:
984 4767 1090 4819 Deo
1118 4780 1177 4818 se
1207 4765 1474 4832 professus
1517 4775 1598 4819 est
1644 4765 1897 4829 militare,

319 4859 532 4914 noverit
553 4873 611 4912 se
627 4857 737 4926 jam
778 4859 972 4910 nonde
1015 4856 1245 4921 crastino
1276 4854 1473 4908 debere
1502 4857 1735 4924 cogitare
1761 4875 1774 4907 :
1805 4856 1899 4909 sed

319 4947 629 5002 meminerit
673 4945 921 5013 quoniam
973 4952 1028 4997 et
1094 4943 1318 4997 Immites
1374 4943 1570 5011 spiritu
1638 4943 1896 4998 Dominus

317 5036 629 5106 dignabitur
673 5035 897 5089 salvare.

397 5125 454 5177 ‘2.
484 5123 580 5176 llic
602 5121 812 5189 quidem
845 5120 1208 5173 sanctissimus
1235 5119 1409 5183 l’ater,
1443 5119 1731 5173 Galliarum
1779 5137 1899 5186 prn-

316 5213 514 5265 vinciis
544 5211 824 5273 oriundus,
879 5209 1180 5276 parentibus
1209 5208 1498 5260 admodum
1533 5210 1723 5263 Christi
1775 5210 1899 5260 reli-

313 5300 481 5368 gione.
505 5309 559 5353 et
581 5299 760 5351 szrculi
786 5296 1039 5363 dignitate
1069 5295 1418 5360 clarissimus,
1453 5307 1508 5348 ut
1538 5296 1740 5349 lucil'vri
1772 5296 1900 5348 solis

313 5388 504 5443 radius
557 5386 960 5438 Christianitate
1005 5384 1319 5449 conspicuus
1364 5384 1574 5436 enituit.
1603 5386 1700 5448 Qui
1744 5384 1895 5436 nitui-

389 5507 414 5534 ι
445 5495 518 5550 Ut
545 5495 718 5548 Caroli
769 5493 1277 5558 fuerit'prasceptor,
1327 5502 1472 5543 certe
1524 5489 1884 5543 arehicaucel-

310 5567 486 5623 larius
513 5577 618 5616 non
673 5561 768 5613 luit
821 5564 1125 5625 Autpertus,
1147 5561 1232 5624 qui
1268 5562 1408 5624 prius
1439 5561 1728 5612 tttOt’tl’tt‘iltlS
1771 5570 1885 5610 erat

307 5650 479 5707 quam
511 5633 730 5689 Carolus
769 5637 1069 5696 capesseret
1119 5628 1438 5680 Francorum
1488 5630 1787 5696 irruperium,
1827 5637 1882 5677 ut

2005 4586 2201 4638 sanctis
2241 4584 2486 4638 Patribus
2531 4584 2782 4644 Paldone,
2829 4582 3032 4635 Tatone
3086 4588 3141 4632 et
3192 4578 3403 4632 'l‘asone
3444 4585 3583 4627 esset

2006 4681 2390 4740 constructum,
2445 4687 2739 4742 magnaque
2787 4672 2856 4724 ibi
2903 4679 3205 4724 sanctorum
3255 4665 3364 4721 Deo
3397 4663 3577 4716 famu-

2010 4763 2230 4816 lantium
2283 4763 2619 4830 congregatio
2677 4766 3053 4827 permaneret,
3104 4771 3219 4825 quae
3293 4751 3572 4820 praecipuis

2011 4836 2146 4918 pene
2175 4862 2298 4906 tunc
2325 4853 2577 4918 temporis
2610 4851 2766 4905 Italia:
2812 4848 3147 4904 monasteriis
3199 4843 3535 4912 praeferretur
3563 4881 3576 4904 ,

2013 4941 2206 4995 factum
2247 4950 2328 4993 est.
2375 4950 2430 4992 ut
2467 4957 2650 4994 eorum
2679 4949 2874 4993 sanctae
2905 4934 3172 5003 religionis
3212 4929 3392 5000 opinio
3424 4929 3578 4997 longe

2013 5031 2222 5096 lateque
2272 5028 2550 5098 fragrans,
2593 5031 2751 5082 etiam
2820 5026 2983 5093 ipsius
3035 5018 3434 5077 clementissimi
3486 5017 3581 5068 im-

2013 5121 2271 5184 peratotis
2315 5121 2491 5174 Caroli
2547 5117 2847 5184 perveniret
2901 5117 2965 5168 ad
3016 5128 3192 5168 aures.
3243 5111 3342 5176 Qui
3387 5108 3576 5161 ductus

2010 5210 2187 5262 divino
2235 5225 2436 5271 amore,
2485 5209 2852 5276 przccipueque
2906 5216 3094 5260 suasus
3141 5206 3208 5257 ab
3244 5201 3432 5256 eodem
3480 5212 3578 5251 suo

2013 5298 2296 5350 venerabili
2360 5299 2612 5365 magistro
2671 5306 2729 5350 et
2793 5292 3255 5349 archicaneellario
3295 5293 3572 5354 Autpcrto,

2013 5383 2255 5452 primitus
2275 5385 2487 5452 quidem
2512 5385 2668 5453 hujus
2691 5385 2955 5452 opinioais
2986 5382 3258 5460 veritatem
3302 5376 3579 5444 explorare

2002 5499 2292 5615 const-tlcx
2315 5492 2550 5548 clausula
2583 5489 2938 5561 Expositionis
2963 5488 3012 5542 in
3035 5485 3389 5557 Apocalypsin
3433 5490 3587 5546 super

2007 5567 2115 5614 rius
2147 5576 2199 5615 re
2226 5571 2326 5615 ala.
2447 5579 2450 5581 λ

2007 5567 2115 5614 rius
2147 5567 2326 5616 relata.
2447 5579 2450 5581 λ
