3910 6234
408 262 539 315 liii

1156 268 1213 322 s.
1259 269 1641 327 auuttostus
1684 270 2095 323 .\t;tt-t~.n'rt;s
2138 232 2681 332 Ill-.Nlilléx'iANUS
2721 279 2958 335 senas.

3497 284 3645 338 1172

410 364 597 438 vnitiit,
633 374 796 429 misso
824 377 889 429 ad
922 377 1059 431 idem
1118 382 1491 444 monasterium
1540 395 1635 432 suo
1680 379 1965 449 apocrisia-
1998 383 2044 438 Α
2077 385 2249 436 multis
2277 374 2459 440 causis
2490 388 2741 457 lacrymis
2764 390 2867 457 'pro
2892 392 3176 447 devotione
3204 397 3333 459 viri,
3368 396 3494 452 licet
3524 411 3661 451 ma-t

407 467 728 530 rio,delnnc
767 483 955 545 magna
1014 473 1233 538 stipatus
1281 480 1490 524 caterva
1548 484 1819 538 potentum
1868 474 1973 524 llo-

409 572 554 613 mam
578 562 811 623 veniens,
836 562 901 615 ad
934 564 1087 629 primi
1123 562 1375 630 principis
1418 563 1557 617 Petri
1590 566 1767 621 limina
1795 576 1971 618 oratu-

414 662 526 713 rus,
570 658 623 705 et
652 659 707 703 ιιι
746 650 1111 704 Ecclesiarum
1153 653 1330 720 populi
1377 663 1429 705 et
1470 655 1653 718 patria:
1705 654 1969 708 excidium

409 739 753 793 ulcisceretur
775 756 788 802 ;
815 740 1043 803 peractis
1064 740 1376 796 necessariis
1400 743 1576 806 rebus,
1592 758 1711 797 cum
1734 745 1970 797 maxima

410 828 748 883 multitudine
776 838 883 884 tam
905 831 1271 899 religiosorum
1298 832 1668 899 episc0porum
1694 833 1777 887 vel
1806 832 1970 887 abba-

408 931 544 986 tum,
594 934 751 989 quam
799 921 1133 989 sequentium
1164 921 1415 1007 com/itum
1474 935 1537 975 ac
1582 922 1970 987 marcbionum,

406 1010 474 1064 ad
505 1010 658 1095 idem‘
689 1012 932 1082 dignatus
978 1024 1065 1070 est
1110 1013 1363 1069 accedere
1409 1015 1788 1069 monasterium
1815 1055 1829 1079 ,
1883 1016 1971 1069 ubi

406 1099 637 1166 qualiter
678 1101 995 1170 dignissime
1050 1118 1079 1157 a
1135 1104 1334 1159 sanctis
1379 1103 1625 1159 Patribus
1666 1115 1970 1172 susceptus,

406 1205 667 1260 quamque
698 1190 813 1259 ipse
860 1193 1056 1248 ibidem
1086 1194 1356 1249 humiliter
1381 1194 1451 1247 sit
1489 1194 1784 1263 ingressus,
1829 1196 1881 1249 in
1914 1195 1972 1250 ii-

409 1279 506 1361 bro
528 1288 553 1317 ι
587 1281 719 1338 Vita:
746 1298 931 1339 eorum
963 1285 1171 1352 plenius
1195 1286 1497 1339 continetur
1524 1303 1538 1340 :
1569 1286 1709 1353 quod
1739 1301 1801 1340 es
1834 1300 1973 1355 pra:-

405 1386 561 1439 cepto
588 1376 1005 1434 domni'i‘asonis
1036 1380 1245 1434 abbatis
1273 1394 1303 1433 a
1332 1379 1617 1435 venerabili
1648 1382 1805 1436 Petro
1826 1395 1976 1449 pres—

406 1460 597 1531 b'ytero
625 1476 677 1519 et
708 1468 969 1533 monacho
997 1470 1133 1523 sacri
1174 1469 1404 1524 emnobii
1430 1469 1559 1524 satis
1583 1469 1975 1524 lucidcdescri-

415 1562 561 1621 ptutn
584 1565 685 1608 est.
1840 1612 1841 1615 η

485 1643 541 1699 ι.
595 1647 664 1701 At
712 1660 831 1700 cum
889 1647 1028 1703 idem
1084 1650 1463 1704 serenissimus
1515 1650 1803 1717 imperator
1854 1659 1976 1717 post

411 1734 551 1787 dona
610 1735 886 1803 magniﬁca
944 1752 1063 1807 qua:
1116 1738 1311 1792 ibidem
1364 1740 1698 1807 contuierat,
1751 1747 1975 1808 postque

413 1824 639 1877 llrmalis
704 1826 866 1893 regali
934 1836 1205 1897 praecepto
1267 1830 1425 1897 longe
1486 1831 1693 1896 lateque
1758 1843 1974 1897 posses-

411 1911 687 1977 sionibus,
737 1924 1044 1969 sanctorum
1094 1917 1307 1970 Patrum
1360 1918 1595 1984 vestigiis
1645 1927 1969 1984 prostratus,

417 2002 630 2055 illuntm
664 2016 724 2057 se
752 2004 951 2057 diutius
982 2006 1321 2058 orationibus
1360 2007 1773 2070 commendans,
1819 2021 1974 2059 sum-

412 2090 518 2157 ptis
559 2090 1019 2147 benedictionibus
1064 2094 1378 2148 lestinauter
1421 2094 1581 2149 vellet
1628 2096 1859 2160 reverti;
1892 2097 1974 2148 vir

417 2181 626 2237 Domini
661 2183 953 2252 Autpertus
982 2187 1375 2253 contemplatus
1414 2187 1513 2253 pia:
1554 2187 1974 2240 conversationis

410 2272 660 2339 exempla
702 2274 757 2327 in
800 2273 999 2343 sanctis
1052 2276 1299 2329 Patribus
1342 2275 1626 2328 admodum
1660 2276 1971 2341 mirabatur,

407 2361 627 2435 jamque
654 2362 771 2431 ejus
792 2364 1001 2423 animus
1033 2364 1177 2418 hisce
1199 2366 1429 2419 similem
1454 2366 1567 2421 livri
1590 2367 1973 2423 delectabatur.

410 2450 519 2505 Hoc
548 2452 779 2523 denique
809 2456 1026 2508 evoluto
1060 2462 1305 2524 tempore
1335 2454 1387 2521 b,
1421 2456 1644 2511 Carolus
1690 2459 1977 2525 imperator

415 2540 770 2596 Beneventum
797 2558 1079 2612 aggressus
1105 2545 1308 2598 diutina
1342 2546 1621 2601 obsidione
1650 2548 1795 2601 cives
1819 2562 1979 2602 vesa-

414 2629 541 2699 bat,
590 2630 687 2685 sed
730 2632 777 2683 ei
826 2632 891 2683 ad
940 2631 1257 2700 capiendum
1309 2634 1528 2710 omnino
1574 2635 1700 2690 urbs
1744 2634 1979 2691 difﬁcilis

410 2729 546 2777 erat.
601 2720 804 2775 interea
856 2722 1067 2776 Aricbis
1118 2724 1285 2792 ipsius
1328 2724 1557 2777 civilatis
1603 2726 1849 2793 princeps
1894 2727 1978 2792 pia

407 2811 838 2868 consideratione
866 2812 1060 2866 civium
1102 2814 1261 2867 saluti
1300 2814 1624 2877 consulens,
1655 2812 1793 2866 datis
1835 2813 1979 2866 obsi-

410 2899 565 2954 dibus
609 2900 816 2953 duobus
860 2900 1044 2955 liberis
1089 2914 1209 2953 cum
1259 2914 1325 2954 eo
1375 2901 1679 2966 paciscitur.
1722 2899 1847 2952 inde
1890 2914 1977 2954 re-

414 2988 570 3043 diens
614 2990 922 3059 imperator,
974 2990 1031 3043 Β.
1069 2989 1341 3044 Benedicti
1373 2990 1757 3043 monasterium
1792 2970 1974 3057 petiit,

412 3078 741 3134 orationibus
780 3093 1057 3134 servorum
1092 3078 1184 3133 Dei
1214 3093 1273 3133 se
1302 3079 1718 3141 commendans,
1750 3078 1982 3145 plurima
2014 3078 2017 3099 τ

416 3168 493 3223 ibi
522 3158 659 3222 dona
693 3168 916 3237 largitus
948 3181 1061 3235 est,
1093 3178 1147 3222 et
1176 3167 1435 3236 imperiali
1466 3178 1731 3235 prmcepto
1756 3182 1984 3236 qumque

415 3261 768 3329 possederant
810 3264 1150 3318 conﬁrmavit
1172 3303 1189 3328 ,
1239 3262 1538 3331 adiungens
1570 3272 1623 3316 et
1652 3262 1753 3315 alia
1788 3263 1978 3317 multa.

415 3352 496 3406 Ad
529 3354 915 3408 monasterium
945 3367 1161 3423 quoque
1192 3350 1389 3406 Christi
1434 3353 1681 3422 martyris
1716 3353 1977 3408 Vincemii

409 3443 550 3496 datis
572 3457 636 3497 ex
667 3451 814 3511 parte
844 3457 936 3497 sua
969 3444 1176 3510 magnis
1207 3443 1534 3508 tnuneribus,
1562 3454 1667 3497 tam
1698 3444 1978 3505 venerabi-

413 3535 518 3585 Irm
554 3534 725 3589 virum
755 3535 1078 3602 Autperlum
1102 3577 1115 3597 ,
1149 3549 1306 3602 quam
1334 3542 1389 3587 et
1420 3533 1756 3603 magniﬁcum
1786 3532 1978 3589 IEthe-

412 3623 554 3675 riqu
584 3634 608 3664 s
641 3620 935 3685 imperialis
962 3636 1115 3689 atque
1138 3623 1271 3674 aulte
1304 3620 1635 3689 Magistrum,
1673 3630 1970 3675 reverentet

420 3713 736 3775 transmisit,
767 3713 856 3781 qui
889 3725 983 3765 sua
1022 3712 1105 3779 pia
1138 3722 1259 3765 vota
1311 3712 1535 3765 lideliter
1564 3711 1659 3765 Dei
1687 3712 1858 3766 servis
1880 3714 1980 3781 Ade-

409 3805 634 3854 ter-mut.
790 3779 798 3781 ἡ
1880 3779 1890 3796 ’

482 3890 535 3944 5.
573 3889 724 3945 Tunc
763 3902 891 3961 ergo
934 3888 1266 3945 venerabilis.
1286 3889 1375 3944 Dei
1412 3888 1637 3945 famulus
1668 3890 1974 3958 Autpertus,

411 3981 604 4035 ductus
632 3992 818 4034 amore
848 3986 1048 4033 sanctze
1077 3979 1380 4049 religionis,
1415 3977 1782 4045 imperialibus
1812 3980 1979 4034 vesti-

407 4072 511 4143 giis
559 4070 906 4139 semetipsum
954 4079 1333 4139 prosternens,
1363 4079 1483 4126 orat
1510 4084 1569 4125 se
1597 4070 1707 4139 jam
1742 4070 1850 4125 Deo
1883 4071 1982 4123 mi—

411 4163 684 4215 litaturum
736 4159 940 4215 relictis
989 4160 1270 4215 mundanis
1316 4162 1627 4215 tumultibus
1670 4162 1729 4233 in
1759 4162 1815 4215 Β.
1855 4161 1981 4214 Vin~

409 4250 572 4303 centii
601 4252 929 4306 monasterio
962 4266 1128 4319 usque
1158 4250 1224 4304 ad
1254 4250 1415 4303 ﬁnem
1462 4250 1583 4303 vita:
1626 4250 1981 4305 libentissime

2082 475 2197 539 guis
2229 478 2343 541 eius
2376 477 2651 532 videretur
2677 478 2893 535 destitui
2924 481 3213 549 subsidiis,
3242 494 3420 541 tamen
3451 494 3643 554 postu-

2078 561 2213 613 latus
2260 577 2287 613 a
2338 564 2519 617 multis
2564 566 2747 620 annuit
2796 567 3116 635 impetratis.
3171 569 3339 638 Hujus
3383 574 3642 641 exemplo

2078 652 2288 719 plurimi
2321 669 2391 708 ex
2421 656 2541 708 aula
2571 658 2715 726 regia
2744 658 2942 713 militiae
2969 661 3240 729 cingulum
3268 662 3595 731 deponentes
3622 704 3639 729 ,

2080 742 2130 793 in
2179 750 2364 797 sancto
2416 747 2695 812 proposito
2742 749 3013 815 religionis
3059 754 3109 805 el
3157 752 3528 818 adhaeserunt,
3580 746 3673 807 et“

2079 833 2254 886 omnia
2286 850 2403 901 quae
2436 836 2635 891 habere
2680 838 3021 905 videbantur,
3050 855 3111 895 ac
3138 841 3182 895 si
3213 856 3317 897 non
3360 845 3473 897 visa
3494 883 3510 906 ,
3543 858 3647 911 pro

2079 920 2174 975 Dei
2204 936 2390 978 amore
2418 925 2631 989 penitus
2660 925 3002 985 dimiserunt.

2147 1012 2201 1066 ϐ.
2242 1011 2454 1067 Sancta:
2480 1015 2636 1083 igitur
2664 1018 2939 1085 religionis
2984 1019 3223 1074 habitum
3252 1021 3334 1075 vir
3360 1021 3458 1079 Dei
3483 1023 3644 1078 indu-

2079 1110 2163 1154 tus
2186 1140 2203 1163 ,
2233 1101 2481 1157 omnibus
2509 1117 2571 1158 se
2603 1103 2912 1162 inferiorem
2955 1109 3028 1163 ita
3070 1110 3256 1166 intimo
3280 1112 3640 1169 credebatsui

2072 1189 2249 1243 cordis
2275 1191 2469 1247 affectu
2501 1235 2515 1258 ,
2550 1203 2605 1247 ut
2637 1194 2764 1249 nilnil
2792 1199 3011 1252 omnino
3038 1200 3177 1255 scire
3200 1199 3222 1270 [
3245 1202 3330 1257 Al.
3348 1241 3366 1267 ,
3397 1200 3643 1273 habere]

2078 1280 2275 1345 vellet,
2307 1291 2503 1351 prteter
2532 1298 2652 1354 qua:
2692 1286 2762 1340 ab
2804 1286 3000 1344 abbate
3043 1289 3305 1346 dabantur
3343 1292 3642 1361 quotidiani

2075 1372 2245 1427 victus
2275 1374 2575 1446 necessaria
2597 1414 2615 1441 ,
2645 1391 2766 1445 qua:
2796 1380 3007 1447 quidem
3038 1391 3092 1436 et
3132 1380 3248 1451 ipsa
3293 1384 3503 1439 caeteris
3547 1399 3644 1453 pa-

2077 1460 2226 1515 ribus
2252 1477 2475 1521 sumere
2505 1466 2806 1523 videbatnr.
2852 1469 2916 1524 Et
2942 1485 3066 1525 cum
3094 1483 3240 1527 esset
3268 1474 3319 1527 in
3349 1475 3467 1527 aula
3496 1474 3642 1543 regia

2074 1549 2361 1607 admodum
2391 1552 2655 1610 delicatus
2674 1596 2692 1623 ,
2726 1557 2801 1611 ita
2827 1558 3059 1627 seipsum
3084 1561 3275 1616 divinis
3305 1561 3647 1631 mancipabat

2076 1640 2349 1710 obsequiis
2380 1680 2397 1707 ,
2425 1653 2482 1698 ut
2523 1646 2666 1699 nulla
2702 1647 2776 1700 illi
2809 1647 2938 1701 hora
2969 1664 3130 1704 vacua
3170 1653 3467 1719 praeteriret
3486 1692 3505 1719 ,
3532 1668 3640 1721 qua

2009 1706 2053 1765 Β
2080 1729 2163 1782 vel
2195 1731 2464 1788 insisteret
2492 1736 2754 1803 orationi,
2790 1737 2875 1793 vel
2920 1738 2973 1794 in
3022 1740 3251 1796 lectione
3295 1741 3474 1797 divina
3518 1741 3642 1812 ejus

2077 1819 2285 1873 animus
2316 1832 2640 1877 versaretur.

2154 1908 2208 1961 7.
2250 1907 2517 1991 Denique,
2551 1922 2607 1964 ut
2631 1915 3020 1983 comperimus,
3053 1918 3309 1985 plurimos
3335 1928 3643 1973 sanctarum

2073 1993 2471 2063 Scripturarum
2500 2000 2666 2056 libros
2690 2003 2952 2069 exposuit.
2986 2004 3114 2058 Nam
3130 2005 3428 2060 Leviticum
3449 2007 3643 2075 κομί,

2075 2086 2291 2161 Cantica
2344 2088 2674 2153 SalomOuis,
2726 2091 2967 2148 Psalterii
3023 2094 3181 2150 ﬁores
3236 2096 3484 2167 mellillua
3516 2110 3646 2149 sua-

2076 2176 2270 2241 vitate,
2321 2194 2441 2247 qua:
2493 2180 2545 2235 in
2599 2181 2682 2235 bis
2728 2182 2904 2237 divina
2953 2194 3201 2240 maneant
3240 2199 3430 2240 arcana
3459 2199 3646 2239 saera-

2077 2277 2417 2335 mentorum,
2467 2283 2653 2339 quaeve
2697 2273 3106 2342 uniuscujusque
3153 2276 3320 2330 ﬁdelis
3360 2275 3648 2344 disciplina

2078 2374 2286 2413 morum
2310 2404 2326 2428 ,
2359 2362 2476 2416 sive
2517 2363 2710 2416 Christi
2745 2365 3049 2420 observatio
3077 2366 3446 2420 mandatorum
3466 2407 3482 2431 ,
3514 2380 3648 2420 suo-

2079 2464 2197 2502 rum
2230 2451 2537 2504 etlisserens
2579 2453 2830 2518 patefecit
2870 2452 3189 2508 documento
3218 2456 3524 2508 verborum.
3557 2453 3650 2507 Li-

2078 2540 2234 2595 brum
2263 2556 2471 2610 quoque
2500 2540 2569 2596 de
2595 2542 2854 2597 Conﬂictu
2885 2544 3127 2597 vitiorum
3156 2542 3207 2607 ά,
3238 2545 3332 2596 sed
3374 2553 3429 2595 et
3471 2540 3648 2595 homi—

2083 2629 2180 2684 lias
2230 2632 2436 2699 aliquas
2484 2630 2897 2699 Evangeliorum
2948 2633 3168 2699 pulchra
3211 2646 3429 2685 suorum
3473 2631 3647 2686 edidit

2080 2720 2442 2774 declaratione
2470 2734 2799 2774 sermonum.
2836 2720 3008 2774 Vitam
3039 2702 3197 2776 etiam
3228 2722 3506 2776 beatorum
3531 2719 3644 2774 Pa-

2080 2817 2221 2862 trum
2252 2808 2532 2874 Paldouis,
2563 2798 2816 2876 'l‘atonis,
2852 2822 2917 2866 et
2938 2811 3208 2880 .Tasonis,
3252 2825 3373 2865 cum
3418 2810 3644 2865 historia

2079 2898 2161 2951 sui
2195 2900 2501 2953 monasterii
2547 2899 2702 2967 plena
2748 2901 3005 2957 relatione
3052 2901 3394 2965 describens,
3435 2901 3646 2956 cunctis

2087 2987 2139 3039 in
2168 2989 2465 3056 exemplum
2495 2990 2771 3044 monachis
2797 2992 2869 3045 ita
2904 2992 3181 3059 proponit.
3212 3000 3269 3043 ut
3294 2989 3491 3045 divina
3516 3004 3640 3043 mue

2086 3092 2215 3133 nere
2261 3076 2583 3143 Trinitatis,
2644 3087 2750 3132 tam
2805 3081 3069 3148 pracipue
3122 3081 3432 3145 cbaritatis,
3486 3093 3651 3148 quam

2085 3183 2273 3222 amore
2324 3182 2419 3236 pro
2465 3166 2680 3221 Christo
2727 3172 3083 3237 paupertatis,
3116 3181 3223 3223 tres
3265 3168 3388 3224 illos
3430 3168 3655 3224 Fratres

2081 3259 2357 3325 speculum
2386 3256 2637 3310 ostendat
2666 3272 2787 3311 esse
2816 3273 3171 3326 normamque
3198 3258 3427 3312 vivendi.
3462 3257 3653 3312 Testa-

2083 3355 2167 3400 tur
2200 3346 2302 3401 boc
2330 3347 2490 3399 etiam
2518 3346 2849 3400 venerandus
2872 3347 3071 3401 Paulus
3102 3347 3370 3401 Diaconus
3398 3349 3450 3400 in
3479 3346 3655 3400 histo-

2082 3439 2156 3489 ria
2190 3450 2346 3502 quam
2377 3436 2444 3488 de
2473 3437 2941 3504 Langobardorum
2966 3436 3199 3490 adventu
3231 3445 3357 3490 tunc
3387 3438 3657 3504 temporis

2082 3524 2135 3577 in
2169 3524 2366 3578 italiam
2398 3525 2717 3593 descripsit,
2753 3525 2840 3579 ubi
2869 3526 3117 3579 eumdem
3147 3527 3313 3579 virum
3345 3526 3657 3580 eruditissi-

2082 3628 2227 3666 mum
2269 3617 2581 3682 Autpertum
2607 3654 2622 3680 ,
2670 3623 2722 3669 et
2768 3615 3006 3684 ejusdem
3060 3615 3367 3671 monasterii
3404 3615 3657 3675 abbatem

2083 3702 2249 3758 fuisse
2275 3708 2631 3759 commendat.

2152 3796 2207 3850 8.
2249 3795 2441 3850 Fertur
2484 3806 2738 3864 praeterea
2782 3796 2906 3864 quia
2948 3810 3068 3850 cum
3115 3796 3341 3866 quadam
3381 3797 3471 3852 die
3508 3795 3657 3851 idem

2082 3886 2422 3941 ﬁdelissimus
2466 3887 2619 3940 Pater
2660 3892 2946 3953 Autpertus
2989 3888 3041 3941 in
3082 3888 3304 3942 ecclesia
3350 3887 3525 3941 beatae
3551 3886 3656 3941 Dei

2081 3977 2356 4046 genitricis
2404 3976 2584 4030 Marize
2626 3978 2831 4042 proliie
2876 3978 3099 4031 Domino
3141 3991 3328 4043 preces
3370 3975 3658 4041 funderet,

2084 4074 2138 4117 et
2167 4064 2405 4116 eamdem
2440 4064 2529 4115 Dei
2560 4063 2869 4130 genitricem
2908 4065 3102 4118 sedulo
3142 4065 3506 4132 interpeiiaret
3533 4081 3662 4120 ora-

2089 4162 2178 4215 tu,
2230 4161 2287 4205 ut
2331 4152 2430 4205 sibi
2480 4153 2670 4222 lingnte
2714 4153 3060 4209 dissertitudo
3107 4154 3389 4223 largiretur
3431 4157 3661 4226 (fuerat

2085 4242 2279 4309 quippe
2324 4240 2706 4310 aliquantulum
2739 4242 3084 4310 impeditioris
3112 4244 3364 4312 lingere),
3397 4256 3525 4298 tunc
3564 4260 3660 4298 su-

411 4340 704 4403 persistere
746 4339 916 4403 velle,
962 4354 1024 4393 ac
1069 4354 1168 4408 pro
1216 4340 1381 4408 ipsius
1427 4340 1762 4406 imperatoris
1808 4341 1973 4397 salute

2091 4330 2201 4384 bito
2231 4340 2511 4398 superatus
2552 4338 2674 4385 ante
2700 4346 2912 4395 sacrum
2942 4333 3140 4396 altare,
3172 4335 3361 4388 adesse
3388 4334 3491 4388 sibi
3521 4349 3665 4391 cono

412 4433 520 4484 Deo
548 4445 608 4485 se
638 4430 825 4486 donari
855 4432 1151 4501 proposuit.
1202 4431 1352 4495 Quod
1386 4430 1673 4499 imperator
1701 4431 1927 4487 audiens
1958 4478 1971 4501 ,

478 4568 501 4595 α
536 4560 637 4615 Isle
667 4561 818 4622 liber,
846 4570 902 4616 ut
933 4561 1147 4629 quidem
1178 4570 1443 4629 putamus,
1470 4561 1639 4615 adhuc
1664 4564 1713 4615 in
1743 4565 1975 4617 tenebris

406 4630 559 4691 latet;
591 4644 747 4696 quem
771 4632 969 4683 utinam
995 4632 1187 4698 aliquis
1218 4632 1300 4683 vel
1345 4632 1482 4701 typis
1508 4631 1763 4700 vulgaret,
1796 4635 1878 4687 vel
1908 4635 1974 4688 ad

403 4714 496 4751 nus
526 4702 930 4752 transmitteret.

474 4768 497 4805 δ
541 4767 633 4821 llic
677 4778 975 4834 temporum
1020 4769 1258 4821 ordinem
1305 4770 1575 4833 perturbat
1621 4778 1825 4823 auctor.
1874 4772 1976 4824 Ca-

403 4839 545 4907 rulus
590 4847 724 4907 teste
771 4837 1075 4907 Eginliardu
1122 4838 1417 4892 Arichisum
1465 4841 1788 4907 itltpugnut‘il
1832 4857 1974 4893 anno

400 4902 503 4977 7815
528 4949 541 4970 ,
584 4914 637 4958 et
675 4905 755 4977 (si
784 4906 951 4977 Leoni
984 4905 1276 4977 Marsicum
1307 4908 1355 4959 in
1385 4902 1639 4963 tillronici'
1663 4910 1972 4963 Casiuensis

406 4974 494 5023 illi.
531 4990 581 5033 ι,
625 4974 738 5039 cap.
775 4974 871 5033 i2,
917 4974 1230 5036 Credimus)
1280 4977 1526 5029 Casinum
1580 4979 1847 5042 prolectus
1895 4990 1978 5031 est

404 5045 541 5112 anno
572 5042 696 5093 7N.
742 5044 1051 5109 Quanquam
1105 5050 1279 5112 potius
1328 5049 1522 5099 accedo
1555 5049 1719 5102 Paulo
1750 5049 1975 5100 War-nec

406 5109 520 5184 l'ritli
554 5125 649 5184 seu
678 5111 844 5184 cuivis
873 5112 961 5184 alii
992 5109 1233 5184 auctori,
1264 5117 1414 5179 cujus
1444 5119 1874 5184 supplmneutum
1906 5117 1972 5168 ad

406 5180 687 5254 tlistoriam
721 5176 1186 5254 bongobardormn
1230 5176 1402 5254 exstat
1432 5176 1567 5249 apud
1601 5187 1975 5254 Marquardum

406 5248 696 5319 Freuerum
729 5245 778 5297 in
808 5259 1037 5319 eorptlre
1090 5245 1478 5319 llisturitrurntu
1520 5245 1751 5314 Fraucf,
1787 5255 1835 5305 in
1870 5270 1975 5319 quo

405 5318 517 5367 llll‘C
548 5316 703 5365 verba
736 5316 931 5387 adnuo
961 5315 1061 5387 7‘87
1096 5318 1309 5370 Carolus
1345 5338 1431 5371 rex
1478 5323 1693 5375 Romam
1734 5315 1934 5374 venietis
1960 5367 1972 5387 ,

400 5388 449 5453 in
496 5391 681 5432 terram
729 5382 994 5453 Beneuenti
1039 5388 1298 5453 profccltts
1340 5401 1447 5449 est,
1497 5394 1859 5443 monasterium
1908 5382 1969 5445 S.

405 5451 661 5526 Benedicti
691 5452 835 5504 adiit.
875 5451 1189 5526 Lantbertus
1214 5457 1705 5526 >St'nillnbtll‘gt3tt5is
1751 5475 1975 5513 consen-

404 5522 483 5569 tlt.
533 5518 597 5571 Ει
647 5529 817 5575 tamen
866 5524 1159 5585 Aulprrtus
1210 5524 1312 5587 jam
1366 5518 1600 5589 pluribus
1650 5540 1774 5581 ante
1822 5531 1972 5582 annis

406 5592 741 5645 monastich
775 5592 933 5647 vitam
968 5594 1245 5662 amplexus
1279 5606 1425 5657 erat,
1463 5612 1521 5646 va
1557 5597 1735 5650 «ιιι-τίς.

2088 4421 2247 4489 Spicit
2301 4424 2352 4474 in
2408 4422 2613 4475 visione
2670 4422 3031 4477 beatissimam
3096 4431 3151 4477 et
3205 4424 3661 4491 gloriosissimam

2157 4570 2179 4596 ο
2224 4558 2279 4610 in
2323 4557 2567 4629 exemplo
2614 4559 2677 4612 ad
2710 4560 3143 4613 nostransmisso
3170 4560 3445 4629 legebatur
3474 4562 3660 4615 Alcai-

2084 4642 2245 4688 num;
2277 4636 2328 4679 at
2362 4627 2685 4694 prtelcrenda
2719 4628 2831 4682 luce
2861 4630 3074 4682 Chesnii
3106 4627 3281 4683 lectio.
3332 4628 3387 4681 lu
3421 4633 3658 4697 epistola

2085 4697 2227 4749 Pauli
2278 4710 2421 4762 papa:
2467 4698 2531 4749 ad
2572 4699 2817 4750 Carulnm
2863 4699 3139 4765 Magnum,
3170 4710 3291 4765 qum
3316 4700 3457 4765 apud
3501 4701 3651 4756 Cbe-

2083 4767 2254 4819 snium
2286 4766 2337 4818 in
2370 4777 2512 4819 tomo
2543 4766 2605 4819 lll
2642 4768 2772 4820 Ilist.
2811 4767 2998 4820 Franc.
3027 4777 3109 4820 est
3147 4768 3340 4823 ordine
3370 4768 3473 4833 ιι,
3506 4770 3648 4823 dici-

2086 4846 2168 4885 tur
2195 4854 2204 4887 :
2242 4834 2463 4887 ltherius
2496 4852 2607 4887 cum
2638 4841 2742 4889 suis
2769 4837 3129 4890 concomitibus
3157 4848 3203 4890 et
3232 4837 3439 4903 reliquis
3469 4836 3654 4891 Caroli

2084 4906 2247 4975 tillssls
2296 4921 2383 4969 pro
2414 4910 2736 4975 exsequendis
2763 4907 3110 4973 faciendisque
3125 4906 3367 4971 justiliis,
3397 4906 3450 4958 in
3480 4918 3657 4975 partes

2086 4970 2421 5043 Beneventani
2450 4970 2664 5029 ducatus
2695 4970 2949 5043 profectus
2978 4970 3116 5028 esse.

2157 5042 2181 5079 (³
2222 5045 2302 5096 An
2333 5045 2419 5097 ille
2449 5047 2535 5109 qui
2566 5046 2703 5098 inter
2732 5042 3003 5111 sulidilitia
3035 5044 3315 5110 Augustini
3348 5058 3515 5111 Opera
3548 5060 3654 5099 ex-

2084 5123 2184 5166 stat
2218 5114 2315 5165 hoc
2348 5116 2560 5167 nomine
2613 5118 2660 5166 iu
2713 5123 2856 5165 tomo
2903 5110 3004 5178 IX,
3035 5112 3123 5180 qui
3174 5114 3331 5165 etiam
3380 5110 3431 5167 in
3480 5114 3657 5221 pluri-

2087 5183 2179 5221 Inm
2236 5197 2359 5221 Incc,
2427 5182 2709 5221 Cadinilmc
2771 5184 2807 5221 ς
2874 5183 3158 5221 Δηιὶηκιωίη
3202 5184 3450 5221 lrilnlilnr
3563 5183 3657 5221 Ιὶ-

2087 5183 2180 5236 bus
2236 5197 2362 5234 mss.
2427 5182 2710 5237 Codicibus
2770 5184 2827 5236 S.
2874 5183 3158 5236 Ambrosio
3202 5182 3505 5238 tribuitur?
3562 5183 3659 5240 Li-

2085 5252 2231 5304 brum
2277 5254 2393 5317 ejus
2440 5254 2505 5303 tle
2550 5254 2711 5318 gestis
2759 5251 3039 5315 l’alduuis,
3070 5263 3173 5305 etc.
3208 5252 3456 5306 dedimus
3485 5266 3655 5320 supra

2082 5323 2145 5373 ad
2179 5336 2372 5371 annum
2405 5320 2528 5386 7'20,
2562 5323 2647 5385 qui
2682 5322 2813 5375 liber
2859 5322 3097 5374 laudatur
3140 5337 3169 5373 a
3218 5320 3386 5375 Paulo
3415 5320 3659 5376 Warueo

2084 5391 2202 5443 t‘ridi
2238 5389 2288 5441 in
2323 5389 2415 5442 lib.
2453 5390 2511 5441 VI
2554 5392 2620 5444 de
2666 5395 2829 5459 gestis
2861 5390 3363 5456 Longubnrdoruut,
3397 5405 3520 5459 cap.
3550 5388 3653 5456 ω,

2082 5459 2168 5511 ubi
2194 5463 2498 5525 Autpertum
2519 5462 2913 5513 eruditissimum
2934 5460 3092 5511 virum
3113 5461 3373 5527 appellat.
3393 5458 3470 5514 De
3499 5472 3653 5515 cont-

2083 5530 2339 5581 mentario
2361 5528 2474 5596 ejus
2502 5531 2553 5583 in
2579 5531 2930 5599 Apocalypsin
2954 5530 3097 5599 etde
3122 5527 3339 5592 ltontilia
3364 5526 3419 5583 in
3446 5527 3655 5586 Ττιιιι·

2083 5605 2182 5665 lugu
2218 5595 2585 5655 titioneltabitn
2610 5595 2803 5654 dictum
2831 5612 3009 5668 supra.
3028 5595 3229 5651 Ccetera
3256 5599 3436 5654 adhuc
3459 5600 3661 5657 latent.
