3910 6234
276 239 411 293 η-ῖδ
491 299 502 304 ,

1376 245 1524 301 νιτΑ
1563 252 1618 300 S.
1663 246 1975 302 AMllRUSII
2018 249 2378 306 AUTPENTI.

3341 254 3470 308 1976

271 351 452 404 mundi
496 350 767 405 Dominam
800 363 1103 421 perpetuam
1136 358 1388 425 virginem
1419 357 1664 419 Mariam,
1696 356 1812 410 lazta
1844 360 1886 414 Δ
1919 361 2068 414 Mella
2103 377 2115 424 ;
2149 371 2202 415 et
2231 365 2674 430 quemadmodum
2707 364 2944 418 decurrit
2976 366 3086 433 ipsa
3117 365 3265 420 Mella
3301 381 3468 436 usque

269 439 405 492 iacie
457 449 510 493 et
562 439 698 494 ultra
747 442 874 494 solis
923 444 1257 510 splendorem
1311 446 1652 512 rutilantem,
1701 461 1818 515 qua:

266 528 422 597 quasi
451 543 691 584 annuens
735 531 1038 600 deprecanti
1059 576 1072 596 .
1107 537 1278 604 tetigit
1308 535 1442 588 labia
1481 535 1598 605 ejns
1625 557 1635 590 :
1667 517 1818 591 eum.

267 633 374 686 que
418 618 486 674 de
536 621 836 689 pavimento
882 637 1097 690 surgere
1142 625 1366 693 iubens,
1407 626 1660 695 deinceps
1707 640 1818 680 suae

268 710 442 766 laudis
487 723 610 766 vota
663 717 994 782 persolvere,
1027 731 1087 769 ac
1133 718 1394 784 praeconia
1442 720 1712 783 attollere,
1761 726 1819 770 ut

265 802 380 868 ipsa
405 800 514 868 jam
556 801 987 870 desideraverat,
1028 818 1241 871 monet,
1291 824 1452 878 seque
1495 809 1566 862 illi
1606 823 1816 876 semper

267 901 586 957 prasentem
618 893 806 948 adesse
837 897 1095 963 promisit.
1144 900 1319 954 Laetus
1349 915 1475 967 ergo
1504 899 1572 954 de
1615 901 1819 954 visione

263 994 522 1051 surgens,
575 1000 696 1052 quae
752 987 926 1042 fuerat
968 989 1182 1057 jussus,
1233 1008 1324 1047 ore
1378 991 1606 1046 facundo
1658 993 1820 1061 coepit

264 1077 570 1139 persolvere
609 1078 824 1144 laudes,
866 1091 920 1137 et
959 1084 1197 1138 carmina
1235 1084 1392 1152 digna
1423 1084 1677 1138 reddebat
1706 1086 1814 1137 ala-

259 1166 340 1219 cri
369 1167 549 1222 corde.

332 1255 390 1311 9.
426 1259 522 1313 llic
567 1259 724 1315 Pater
774 1273 990 1318 sanctus
1031 1278 1149 1318 cum
1200 1265 1250 1317 in
1295 1253 1480 1319 eodem
1529 1264 1814 1319 venerabili

259 1350 584 1403 monasterio
626 1351 846 1420 pretiosi
894 1355 1140 1423 martyris
1185 1355 1380 1408 Christi
1425 1355 1678 1410 Vincentii
1722 1371 1816 1422 per

257 1437 444 1506 plures
484 1454 654 1494 annos
686 1440 910 1496 Domino
937 1443 1258 1509 deserviret,
1289 1446 1502 1512 jamque
1529 1447 1731 1498 cunctis
1763 1446 1813 1497 in

254 1532 560 1600 exemplum
608 1531 748 1588 foret
794 1545 941 1588 reete
988 1535 1236 1596 vivendi;
1287 1535 1534 1588 defuncto
1582 1535 1814 1600 ejusdem

250 1629 461 1673 sancta:
514 1624 941 1690 congregationis
1002 1625 1290 1678 venerabili
1343 1624 1532 1678 abbate
1581 1624 1811 1687 Joanne,

1918 451 2024 514 ibi,
2058 450 2334 518 conjungit
2364 467 2482 506 cum
2516 468 2678 522 parvo
2708 454 2924 509 ﬂumine
2953 454 3044 524 qui
3072 455 3261 510 dicitur
3292 457 3472 511 Mella-

1919 540 2092 604 rinus,
2123 551 2176 594 et
2205 539 2398 594 abhinc
2429 543 2479 595 in
2525 546 2774 601 verticem
2817 545 3010 599 montis
3051 547 3138 614 qui
3182 553 3264 598 est
3304 560 3467 614 super

1919 631 2099 684 urbem
2120 671 2134 692 ,
2166 639 2220 684 et
2247 645 2402 685 mons
2445 631 2558 698 ipse
2593 635 2886 702 appellatur
2915 635 3137 689 Barbola
3157 675 3170 697 ,
3201 646 3254 690 et
3283 649 3466 703 super-

1917 721 2094 776 cilium
2125 722 2361 790 ejusdem
2407 722 2602 776 montis
2631 739 2792 792 usque
2836 726 2888 781 in
2937 727 3172 782 Montem
3203 728 3466 780 Arcanum

1917 821 1969 867 et
1997 811 2225 865 Montem
2255 811 2471 865 Marthae
2501 821 2833 882 montemque
2861 814 3070 879 Casale,
3102 830 3302 883 eosque
3331 815 3466 867 ultra

1918 912 2123 968 montes
2152 902 2477 957 extrinsecus
2505 905 2899 960 circumdantes
2927 947 2941 970 ,
2974 908 3025 960 in
3060 908 3267 962 hortum
3303 920 3466 976 usque

1918 993 2137 1062 riaginis
2163 1007 2278 1060 qua:
2305 995 2602 1048 nominatur
2630 994 2927 1048 Bavennola
2951 997 3084 1068 [Αι.,
3112 993 3459 1062 Ravennola],

1915 1075 1970 1137 εἰ
1997 1081 2440 1150 quemadmodum
2467 1084 2704 1138 decurrit
2737 1085 2848 1150 ipsa
2885 1086 3177 1140 Bavennola
3208 1098 3369 1150 usque
3403 1083 3456 1134 in

1915 1173 2130 1226 ﬂuvium
2161 1171 2474 1225 Vulturnum
2493 1215 2506 1237 ,
2537 1183 2588 1226 et
2629 1172 2894 1240 quomodo
2922 1173 3214 1226 Vulturnus
3242 1169 3462 1238 conjun-

1916 1262 1991 1332 git
2018 1277 2138 1332 cum
2171 1261 2328 1314 ﬂuvio
2353 1262 2573 1326 Vantra,
2597 1273 2648 1316 et
2669 1264 2804 1316 sicut
2828 1263 3022 1316 Vantra
3051 1260 3314 1328 coniungit
3340 1276 3459 1313 cum

1916 1353 2076 1406 ﬂuvio
2099 1350 2274 1405 Foruli
2300 1393 2312 1414 ,
2341 1363 2393 1404 et
2413 1355 2677 1419 quomodo
2705 1353 2928 1406 Fornlns
2954 1350 3202 1418 percurrit
3224 1365 3386 1417 usque
3412 1352 3460 1400 in

1917 1450 2053 1500 viam
2084 1448 2349 1514 antiquam
2370 1488 2383 1510 ,
2415 1457 2468 1501 et
2495 1448 2618 1500 inde
2650 1449 2925 1514 conjungit
2956 1458 3068 1500 cum
3106 1442 3283 1495 Diurio
3316 1441 3419 1512 [ΑΙ.
3446 1482 3457 1501 .

1919 1535 2088 1606 Βὶνίοἰ
2132 1537 2220 1606 qui
2273 1537 2569 1590 nominatur
2606 1539 2841 1601 Gizxoli,
2881 1548 2932 1590 et
2957 1533 3073 1585 inde
3107 1533 3247 1585 vadit
3286 1535 3338 1586 in
3390 1534 3463 1584 ri-

1920 1641 2038 1677 vum
2059 1665 2074 1688 ,
2105 1626 2156 1678 in
2188 1641 2292 1692 quo
2318 1641 2422 1678 non
2452 1628 2660 1694 semper
2689 1642 2821 1694 aqua
2849 1623 3076 1678 decurrit
3103 1640 3117 1684 ;
3167 1632 3221 1676 ει
3267 1624 3343 1676 Sic
3371 1639 3462 1675 Va-

251 1707 383 1763 licet
423 1711 616 1766 invitus
643 1725 697 1768 et
728 1714 994 1779 renitens,
1023 1715 1162 1767 sacri
1196 1715 1468 1782 regiminis
1497 1715 1665 1768 locum
1697 1724 1816 1782 post
1849 1695 1890 1752 B
1918 1712 1992 1763 dit
2024 1726 2187 1780 usque
2221 1713 2270 1764 in
2303 1712 2586 1780 Sangrnm.
2620 1714 2684 1767 Et
2713 1710 2882 1765 omnia
2929 1709 3143 1761 caStella
3189 1707 3320 1762 inl‘ra
3366 1709 3466 1762 hos

249 1807 499 1854 sanctum
543 1801 828 1856 Paldonem
879 1806 1137 1869 septimus
1167 1813 1191 1841 ι
1223 1807 1335 1874 ipse
1376 1808 1625 1873 suscepit.
1657 1806 1809 1860 Nam-

251 1901 362 1956 que
385 1905 448 1944 ex
477 1899 602 1945 tunc
627 1903 925 1961 susceptam
956 1896 1128 1964 gregis
1157 1911 1336 1949 curam
1371 1897 1439 1949 ita
1470 1897 1626 1965 digne
1655 1912 1812 1965 gere

247 1978 563 2046 satagebat,
592 1991 648 2034 ut
674 1983 881 2036 cunctis
907 1995 1091 2050 aperto
1117 1986 1347 2039 ecclesiis
1376 1985 1532 2054 Regis
1562 1987 1810 2040 thesnnro

249 2082 413 2122 veras
461 2070 673 2124 divitias
723 2075 1004 2128 mundanis
1051 2076 1240 2143 opibus
1289 2077 1641 2144 praeferendas
1689 2077 1809 2131 fidei

251 2159 540 2214 devotione
581 2163 771 2229 agilius
815 2178 1038 2232 capere,
1084 2182 1186 2248 non
1228 2167 1402 2220 solum
1432 2170 1765 2221 sermonibus
1790 2209 1805 2231 ,

248 2245 349 2298 sed
393 2249 552 2300 etiam
594 2250 695 2302 sibi
738 2251 1002 2318 subjectos
1044 2245 1154 2308 suis
1191 2256 1406 2308 doceret
1448 2257 1716 2318 moribus,
1755 2265 1808 2310 et

245 2331 426 2388 forma
475 2336 629 2391 ﬂeret
679 2341 862 2407 gregi,
907 2345 1042 2398 sicut
1085 2345 1268 2399 beatus
1311 2347 1466 2400 docet
1507 2348 1804 2416 Apostolus.

245 2423 352 2479 llic
399 2441 626 2496 namque
661 2443 694 2490 a
740 2430 913 2498 digna
956 2433 1228 2486 memoria:
1269 2435 1464 2488 Carolo
1493 2437 1808 2504 imperatore

246 2512 511 2583 inclytum
558 2517 640 2570 sui
673 2516 990 2570 monasterii
1035 2529 1362 2588 praeceptum
1393 2519 1418 2558 δ
1449 2523 1675 2577 obtinuit
1713 2523 1809 2576 hu-

233 2603 480 2671 iusmodi
506 2620 524 2659 ε

329 2712 348 2746 ι
383 2695 436 2749 In
470 2711 683 2752 nomine
713 2697 922 2753 Domini
965 2700 1058 2755 Dei
1103 2701 1266 2755 nostri
1299 2702 1422 2756 Jesu
1452 2700 1645 2758 ChriSti
1667 2744 1679 2766 ,
1711 2703 1809 2758 Ca-

243 2784 401 2839 rolus
441 2785 618 2840 divina
662 2789 943 2844 ordinante
988 2791 1272 2844 clementia
1321 2792 1644 2846 Francorum
1693 2808 1802 2846 rex.

243 2873 387 2930 Cum
431 2876 774 2944 petitionibus
814 2879 1150 2933 sacerdotum
1181 2888 1236 2934 et
1264 2893 1536 2934 servorum
1567 2880 1659 2934 Dei
1688 2895 1806 2948 qua:

245 2965 324 3018 ad
370 2974 578 3020 nostras
624 2980 781 3022 aures
829 2969 1211 3022 insinuaverint
1257 2969 1574 3032 adnuimus,
1619 2981 1672 3023 et
1715 2983 1801 3023 eas

245 3068 375 3109 cum
409 3055 498 3109 Dei
529 3055 726 3111 auxilio
765 3057 830 3110 ad
874 3057 1123 3112 eﬂ‘ectum
1165 3059 1541 3126 perducimus;
1583 3073 1686 3111 non
1713 3069 1796 3107 so-

247 3146 364 3200 lum
409 3149 608 3217 regiam
651 3149 1087 3204 consuetudinem
1135 3164 1478 3214 exercemus,
1510 3149 1603 3203 sed
1651 3145 1802 3198 etiam

245 3247 359 3290 tam
387 3238 452 3289 ad
485 3238 763 3304 praesentis
793 3240 911 3291 vitae
942 3241 1349 3304 prosperitatem
1378 3278 1394 3300 ,
1427 3253 1581 3304 quam
1617 3233 1683 3286 ad
1727 3235 1803 3285 ln-

247 3333 390 3379 tura
411 3325 793 3380 beatitudinem
821 3341 926 3380 non
956 3327 1160 3380 minimi
1184 3328 1521 3381 emolumenti
1541 3322 1799 3376 addimus.

244 3415 456 3492 Idcirco
489 3427 676 3470 notum
706 3417 776 3470 sit
805 3418 1053 3471 omnibus
1085 3418 1326 3471 ﬁdelibus
1363 3422 1554 3471 sach
1584 3413 1674 3466 Dei
1706 3415 1805 3466 Ee-

238 3497 458 3572 clesite,
502 3514 560 3562 et
600 3506 798 3561 nostris
846 3508 1195 3574 praesentibus
1243 3507 1441 3560 scilicet
1469 3518 1530 3557 ac
1575 3504 1799 3570 tuturis,

238 3595 375 3665 quia
401 3597 484 3651 vir
513 3597 832 3653 venerabilis
862 3598 1172 3667 Autpertus,
1202 3609 1376 3653 orator
1407 3607 1607 3661 noster,
1640 3596 1804 3650 abbas

238 3686 308 3742 8.
339 3685 602 3741 Vincentii
644 3687 818 3742 levita:
847 3699 900 3742 et
932 3690 1176 3758 martyris
1204 3687 1432 3749 Christi,
1461 3686 1600 3754 quod
1643 3688 1802 3740 situm

241 3778 412 3830 estin
442 3779 710 3832 territorio
739 3779 1113 3832 Beneventano
1142 3791 1297 3844 super
1337 3776 1552 3830 ﬂuvium
1592 3776 1805 3830 Vultur-

248 3880 382 3920 num
406 3907 421 3931 ,
450 3881 479 3920 a
509 3867 663 3922 nobis
693 3868 817 3923 illuc
845 3869 1134 3923 destinatus
1164 3873 1398 3920 nostram
1429 3863 1667 3921 exoravit
1695 3870 1805 3922 cle-

244 3957 540 4022 silentiam,
573 3966 629 4012 ut
657 3969 917 4026 praecepta
949 3971 1126 4024 regum
1172 3971 1232 4008 ac
1268 3956 1460 4010 ducum
1493 3957 1803 4026 Longoliar-

246 4047 439 4101 dorum
487 4047 745 4117 Aystulﬂ,
795 4047 1086 4110 Desiderii,
1133 4055 1292 4114 atque
1338 4046 1562 4110 Gisulﬂ,
1611 4054 1804 4100 nostra:

240 4136 668 4191 conﬂrmationis
715 4145 978 4205 pratcepto
1008 4137 1476 4199 conlirmaremus,
1512 4137 1804 4205 adjungen-

246 4235 335 4279 tes
380 4225 451 4280 illi
501 4226 754 4296 quidquid
803 4226 954 4279 nobis
1007 4237 1186 4291 aptum
1234 4234 1287 4279 et
1337 4241 1625 4291 congruunt
1682 4240 1803 4280 esse

1918 1805 2083 1867 ilnes,
2131 1815 2186 1858 et
2228 1804 2411 1868 villas,
2461 1814 2513 1857 et
2555 1805 2716 1858 silvas
2756 1800 2953 1867 positas
2995 1815 3114 1852 cum
3147 1799 3366 1852 ecclesia
3403 1801 3459 1851 Β.

1917 1893 2054 1946 Petri
2101 1893 2323 1960 apostoli
2371 1893 2535 1960 posita
2580 1893 2630 1946 in
2675 1895 2790 1942 loco
2831 1888 2976 1941 'l‘rite
3023 1900 3046 1926 ε
3073 1931 3086 1951 ,
3130 1889 3352 1942 ecclesia
3402 1890 3462 1942 S.

1913 1982 2090 2035 Maria:
2138 1981 2189 2034 in
2235 1983 2527 2049 Apianice;
2577 1977 2788 2030 ecclesia
2836 1976 2892 2030 S.
2943 1976 3118 2029 Mariae
3163 1978 3214 2030 in
3260 1977 3463 2030 dualms

1911 2073 2149 2125 Basilicis
2174 2089 2188 2135 ;
2219 2081 2272 2125 et
2301 2074 2522 2125 ecclesia
2550 2067 2605 2121 S.
2633 2067 2806 2120 Maria:
2838 2068 2887 2120 in
2913 2066 3294 2138 CantletojAl.
3317 2105 3335 2131 ,
3357 2065 3461 2120 Ca-

1911 2162 2108 2232 meto],
2153 2165 2375 2218 ecclesia
2426 2165 2478 2213 S.
2527 2158 2702 2210 Maria:
2752 2159 2803 2211 in
2857 2158 3098 2223 Palene;
3131 2159 3352 2215 ecclesia
3400 2160 3459 2214 S.

1910 2254 2084 2307 Maria:
2136 2255 2186 2308 in
2237 2255 2470 2320 Quinque
2526 2249 2715 2314 Millia,
2770 2265 2890 2301 cum
2935 2250 3189 2306 omnibus
3245 2250 3459 2304 illorum

1910 2347 2280 2414 pertinentiis:
2321 2356 2378 2392 ea
2429 2340 2669 2394 videlicet
2723 2341 2959 2402 ratione,
3014 2349 3274 2408 quatenus
3321 2355 3461 2408 prte-

1909 2435 2206 2488 nominatus
2254 2429 2416 2503 abbas
2465 2437 2520 2480 et
2571 2429 2652 2481 sui
2705 2442 3042 2482 successores
3095 2430 3159 2481 de
3211 2430 3463 2481 onmibns

1908 2523 2013 2588 jam
2061 2517 2280 2589 pretatis
2329 2525 2432 2568 tam
2465 2519 2517 2568 in
2550 2518 2649 2569 hoc
2697 2529 2996 2584 praecepto,
3042 2533 3197 2585 qnam
3246 2521 3297 2572 in
3343 2520 3464 2572 aliis

1912 2605 2319 2678 scriptionibus,
2370 2605 2599 2674 habeant
2654 2615 2966 2673 potestatem
3019 2609 3277 2669 tenendi,
3325 2610 3467 2674 jnste

1912 2695 2293 2757 commutandi,
2347 2695 2662 2762 ordinandi,
2714 2696 3036 2760 instruendi,
3087 2697 3168 2750 vel
3216 2698 3465 2766 quidquid

1907 2795 2098 2863 justum
2129 2789 2288 2841 fuerit
2317 2788 2557 2842 faciendi.
2590 2790 2655 2840 Et
2684 2790 2840 2841 nullis
2868 2790 2934 2841 sit
2962 2789 3216 2856 deinceps
3250 2789 3462 2843 licentia

1904 2877 2038 2930 inl'ra
2098 2877 2380 2944 przedictos
2432 2877 2562 2930 lines
2612 2876 2839 2945 aliquam
2895 2880 3322 2933 contrarietatem
3369 2893 3464 2933 seu

1905 2965 2177 3020 molestias
2222 2965 2458 3032 partibus
2501 2965 2696 3018 inferre
2747 2967 2940 3031 praelati
2987 2967 3214 3020 ceenobii
3255 2981 3347 3034 per
3377 2967 3463 3020 in-

1907 3057 2072 3125 clytos
2115 3054 2344 3124 [Forle,
2379 3054 2610 3124 inditos}
2670 3055 2840 3119 lines,
2905 3071 3074 3125 neque
3118 3071 3212 3124 per
3257 3071 3463 3124 posses-

1907 3147 2088 3200 siones
2137 3155 2446 3214 parentum,
2491 3160 2583 3199 seu
2632 3161 2724 3213 per
2768 3145 2924 3198 aliam
2972 3147 3261 3215 quamlibet
3305 3149 3464 3199 ratio-

1909 3251 2028 3290 nem
2051 3277 2063 3298 ,
2096 3246 2314 3302 excepto
2344 3251 2436 3302 per
2467 3237 2766 3290 verissimas
2798 3237 3087 3302 chartulas,
3121 3252 3240 3289 cum
3269 3237 3462 3306 quibus

1908 3342 1969 3381 se
1997 3337 2301 3380 eausatores
2334 3325 2575 3393 legaliter
2601 3326 2882 3379 defendere
2925 3335 3162 3394 queant,
3190 3325 3468 3394 justasque

1907 3415 2340 3483 consignationes
2366 3418 2567 3468 utiliter
2588 3417 2944 3484 consignatas.
2974 3415 3313 3481 Pra-cipimus
3336 3432 3468 3481 prm-

1914 3516 2058 3560 terea
2093 3507 2362 3574 prmlatum
2395 3508 2771 3560 monasterium
2802 3522 2918 3572 cuin
2953 3507 3198 3560 omnibus
3224 3509 3456 3574 praefatis

1908 3594 2240 3649 monasteriis
2268 3609 2330 3648 ac
2360 3596 2537 3657 cellis,
2570 3594 2726 3648 rebus
2755 3609 2962 3661 quoque
3007 3609 3065 3646 ac
3117 3593 3328 3647 lanitiliis
3363 3595 3459 3647 ibi-

1908 3687 2028 3739 dem
2082 3686 2484 3751 aSpicientibus,
2537 3693 2590 3737 et
2639 3701 2759 3738 cum
2809 3684 3056 3737 fratribus
3095 3695 3149 3736 et
3191 3686 3463 3739 monachis

1907 3777 2103 3830 ibidem
2131 3776 2240 3828 Deo
2263 3775 2652 3839 famulantibus,
2680 3776 2776 3826 sub
2810 3785 3003 3827 nostra:
3039 3774 3277 3826 tuitionis
3312 3792 3465 3826 Inun-

1906 3865 2126 3917 burdnm
2157 3865 2298 3916 mnni
2333 3874 2568 3929 tempore
2600 3880 2928 3930 permanere.
2959 3865 3108 3931 Quod
3137 3869 3178 3917 si
3210 3867 3458 3932 quislibet

1905 3964 2088 4007 contra
2121 3953 2256 4005 hanc
2286 3963 2520 4005 nostram
2552 3955 2954 4006 concessionem
2988 3955 3067 4006 vel
3100 3956 3458 4007 confirmatio-

1907 4057 2027 4095 nem
2083 4041 2394 4108 insurgere,
2456 4041 2533 4094 vel
2589 4043 2857 4094 molestias
2907 4041 3106 4096 inferre
3150 4046 3462 4104 tetllaverit,

1907 4132 2039 4184 sciat
2087 4145 2144 4183 se
2191 4133 2606 4196 compositurum
2652 4131 2765 4183 auri
2815 4132 3123 4197 purissimas
3170 4132 3329 4184 libras
3357 4135 3460 4184 duo

1909 4205 2096 4282 millia,
2127 4221 2458 4282 medietatem
2483 4235 2634 4274 sacro
2665 4230 2848 4273 nostro
2876 4220 3089 4286 palatio,
3113 4233 3162 4274 et
3195 4222 3456 4275 medieta-

242 4313 540 4368 videretur.
589 4313 746 4383 Cujus
793 4313 1029 4381 petitioni
1064 4322 1276 4381 propter
1326 4327 1560 4365 amorem
1593 4313 1800 4374 Domini
1837 4351 1886 4409 υ
1914 4323 2017 4364 tem
2052 4313 2223 4363 eidem
2258 4313 2543 4365 venerabili
2576 4312 2918 4364 monaSterio.
2968 4313 3031 4364 Et
3063 4323 3116 4363 ut
3147 4314 3258 4364 inec
3290 4325 3466 4365 nostra

249 4401 422 4455 nostri
450 4401 576 4457 Jesu
605 4401 795 4457 Christi
827 4412 876 4455 et
913 4416 1007 4470 pro
1055 4403 1345 4456 animarum
1379 4409 1674 4455 nostrarum
1719 4418 1802 4456 re-

247 4490 460 4555 medio,
496 4491 640 4557 juxta
668 4490 810 4557 quod
855 4501 1168 4558 rogaverat,
1219 4491 1462 4557 pratdicta
1506 4499 1797 4558 praecepta,

251 4580 602 4649 scriptiones,
634 4580 719 4632 vel
748 4577 1055 4633 oll'ertiones
1079 4579 1420 4632 concedimus
1445 4590 1496 4632 et
1524 4578 1803 4632 conﬁrma-

255 4684 394 4735 mus,
425 4669 754 4723 declarantes
782 4669 922 4736 ipsas
949 4669 1283 4722 limreditates
1316 4671 1642 4735 nominative
1671 4669 1801 4724 infra

249 4762 350 4813 llos
377 4759 509 4811 lines
539 4777 552 4812 :
586 4757 653 4811 de
709 4757 820 4825 ipsa
862 4758 1032 4811 Zitula
1081 4758 1100 4826 1η
1123 4760 1203 4810 Al.
1225 4798 1237 4821 ,
1273 4759 1454 4811 Zetula
1483 4757 1503 4827 j
1542 4760 1802 4828 quomodo

243 4846 483 4903 ascendit
529 4861 626 4916 per
675 4849 845 4917 ipsum
897 4850 1196 4918 Sangrum,
1251 4864 1416 4917 usque
1461 4853 1526 4904 ad
1577 4852 1803 4904 Montem

245 4936 481 5004 Malum,
514 4949 566 4992 et
594 4940 862 5006 quomodo
889 4941 1160 5009 conjungit
1188 4956 1306 4994 cum
1341 4953 1522 4998 monte
1553 4947 1718 5006 Acze,
1752 4952 1804 4998 et

247 5027 565 5084 revolvente
613 5029 799 5085 eodem
849 5040 1030 5085 monte
1080 5033 1220 5085 Aeze
1271 5047 1436 5100 usque
1486 5035 1536 5087 in
1591 5033 1802 5086 ﬂuvium

315 5170 341 5198 ⁸
381 5162 645 5217 Nimirum
680 5164 899 5218 Paldoni
932 5180 1238 5221 successere
1268 5167 1427 5228 Tato,
1459 5168 1619 5230 Taso,
1655 5170 1798 5231 Atto,

242 5230 652 5300 Ilerempertus,
694 5243 763 5303 et
813 5234 1074 5297 Joannes,
1148 5238 1338 5303 quibus
1380 5236 1633 5291 suﬂectus
1675 5230 1804 5290 Aut-

242 5309 426 5372 pertus
474 5316 614 5372 anno
654 5300 798 5368 776,
850 5313 1123 5371 pastquam
1166 5300 1340 5372 plures
1385 5307 1799 5361 annesDomino

241 5370 361 5423 istic
388 5370 732 5426 deservierat.

312 5437 341 5477 δ
385 5439 538 5513 istius
565 5440 882 5513 diplomatis
913 5441 969 5494 fit
999 5443 1197 5496 mentio
1225 5443 1276 5498 in
1305 5445 1552 5511 praedicta
1589 5455 1791 5513 marty-

238 5522 359 5560 rum
392 5509 646 5631 lgiigoria,
675 5509 954 5566 referenda
985 5513 1033 5565 in
1078 5514 1268 5568 saeculo
1308 5509 1554 5580 proximo
1599 5515 1660 5567 ad
1702 5509 1794 5568 aii-

239 5591 366 5630 lium
507 5617 520 5631 .

239 5591 366 5630 num
398 5591 520 5632 56⁸2.

1911 4402 2121 4467 largitio
2153 4402 2442 4454 ﬁrmiorem
2473 4403 2714 4454 obtinere
2747 4402 2910 4466 possit
2960 4402 3227 4467 vigorem,
3275 4413 3326 4455 et
3377 4419 3468 4467 per

1905 4492 2167 4545 curricula
2214 4507 2472 4544 annorum
2517 4491 2874 4554 itholabilem
2919 4502 3075 4558 atque
3117 4492 3460 4544 incommuta-

1904 4583 2061 4636 bilem
2093 4583 2332 4637 obtineat
2365 4583 2698 4643 lirmitatem,
2730 4591 2782 4636 et
2811 4599 2840 4635 a
2874 4583 3117 4636 ﬁdelibus
3145 4595 3343 4637 sancta:
3373 4586 3464 4638 Dei

1907 4674 2161 4727 Ecclesiae
2194 4674 2444 4726 credatur
2474 4681 2528 4725 et
2561 4672 2860 4740 diligentius
2899 4685 3261 4737 conservetur,
3312 4690 3465 4726 manu

1907 4763 2116 4831 propria
2162 4763 2676 4828 subterscripsimns,
2709 4769 2763 4812 et
2803 4763 2982 4814 annuli
3031 4762 3195 4816 nostri
3243 4766 3434 4830 impres

1914 4857 2061 4908 sione.
2095 4854 2290 4920 signari
2320 4854 2593 4920 jussimns.
2625 4852 2843 4917 Signum
2876 4852 3074 4905 domini
3106 4851 3278 4905 Caroli
3313 4869 3459 4907 sere-

1908 4946 2110 4999 nissimi
2161 4945 2318 5010 regis.
2374 4944 2498 4994 Data
2553 4957 2624 4994 xu
2675 4941 2792 4996 Kal.
2846 4942 2998 5003 Maii,
3048 4943 3333 4998 indictione
3365 4943 3462 5007 15,

1905 5049 2043 5087 anno
2072 5034 2348 5087 dominica:
2377 5032 2751 5086 incarnationis
2794 5045 2888 5086 occ
2921 5047 3069 5084 Lxxv
3102 5031 3148 5084 ιι.

1981 5181 1999 5207 ε
2052 5167 2280 5242 Chesnjo
2310 5169 2580 5242 mendose,
2617 5167 2778 5242 lrifaz.
2811 5170 3112 5242 luhistoria
3163 5183 3448 5242 martyr-nia

1910 5238 2170 5303 prmcitata
2223 5239 2518 5291 Desillerius
2571 5254 2659 5290 rex
2695 5239 3160 5305 Longobardnrum
3196 5238 3363 5294 fertur
3393 5259 3457 5295 ex

1907 5308 2128 5368 iussione
2147 5307 2387 5373 principis
2410 5310 2754 5373 apostolorum
2780 5306 2916 5359 Petri
2939 5312 3296 5362 monasterium
3336 5312 3461 5363 cdt-

1909 5376 2081 5439 ]icasse
2114 5382 2162 5427 in
2195 5377 2436 5427 honorem
2463 5377 2681 5428 nominis
2701 5378 2923 5443 ipsiusin
2955 5379 3083 5430 valle
3118 5379 3324 5430 Tritona
3342 5381 3463 5445 jus-

1911 5455 1956 5494 ια
1982 5445 2115 5498 Siler
2142 5448 2371 5511 ﬂuvium,
2399 5455 2499 5497 etc.

1985 5520 2005 5549 α
2037 5515 2216 5583 Neque
2251 5515 2482 5575 indictio.
2537 5533 2631 5572 nec
2665 5533 2830 5570 annus
2865 5518 3240 5570 incarnationis
3265 5518 3455 5584 apponi

1916 5595 2021 5638 tum
2048 5586 2266 5646 Sﬂlt‘bul,
2304 5586 2391 5639 sed
2421 5600 2588 5642 annus
2618 5591 2780 5655 regni.
2824 5587 2934 5641 Alia
2959 5592 3216 5653 suspecta)
3241 5589 3456 5642 omnino
