3910 6234
462 360 594 415 1⁸2·ῑὲ

1254 356 1310 406 S.
1356 347 1667 404 AllilliOSll
1710 344 2047 399 AUTl‘PthTI
2096 340 2564 395 BENEVENTANI
2611 337 2898 393 ABBATIS

3570 334 3709 387 H76

534 468 618 517 10.
643 466 867 533 Explcto
891 466 1067 534 itaque
1093 465 1141 516 in
1170 475 1351 515 sancto
1401 460 1657 527 regimine
1685 455 2016 511 venerandus
2054 460 2100 517 Α
2127 453 2596 521 septingentesimo
2627 449 3015 518 septuagesimo
3043 457 3252 510 octavo,
3288 447 3587 501 indictione
3620 461 3706 499 sc-

465 556 630 608 abbas
663 558 950 623 Autpertus
983 569 1121 606 anno
1143 542 1272 615 uno,
1308 551 1575 603 mensibus
1609 550 1815 602 duobus
1840 547 2019 601 ctdie~

459 629 562 697 bus
595 659 725 709 xxv,
754 645 879 712 justi
930 644 1104 710 operis
1160 640 1382 706 palmam
1426 638 1723 704 percipiens
1757 678 1769 702 ,
1802 634 2021 701 feliciter

466 735 714 803 migravit
741 734 806 787 ad
858 734 1129 787 Christum
1163 746 1300 783 anno
1329 729 1703 783 incarnationis
1747 728 2022 782 dominica:

466 862 587 916 fidei
631 862 916 928 diplomata
947 862 1030 915 hic
1060 860 1252 928 inserta
1282 858 1578 921 omisimus,
1612 858 1897 911 Chesnium
1923 872 2012 911 se-

464 932 588 984 cnti.
620 927 790 984 Unum
841 939 947 985 erat
974 929 1144 985 Caroli
1172 927 1392 998 Magni,
1421 932 1461 981 si
1492 930 1598 998 Ileo
1627 930 1813 993 placet,
1844 929 1893 979 in
1922 941 2026 992 quo

466 1000 718 1055 recitatur
745 1000 976 1055 inventio
1022 997 1273 1068 corporis
1291 999 1347 1052 S.
1382 997 1644 1065 Peregrini
1685 998 1881 1049 lllOlliltl
1916 1010 2024 1073 coe-

2123 545 2289 599 cunda
2319 544 2447 614 ML,
2484 542 2694 613 prima],
2742 543 2828 595 die
2881 542 3084 594 decimo
3114 555 3252 593 nono
3275 540 3429 603 Julii,
3480 540 3532 593 in
3558 539 3703 591 beati

2132 636 2269 689 I‘e’tri
2300 635 2527 688 ecclesia
2563 634 2723 702 digno
2748 632 2992 699 sepulcro
3023 631 3244 684 locatus.

2135 864 2249 919 lcsti
2281 864 2345 917 ab
2379 864 2489 926 ipso
2533 861 2688 927 facta,
2719 866 2836 928 quae
2890 862 3079 913 Carolo
3110 861 3265 914 tertio
3295 860 3405 928 regi
3450 856 3706 912 tribuitur

2131 934 2184 987 in
2216 943 2358 987 tumo
2392 931 2453 984 Vl
2480 933 2640 984 Italize
2668 948 2852 988 sacrae.
2878 933 2982 983 col.
3014 929 3109 982 159
3140 939 3194 983 et
3227 930 3330 984 140

1873 1269 2299 1330 APPENDIX.

555 1528 633 1581 De
657 1528 889 1593 Autperti
914 1522 1070 1587 obitu,
1100 1522 1496 1595 tronalationeet
1520 1538 1749 1595 sernwue
1777 1523 1825 1571 in
1849 1522 1975 1587 festo

1101 1592 1276 1645 Assum
1285 1592 1488 1658 ptionis.

544 1688 599 1739 1.
639 1683 935 1737 Hadrianus
976 1696 1105 1749 papa
1130 1680 1148 1733 l
1177 1682 1228 1733 in
1287 1681 1512 1747 epistula
1543 1681 1605 1731 ad
1638 1680 1883 1731 Carolum
1933 1679 2035 1749 Ma:

519 1770 666 1817 num,
695 1766 815 1819 qua:
838 1742 1026 1803 ordine
1048 1749 1115 1801 7‘2
1146 1758 1229 1802 est
1252 1742 1386 1802 int-cr
1407 1749 1699 1814 poutilicias
1735 1751 1782 1800 in
1814 1758 1954 1799 totnu
1980 1748 2041 1800 ιιι
2078 1742 2119 1799 Β

479 1772 721 1880 ἓίιθεηίἱ.
748 1820 981 1873 meminit
1007 1819 1176 1869 obitus
1207 1816 1263 1871 S.
1299 1817 1531 1880 Autperti
1563 1833 1653 1869 seu
1684 1818 1923 1871 Autberti
1960 1816 2041 1869 his

527 1816 726 1886 hesnii,
748 1820 981 1873 meminit
1007 1819 1176 1869 obitus
1207 1816 1263 1871 S.
1299 1817 1531 1883 Autperti
1563 1833 1653 1869 seu
1684 1818 1923 1871 Autberti
1960 1816 2041 1869 his

480 1894 656 1947 verbis
688 1910 698 1944 :
730 1889 806 1942 Αά
837 1899 1060 1941 nostrum
1076 1887 1331 1954 judicium
1362 1888 1597 1938 canonice
1618 1886 2039 1953 simulquet’egu-

481 1964 656 2017 lariter
710 1959 1049 2011 contentiones
1077 1958 1206 2008 inter
1236 1956 1509 2007 monac/tos
1539 1956 1835 2011 venerabilis
1865 1971 2037 2005 mona—

481 2032 619 2087 sterii
648 2030 708 2083 S.
741 2027 988 2078 Vincentii
1014 2035 1060 2076 et
1088 2025 1287 2075 abbate;
1342 2025 1569 2089 ejusdem
1595 2024 1902 2083 monasterii,
1935 2023 2036 2073 sci-

486 2103 604 2152 licet
633 2099 927 2149 Autbertum
958 2103 1001 2144 et
1034 2092 1334 2153 Pollionem,
1383 2092 1568 2143 discuti
1590 2101 1737 2160 atque
1765 2093 2055 2145 examinari,

479 2179 642 2221 vestra
670 2165 850 2216 diremit
872 2163 1126 2232 prazcels'r
1142 2162 1324 2227 regalis
1348 2161 1666 2232 excellentia.
1708 2160 1829 2226 Ipse
1852 2164 2041 2228 quippe

483 2237 725 2307 prmj’atus
749 2230 1019 2307 Autb‘ertus
1046 2230 1197 2281 abbas
1229 2232 1351 2279 dum
1376 2230 1780 2307 callemitineris
1804 2245 2047 2307 peragra-

483 2300 601 2367 ret,‘
630 2303 891 2369 repentina
916 2312 1074 2351 morte
1124 2309 1416 2361 occupatus,
1453 2300 1661 2369 minime
1691 2300 1874 2351 nostris
1899 2315 2045 2368 apos-

488 2373 655 2425 tolicis
685 2368 839 2422 ualuit
867 2385 919 2421 se
968 2369 1291 2433 manifestare
1340 2368 1635 2433 pramentiis.
1696 2369 2049 2420 Praecesserat

489 2442 626 2496 liaitc
677 2439 774 2489 alia
828 2438 1070 2490 Hadriani
1112 2437 1330 2502 epistola
1364 2477 1378 2497 ,
1410 2437 1591 2489 ordine
1621 2447 1794 2489 tamen
1825 2435 1911 2497 79,
1973 2451 2043 2489 ex

485 2526 588 2577 qua
618 2509 870 2577 discimus
892 2506 1179 2577 Pollionem
1196 2504 1325 2577 falso
1357 2505 1494 2558 Iatszc
1518 2505 1808 2577 maiestatis
1835 2518 2045 2558 accusa-

488 2574 597 2631 tum
641 2576 776 2643 apud
822 2574 1086 2626 Carolum.
1121 2574 1413 2643 Hadrianus
1464 2586 1559 2639 pro
1588 2589 1650 2626 eo
1690 2576 2045 2641 deprecatur:

486 2658 600 2700 tum
632 2640 877 2697 a‘Carolo
904 2658 1077 2696 causae
1103 2643 1298 2696 arbiter
1320 2640 1509 2702 factus,
1534 2652 1741 2697 actores
1763 2647 2050 2710 ipsumque

489 2716 802 2771 Pothonem.
850 2713 1068 2765 Rtnnam
1113 2711 1417 2766 advocavit.
1454 2710 1626 2763 Mirari
1654 2713 1796 2764 subit
1821 2726 1915 2764 cur
1945 2714 2050 2765 duo

494 2796 621 2839 tunc
644 2783 893 2848 temporis
911 2783 963 2834 in
992 2783 1311 2835 monasterio
1327 2781 1383 2833 S.
1406 2780 1669 2833 Vincentii
1692 2780 1911 2833 abbates
1938 2780 2045 2833 fue-

490 2853 618 2915 rint,
651 2854 937 2919 Autpertus
964 2860 1018 2903 et
1048 2850 1257 2901 Potho?
1304 2851 1385 2902 An
1432 2850 1717 2914 Antpcrtus
1742 2849 1851 2915 jam
1874 2850 2051 2903 senior

494 2918 805 2988 dignitatem
858 2920 1079 2973 Pollioni
1107 2928 1380 2977 cesserat,
1440 2933 1506 2969 an
1538 2919 1712 2988 potius
1762 2919 1945 2984 Potho,
1981 2918 2049 2970 ob

493 2987 703 3055 iniquas
726 2989 848 3041 licet
867 2991 1101 3041 abbatum
1132 2988 1531 3041 criminationes
1557 2987 1790 3052 deiectus
1812 2996 1920 3050 est,
1951 2988 2039 3039 ci-

2146 1523 2365 1588 transiit,
2398 1523 2556 1576 imber
2581 1525 2704 1595 abiit
2732 1533 2777 1576 et
2831 1524 3047 1578 recessit.
3076 1522 3263 1593 Surge,
3300 1536 3539 1589 proxima
3579 1537 3709 1586 mea,

2142 1600 2334 1678 sponsa
2359 1628 2489 1678 mer,
2522 1613 2749 1666 columba
2771 1628 2906 1676 mea,
2940 1622 2984 1667 et
3030 1614 3158 1665 veni.
3192 1613 3318 1666 Haec
3350 1612 3555 1665 idcirco
3585 1612 3714 1666 dici-

2149 1715 2286 1760 mus.
2317 1700 2524 1765 fratres,
2560 1703 2677 1769 quia
2698 1702 2836 1755 sicut
2874 1702 2979 1769 jam
3006 1704 3057 1754 in
3087 1701 3474 1756 consuetudine
3506 1700 3707 1756 Christi

2144 1791 2376 1857 suscepit
2415 1790 2647 1845 Ecclesia
2675 1832 2690 1858 ,
2735 1793 2984 1846 hodierna
3036 1792 3122 1847 die
3160 1794 3224 1846 ad
3255 1793 3418 1847 cmlos
3440 1802 3717 1861 assumpta

2146 1878 2306 1932 fuisse
2355 1880 2578 1933 traditur
2612 1881 2760 1948 virgo
2809 1881 2988 1934 Maria.
3019 1881 3122 1935 Sed
3146 1896 3253 1951 quo
3281 1883 3467 1937 ordine
3496 1883 3625 1936 hinc
3655 1884 3717 1936 ad

2143 1976 2368 2036 superna
2403 1968 2687 2032 transierit,
2735 1968 2874 2022 nulla
2928 1969 3186 2023 catholica
3239 1977 3423 2022 narrat
3473 1970 3719 2025 historia.

2145 2057 2258 2111 Non
2290 2057 2460 2112 solum
2484 2067 2661 2112 autem
2693 2064 2945 2124 respuere
2971 2057 3292 2127 apocrypha,
3314 2074 3501 2112 verum
3535 2062 3697 2112 etiam

2150 2150 2397 2217 ignorare
2428 2150 2541 2203 haec
2567 2150 2749 2203 eadem
2781 2149 2995 2221 [SuppL
3029 2140 3187 2221 solet]
3221 2149 3313 2205 Dei
3349 2146 3623 2205 Ecclesia.
3659 2150 3718 2205 Et

2150 2236 2360 2303 quidem
2383 2246 2505 2291 sunt
2534 2238 2785 2291 nonnulla
2815 2216 2931 2291 sine
2969 2240 3202 2291 aucturis
3249 2239 3462 2293 nomine
3494 2238 3568 2294 de
3596 2238 3711 2307 ejus

2157 2326 2533 2394 Assumptione
2562 2328 2878 2395 conscripta,
2908 2341 3045 2396 quae,
3080 2337 3133 2380 ut
3160 2328 3267 2381 dixi
3297 2369 3311 2392 ,
3344 2328 3414 2381 ita
3444 2337 3721 2392 caventur,

2150 2426 2203 2468 ut
2232 2415 2297 2469 ad
2325 2416 2743 2469 confirmandam
2791 2417 2864 2469 rei
2898 2416 3171 2471 veritatem
3202 2418 3301 2485 legi
3327 2416 3554 2471 minimc
3603 2431 3717 2485 per-

2156 2507 2449 2560 mittantur.
2485 2506 2615 2559 llinc
2644 2520 2775 2561 sane
2826 2506 3106 2573 pulsantur
3137 2506 3377 2559 nonnulli
3412 2548 3428 2570 ,
3464 2507 3594 2576 quia
3627 2519 3720 2559 nec

2157 2608 2347 2663 corpus
2370 2594 2485 2663 ejus
2534 2596 2585 2647 in
2616 2604 2756 2647 terra
2804 2595 3088 2656 invenitur,
3123 2610 3219 2648 nec
3264 2597 3581 2662 Assumptio
3612 2594 3722 2662 ejus

2156 2699 2276 2738 cum
2311 2700 2489 2748 carne,
2521 2686 2646 2739 utin
2674 2687 2974 2754 apocrypha
3012 2686 3234 2754 legitur,
3264 2687 3315 2739 in
3345 2686 3617 2741 catholica
3646 2702 3726 2740 re-

2153 2777 2357 2843 peritur
2390 2776 2628 2828 historia.
2671 2774 2869 2840 Quibus
2910 2774 3188 2829 dicendum
3211 2782 3294 2829 est
3322 2777 3448 2844 quia
3489 2779 3535 2829 si
3559 2776 3720 2845 Moysi

2152 2878 2341 2932 corpus
2372 2864 2438 2917 ab
2498 2864 2710 2918 homine
2738 2878 2843 2917 non
2876 2865 3139 2919 invenitur
3165 2866 3217 2919 in
3247 2866 3428 2931 terris,
3466 2880 3590 2918 cum
3614 2880 3713 2933 quo

2152 2963 2359 3016 locutus
2384 2970 2466 3017 est
2488 2962 2629 3016 Dens
2662 2962 2794 3015 facie
2818 2962 2882 3013 ad
2916 2961 3100 3016 faciem
3128 2978 3141 3024 ;
3174 2961 3317 3014 illius
3344 2975 3594 3029 quaerere
3623 2960 3714 3015 de-

533 3049 601 3112 uo
618 3056 866 3112 suﬂectus
890 3057 1215 3123 Autpertns?
1246 3059 1298 3108 In
1333 3056 1508 3108 Indice
1544 3049 1712 3108 relato
1758 3049 2049 3123 apudFer-
2084 3075 2127 3133 ρ
2163 3052 2359 3105 mentia
2385 3059 2490 3115 est,
2530 3066 2624 3119 per
2650 3064 2809 3117 quam
2828 3050 2965 3103 idem
2995 3050 3285 3118 majestatis
3315 3049 3457 3104 Deus
3480 3050 3718 3103 incarna-

492 3074 780 3183 ﬁinandum
813 3126 1113 3183 υαιιειιιιιη.
1147 3126 1363 3183 Aunerli
1392 3129 1901 3183 SUCCESSUI‘DOHHUI‘
1932 3125 2057 3177 nili“
2167 3149 2251 3183 tua
2279 3139 2477 3183 effulsit
2506 3141 2556 3183 in
2588 3140 2763 3183 ιρι-τὶς-
2799 3138 2975 3183 Nemm
3003 3139 3141 3183 enim
3170 3139 3385 3183 dianam
3417 3149 3501 3183 est
3520 3140 3590 3183 (Ie
3610 3154 3718 3183 μω·-

536 3128 780 3180 inandum
813 3126 1113 3194 Ughellum,
1147 3126 1363 3192 Auperti
1392 3139 1675 3177 successor
1692 3129 1901 3191 ponitur
1932 3125 2057 3177 ﬂai-

498 3196 716 3319 gart'ilus,
755 3204 809 3250 et
835 3195 991 3262 hujus
1037 3204 1153 3262 post
1180 3207 1347 3247 annos
1388 3201 1492 3246 tres
1533 3206 1586 3247 et
1630 3208 1837 3247 incuses
1877 3194 2061 3247 decem

545 3276 595 3318 οι
642 3279 694 3318 o.

545 3266 694 3318 Otho.

569 3332 624 3385 2.
660 3333 781 3386 Post
810 3332 1038 3384 ultimam
1055 3333 1415 3385 desolationem
1435 3331 1695 3393 Ecclesiaz,
1720 3333 1885 3396 inquit
1911 3334 2064 3384 chro-

505 3402 829 3468 nographus,
884 3402 975 3453 ubi
1024 3401 1091 3453 de
1121 3400 1265 3455 obitu
1311 3402 1475 3456 Josue
1505 3403 1731 3459 abbatis.
1781 3417 1893 3451 cum
1928 3403 2065 3469 fama

501 3470 685 3523 celebri
728 3470 1075 3521 didicissemus
1128 3472 1326 3534 aliquos
1375 3470 1440 3521 ad
1467 3487 1651 3539 corpus
1705 3470 1861 3521 Josue
1892 3472 2064 3523 divina

500 3554 634 3605 sazpe
661 3538 1307 3607 sensisse_beneﬁcia,illius
1329 3555 1440 3591 ossa
1463 3550 1508 3590 et
1534 3538 1825 3591 uenerabilis
1852 3540 2065 3607 Λωρεν-

500 3609 539 3660 ti
560 3618 606 3661 et
626 3606 844 3659 aliorum
870 3605 1083 3658 Patrum
1103 3608 1425 3675 antiquorum
1447 3609 1540 3659 hoc
1567 3611 1748 3661 inloco
1774 3605 2058 3668 otttttimns,

500 3677 726 3745 atquein
759 3675 1083 3745 sweep/tngo
1114 3679 1296 3745 grandi
1322 3679 1603 3740 posuimus,
1632 3694 1746 3728 cum
1773 3678 1945 3728 damni
1979 3676 2067 3726 ab-

502 3746 630 3797 batis
670 3744 866 3865 l[Ililart'i
894 3760 1119 3812 corpore.
1154 3746 1387 3797 llilarius
1417 3747 1616 3799 devixit
1640 3760 1779 3796 anno
1813 3745 1972 3809 10M,
2003 3746 2069 3797 de

504 3826 610 3865 auo
635 3827 663 3865 a
690 3827 784 3864 tas.
1676 3852 1682 3859 .

544 3826 610 3866 UO
635 3826 784 3865 altas.
1676 3852 1682 3859 ,

544 3828 610 3866 uo
635 3828 784 3865 anas.
1676 3852 1682 3859 ,

504 3828 538 3882 q
576 3881 630 3933 3.
665 3882 773 3934 Hoc
821 3880 934 3950 loco
969 3881 1178 3950 referre
1200 3883 1356 3949 juvat
1405 3881 1753 3950 fragmentum
1788 3881 2064 3935 Sermonis

506 3950 671 4005 sancti
692 3948 937 4020 Autperti
946 3949 1013 4003 de
1038 3948 1211 4003 beatae
1236 3951 1413 4020 Mariae
1436 3948 1815 4017 assumptione,
1836 3952 1920 4020 qui
1956 3966 2069 4002 ser-

508 4034 597 4074 mo
620 4021 670 4073 in
685 4018 877 4083 Codice
902 4018 1232 4072 Cluniacensi
1264 4018 1626 4087 han'eprrefert
1650 4019 2062 4089 inscriptionem.

576 4127 768 4197 Incipit
790 4129 968 4183 Sermo
993 4128 1218 4182 Autberti
1244 4131 1515 4198 presbyteri
1542 4132 1603 4183 de
1635 4131 1995 4198 Assumptione

1094 4210 1281 4250 sanc'w
1308 4198 1363 4249 Μ
1367 4202 1509 4251 τινὶιυ.

583 4311 766 4376 Adest,
786 4311 1110 4364 dilectissimi
1127 4310 1330 4372 fratres,
1356 4312 1673 4364 venerabilis
1698 4312 1809 4365 dies
1825 4312 2057 4363 omnium

2167 3149 2251 3192 tus
2279 3139 2478 3201 elfnlsit
2506 3141 2557 3194 in
2588 3140 2763 3194 terris.
2798 3138 2975 3207 Neque
3003 3139 3142 3193 enim
3170 3139 3388 3209 dignum
3417 3149 3501 3193 est
3520 3140 3590 3193 de
3610 3154 3726 3193 eor-

2167 3230 2306 3297 poris
2332 3229 2446 3296 ejus
2475 3230 2659 3282 notitia
2718 3228 2998 3281 sollicitum
3031 3229 3332 3295 quempiam
3362 3243 3489 3282 esse
3518 3270 3533 3291 ,
3558 3243 3710 3295 quam

2169 3337 2271 3374 non
2306 3321 2509 3373 dubitat
2532 3333 2690 3385 super
2719 3318 2933 3385 angelos
2970 3316 3229 3371 elevatam
3254 3331 3373 3369 cum
3405 3316 3625 3371 Christo
3646 3329 3725 3371 re-

2165 3424 2351 3479 gnare.
2377 3408 2634 3463 Sufficcre
2660 3406 2821 3459 debet
2842 3414 3042 3457 tantum
3058 3406 3257 3458 notitia:
3282 3404 3558 3466 humanas,
3592 3406 3721 3479 hanc

2166 3504 2289 3551 vere
2322 3497 2473 3550 fateri
2502 3497 2737 3562 reginam
2766 3494 3094 3561 angulorum,
3149 3507 3245 3559 pro
3267 3507 3332 3547 eo
3361 3494 3510 3561 quod
3538 3478 3725 3561 Regem

2169 3587 2371 3654 peperit
2432 3587 2757 3653 angelorum.
2800 3582 2904 3637 Sed
2935 3597 3032 3636 nec
3064 3583 3330 3636 invenitur
3357 3584 3498 3650 apud
3530 3583 3732 3637 Latinos

2168 3676 2355 3743 aliquis
2412 3683 2757 3734 tractatornm
2789 3673 2855 3725 de
2881 3673 2996 3739 ejus
3033 3680 3207 3726 morte
3250 3671 3526 3740 quidpiam
3555 3680 3730 3741 aperte

2169 3767 2385 3819 dixisse.
2422 3765 2548 3817 Nam
2595 3779 2711 3816 cum
2797 3764 2942 3815 illum
2992 3760 3259 3830 Evangelii
3303 3764 3645 3831 Versiculum,
3684 3764 3730 3817 in

2169 3870 2271 3924 quo
2287 3854 2503 3908 Simeon
2536 3853 2663 3905 dicit
2692 3852 2757 3905 ad
2790 3850 2997 3905 Domini
3041 3864 3285 3916 matrem,
3321 3851 3385 3903 Et
3407 3864 3553 3905 tuam
3582 3852 3730 3921 ipsius

2168 3948 2390 3998 animam
2419 3945 2740 4015 pertransibit
2762 3943 2983 4013 gladius,
3022 3942 3185 3997 beata?
3212 3942 3603 3998 recordationis
3632 3954 3729 3998 tn-

2174 4046 2343 4102 ctaret
2374 4035 2711 4095 Ambrosius;
2736 4034 2809 4086 ait
2847 4050 2858 4083 :
2889 4032 2997 4085 Nec
3028 4032 3272 4095 historia,
3305 4046 3405 4084 nec
3435 4033 3617 4085 littera
3645 4031 3729 4085 de

2171 4137 2255 4180 cet
2296 4127 2512 4178 Mariam
2546 4124 2717 4191 gladio
2768 4124 2927 4174 vitam
2959 4121 3156 4174 finisse.
3210 4121 3340 4174 llinc
3363 4130 3419 4173 et
3466 4121 3728 4174 Isidorus:

2175 4216 2434 4267 Incertum
2460 4220 2561 4273 est,
2590 4211 2773 4278 inquit,
2804 4224 2897 4276 per
2921 4210 3023 4261 hoc
3050 4208 3270 4268 dictum,
3301 4216 3477 4261 utrum
3511 4209 3729 4275 gladium

2173 4304 2405 4371 spiritus,
2441 4318 2504 4353 an
2530 4300 2762 4371 gladium
2792 4299 3001 4371 dixerit
3035 4297 3448 4365 persecutionis.
3483 4298 3591 4351 Sed
3619 4296 3729 4367 quid

510 4410 810 4457 sanctorum
827 4402 1187 4455 solemnitates
1203 4403 1686 4470 prascelleus,ade3t
1708 4404 1938 4469 inquam,
1960 4402 2073 4456 dies
2110 4405 2154 4462 ι)
2184 4398 2248 4448 dc
2280 4395 2380 4457 llis.
2412 4394 2477 4445 de
2504 4392 2693 4461 quibus
2724 4391 2928 4457 Ιοίιιιοΐν
2981 4387 3151 4441 dicam
3177 4388 3198 4437 ’ἶ
3228 4401 3347 4441 cum
3385 4402 3486 4442 nec
3511 4390 3627 4457 ipse
3651 4388 3727 4456 qui

511 4491 764 4558 prteclara
784 4527 801 4554 ,
834 4489 947 4543 dies
971 4490 1312 4559 inclyta,dies
1344 4492 1391 4541 in
1420 4507 1518 4557 qua
1543 4508 1573 4544 e
1598 4492 1791 4545 mundo
1818 4494 2071 4559 migrasse

512 4564 745 4631 creditur
765 4578 909 4644 virgo
936 4578 1113 4630 Maria.
1132 4579 1195 4628 Et
1224 4579 1342 4629 ideo
1372 4594 1487 4629 cum
1519 4596 1702 4647 magna
1726 4575 2075 4635 exsultatione

516 4666 696 4720 laudes
728 4665 933 4718 insonet
950 4664 1189 4717 universa
1210 4674 1364 4727 terra,
1393 4675 1548 4718 tanta:
1581 4668 2075 4735 virginisillustrata

515 4740 893 4820 excessu,quia
921 4764 972 4805 et
1000 4752 1263 4819 indignum
1286 4754 1437 4805 valde
1476 4765 1554 4807 est
1598 4766 1653 4807 ut
1675 4759 1810 4810 illius
1831 4759 2078 4811 recorda-

518 4844 677 4896 tionis
696 4841 999 4894 solemnitas
1020 4856 1124 4891 non
1151 4840 1218 4893 sit
1241 4843 1288 4891 in
1316 4844 1547 4907 tnaxinto
1576 4846 1777 4898 honore
1806 4861 1899 4913 per
1918 4860 2075 4913 quam

517 4922 808 4984 meruimus
840 4928 1110 4991 suscipere
1160 4926 1279 4978 vita:
1308 4928 1586 4983 Auctorem
1619 4952 1632 4995 ;
1687 4934 1916 5002 satisque
1946 4949 2077 5001 prae-

520 5025 788 5085 posterum
809 5014 1150 5081 judicandnm
1174 5024 1275 5079 cst,
1297 5026 1347 5068 ut
1366 5032 1483 5069 cum
1505 5031 1805 5075 sanctorum
1830 5024 2069 5076 celebra«

522 5121 639 5158 mus
664 5106 909 5157 victorias
960 5114 1249 5172 martyrum
1275 5147 1289 5168 ,
1324 5108 1529 5160 illormn
1580 5112 1968 5165 solemnitatem
2002 5112 2077 5165 illi

524 5210 625 5249 non
686 5194 1020 5261 praeferamus
1043 5212 1157 5262 qua:
1193 5198 1315 5250 huic
1359 5200 1558 5251 nnmdo
1580 5201 1745 5252 edidit
1779 5204 2075 5269 principem

524 5293 835 5350 martyrum.
865 5285 915 5335 In
947 5284 1042 5336 hac
1066 5286 1324 5352 siquidem
1353 5288 1438 5342 die
1460 5302 1825 5358 competenter
1858 5294 2073 5357 Sponso

528 5373 605 5425 illi
640 5372 839 5426 cmlesti
866 5376 1155 5440 proclamat
1181 5379 1324 5440 virgo
1356 5380 1514 5431 Maria
1544 5399 1553 5431 :
1620 5381 1845 5434 Tenuisti
1876 5399 2079 5433 manum

532 5464 787 5513 dexteram
812 5481 991 5529 meam,
1057 5475 1100 5516 ct
1129 5467 1179 5517 in
1211 5471 1461 5522 voluntate
1492 5481 1575 5523 tua
1626 5473 1885 5525 deduxisti
1910 5491 2005 5537 me,
2039 5486 2082 5525 et

537 5569 647 5603 cum
668 5554 826 5619 gloria
871 5559 1185 5623 assumpsisti
1220 5575 1314 5610 me.
1353 5560 1540 5624 llodic,
1574 5562 1803 5629 inquam,
1836 5574 1887 5617 et
1912 5565 2017 5629 ipsa
2045 5580 2071 5616 3.

535 5656 744 5707 sponso,
779 5645 905 5710 tilio,
937 5657 989 5701 et
1046 5647 1261 5701 Domino
1294 5664 1519 5716 congrue
1543 5652 1678 5703 audit
1714 5652 1863 5703 :Jam
1918 5653 2076 5705 hians

2178 4492 2314 4543 hanc
2337 4496 2458 4540 ante
2497 4499 2709 4538 crucem
2750 4482 2955 4536 Domini
3003 4480 3209 4548 accepit
3248 4482 3299 4533 in
3344 4495 3521 4546 suam,
3574 4482 3623 4536 id
3661 4490 3730 4536 est

2175 4580 2407 4633 Joannes
2437 4575 2778 4643 evangelista,
2821 4573 2887 4627 de
2909 4572 3008 4625 huc
3032 4571 3255 4636 posteris
3285 4571 3485 4639 aliquid
3516 4573 3731 4625 retineo.

2177 4669 2304 4721 dum
2358 4666 2570 4732 scriptis
2630 4662 2912 4717 mandarit.
2970 4661 3154 4714 Nullus
3183 4661 3324 4714 enim
3378 4661 3487 4713 hoc
3546 4661 3733 4715 ﬁdelius

2182 4756 2434 4811 mandare
2464 4755 2648 4821 potuit,
2680 4754 2725 4806 si
2757 4752 2884 4805 illud
2918 4750 3055 4806 Deus
3083 4752 3425 4805 manifestare
3457 4751 3726 4810 voluisset.

2178 4858 2334 4913 quam
2363 4842 2452 4894 ille
2483 4844 2659 4906 utique
2706 4844 2792 4907 qui
2824 4842 2957 4892 hanc
2981 4839 3315 4891 nutriendam
3342 4841 3607 4906 suscepit,
3638 4852 3724 4892 nec

2181 4944 2363 4987 contra
2388 4946 2588 4984 morem
2614 4931 2748 4982 lilius
2775 4937 2995 4981 matrem
3024 4929 3256 4996 reliquit.
3290 4929 3481 4982 Restat
3526 4943 3652 4998 ergo
3675 4932 3726 4981 ut

2183 5027 2343 5077 homo
2376 5022 2697 5075 mendaciter
2723 5036 2825 5073 non
2862 5019 3022 5087 lingat
3050 5029 3291 5093 apertum
3306 5018 3448 5084 quod
3463 5018 3604 5073 Deus
3632 5030 3730 5071 ml-

2183 5131 2307 5169 nere
2343 5114 2504 5165 voluit
2527 5112 2806 5165 occultum.
2835 5108 2963 5161 Vera
2985 5117 3159 5161 autem
3174 5107 3241 5161 de
3260 5107 3377 5174 ejus
3406 5107 3733 5176 Assumptio-

2185 5222 2249 5259 ne
2270 5204 2525 5259 sententia
2557 5204 2667 5255 lucc
2692 5215 2809 5255 esse
2835 5200 3105 5267 probatur,
3132 5200 3496 5253 utsecundum
3522 5201 3735 5267 Αροςωο

2186 5296 2311 5357 lum,
2347 5294 2460 5351 sive
2489 5291 2540 5345 in
2564 5305 2807 5363 corpore,
2840 5289 2952 5341 sive
2997 5298 3143 5342 extra
3174 5302 3369 5356 corpus
3413 5293 3731 5358 ignorantes.

2186 5392 2507 5448 assumptum
2532 5395 2690 5447 super
2711 5379 2875 5432 cmlos
2903 5378 3197 5432 credamus.
3212 5378 3306 5431 llis
3322 5377 3487 5447 igitur
3515 5374 3735 5446 prmis-

2189 5474 2260 5524 sis
2299 5473 2571 5537 loquamur
2598 5468 2792 5535 aliquid
2822 5469 2873 5521 in
2908 5467 3146 5521 laudibus
3174 5465 3554 5521 sacratissima:
3579 5456 3733 5534 Virgi-

2186 5565 2284 5614 nis.
2316 5560 2417 5612 Sed
2437 5560 2559 5625 quid
2596 5572 2691 5610 nos
2714 5558 2917 5623 tantilli,
2938 5555 3059 5624 quid
3089 5557 3293 5610 actione
3318 5555 3529 5624 pusilli.
3550 5552 3735 5623 quidin

2184 5652 2301 5717 ejus
2326 5650 2563 5703 laudibus
2581 5646 2888 5710 referamus,
2911 5661 3026 5700 cum
3061 5645 3158 5700 etsi
3177 5647 3416 5699 omnium
3447 5652 3735 5701 nostrorum
