3910 6234
652 249 786 304 i279

1419 242 1476 294 S.
1516 240 1827 296 AllllllUSII
1868 239 2206 293 AU'I'I‘ERTI
2252 236 2722 292 llENEVl‘ZNTANl
2765 238 3044 295 ABIM'HS

3732 245 3826 295 tam

651 364 955 418 attestante.
979 354 1066 421 qui
1089 353 1160 405 ait
1187 371 1196 403 :
1223 352 1388 404 Rudis
1413 351 1638 402 omuitmt
1667 349 1916 401 malorum
1945 348 2199 414 cupiditas
2229 342 2277 396 Δ
2306 345 2608 401 ebrietatem
2637 367 2649 412 ;
2682 350 2769 403 ille
2797 351 3113 412 castitatem,
3147 350 3243 402 istc
3284 349 3696 405 fornicationem
3725 371 3738 416 ;
3763 358 3825 406 ita:
3864 342 3865 414 1

652 447 704 512 (Ι
730 446 864 499 Tim.
913 457 991 507 νι,
1025 442 1337 510 iﬁ);quam
1383 438 1628 492 videlicet
1679 438 1842 490 sancti
1887 437 1978 490 Dei
2024 437 2206 490 Eccle-

651 540 744 590 sia:
777 533 1171 602 praedicatores,
1199 529 1312 583 sive
1331 529 1384 582 in
1415 525 1590 581 Veteri
1613 526 1729 580 sive
1770 526 1821 578 in
1851 523 1997 578 Novo
2024 525 2210 577 Testa-

655 633 864 688 mento,
894 630 1142 689 tanquam
1193 618 1356 671 fortes
1399 615 1666 685 agricolae,
1707 614 1866 668 modo
1893 614 2207 680 increpattoo

669 713 828 767 nibus
855 751 871 777 ,
923 710 1082 764 modo
1127 706 1493 768 suasionibus,
1526 705 1685 758 modo
1717 699 2024 766 terroribus,
2051 702 2207 756 modo

655 800 1034 856 blandimentis
1062 841 1077 865 ,
1108 795 1260 866 quasi
1290 793 1603 862 quibusdam
1632 793 1824 846 aratris
1848 832 1862 855 ,
1924 791 2166 844 fossoriis
2191 832 2208 856 ,

2313 435 2680 503 humilitatem,
2715 441 2812 494 iste
2853 439 3186 509 superbiam;
3228 441 3316 495 ille
3360 443 3722 507 concordiam,
3752 447 3826 498 istc

2309 524 2664 593 discordiam;
2699 529 2787 583 ille
2813 545 3015 595 pacem,
3048 530 3147 583 iste
3173 529 3351 595 litem;
3384 531 3474 586 ille
3502 537 3828 588 mansuetudi-

2325 630 2466 678 nem,
2500 617 2599 672 iste
2623 618 2975 682 iracundiam;
3005 618 3095 674 ille
3124 618 3484 686 dilectionem,
3519 623 3618 676 iste
3650 625 3831 686 odium;

2311 702 2399 757 ille
2426 704 2741 773 largitatem,
2765 707 2863 760 iste
2891 708 3149 762 tenaciam
3172 725 3185 772 ;
3211 709 3298 764 ille
3323 710 3736 781 eleemosynatn,
3759 718 3831 766 iSIe

2313 793 2584 860 rapinam;
2624 794 2713 848 ille
2742 795 3043 861 veritatem,
3077 796 3179 849 iste
3221 798 3557 852 mendacium
3585 816 3598 862 ;
3651 803 3728 853 ille
3754 819 3832 852 non

656 890 866 954 rastris,
892 886 1120 943 sarculis
1149 888 1326 942 conati
1358 893 1481 941 sunt
1522 897 1551 937 a
1601 893 1928 937 terrenorum
1961 880 2210 934 cordibus
2305 883 2618 952 jurandum,
2661 885 2761 939 iste
2805 884 3052 954 periuriis
3100 885 3489 951 insistendum;
3541 889 3636 942 ille
3679 889 3831 943 fraude

651 980 892 1039 funditus
943 977 1206 1040 evellere;
1261 973 1353 1029 sed
1406 987 1512 1027 non
1583 981 1840 1040 potuere.
1886 970 2042 1025 etiam
2087 984 2208 1024 cum

655 1071 875 1126 multum
901 1070 954 1122 in
984 1067 1085 1121 hoc
1117 1078 1278 1134 opere
1304 1059 2037 1119 desudarentJnextricabile
2064 1059 2203 1113 enim

655 1169 834 1226 atque,
861 1165 919 1211 ut
945 1158 1013 1210 ita
1039 1155 1286 1218 dixerim,
1313 1151 1686 1208 ineradieabile
1712 1150 1912 1206 malum
1935 1159 2038 1213 est,
2062 1149 2212 1216 cujus

654 1262 832 1304 ramos
851 1261 955 1314 quo
967 1245 1130 1316 magis
1153 1254 1426 1312 amputare
1438 1242 1731 1311 quaesieris,
1755 1254 1818 1295 eo
1834 1240 2060 1308 amplius
2082 1243 2216 1294 mul-

657 1337 916 1405 tipliciora
947 1335 1115 1404 gignit
1143 1333 1368 1402 virgulta
1399 1346 1516 1400 qua:
1538 1319 1800 1399 amputes.
1833 1328 2210 1394 Quamobrem,

655 1425 776 1496 quia
803 1423 1038 1501 funditus
1064 1422 1322 1476 eradieari
1353 1435 1458 1473 non
1483 1427 1682 1485 potest,
1709 1432 1922 1486 semper
1945 1430 2213 1471 ramorum

655 1514 775 1583 ejus
800 1513 948 1581 c0pia
979 1510 1295 1568 succidenda
1326 1518 1424 1563 est.
1451 1509 1517 1561 Et
1535 1507 1655 1575 quia
1679 1507 1874 1561 nostris
1897 1506 2057 1558 modo
2079 1514 2212 1560 tem-

659 1603 877 1672 poribus
897 1603 1006 1670 jam
1032 1614 1170 1670 pene
1191 1609 1357 1654 totum
1372 1599 1620 1652 mundum
1646 1610 1934 1666 occupasse
1955 1594 2213 1661 cernitur,

658 1663 788 1748 libet
809 1663 1127 1762 pro'viribus
1157 1691 1381 1758 desuper
1409 1688 1641 1758 acceptis
1669 1702 1767 1742 nos
1780 1663 2008 1756 quoque
2028 1687 2080 1738 in
2101 1686 2217 1754 ejus
2251 1663 2292 1721 Β

658 1782 1037 1852 exstirpatione
1080 1795 1290 1849 quoquo
1318 1780 1636 1834 valuerimus
1664 1779 1874 1846 ingenio
1904 1777 2181 1833 desudare.

726 1874 782 1927 2.
822 1874 925 1928 Sed
971 1872 1202 1928 occurrit
1246 1871 1399 1926 nobis
1436 1871 1646 1925 interim
1677 1870 1903 1937 quaestio
1930 1867 2216 1936 quomodo,

655 1972 715 2020 ut
738 1965 806 2020 de
832 1965 1040 2018 caeteris
1071 1973 1358 2028 taceamus,
1387 1976 1451 2020 es
1508 1959 1800 2038 cupiditate
1826 1957 2068 2026 superbia
2101 1972 2220 2026 pro-

657 2055 772 2108 dire
818 2054 1090 2117 credatur,
1128 2066 1248 2106 cum
1297 2051 1399 2104 alia
1446 2050 1716 2118 Scriptura
1761 2056 1942 2117 aperte
1982 2055 2216 2111 testatur,

656 2147 873 2203 Initium
909 2149 1070 2201 omnis
1119 2145 1306 2214 peccati
1333 2144 1570 2214 superbia
1598 2153 1670 2196 est
1701 2141 1888 2212 (Eccli.
1925 2157 1978 2207 ι,
2021 2139 2128 2209 1⁵5).
2162 2140 2218 2196 Si

657 2229 799 2293 enim
831 2237 1037 2291 initium
1059 2237 1233 2290 omnis
1259 2234 1457 2302 peccati
1484 2232 1755 2300 superbia,
1777 2230 2044 2299 qumrtodo
2073 2229 2219 2283 radis

658 2327 894 2380 omnium
918 2325 1173 2378 malorum
1201 2332 1283 2378 est
1302 2323 1594 2392 cupiditas?
1613 2321 1711 2376 nisi
1740 2323 1858 2390 quia
1891 2335 2049 2374 unum
2076 2329 2217 2384 sunt,

658 2426 712 2470 et
741 2425 963 2484 utraque
990 2415 1056 2478 ab
1087 2415 1311 2469 invicem
1363 2416 1645 2482 prodeunt,
1688 2428 1808 2468 eum
1861 2421 1914 2466 et
1957 2411 2222 2480 cupiditas

658 2501 984 2571 superbiam,
1015 2511 1069 2556 et
1099 2501 1349 2569 superbia
1379 2497 1721 2570 cupiditatem
1761 2501 1924 2571 gignit
1950 2518 1960 2552 :
1998 2499 2138 2568 quod
2169 2499 2219 2551 in

659 2595 833 2663 primo
862 2603 1079 2663 parente
1105 2593 1351 2648 evenisse
1377 2592 1768 2662 cognoscimus,
1799 2592 1854 2646 in
1882 2606 1985 2662 quo
2019 2590 2223 2644 scilicet

660 2685 760 2739 nisi
791 2675 1050 2754 cupiditas
1077 2685 1166 2738 illa
1197 2684 1572 2751 processisset,
1594 2697 1698 2751 qua
1736 2682 1846 2738 Deo
1889 2681 2079 2736 similis
2105 2680 2218 2736 ﬁeri

657 2774 845 2840 voluit,
866 2789 1138 2843 nunquam
1169 2789 1227 2828 se
1255 2781 1440 2829 contra
1468 2782 1738 2827 auctorem
1768 2786 1919 2826 suum
1949 2772 2001 2825 in
2030 2785 2219 2842 super-

658 2863 802 2920 biam
847 2865 1140 2929 erexisset;
1178 2872 1232 2918 et
1271 2873 1444 2918 tamen
1491 2861 1591 2917 nisi
1621 2862 1867 2931 superbia
1916 2861 2218 2926 tumulsset,

2312 973 2700 1037 abstinendum,
2753 975 2853 1029 iste
2902 973 3048 1049 falsis
3103 975 3418 1029 testimoniis
3463 975 3832 1042 inhaerendum;

2314 1063 2403 1116 ille
2439 1063 2650 1117 mandat
2675 1064 2738 1117 de
2763 1054 2899 1132 ligno
2923 1065 3142 1118 scientia:
3171 1064 3287 1117 boni
3319 1075 3364 1117 et
3391 1068 3516 1120 mali
3546 1082 3606 1120 ne
3633 1075 3831 1122 comeda-

2313 1155 2397 1218 tis,
2425 1156 2522 1210 iste
2545 1169 2576 1209 e
2599 1165 2782 1209 contra
2809 1174 2819 1207 :
2853 1154 2919 1207 1n
2941 1171 3236 1224 quacunque
3253 1156 3334 1208 die
3354 1159 3672 1219 cpmederitis
3691 1174 3744 1210 ex
3771 1176 3829 1220 eo,

2315 1244 2600 1313 aperientur
2625 1244 2760 1296 oculi
2788 1245 2954 1308 vestri,
2985 1253 3033 1296 et
3070 1245 3208 1296 eritis
3245 1246 3374 1297 sicut
3411 1245 3504 1310 dii,
3531 1246 3734 1298 scientes
3770 1249 3815 1297 bo

2317 1350 2436 1386 num
2463 1343 2509 1387 et
2537 1335 2726 1388 malum
2757 1333 2909 1402 (Gen.
2936 1351 2997 1401 tt,
3031 1335 3142 1403 17).
3180 1334 3271 1389 Ille
3301 1335 3488 1404 jubet:
3525 1335 3645 1389 Non
3679 1353 3835 1389 concu-

2317 1425 2475 1493 pisces
2503 1440 2710 1478 uxorem
2745 1426 2966 1492 proximi
3014 1427 3106 1491 tui,
3137 1413 3238 1478 non
3267 1427 3490 1490 domum,
3537 1443 3638 1480 non
3666 1445 3835 1497 agrum,

2318 1528 2420 1566 non
2451 1529 2663 1578 seruum,
2710 1529 2810 1567 non
2837 1514 3099 1579 ancillam,
3129 1531 3235 1583 non,
3267 1516 3456 1579 bovem,
3502 1532 3606 1568 non
3651 1520 3836 1578 asinum,

2321 1617 2419 1655 non
2448 1604 2679 1656 uniuersa
2697 1618 2808 1669 qua
2834 1602 2975 1656 illius
3002 1612 3116 1657 sunt
3154 1602 3333 1673 (Deut.
3362 1620 3414 1671 v,
3442 1603 3575 1673 2i);
3619 1607 3711 1660 iste
3741 1624 3842 1660 veru

2321 1690 2542 1744 suadet:
2578 1691 2704 1744 Hac
2743 1693 2913 1745 omnia
2954 1692 3040 1745 tibi
3087 1692 3244 1759 dabo,
3282 1695 3326 1746 si
3360 1694 3546 1746 cadens
3586 1696 3842 1748 adorat-erit

2320 1795 2418 1834 me.
2447 1782 2560 1848 Age
2591 1795 2729 1836 nunc
2762 1781 3030 1835 videamus
3058 1782 3209 1849 cujus
3248 1784 3419 1836 cultor
3457 1785 3615 1838 homo
3658 1787 3841 1846 existat,

2320 1878 2372 1922 et
2391 1868 2476 1922 cui
2504 1869 2668 1922 verbo
2694 1871 2960 1924 mentitur.
2992 1872 3074 1924 An
3104 1871 3244 1924 illius
3273 1873 3423 1939 cujus
3454 1874 3728 1941 imperium
3752 1891 3842 1942 per-

2322 1957 2479 2012 licere
2509 1959 2762 2013 videtur?
2796 1960 2860 2014 Et
2898 1961 3016 2029 quis
3037 1975 3141 2015 non
3171 1962 3364 2027 videat,
3392 1963 3514 2031 quia
3547 1965 3658 2031 ipse
3700 1966 3840 2018 homi-

2326 2048 2407 2102 nis
2441 2047 2725 2115 famulatus
2764 2051 3018 2104 cultorem
3047 2065 3168 2106 eum
3210 2051 3364 2103 faciat
3393 2053 3479 2104 cui
3524 2053 3776 2107 deservit?
3804 2056 3841 2106 lt.

2327 2138 2516 2206 quibus
2557 2141 2807 2194 nimirum
2857 2142 3036 2194 verbis
3081 2151 3318 2208 patenter
3368 2141 3622 2207 innuitur,
3663 2158 3749 2198 eos
3774 2160 3843 2212 qui

2322 2228 2598 2297 cupiditati
2652 2231 2909 2299 student,
2967 2231 3267 2285 daemonum
3321 2233 3554 2288 cultores
3604 2236 3843 2296 existere.

2321 2318 2525 2372 etiarnsi
2558 2321 2659 2373 hoc
2686 2322 2873 2374 beatus
2899 2321 3094 2375 Paulus
3124 2336 3226 2375 non
3253 2321 3570 2378 affirmaret.

2389 2408 2442 2461 4.
2472 2405 2636 2476 Hujus
2660 2409 2963 2476 cupiditatis
2987 2411 3206 2477 malum,
3236 2411 3373 2479 quod
3404 2422 3591 2466 cuncta
3630 2416 3847 2480 prxccllit

2319 2509 2373 2553 et
2399 2510 2633 2567 superat,
2664 2510 2717 2554 et
2742 2515 2770 2554 a
2800 2516 2904 2570 quo
2951 2504 3129 2556 omnia
3162 2503 3293 2555 mala
3326 2504 3608 2570 pullulant,
3638 2505 3751 2558 alibi
3776 2521 3840 2558 sa-

2319 2603 2409 2644 era
2440 2591 2730 2659 Scriptura
2766 2593 2834 2646 ita
2881 2592 3197 2647 detestando
3244 2596 3419 2662 prodit
3451 2597 3671 2650 dicens:
3705 2599 3841 2651 Amm

2321 2680 2448 2733 nihil
2463 2689 2538 2734 est
2554 2681 2842 2742 scelestius;
2866 2695 3181 2751 rursumque
3202 2699 3214 2734 :
3240 2682 3386 2735 Nihil
3400 2695 3471 2737 est
3493 2686 3703 2752 iniquius
3723 2703 3843 2755 quam

2320 2786 2493 2825 mare
2523 2772 2787 2839 pecuniam
2816 2770 3006 2840 (Eccli.
3035 2789 3086 2838 ι,
3117 2773 3149 2828 9
3172 2782 3230 2828 'et
3255 2771 3369 2842 ιθ).
3413 2774 3552 2839 Quid
3600 2778 3779 2830 mirum
3815 2781 3844 2828 si

2283 2894 2288 2895 κ
2320 2860 2566 2915 eamdem
2593 2862 2934 2929 cupiditatem
2963 2861 3229 2918 idolorum
3275 2865 3541 2919 culturam
3592 2866 3844 2935 Apostolut

661 2956 1155 3026 nequaquamtalia
1192 2964 1443 3025 appetere
1479 2955 1921 3022 praesumpsisset.
1966 2953 2096 3020 Quae
2137 2952 2215 3006 ni-
2247 2986 2294 3048 c
2323 2950 2514 3048 vocet?
2539 2950 2679 3019 quod
2697 2952 2942 3006 videlicet
2958 2952 3263 3021 cupiditatis
3284 2955 3659 3010 multimodum
3681 2959 3843 3009 malum

663 3044 856 3100 mirum
875 3045 980 3099 duo
1009 3044 1320 3114 principalia
1347 3044 1472 3097 vitia
1503 3043 1573 3096 ita
1603 3042 1898 3112 coniungit,
1922 3043 1992 3096 ita
2021 3042 2219 3098 descri-

662 3133 742 3189 bit
769 3131 998 3190 Joannes
1024 3133 1319 3203 apostolus,
1343 3141 1400 3186 ut
1433 3133 1742 3202 postpositis
1769 3133 1907 3198 aliis,
1931 3133 2080 3201 quasi
2109 3133 2224 3188 haec

664 3221 779 3277 sola
810 3222 864 3277 in
896 3222 1096 3277 mundo
1124 3236 1245 3277 esse
1276 3222 1519 3285 fateatur,
1555 3235 1620 3276 ex
1667 3220 1856 3288 quibus
1908 3221 1993 3275 illa
2041 3222 2222 3277 omnia

664 3312 922 3381 originem
949 3309 1147 3366 ducere
1171 3314 1481 3379 probantur.
1510 3310 1596 3366 Ait
1618 3310 1760 3366 enim
1789 3329 1802 3365 :
1826 3311 1995 3373 .Omne
2013 3312 2151 3379 quod
2171 3313 2223 3364 in

664 3397 852 3456 mundi)
880 3412 972 3467 est,
997 3402 1406 3469 concupiscentia
1431 3400 1596 3452 carnis
1619 3407 1724 3464 est,
1744 3409 1788 3452 et
1815 3400 2224 3467 concupiscentia

666 3493 952 3556 oculorum,
982 3501 1027 3544 et
1051 3490 1289 3560 superbia
1314 3492 1428 3543 vita:
1457 3488 1509 3558 (I
1538 3489 1690 3543 Joan.
1729 3504 1790 3552 tt,
1825 3487 1939 3555 16).

737 3580 790 3635 5.
829 3580 1138 3649 Quanquam
1168 3588 1343 3634 autem
1393 3579 1483 3634 ubi
1532 3578 2016 3646 concupiscentiam
2049 3584 2222 3642 sonat,

666 3671 736 3724 ibi
769 3678 1155 3737 consequenter
1200 3676 1256 3720 et
1294 3666 1539 3743 superbia
1570 3665 1915 3733 intelligatur,
1955 3663 2108 3718 nobis
2147 3674 2238 3718 ta-.

667 3773 788 3812 mcn
834 3772 971 3811 nunc
1014 3757 1081 3810 de
1120 3770 1224 3809 una
1255 3755 1620 3810 disserendum
1668 3763 1782 3818 est;
1836 3763 2019 3807 contra
2065 3766 2223 3805 unam

667 3848 1008 3915 cupiditatem
1039 3845 1409 3914 disputandum
1442 3860 1456 3897 :
1485 3859 1600 3913 qua:
1623 3843 1878 3918 nimirum
1901 3843 2052 3909 cujus
2077 3854 2226 3894 men-

669 3951 775 3994 tem
806 3938 960 4007 plene
988 3937 1311 4006 possederit,
1340 3950 1457 3991 eam
1489 3937 1725 4004 protinus
1755 3935 2017 3988 idolorum
2040 3932 2222 3988 cultri-

669 4041 785 4081 cem
813 4024 992 4081 el'ﬁcit.
1021 4025 1351 4080 Occidendus
1374 4039 1488 4077 sutn
1511 4026 1632 4076 talia
1664 4023 1882 4088 docens,
1913 4020 2226 4089 lapidandus

668 4131 787 4172 sttm
806 4116 926 4170 talia
945 4130 1212 4185 promens,
1230 4115 1329 4168 nisi
1359 4115 1473 4167 haec
1492 4113 1678 4168 eadem
1702 4114 1969 4181 apostolus
1989 4113 2225 4182 gentium

670 4215 909 4262 testatur.
945 4203 1059 4274 Ipse
1085 4205 1228 4259 enim
1257 4205 1333 4257 ait
1364 4220 1377 4255 :
1413 4202 1477 4256 Et
1504 4203 1716 4254 avaritia
1741 4217 1854 4270 quae
1879 4211 1950 4255 est
1974 4201 2226 4255 idolorum

2325 3040 2554 3110 nequius
2583 3041 2805 3095 divitum
2834 3042 3017 3109 corda,
3069 3057 3224 3112 quam
3277 3059 3569 3114 pauperum
3601 3049 3845 3106 devastat;

2324 3131 2445 3198 quia
2480 3131 2578 3185 etsi
2607 3135 2769 3186 multa
2811 3134 2863 3186 in
2893 3133 2992 3187 hoc
3022 3134 3217 3188 saeculo
3243 3149 3506 3207 pauperes
3531 3138 3724 3191 habere
3750 3153 3850 3190 eon~

2327 3217 2626 3288 cupiscunt,
2657 3235 2761 3273 non
2793 3229 2968 3275 tamen
3001 3221 3164 3275 multa
3193 3224 3404 3291 assequi
3427 3234 3674 3292 possunt,
3700 3239 3756 3277 ae
3779 3239 3847 3289 per

2329 3308 2428 3363 hoc
2460 3324 2581 3364 cum
2630 3310 2707 3364 eis
2734 3310 2955 3364 ell‘eetus
2985 3312 3431 3379 concupiscentiae
3477 3315 3660 3368 minor
3707 3312 3847 3366 reddi.

2325 3407 2427 3464 tur,
2452 3401 2674 3454 nocendi
2697 3415 2906 3469 quoque
2928 3401 3126 3455 malitia
3154 3411 3500 3469 temperatur.
3536 3403 3732 3458 Divites
3750 3419 3865 3462 vere;

2326 3491 2450 3560 quia
2483 3491 2632 3559 plura
2677 3489 2897 3558 adipisci
2939 3499 3177 3557 possunt,
3212 3503 3266 3543 ut
3314 3491 3547 3557 pluriora
3595 3477 3865 3558 invenistit.§

2331 3580 2702 3648 multipliciora
2731 3579 2983 3648 peccandi
3033 3591 3339 3648 argumenta
3366 3580 3680 3648 inquirunt.
3718 3567 3865 3648 Quini

2327 3669 2465 3724 enim
2491 3662 2702 3737 quidam
2731 3671 2864 3738 ignis
2892 3680 2976 3724 est
3000 3671 3278 3740 cupiditas,
3311 3686 3429 3739 quae
3456 3681 3515 3727 et
3548 3673 3602 3726 in
3630 3672 3737 3727 aliis
3761 3677 3865 3752 tas-1

2327 3759 2424 3827 gis,
2456 3759 2507 3812 in
2539 3759 2651 3812 aliis
2684 3774 2825 3815 .vero
2863 3763 3036 3816 minus
3087 3761 3274 3824 ardet;
3321 3762 3409 3817 ubi
3460 3770 3642 3819 tamen
3693 3753 3865 3816 arderel

2327 3848 2528 3917 incipit,
2571 3865 2836 3918 nunquam
2874 3849 3001 3905 dicit
3027 3866 3040 3905 :
3071 3839 3301 3917 Sufﬁcit,
3330 3854 3580 3922 exemplo
3609 3849 3738 3924 ignis
3756 3867 3865 3907 eor»

2327 3939 2540 4006 poralis,
2571 3940 2658 4008 qui
2685 3947 2827 3994 tanto
2855 3942 3222 3997 vehementius
3268 3943 3514 3997 ﬂammas
3545 3944 3865 4012 multiplicat.1

2326 4039 2524 4094 quanto
2563 4027 2908 4084 abundantius
2937 4031 3324 4086 multitudinem
3354 4031 3625 4101 lignorum
3653 4047 3840 4100 κατερε-

2331 4118 2419 4171 rit.
2456 4118 2585 4173 Hinc
2627 4120 2768 4174 enim
2817 4121 3071 4190 scriptum
3102 4130 3186 4177 est
3217 4141 3228 4174 :
3261 4125 3454 4178 Avarus
3509 4126 3728 4194 pecuniis
3769 4129 3865 4220 ιωῆ

2328 4208 2565 4274 impletur
2587 4208 2766 4278 (Eccli.
2798 4226 2853 4276 ν,
2882 4211 2958 4280 9).

668 4297 874 4350 servitus
902 4273 1112 4364 (Ephes.
1147 4310 1198 4358 v,
1232 4295 1308 4361 5).
1335 4295 1463 4361 Quis
1494 4302 1690 4358 autem,
1725 4307 1870 4361 rogo,
1895 4293 2224 4347 Cbristiano-
2253 4307 2307 4367 D
2353 4331 2372 4351 .
2403 4273 2454 4347 ὅ.
2498 4273 2621 4350 Haec
2640 4307 2783 4352 certe
2805 4273 2951 4353 radis
2978 4301 3213 4355 omnium
3244 4304 3500 4359 malorum
3526 4307 3743 4373 primu
3765 4273 3865 4366 vir-3

669 4401 785 4439 rum
814 4384 1103 4452 quamlibet
1126 4385 1303 4437 audiat
1334 4397 1537 4449 vocem,
1580 4385 1624 4437 si
1656 4398 1776 4437 eum
1811 4383 2000 4452 aliquis
2032 4383 2222 4438 inﬁde-

669 4477 770 4529 lem
800 4483 853 4528 et
881 4473 1178 4528 simulacris
1201 4473 1432 4527 deditum
1459 4475 1646 4527 vocet?
1672 4473 1737 4527 Et
1764 4483 1938 4536 tamen
1968 4474 2114 4542 cupit
2138 4488 2225 4528 es-

669 4578 748 4626 se,
782 4562 944 4630 quod,
973 4565 1092 4631 quia
1133 4561 1221 4623 sit,
1265 4576 1367 4616 non
1400 4565 1510 4615 vult
1558 4563 1764 4617 audire.
1815 4561 1949 4617 Dicit
1997 4562 2226 4618 fortasse

670 4653 893 4720 quilibet
916 4667 981 4706 ex
1014 4651 1173 4720 ipsis,
1211 4650 1476 4718 quomodo
1504 4651 1657 4707 idolis
1683 4652 1900 4718 serviat,
1931 4653 2022 4721 qui
2051 4656 2223 4708 terre-

674 4747 752 4798 nis
782 4742 1060 4798 desideriis
1088 4741 1324 4794 aestuat?
1354 4742 1513 4806 Audi,
1564 4744 1799 4812 quisquis
1827 4744 1914 4798 ille
1940 4759 2019 4810 es,
2064 4744 2226 4798 ratio-

674 4851 793 4892 nem
825 4835 1058 4888 breviter
1085 4847 1100 4885 :
1133 4833 1272 4888 Deus
1303 4833 1406 4907 ﬁde
1459 4834 1714 4889 colendus
1761 4844 1862 4900 est,
1892 4834 2022 4890 ﬁdes
2052 4845 2223 4892 autem

676 4923 976 4991 cognitione
1017 4920 1111 4974 Dei
1161 4923 1422 4988 consistit,
1469 4925 1699 4993 cognitio
1729 4939 1857 4979 vero
1886 4923 1978 4978 Dei
2008 4925 2058 4978 in
2091 4926 2227 4979 obe-

674 5012 871 5066 dientia
911 5018 1291 5078 praeceptorum
1332 5013 1664 5081 intelligitur,
1697 5015 1817 5081 quia
1845 5023 1898 5068 ct
1938 5012 2128 5066 Paulus
2159 5013 2225 5066 de

679 5098 991 5165 quibusdam
1033 5096 1197 5152 dicit:
1229 5100 1542 5168 Conﬁtentur
1586 5117 1638 5153 se
1680 5118 1822 5155 nosse
1865 5101 2051 5166 Deum,
2083 5104 2228 5169 [actis

680 5198 844 5239 auum
873 5192 1060 5254 negant
1083 5184 1206 5252 (Tit.
1239 5202 1276 5250 ι,
1303 5186 1413 5256 16).
1449 5189 1512 5242 Et
1537 5190 1766 5243 Joannes
1797 5191 1845 5241 itt
1872 5190 2104 5256 Epistola
2133 5205 2225 5242 sua

684 5277 794 5328 tunc
821 5275 1004 5329 eadem
1039 5283 1352 5332 attestatur:
1397 5277 1494 5343 Qui
1539 5280 1657 5331 dicit
1690 5297 1740 5331 se
1769 5296 1912 5332 nosse
1959 5281 2140 5343 Deum,
2184 5291 2227 5332 et

685 5367 924 5418 mandata
963 5367 1074 5433 ejus
1108 5383 1201 5420 non
1233 5371 1468 5430 custodit,
1498 5372 1714 5422 mendax
1743 5383 1812 5423 est
1845 5371 2022 5440 (Joan.
2059 5387 2115 5438 tt,
2153 5372 2224 5441 4).

686 5458 823 5511 heus
849 5459 1023 5525 itaque
1043 5458 1188 5525 jubet
1211 5461 1605 5525 abstinentiam,
1637 5465 1883 5530 antiquus
1917 5465 2082 5516 hostis
2107 5479 2229 5537 per-

682 5547 864 5603 suadet
905 5549 1276 5610 voracitatem;
1333 5551 1419 5602 ille
1466 5553 1684 5618 imperat
1731 5554 2092 5610 sobrietatem,
2136 5555 2228 5606 istc

2327 4380 2526 4451 gultum
2558 4382 2808 4438 invidiam
2846 4384 3032 4454 gignit,
3068 4385 3267 4444 Jacobo
3293 4399 3610 4459 attestante,
3635 4387 3718 4462 qui
3751 4391 3806 4445 ait
3831 4413 3837 4438 :
3864 4391 3865 4448 ἶ

2327 4474 2403 4526 Αη
2433 4475 2618 4544 putatis
2642 4477 2763 4545 quia
2784 4477 3003 4532 inaniter
3024 4478 3294 4544 Scriptura
3329 4481 3448 4535 dicit
3481 4498 3502 4536 :
3543 4483 3627 4537 Ad
3645 4465 3865 4538 insiliunt3

2325 4565 2632 4632 concupiscit
2670 4567 2877 4634 spiritus
2921 4568 3007 4634 qui
3035 4567 3229 4622 habitat
3251 4571 3302 4622 in
3343 4571 3484 4623 vobis
3516 4572 3661 4642 (Jac.
3682 4585 3748 4635 tv,
3769 4555 3865 4642 5M

2329 4654 2460 4709 [line
2509 4670 2601 4724 per
2642 4655 2976 4713 Salomonem
3027 4657 3223 4712 dicitur
3272 4677 3285 4712 :
3341 4656 3724 4730 Contemplatus
3764 4675 3842 4713 tu

2328 4758 2494 4796 omnes
2523 4744 2715 4797 labores
2739 4745 3016 4809 hominum,
3046 4755 3092 4798 et
3128 4747 3432 4810 industrios,
3466 4757 3517 4801 et
3551 4745 3838 4802 anisuduni

2328 4840 2496 4898 patere
2515 4833 2718 4885 invidit:
2746 4833 2964 4898 proximi
2991 4832 3158 4902 (Eccl.
3189 4849 3261 4898 tv,
3289 4834 3367 4903 4).
3400 4834 3632 4892 Constat
3657 4848 3836 4904 anu:

2330 4931 2382 4976 et
2408 4937 2589 4976 verum
2632 4926 2858 4991 estquia
2888 4924 2939 4978 in
2990 4924 3090 4978 hoc
3137 4925 3256 4978 aliis
3300 4925 3612 4983 invidemus
3638 4926 3837 5000 quilla

2330 5014 2440 5068 sive
2483 5015 2535 5067 in
2569 5015 2724 5067 rebus
2754 5017 3153 5082 temporalibus,
3182 5017 3294 5069 sive
3337 5017 3390 5070 in
3429 5019 3628 5074 mundi
3671 5015 3840 5074 Latiari-

2332 5105 2427 5157 bus
2475 5105 2671 5171 :cquari
2713 5106 2972 5159 volumus.
3009 5105 3159 5160 Unde
3192 5107 3278 5176 qui
3311 5106 3840 5165 mortiferuminvidir

2332 5187 2472 5247 virus
2499 5194 2686 5261 quaerit
2715 5194 3069 5263 exstinguere,
3099 5197 3308 5250 studeat
3350 5210 3585 5256 necesse
3603 5199 3750 5256 estis
3771 5201 3840 5250 aut

2331 5281 2525 5335 saeculo
2565 5281 2690 5334 nihil
2738 5281 2876 5349 quod
2918 5291 3153 5337 transeat
3199 5299 3263 5337 es
3309 5283 3588 5346 desiderio
3613 5297 3842 5360 quercu;

2331 5373 2507 5426 audiat
2553 5374 2778 5440 denique
2825 5375 2976 5441 cujus
3028 5375 3322 5430 membrum
3373 5378 3443 5430 sit
3489 5377 3730 5448 quisquis
3771 5375 3840 5428 ια

2333 5463 2512 5517 vitium
2537 5477 2722 5516 cavere
2752 5463 2981 5531 negligit.
3012 5463 3278 5533 Scriptum
3302 5467 3502 5535 quippe
3531 5479 3622 5526 est
3647 5487 3664 5523 :
3691 5465 3838 5523 ιιιΗῦ

2337 5552 2526 5606 diaboli
2557 5569 2688 5607 mors
2718 5555 2937 5606 introivit
2962 5555 3013 5608 in
3037 5557 3203 5609 orbem
3225 5564 3478 5611 terrarum
3503 5555 3670 5634 (Sep.
3689 5553 3836 5624 [1,”)-
