3910 6234
47 212 174 265 l‘lh‘l

1251 211 1471 268 SEIUIO
1515 209 1597 263 DE
1637 209 2068 267 CUl’Iltl'l‘ATE.

3138 218 3273 273 {28.4.

47 323 326 372 Imitantur
358 327 530 372 autem
562 318 707 373 illum
737 321 824 388 qui
857 329 1065 374 suntex
1101 331 1250 388 parte
1287 322 1420 387 ejus.
1464 320 1604 373 Inter
1635 321 1835 379 Alium
1876 325 2048 391 populi
2093 323 2207 388 mei,
2264 332 2316 374 ut
2366 333 2523 377 essent
2573 324 2732 377 vidum
2777 326 2951 391 pra-da
3002 343 3171 379 eorum
3220 339 3268 378 et

46 416 154 461 tunc
185 418 368 462 autem
413 410 683 464 sciendum
715 412 866 463 nobis
909 421 990 463 est
1039 411 1158 478 quia
1201 421 1326 463 sunt
1373 411 1608 464 nonnulli

47 505 127 566 qui
158 501 212 552 in
239 499 441 554 divitiis
477 501 556 554 vel
589 501 878 554 honoribus
908 501 1039 554 alios
1066 501 1288 569 quidem
1336 501 1609 570 praecelle-

50 609 99 643 re
133 594 346 656 volunt,
375 593 468 646 sed
499 602 669 647 tamen
701 607 795 648 eos
823 607 953 659 quos
985 599 1106 645 ante
1137 591 1212 645 ire
1242 607 1346 645 non
1395 601 1613 660 possunt

49 684 271 736 minime
293 683 676 751 insequuntur:
712 683 948 735 nonnulli
984 697 1110 736 vero
1135 691 1278 734 tanta
1307 683 1611 736 invidentia:

48 778 260 828 ﬂamma
307 775 561 829 adversus
589 789 682 830 eos
722 776 1100 838 accenduntur,
1147 785 1202 828 ut
1245 791 1395 843 ecquo
1436 777 1612 830 animo

45 867 119 918 vel
167 868 334 920 rectis
363 867 536 921 oculis
563 881 892 934 nequaquam
936 867 1056 918 illus
1089 867 1352 934 :espicere
1382 866 1608 931 possint.

45 955 174 1006 llinc
229 955 390 1008 etiam
445 956 678 1008 exoritur
729 955 996 1009 homicid'l
1052 955 1348 1022 meditatio,
1400 965 1453 1010 et
1513 955 1612 1009 nisi

42 1043 266 1097 effectus
306 1044 656 1112 perpetrardi
708 1037 962 1098 divinitus
990 1044 1349 1109 subtrahatur,
1383 1053 1472 1097 aut
1525 1059 1615 1098 oc-

43 1132 180 1184 culte
226 1135 419 1185 veneni
450 1133 815 1199 suffocatione,
848 1134 930 1187 vel
983 1133 1218 1201 quolibet
1249 1132 1482 1200 ingenio,
1521 1141 1613 1186 aut

43 1230 224 1285 aperte
275 1222 377 1274 isto
416 1224 668 1275 materiali
727 1222 901 1288 gladio
943 1223 1044 1276 vita
1099 1222 1396 1290 perimitur.
1458 1221 1610 1285 Quod

45 1311 298 1364 videlicet
326 1311 522 1364 idcirco
544 1312 753 1379 quidam
786 1322 1059 1379 peragunt,
1087 1322 1142 1364 ut
1172 1313 1273 1365 illis
1296 1311 1609 1378 peremptis,

43 1401 279 1466 qualibet
309 1411 422 1454 arte
451 1401 587 1454 bona
612 1403 819 1454 illorum
851 1404 934 1456 vel
963 1405 1186 1456 honores
1219 1402 1412 1470 injuste
1440 1401 1609 1468 prori~

42 1491 190 1553 piant
217 1506 233 1551 ;
265 1489 476 1556 quidam
511 1503 634 1543 vero
664 1505 765 1543 non
799 1499 855 1543 ut
878 1491 1045 1544 aliena
1077 1482 1222 1545 lucra
1253 1495 1336 1544 vel
1372 1492 1611 1544 ministe-

43 1580 114 1628 ria
147 1587 524 1646 assequamur,
555 1579 649 1633 sed
678 1589 880 1634 tantum
924 1589 980 1633 ut
1026 1581 1098 1634 illi
1147 1579 1340 1648 quibus
1370 1581 1612 1637 invident

1713 412 1934 478 pupillos
1982 401 2253 478 diriperent
2278 412 2408 480 (lsa.
2443 429 2492 479 x,
2535 414 2605 480 l).
2639 414 2806 483 Leges
2833 416 3028 469 etenim
3060 416 3265 483 iniquas

1712 503 1964 566 condunt,
1995 515 2048 557 ct
2085 505 2376 557 scribentes
2402 503 2710 571 injustitiam
2747 506 3002 569 scribunt,
3051 508 3140 573 qui
3187 507 3267 557 lo-

1712 592 1943 648 cutionis
1968 606 2075 648 sum
2099 594 2236 660 stylo
2262 602 2384 646 ante
2406 592 2665 646 humanos
2695 593 2876 646 oculos
2907 609 3066 661 prave
3095 596 3264 646 disse-

1713 691 1832 733 runt
1871 681 2009 749 quod
2059 681 2200 734 intus
2239 682 2291 734 in
2329 681 2578 734 cordibus
2620 680 2729 734 suis
2777 692 2920 736 recte
2965 693 3220 736 noverunt
3253 700 3265 742 ;

1713 768 1778 822 ad
1814 783 1947 837 quos
1997 769 2234 838 proiecto
2281 769 2600 823 lamentabili
2651 784 2780 824 voce
2827 771 2964 824 idem
3015 772 3269 838 pr0pheta

1714 871 2018 911 sermonem
2064 857 2242 926 dirigit
2285 871 2404 910 cum
2449 855 2761 926 subiungit:
2807 859 2942 922 Quid
2989 859 3188 926 facietis
3221 860 3272 910 in

1714 943 1796 996 die
1832 943 2132 997 uisitationis
2159 952 2203 996 et
2232 942 2540 996 calamitatis
2592 945 2654 996 de
2697 945 2845 1013 longe
2891 947 3130 997 venientis
3155 948 3178 997 .’
3205 948 3273 997 ad

1714 1035 1857 1102 cujus
1888 1035 2090 1102 fugietis
2121 1034 2417 1086 auxilium?
2454 1043 2500 1086 et
2546 1035 2632 1086 ubi
2677 1035 3030 1103 derelinquetis
3056 1036 3273 1104 gloriam

1713 1134 1924 1174 vestram
1972 1120 2129 1189 (Ibid.
2162 1123 2253 1192 5)?
2303 1123 2503 1188 Quibus
2551 1123 2708 1177 etiam
2754 1127 3128 1179 comminando
3180 1142 3273 1193 per

1715 1213 1994 1282 quemdam
2025 1216 2313 1284 sapientem
2338 1229 2518 1268 sermo
2539 1214 2757 1268 divinus
2788 1215 3022 1283 loquitur
3050 1217 3231 1270 dicens
3260 1235 3270 1267 :

1716 1305 1899 1354 Audite
1928 1319 2064 1371 reges
2086 1314 2132 1355 et
2161 1304 2442 1370 intelligite,
2468 1303 2646 1356 discite
2662 1304 2861 1373 judices
2885 1306 3063 1370 ﬁniunt
3095 1313 3271 1370 term,

1717 1396 1926 1462 prtebete
1956 1412 2102 1448 aures
2126 1412 2215 1449 vos
2243 1397 2328 1460 qui
2359 1398 2622 1469 continetis
2653 1400 3019 1464 multitudines,
3071 1411 3116 1455 et
3157 1402 3270 1469 pla-

1716 1486 1834 1538 cetis
1883 1485 2014 1538 vobis
2057 1485 2109 1535 in
2149 1485 2306 1537 turbis
2338 1487 2646 1537 nationum:
2677 1489 2917 1554 quoniam
2962 1491 3086 1541 data
3129 1500 3202 1543 est
3246 1509 3278 1544 a

1719 1573 1937 1626 Domino
1959 1584 2174 1642 potestas
2199 1574 2360 1638 vobis,
2384 1583 2431 1625 et
2452 1575 2606 1628 virtus
2637 1575 2699 1627 ab
2725 1577 2998 1640 Altissimo,
3016 1581 3101 1646 qui
3128 1581 3278 1633 inter-

45 1669 238 1721 eadem
261 1670 536 1733 amittant;
560 1670 696 1737 quod
726 1669 767 1723 si
799 1671 952 1723 etiam
988 1669 1197 1723 illorum
1222 1671 1376 1722 vitam
1407 1674 1612 1726 exstin-
1645 1648 1690 1705 Β
1719 1663 1914 1732 rogabit
1943 1680 2094 1730 ομεντι
2125 1672 2306 1727 mtta.
2333 1673 2376 1716 et
2402 1666 2729 1733 cogitationes
2757 1669 3067 1721 scrutabitur
3100 1685 3120 1722 :
3151 1686 3274 1737 quo-

51 1771 222 1822 guere
267 1767 550 1826 nequeant,
585 1768 830 1811 tenentur
860 1767 1031 1811 tamen
1070 1757 1178 1825 jam
1234 1758 1501 1812 homicidii
1534 1761 1610 1815 rei

44 1861 106 1897 ex
141 1847 257 1913 ipsa
290 1848 394 1899 odii
428 1847 785 1904 meditatione.
817 1846 962 1902 Unde
1004 1844 1237 1900 Joannes
1285 1863 1497 1917 quoque
1557 1852 1608 1904 in

44 1934 282 2000 Epistola
311 1949 406 1988 sua
437 1937 572 1990 dicit
600 1954 612 1988 :
650 1936 826 1990 Omnis
853 1937 937 2004 qui
966 1938 1070 1990 odit
1101 1941 1311 2003 fratrem
1338 1953 1482 1991 suum
1515 1940 1608 1992 ho-

43 2023 234 2075 micida
256 2034 347 2076 est.
396 2023 459 2078 Et
485 2025 626 2078 scitis
663 2025 782 2092 quia
811 2027 976 2078 omnis
1023 2026 1274 2078 homicida
1310 2043 1411 2080 non
1462 2028 1610 2081 habet

46 2114 396 2165 hereditatem
427 2115 475 2166 in
521 2131 673 2185 regno
708 2115 894 2168 Christi
938 2125 985 2168 et
1031 2116 1124 2169 Dei
1168 2115 1346 2182 (Joan.
1379 2131 1460 2181 ιιι,
1493 2116 1600 2186 15).

47 2204 143 2256 Lbi
193 2213 372 2258 autem
402 2205 540 2274 jugis
589 2206 695 2260 odii
747 2205 1022 2261 meditatio
1060 2207 1332 2273 insederit,
1387 2208 1616 2262 nocendi-

43 2309 259 2365 qeoque
289 2297 488 2350 malitia
519 2313 624 2352 non
649 2299 835 2353 deerit.
884 2300 1102 2368 lnquirit
1154 2312 1378 2368 namque
1405 2287 1611 2366 se'mper

44 2385 227 2440 inlelix
255 2387 308 2440 in
341 2403 444 2455 quo
474 2389 735 2444 viventem
767 2391 958 2444 lmdere
990 2389 1177 2458 possit,
1207 2403 1365 2457 quem
1410 2397 1465 2441 ut
1511 2403 1606 2441 vo-

45 2480 137 2530 luit
163 2480 430 2546 perimere
449 2478 680 2534 funditus
711 2495 815 2534 non
839 2482 1024 2550 potuit.
1059 2479 1240 2548 Jungit
1263 2481 1606 2547 semetipsum

45 2572 295 2626 amicitiis
346 2572 558 2627 inimico
599 2573 679 2627 vel
724 2573 990 2627 causidico
1029 2573 1190 2639 illius,
1239 2572 1322 2626 cui
1365 2570 1608 2625 fortassis

50 2663 254 2724 pridem
305 2678 404 2717 nec
432 2664 605 2732 eloqui
652 2664 890 2728 volebat;
922 2675 977 2718 et
1009 2678 1127 2718 cum
1171 2678 1267 2730 pro
1304 2673 1450 2718 certo
1477 2664 1609 2718 sciat

44 2753 186 2818 quod
211 2752 327 2804 sine
353 2767 510 2806 causa
543 2753 806 2806 calumnia
837 2753 982 2807 illum
1018 2763 1280 2820 torqueat,
1312 2766 1417 2806 non
1449 2767 1606 2807 vere-

41 2854 122 2894 tur
158 2854 358 2906 tamen,
395 2843 519 2895 dum
552 2852 733 2897 contra
767 2859 925 2898 unum
950 2843 1119 2908 srevit,
1167 2856 1260 2908 pro
1288 2842 1454 2897 altero
1481 2857 1605 2910 per-

33 2931 235 2996 jurium
268 2934 350 2986 vel
383 2933 575 2986 falsum
607 2935 969 2988 testimonium
1003 2943 1322 3002 perpetrare,
1372 2947 1467 2986 nec
1517 2945 1604 2985 re-

43 3022 293 3073 cordatur
321 3021 463 3074 illius
510 3021 785 3074 sententia:
816 3037 916 3089 qua
958 3022 1149 3075 dicitur
1178 3041 1189 3072 :
1224 3037 1378 3088 neque
1407 3020 1604 3090 perjuri

38 3125 251 3180 regnum
302 3109 396 3162 Dei
449 3109 774 3176 possidebunt
827 3110 873 3178 (l
927 3109 1044 3163 Cor.
1093 3125 1176 3172 xv,
1227 3108 1303 3176 5).
1340 3108 1406 3162 Et
1436 3111 1605 3164 illud:

40 3197 204 3250 Testis
235 3199 398 3265 falsus
425 3214 524 3250 non
550 3200 645 3251 erit
670 3199 945 3266 impunitus
975 3196 1160 3267 (Prov.
1190 3211 1296 3262 xtx,
1327 3196 1404 3265 9).

111 3289 168 3341 6.
202 3288 319 3343 lam
335 3303 464 3342 vero
478 3289 700 3357 qualiter
723 3303 978 3357 pauperes
995 3304 1022 3341 a
1037 3288 1288 3342 divitibus
1309 3288 1608 3356 oppriman-

43 3387 148 3441 tur,
164 3377 428 3444 quibusve
449 3375 619 3430 modis
630 3385 785 3444 atque
803 3376 1024 3444 ingeniis
1046 3375 1314 3428 laboribus
1336 3373 1448 3428 suis
1468 3374 1609 3428 l‘rau-

43 3467 261 3529 dentur,
278 3465 482 3533 plenius
501 3465 589 3519 vel
612 3465 683 3518 illi
712 3463 798 3534 qui
822 3471 1003 3534 agunt,
1030 3465 1110 3518 vel
1130 3464 1207 3517 illi
1227 3464 1318 3532 qui
1342 3464 1609 3531 patiuntur

43 3557 243 3619 sciunt,
267 3568 425 3623 quam
453 3566 548 3608 nos
569 3555 656 3623 qui
677 3554 791 3608 haec
812 3555 1002 3623 partim
1029 3570 1093 3608 ex
1117 3555 1306 3610 divinis
1331 3557 1606 3611 volumini-

45 3647 159 3705 bus,
192 3644 381 3711 partim
405 3656 471 3698 ex
503 3644 910 3712 opprimentium
938 3645 1335 3713 erumpentibus
1358 3645 1502 3701 foras
1524 3662 1611 3701 ne-

42 3734 318 3801 quissimis
347 3732 793 3787 machinationum
818 3733 981 3804 signis
1004 3734 1276 3790 addiscere
1300 3738 1606 3804 quaerimus.

42 3823 142 3876 Alii
178 3837 429 3892 namque,
454 3833 505 3876 et
531 3823 762 3877 maxime
786 3823 942 3893 hujus
979 3826 1154 3880 saeculi
1189 3826 1475 3896 principes,
1510 3825 1608 3880 hu-

44 3929 201 3974 mana
255 3923 456 3967 tantum
508 3914 672 3983 gratia
723 3914 1068 3984 quorumdam
1138 3917 1391 3984 justitiam
1448 3933 1607 3986 pravo

49 4005 258 4073 judicio
312 4005 657 4068 subvertunt,
709 4020 777 4059 ne
822 4006 1078 4074 judicium
1129 4021 1344 4061 suorum
1402 4008 1607 4064 animos

48 4096 294 4150 oll'endat
320 4113 334 4162 ;
366 4097 553 4152 timent
572 4099 730 4153 etiam
759 4098 1033 4152 seditionis
1068 4113 1229 4154 causa
1262 4104 1608 4169 temporalem

41 4188 299 4245 amittere
327 4189 604 4255 hunorem,
639 4190 740 4244 nisi
774 4189 924 4259 juxta
973 4192 1332 4246 ministrorum
1387 4208 1605 4248 suorum

43 4287 211 4349 agant
236 4281 582 4334 voluntatem.
615 4280 1192 4337 Derivantsubtilitatis
1222 4284 1431 4351 ingenio
1464 4284 1605 4353 leges

45 4383 183 4438 quas
213 4369 295 4422 vel
326 4369 425 4438 ipsi
457 4371 540 4425 vel
564 4370 654 4425 alii
686 4373 1170 4442 promulgaverunt,
1201 4374 1264 4426 ad
1296 4373 1438 4427 aliud
1468 4374 1606 4443 quod

47 4461 183 4525 ipsa:
225 4473 326 4513 non
361 4471 579 4527 sonant,
620 4473 671 4516 et
700 4461 878 4516 tandiu
910 4462 1252 4517 calliditatum
1284 4466 1608 4533 argumentis

43 4553 319 4611 insistunt.
346 4566 620 4620 usquequo
641 4557 778 4626 quod
798 4555 998 4624 justum
1028 4567 1109 4610 est
1136 4555 1286 4625 quasi
1310 4566 1455 4611 recte
1487 4573 1608 4625 per-

42 4648 278 4696 vertant.
312 4641 386 4695 lta
412 4656 640 4713 namque
671 4644 938 4713 praefatam
967 4647 1122 4699 edicti
1152 4647 1317 4714 legem
1354 4654 1466 4700 arte
1493 4647 1608 4700 dia-

45 4733 218 4787 bolica
240 4735 518 4799 rimantur,
542 4739 775 4790 utetiam
799 4749 1176 4806 repugnantem
1200 4745 1433 4805 apertam
1451 4737 1606 4806 justi-

45 4827 176 4877 tiam
199 4823 265 4876 ad
287 4825 426 4892 quod
453 4822 548 4896 [ιη’.
573 4827 636 4880 ad
663 4815 842 4897 quem]
863 4829 1124 4883 voluerint
1147 4829 1435 4897 iniquitatis
1456 4841 1606 4882 erro-

47 4931 164 4970 rem
202 4914 492 4969 inllecmnt.
541 4916 741 4983 Quibus
773 4918 1018 4971 nimirum
1067 4928 1210 4972 recte
1242 4933 1334 4986 per
1358 4918 1543 4971 Isaiam
1576 4933 1604 4970 a

47 5008 272 5060 Domino
283 5006 476 5060 dicitur
497 5025 508 5060 :
526 5006 611 5063 Va:
639 5009 724 5076 qui
748 5009 914 5061 dicitis
937 5009 1122 5062 malum
1145 5009 1330 5061 bonum
1352 5018 1396 5060 et
1419 5009 1605 5061 bonum

48 5099 260 5162 malum,
286 5110 525 5166 ponentes
547 5102 772 5154 tenebras
795 5102 978 5164 lucem,
1005 5110 1049 5153 et
1073 5101 1232 5153 lucem
1252 5100 1496 5162 tenebras,
1514 5115 1607 5169 po—

51 5197 222 5242 nentes
245 5205 478 5242 amarum
507 5190 557 5243 in
597 5190 763 5254 dulce,
807 5201 854 5246 et
882 5192 1029 5244 dulce
1055 5193 1107 5244 in
1137 5207 1368 5244 amarum
1395 5191 1525 5262 (lsa.
1555 5207 1606 5256 v,

49 5278 162 5347 ΞΘ).
194 5279 254 5332 Et
280 5279 347 5333 de
390 5278 581 5348 quibus
621 5296 830 5334 rursum
881 5297 973 5349 per
1017 5281 1259 5334 eumdem
1300 5283 1606 5348 prophetam

53 5370 302 5424 Dominus
331 5369 560 5439 loquitur
599 5370 820 5439 dicens:
856 5370 947 5424 Vc
967 5372 1053 5439 qui
1084 5371 1303 5423 condunt
1352 5374 1483 5440 leges
1513 5373 1609 5423 ini-

51 5474 198 5528 quas,
229 5457 494 5513 scribentes
531 5459 850 5530 injustitiam.
900 5459 1224 5528 Scrip‘serunt
1263 5469 1315 5512 ut
1347 5463 1609 5530 opprime-

55 5559 164 5608 rent
188 5565 434 5624 pauperes
459 5552 510 5606 in
525 5551 746 5623 judicio,
787 5563 831 5607 et
859 5552 955 5606 vim
988 5551 1208 5620 facerent
1237 5568 1402 5606 causa:
1445 5553 1612 5605 humi-

1632 2981 1680 3044 C

1714 1753 1850 1804 niam
1881 1769 1992 1804 cum
2021 1753 2243 1805 ministri
2269 1755 2442 1806 essetis
2467 1755 2606 1822 regni
2635 1755 2794 1822 illius,
2837 1773 2938 1809 non
2966 1767 3096 1810 recte
3131 1759 3277 1827 judi-

1711 1846 1882 1908 castis,
1915 1860 2074 1910 neque
2101 1845 2393 1897 custodistis
2443 1845 2602 1914 legem
2634 1846 2866 1913 justitiaz,
2898 1863 3055 1908 neque
3099 1864 3276 1902 secun-

1713 1935 1832 1985 dum
1880 1936 2184 1988 voluntatem
2237 1935 2330 1987 Dei
2381 1936 2697 1990 antbulastis.
2755 1937 3020 1991 Horrende
3074 1948 3120 1992 et
3173 1942 3274 1994 cito

1712 2025 1977 2092 apparebit
2003 2025 2142 2077 vobis
2169 2040 2184 2075 :
2215 2027 2452 2092 quoniam
2488 2027 2741 2095 judicium
2769 2028 3097 2080 durissimum
3118 2031 3170 2082 in
3197 2030 3277 2082 his

1712 2117 1795 2183 qui
1825 2126 2048 2185 prwsunt
2075 2117 2180 2181 ﬁet,
2203 2126 2251 2167 et
2280 2126 2502 2182 potentes
2527 2126 2750 2185 potenter
2785 2127 3038 2173 tormenta
3069 2123 3270 2189 patien-

1713 2216 1815 2270 tur,
1862 2216 1907 2261 et
1947 2206 2236 2276 fortioribus
2268 2192 2463 2276 '{ortior
2503 2209 2658 2262 instat
2705 2211 2948 2263 cruciatio
2974 2212 2992 2278 (
3021 2212 3147 2282 Sap.
3195 2228 3268 2278 vt,
3324 2254 3329 2262 .

1711 2294 1745 2346 2
1771 2296 1924 2362 seq.).

1785 2383 1837 2438 7.
1883 2386 1984 2440 Alii
2033 2399 2160 2440 vero
2199 2386 2313 2440 sola
2355 2401 2532 2441 rerum
2581 2390 2944 2456 temporalium
2991 2391 3278 2459 cupidita.e

1706 2475 1962 2543 judicium
1992 2485 2192 2530 rectum
2212 2477 2368 2530 modo
2393 2488 2722 2544 pervertunt,
2749 2481 2908 2532 modo
2932 2492 3274 2545 conservant,
3355 2499 3359 2501 ·

1709 2568 1828 2634 quia
1861 2576 1912 2620 et
1966 2568 2054 2620 uni
2093 2568 2346 2634 iustitiam
2387 2571 2721 2637 subtrahunt,
2755 2583 2808 2624 et
2837 2573 3077 2626 eamdem
3119 2574 3270 2628 alteri

1710 2655 1960 2710 vendunt.
2006 2655 2124 2711 Dies
2154 2657 2242 2711 ille
2271 2659 2464 2720 etenim
2497 2659 2642 2730 [Leg.
2672 2660 2744 2713 De
2775 2661 2880 2713 illis
2930 2661 3152 2730 etenim]
3183 2665 3273 2731 qui

1709 2747 1944 2798 muneris
1997 2747 2303 2814 acceptione
2333 2758 2533 2802 rectum
2566 2757 2870 2815 pervertunt
2895 2750 3153 2817 judicium
3183 2767 3276 2820 per

1717 2835 1901 2888 Isaiam
1955 2836 2264 2904 prophetam
2323 2837 2518 2891 ludam
2573 2838 2769 2890 dicitur
2813 2857 2824 2889 :
2875 2837 3141 2908 Principes
3203 2842 3276 2893 tui

1710 2925 1962 2993 inﬁdeles,
2021 2928 2147 2979 socii
2190 2928 2382 2995 furum,
2442 2943 2612 2980 omnes
2656 2927 2879 2997 diligunt
2919 2945 3147 2996 munera,
3197 2947 3275 2984 se-

1713 3028 1938 3081 quuntur
1967 3018 2316 3072 retributiones
2340 3034 2359 3071 :
2389 3019 2587 3088 pupillo
2612 3035 2710 3070 non
2745 3021 3003 3088 judicant,
3036 3030 3082 3073 et
3122 3037 3275 3074 causa

1709 3110 1875 3164 vidua:
1903 3127 2006 3165 non
2035 3112 2328 3180 ingreditur
2341 3112 2408 3164 ad
2436 3129 2518 3164 eos
2543 3111 2675 3181 (lsa.
2711 3127 2744 3175 I,
2777 3111 2896 3182 25),
2928 3126 2991 3165 ac
3012 3113 3078 3168 de
3101 3113 3275 3180 quoli-

1709 3200 1797 3252 bet
1846 3213 2030 3253 eorum
2079 3199 2306 3266 Spiritus
2330 3208 2546 3254 sanctus
2591 3214 2683 3270 per
2711 3200 3054 3256 Salomonem-
3095 3201 3265 3256 dicit:

1712 3289 1810 3352 Qui
1839 3291 2097 3357 cognoscit
2131 3290 2185 3342 in
2206 3289 2408 3358 judicio
2451 3291 2651 3358 faciem,
2680 3306 2780 3342 non
2819 3291 2944 3358 facit
2982 3290 3124 3346 bene.
3167 3290 3276 3345 Iste

1708 3387 1753 3431 et
1782 3395 1871 3446 pro
1903 3377 2128 3432 buccella
2174 3379 2320 3444 panic
2349 3379 2532 3431 deserit
2572 3379 2826 3431 veritatem
2863 3379 3044 3448 (Prov.
3084 3396 3273 3444 xxvm,

1706 3466 1823 3538 21).
1875 3468 1940 3521 Ει
1988 3481 2238 3522 rursum:
2268 3469 2505 3536 Accipere
2553 3483 2819 3534 personam
2855 3469 3000 3551 impii
3048 3487 3149 3524 non
3199 3483 3273 3525 est

1710 3557 1913 3622 bonum,
1944 3567 1998 3610 ut
2023 3557 2244 3611 declines
2274 3575 2306 3611 a
2341 3561 2548 3611 veritate
2567 3558 2756 3626 judicii
2779 3558 2967 3628 (Prov.
3006 3576 3158 3626 xvm,
3193 3562 3269 3629 5).

1707 3645 1864 3701 Tales
1904 3645 2151 3701 nimirum
2189 3647 2430 3701 vitandos
2461 3662 2601 3710 esse,
2632 3648 2684 3701 in
2733 3650 2921 3703 eodem
2977 3649 3114 3704 libro
3153 3651 3264 3704 elo-

1708 3737 1887 3805 quium
1918 3737 2012 3791 Dei
2042 3738 2312 3804 admonet,
2343 3753 2462 3792 cum
2499 3737 2626 3792 dicit
2651 3757 2662 3791 :
2700 3737 2783 3791 Ne
2811 3739 3062 3792 tentuleris
3080 3742 3264 3804 malos,

1709 3842 1796 3880 nec
1827 3827 2081 3880 desideres
2130 3843 2237 3881 esse
2283 3843 2399 3880 cum
2449 3828 2540 3880 eis.
2567 3827 2699 3890 Quia
2750 3823 2958 3892 rapinas
3000 3829 3270 3881 meditatur

1707 3931 1846 3969 mens
1877 3932 2067 3982 eorum,
2100 3927 2144 3970 et
2178 3917 2385 3986 fraudes
2417 3917 2551 3968 labia
2577 3932 2750 3969 eorum
2779 3917 3052 3984 loquuntur
3083 3915 3264 3986 (Prov.

1711 4021 1858 4070 xxiv,
1893 4006 1966 4074 1).
1998 4006 2179 4072 Qualis
2220 4016 2396 4060 autem
2426 4005 2707 4060 retributio
2736 4007 2850 4059 illo
2891 4006 3256 4075 subsequitur,

1710 4098 1780 4151 ibi
1811 4097 2177 4151 manifestatur
2203 4111 2321 4151 cum
2351 4097 2546 4151 dicitur
2579 4114 2592 4151 :
2627 4097 2829 4166 Rapina
2867 4099 3144 4166 impiorum
3171 4102 3262 4154 de-

1710 4189 1870 4242 trahet
1899 4203 2004 4256 eos,
2034 4190 2152 4255 quia
2173 4189 2440 4240 noluerunt
2474 4193 2638 4256 facere
2659 4189 2909 4256 judicium
2942 4189 3117 4258 (Prov.
3153 4207 3262 4252 xxi,

1709 4277 1787 4346 7).
1819 4278 2018 4332 Horum
2050 4279 2481 4348 oppressionibus
2511 4280 2575 4332 ad
2608 4281 2896 4332 vindictam
2939 4281 3123 4347 judicii
3160 4281 3262 4334 Do-

1711 4368 1885 4422 minus
1918 4377 2257 4436 provocatur,
2288 4369 2423 4423 sicut
2451 4369 2566 4437 ipse
2611 4382 2705 4436 per
2735 4368 3066 4424 Psalinistam
3100 4380 3265 4424 testa-

1711 4471 1817 4524 tur,
1869 4461 2089 4515 dicens:
2124 4460 2340 4530 Propter
2388 4462 2647 4514 miseriam
2692 4462 2899 4530 inapum
2942 4472 2986 4514 et
3025 4463 3261 4531 gemitum

1707 4567 1988 4620 pauperum
2015 4567 2151 4603 nunc
2178 4567 2464 4620 exsurgam,
2498 4551 2623 4603 dicit
2656 4549 2903 4602 Dominus
2934 4550 3050 4620 (Ps.
3085 4567 3158 4615 xl,
3182 4552 3260 4615 (ὁ).

1710 4645 1752 4697 0
1794 4643 1942 4696 dives
1969 4644 1981 4695 ι
2015 4656 2046 4696 ο
2075 4642 2362 4710 cupiditate
2388 4656 2561 4695 caecus
2589 4642 2601 4692 l
2628 4654 2660 4694 ο
2689 4640 2851 4708 judex
2885 4645 3193 4708 perversos!
3221 4644 3264 4694 ei

1709 4747 1988 4801 pauperem
2011 4733 2274 4801 iacentem
2307 4731 2405 4785 sub
2436 4731 2655 4798 pedibus
2687 4731 2790 4783 tuis
2812 4729 3062 4798 despicis,
3095 4731 3263 4783 domi-

1709 4840 1831 4877 num
1861 4825 1975 4890 eius
2023 4833 2076 4876 et
2119 4831 2262 4876 tuum
2305 4828 2672 4888 exsurgentem
2704 4819 2958 4873 adversus
2988 4829 3038 4872 te
3069 4818 3257 4871 iratum

1708 4929 1803 4970 Cur
1832 4929 1936 4968 non
1966 4912 2318 4981 expavescis?
2346 4911 2494 4966 Solet
2515 4911 2654 4965 enim
2689 4911 2998 4977 plerumque
3020 4911 3088 4963 de
3116 4911 3263 4962 vobis

1709 5005 1940 5059 vindicta
1971 5004 2142 5057 subita
2197 5003 2330 5067 tieri,
2383 5015 2499 5053 ossa
2549 5003 2709 5055 etiam
2743 5009 2915 5053 vestra
2958 5008 3011 5052 et
3057 5013 3244 5052 carnes

1708 5106 1841 5149 sicut
1878 5095 2087 5148 cuidam
2116 5106 2282 5160 nuper
2307 5092 2595 5160 contigisse
2623 5101 2888 5154 narratur,
2921 5091 2973 5142 in
3001 5088 3263 5156 sepulcris

1709 5188 1827 5256 igne
1889 5185 2147 5238 consumi.
2209 5182 2312 5237 Sed
2373 5197 2490 5235 cum
2549 5195 2684 5233 unus
2745 5181 2813 5233 ad
2869 5178 3262 5233 damnationem

1708 5276 1987 5341 subtrahit,
2019 5290 2137 5328 cum
2177 5273 2432 5341 gehennae
2480 5269 2740 5324 incendiis
2769 5269 2953 5338 spiritu
2998 5269 3264 5335 mancipa-

1711 5380 1811 5430 tus,
1840 5369 1998 5421 etiam
2048 5368 2099 5419 iu
2145 5371 2490 5418 monumento
2521 5376 2744 5429 corpore
2787 5367 3092 5421 crematur;
3127 5358 3263 5411 alter

1710 5460 1771 5512 ad
1803 5458 2200 5526 oppressionem
2251 5452 2474 5522 nequius
2509 5447 2886 5504 inﬂammatur.
2921 5449 3052 5501 Audi
3091 5459 3257 5501 terre-

1712 5554 1791 5605 nis
1821 5548 2154 5606 felicitatibus
2182 5545 2348 5610 dives,
2372 5541 2676 5596 cmlestibus
2711 5541 2859 5595 bonis
2886 5554 3107 5607 egenus,
3139 5539 3257 5589 audi
