3910 6234
624 314 644 366 1
658 310 757 364 2183

1409 308 1463 361 S.
1510 306 1827 361 AMBBUSH
1868 304 2206 358 AU'I‘I‘El‘tTi
2249 301 2717 356 BENEVEN'I'ANI
2758 304 3034 359 ABBA'HS

3668 305 3758 359 18H

621 419 745 487 quid
766 417 855 471 tibi
878 416 1032 485 judex
1058 415 1291 467 omnium
1316 416 1458 468 Deus
1481 416 1602 468 dicit
1632 432 1644 465 :
1680 415 1797 467 Non
1823 416 1975 484 facies
1994 414 2171 465 violen-
2202 418 2247 470 Λ
2276 413 2524 478 acquiris,
2554 415 2676 480 quid
2720 424 2801 467 est
2829 414 2966 481 quod
2996 415 3233 467 arnittis?
3261 430 3346 469 res
3378 416 3552 483 utique
3580 419 3759 484 perituri

623 513 743 563 tiam
774 508 1005 577 pauperi,
1031 506 1150 574 quia
1174 505 1367 572 pauper
1392 514 1462 556 est
1489 522 1507 567 ;
1530 520 1683 573 neque
1712 516 1937 557 conteres
1964 518 2173 572 egenum

616 605 667 650 in
690 609 855 666 porta,
880 597 998 659 quia
1026 594 1529 662 Dominusjudicabit
1556 610 1757 645 causam
1793 598 1925 662 ejus,
1947 603 1990 645 et
2013 593 2174 654 con/i-

617 696 693 756 gel
721 703 802 739 eos
832 687 916 751 qui
945 685 1257 750 conﬁxerunt
1288 685 1508 733 animum
1533 685 1643 751 ejus
1675 680 1855 749 (Prov.
1892 696 2021 744 χιιι,
2054 680 2169 749 2‘2).

690 778 742 831 8.
784 778 847 829 At
878 783 1056 828 contra
1092 775 1142 827 bi
1174 775 1261 841 qui
1293 788 1505 826 causam
1555 776 1682 826 recti
1726 774 1907 841 judieii
1955 774 2173 839 prmmio

623 882 725 918 non
756 872 978 924 mutant,
1010 861 1103 913 sed
1134 862 1388 923 vendunt,
1420 862 1551 913 nihil
1580 876 1638 915 se
1666 862 1757 913 tali
1785 861 1837 914 in
1869 858 2007 914 facto
2035 860 2172 914 deli-

619 957 799 1021 quisse
851 952 1191 1014 existimant;
1225 959 1525 1018 proponunt
1578 951 1718 1004 enim
1767 950 1865 1004 sibi
1916 950 2168 1017 quasdam

621 1044 747 1095 risui
798 1040 984 1110 dignas
1018 1038 1239 1100 fabulas,
1272 1047 1325 1091 et
1369 1039 1549 1091 dicunt
1582 1056 1592 1089 :
1624 1038 1848 1092 Causam
1889 1037 2175 1107 cujuslibet

614 1133 786 1193 facere
818 1140 871 1184 et
902 1144 1091 1182 munus
1118 1142 1219 1180 non
1272 1128 1511 1194 accipere
1538 1128 1831 1195 angelicum
1863 1130 1963 1192 est,
1996 1126 2172 1180 facere
2198 1148 2214 1167 κ

611 1231 664 1274 et
692 1222 934 1287 accipere
974 1221 1258 1272 humanum
1308 1227 1388 1272 est
1417 1233 1433 1272 :
1464 1233 1566 1270 non
1610 1216 1784 1271 facere
1826 1227 1878 1271 et
1928 1219 2169 1284 accipere

609 1296 924 1367 diabolicum
950 1320 1057 1366 est.
1094 1312 1236 1376 Quos
1264 1325 1360 1378 ego
1391 1308 1718 1379 interrogare
1748 1309 1956 1372 studeo,
1991 1319 2165 1363 utrum

611 1404 713 1456 hoc
761 1398 903 1471 quod
934 1402 1239 1455 humanum
1268 1402 1473 1467 dicunt,
1505 1408 1777 1469 peccatum
1808 1404 1895 1465 sit,
1924 1415 1989 1454 an
2023 1403 2167 1454 non?

614 1492 805 1553 Dicite,
836 1504 1036 1558 quieso,
1067 1490 1109 1542 si
1158 1477 1401 1543 mandata
1453 1490 1543 1544 Dei
1577 1491 1774 1544 violare
1808 1501 2078 1558 peccatum
2106 1494 2173 1544 sit

615 1595 682 1633 an
730 1594 830 1633 non
874 1578 980 1633 sit?
1012 1579 1243 1633 Etce'rte
1273 1580 1324 1633 in
1366 1578 1549 1635 "verbis
1583 1581 1699 1645 Dei,
1756 1582 1805 1634 in
1842 1581 1955 1650 lege
1996 1582 2172 1635 divina

618 1672 939 1741 generaliter
969 1673 1170 1725 cunctis
1191 1673 1290 1725 sub
1316 1688 1419 1726 uno
1446 1672 1745 1740 prtecipitnr
1771 1692 1781 1725 :
1817 1672 1937 1727 Non
1957 1675 2170 1742 accipies

2277 515 2431 567 quam
2479 503 2730 566 acquiris,
2766 517 2849 556 res
2876 502 3095 570 semper
3128 518 3372 557 mansura
3403 520 3557 572 quam
3597 508 3757 561 amittis

2279 588 2390 652 Dic,
2413 589 2643 656 inquam,
2675 591 2812 655 quod
2841 590 2929 642 tibi
2964 590 3131 659 majus
3155 594 3436 658 prmmium
3458 598 3764 662 repromittam

2277 678 2463 743 potuit,
2495 693 2647 744 quam
2677 689 2731 732 ut
2763 690 2812 734 te
2842 694 2937 747 pro
2961 683 3076 735 solo
3099 682 3212 750 ejus
3235 696 3417 737 amore
3450 683 3761 753 reetasjudicii
3820 678 3821 753 ξ

2274 770 2563 823 sententias
2607 770 2956 838 proferentem
3002 772 3055 825 in
3080 773 3255 827 lilium.
3285 788 3578 840 assumens,
3601 792 3687 828 non
3705 792 3763 830 Su-

2275 856 2382 909 lum
2409 869 2653 927 tanquam
2687 872 2854 915 mater
2899 861 3092 928 foveat,
3140 877 3319 915 verum
3352 866 3509 917 etiam
3548 866 3762 933 plusquam
3820 858 3821 933 ἶ

2275 954 2441 999 mater
2462 948 2685 1001 internis
2703 950 2992 1005 visceribus
3015 952 3087 1004 lui
3104 953 3458 1007 misereatur?
3479 953 3558 1018 At,
3582 956 3765 1024 inquiunt

2274 1034 2443 1100 multi,
2492 1052 2593 1089 non
2625 1039 2909 1105 accipimus
2954 1040 3021 1095 de
3050 1042 3132 1095 his
3161 1043 3249 1106 qui
3293 1043 3471 1109 inopia
3506 1049 3764 1112 paupertatis

2274 1124 2530 1191 laborant,
2583 1128 2675 1181 sed
2723 1128 2788 1181 de
2824 1129 2903 1183 bis
2948 1132 3035 1200 qui
3062 1131 3257 1186 divitiis
3300 1133 3763 1204 ahundant;quihus

2274 1223 2487 1266 econtra
2531 1230 2627 1269 nos
2671 1216 2897 1270 dicimus
2936 1219 3184 1286 quoniam
3213 1219 3344 1272 nihil
3388 1218 3599 1273 interest
3633 1234 3762 1274 utrum
3820 1242 3821 1277 ξ

2274 1302 2419 1357 diviti
2465 1320 2529 1356 an
2580 1307 2793 1373 pauperi
2838 1308 3091 1374 justitiam
3122 1308 3211 1372 Dei
3243 1310 3361 1377 quis
3403 1312 3763 1365 vendat.Simili

2274 1390 2411 1442 enim
2444 1406 2507 1445 ex
2536 1402 2762 1461 utroque
2787 1409 2940 1462 pmna
2964 1396 3238 1463 plectatur,
3262 1397 3307 1451 si
3336 1399 3477 1466 quod
3508 1400 3589 1452 Dei
3609 1410 3676 1453 est
3692 1416 3764 1453 oon
3820 1392 3821 1401 “

2275 1480 2437 1548 gratis
2468 1482 2773 1547 exsolverit,
2805 1484 2898 1537 sed
2942 1485 3055 1538 suis
3097 1484 3298 1548 usibus,
3326 1486 3509 1551 lucris,
3537 1500 3672 1554 atque
3703 1504 3768 1540 ne-
3820 1510 3821 1537 ι

2274 1573 2434 1638 gotiis
2463 1574 2826 1638 applicaverit.
2856 1573 3041 1628 Solent
3069 1590 3278 1643 quoque
3308 1577 3361 1629 hi
3403 1578 3770 1642 muneris‘ipsius

2277 1674 2466 1713 nomen
2497 1661 2784 1723 immutari,
2807 1673 2861 1716 et
2885 1662 3066 1717 dicunt
3096 1679 3152 1718 se
3182 1680 3284 1718 non
3317 1682 3509 1719 munus
3530 1670 3767 1735 accepisse,

610 1778 840 1826 munera,
888 1762 1006 1828 quia
1052 1777 1259 1813 munera
1282 1772 1533 1816 exerceant
1580 1762 1758 1816 oculos
1780 1764 2079 1833 sapientum,
2123 1774 2168 1815 et

2280 1752 2366 1804 sed
2407 1750 2773 1805 salutationem
2803 1770 2816 1804 :
2848 1768 2980 1820 quos
3007 1755 3188 1822 utique
3229 1756 3409 1809 nescio
3441 1766 3602 1809 utrum
3643 1756 3768 1823 magis

609 1858 805 1903 mutant
824 1854 969 1904 verba
985 1854 1245 1921 justorum
1268 1850 1440 1920 (Deut.
1469 1867 1579 1915 xvr,
1606 1852 1716 1923 19).
1746 1855 1918 1928 Atque
1940 1855 2127 1907 iterum
2153 1872 2163 1905 :

609 1938 757 1992 Iuste
779 1940 913 2007 quod
931 1940 1128 2010 justum
1157 1950 1226 1994 est
1250 1942 1534 2009 exsequeris
1561 1940 1721 2009 (Ibid.
1752 1940 1867 2012 ‘20).
1895 1944 2169 2008 Quomodo

611 2030 751 2085 enim
800 2029 938 2098 iuste
986 2031 1123 2098 quod
1174 2031 1369 2098 justum
1417 2041 1505 2099 est,
1550 2029 1876 2101 exsequitur,
1923 2034 2011 2103 qui
2064 2050 2169 2088 non

611 2128 823 2186 propter
847 2118 1125 2187 justitiam,
1154 2118 1248 2172 sed
1287 2127 1504 2187 propter
1548 2121 1826 2186 pecuniam
1871 2121 1925 2174 in
1969 2122 2168 2189 judicio

610 2220 806 2264 rectam
850 2210 1168 2265 sententiam
1210 2208 1449 2276 proferre
1481 2210 1725 2265 videtur?
1753 2211 1861 2265 Cur
1888 2226 1993 2266 non
2022 2214 2169 2267 vide-

614 2301 703 2364 tis,
736 2299 939 2363 miseri,
968 2298 1019 2351 in
1068 2306 1319 2368 quantum
1350 2308 1524 2352 vestra
1567 2299 1790 2367 desipiat
1836 2299 2052 2367 locutio,
2081 2303 2170 2370 qui

613 2391 739 2443 dum
789 2389 1047 2443 malorum
1095 2389 1403 2458 angelorum
1452 2387 1588 2442 facta
1617 2391 1779 2443 verbo
1808 2389 2169 2467 detestamini,

615 2481 981 2547 bonorumque
1012 2480 1151 2535 dicta
1182 2477 1425 2543 laudatis,
1457 2480 1706 2548 operibus
1753 2480 2171 2549 blasphematis?

611 2566 719 2624 Cur
747 2568 883 2637 quod
914 2568 1139 2622 laudatis
1166 2584 1271 2622 non
1302 2569 1602 2632 imitamini,
1625 2570 1768 2623 sicut
1792 2570 1934 2646 quod
1963 2570 2172 2637 vitupe-

609 2658 740 2712 ratis
771 2658 1135 2712 detestamini!
1163 2661 1241 2712 An
1276 2659 1408 2712 forte
1436 2674 1531 2713 nec
1560 2660 1625 2712 ad
1656 2659 1915 2713 bonorum
1955 2659 2171 2727 angelo-

615 2763 732 2801 rum
764 2762 863 2801 nec
892 2749 957 2801 ad
989 2744 1243 2802 malorum
1275 2750 1539 2817 pertinere
1569 2763 1842 2802 numerum
1872 2764 1969 2803 vos
1998 2748 2172 2803 credi-

612 2838 699 2901 tis,
746 2836 832 2904 qui
875 2850 970 2889 nec
1018 2837 1153 2899 illos,
1184 2850 1281 2891 nec
1326 2837 1454 2891 isms
1509 2837 1704 2892 imitari
1734 2838 2030 2891 conamini?
2065 2838 2170 2894 Sed

615 2927 778 2979 nolite
825 2938 917 2977 vos
943 2923 1145 2989 fallere,
1172 2927 1487 2991 diabolicum
1517 2936 1599 2980 est
1624 2927 1840 2981 omnino
1860 2927 2115 2996 quidquid
2142 2942 2173 2979 a

614 3014 888 3078 prteceptis
932 3013 1024 3067 Dei
1067 3014 1271 3067 videtur
1297 3015 1531 3070 deviare.
1557 3016 1673 3081 Quo
1701 3027 1883 3070 contra
1936 3017 2005 3071 de
2028 3016 2172 3085 justo

611 3102 782 3169 judice
812 3111 952 3154 recte
979 3101 1101 3155 alibi
1135 3102 1328 3168 dicitur
1360 3121 1373 3154 ε
1410 3103 1511 3168 Qui
1542 3107 1729 3156 excutit
1758 3122 1939 3158 manus
1964 3122 2082 3159 suas
2110 3106 2172 3157 ab

611 3191 750 3242 omni
769 3207 994 3254 munere,
1024 3192 1116 3243 iste
1136 3194 1187 3244 in
1209 3192 1417 3245 excelsis
1440 3178 1684 3245 habitabit
1712 3191 1842 3261 (Isa.
1874 3208 2031 3259 xxxv,
2059 3196 2170 3264 15).

627 3277 723 3331 Ubi
753 3278 1170 3332 subaudiendum
1215 3290 1319 3343 est,
1341 3268 1465 3348 quia
1494 3281 1535 3333 si
1568 3284 1612 3334 is
1636 3284 1724 3349 qui
1750 3297 1936 3336 manus
1962 3298 2085 3337 suas
2109 3284 2176 3336 ab

614 3367 757 3419 omni
789 3381 1007 3420 munere
1036 3369 1250 3432 excutit,
1297 3368 1347 3421 in
1394 3370 1619 3422 excelsis
1646 3368 1923 3435 habitabit,
1954 3373 2042 3439 qui
2074 3372 2175 3425 hoc

616 3472 718 3509 non
753 3456 897 3522 facit,
928 3471 1032 3527 non
1065 3460 1115 3509 in
1147 3458 1367 3512 excelsis
1394 3461 1673 3524 caelorum,
1703 3462 1797 3514 sed
1827 3462 1879 3514 in
1909 3461 2176 3527 inferiorig

618 3550 725 3626 bus.
764 3557 938 3613 terrae,
990 3549 1178 3616 quibus
1206 3537 1355 3602 inieri
1406 3549 1766 3614 declarantur,
1796 3552 2068 3605 naanebit.’
2096 3552 2178 3605 Ab

618 3639 715 3688 hac
746 3637 976 3689 muneris
1006 3637 1315 3703 acceptione
1346 3638 1633 3692 immunem
1660 3654 1717 3692 se
1746 3640 1960 3693 Samuel
1992 3651 2174 3694 osten-

617 3730 788 3792 debat,
824 3744 941 3781 cutn
963 3730 1034 3780 de
1077 3729 1369 3794 principatu
1403 3731 1568 3795 plebis
1598 3728 1898 3784 Israeliticae
1939 3731 2175 3799 deiectus

617 3802 827 3871 dicebat
855 3858 865 3867 .
895 3816 919 3869 l
930 3827 1077 3883 taque
1102 3824 1418 3869 conversatus
1448 3834 1618 3870 coram
1643 3820 1780 3872 vobis
1808 3820 1869 3870 ab
1891 3820 2180 3872 adolescen-

617 3911 689 3958 tia
716 3921 825 3969 mea
848 3921 1017 3971 iusque
1041 3906 1107 3957 ad
1138 3906 1271 3957 diem
1315 3896 1464 3971 lianc,
1496 3894 1605 3961 ecce
1633 3920 1816 3975 prmio
1847 3925 1981 3974 sum,
2013 3910 2174 3978 loqui-

622 3998 745 4049 mini
775 3998 836 4048 de
865 4011 943 4048 me
971 4013 1141 4049 curam
1171 3996 1403 4059 Domino,
1449 4008 1494 4049 et
1533 4014 1702 4050 coram
1725 3999 1917 4051 christo
1965 4002 2095 4068 ejus,
2138 4000 2184 4051 si

618 4092 681 4138 de
714 4103 865 4138 manu
887 4088 1181 4156 cujusquam
1210 4103 1393 4138 munus
1423 4088 1611 4153 accepi,
1640 4098 1685 4139 et
1710 4098 2020 4140 contemnam
2049 4087 2180 4139 illud

624 4176 791 4240 hodie,
823 4176 1182 4242 restituamque
1228 4176 1359 4227 vobis
1389 4173 1441 4243 (ι
1472 4174 1599 4244 Reg.
1630 4192 1722 4239 xu,
1750 4167 1833 4243 2).~
1864 4177 1928 4228 Et
1952 4191 2017 4228 ne
2047 4176 2202 4229 forte-

624 4270 667 4319 is
691 4268 779 4335 qui
829 4267 942 4319 sine
987 4266 1203 4332 prmmio
1226 4265 1548 4328 donationis,
1577 4267 1746 4333 legum
1782 4266 2010 4332 justitias
2039 4274 2183 4319 recte

624 4358 881 4421 defendit,
934 4359 1048 4410 sine
1092 4357 1266 4408 divina
1315 4358 1806 4424 recompensatione
1843 4357 1995 4423 inops
2021 4358 2180 4424 spiri-
2215 4358 2488 4451 I)inutitia
2518 4366 2566 4408 et
2592 4358 2786 4421 nociva,
2816 4372 2928 4426 qua:
2968 4368 3198 4435 mergunt
3236 4359 3471 4411 homines
3512 4360 3564 4411 iu
3596 4355 3790 4409 inuri!!!

628 4450 847 4503 tualium
894 4462 1167 4500 munerum
1200 4447 1425 4499 existere
1452 4446 1777 4508 crederetur,
1820 4447 2052 4499 occurrit
2084 4447 2184 4497 Do-

633 4540 827 4602 minus,
859 4547 909 4591 et
934 4540 1186 4605 propheta
1217 4538 1549 4589 admonendo
1579 4538 1590 4605 1
1619 4522 1969 4607 admonente]
2012 4552 2189 4606 repro-

631 4630 793 4683 mittit
821 4630 1036 4680 dicens:
1066 4629 1283 4691 Quterite
1321 4630 1594 4699 judicium,
1641 4630 1889 4682 subvenite
1929 4644 2189 4696 oppresso,

627 4720 860 4790 judicate
892 4718 1111 4785 pupillo,
1156 4717 1405 4784 defendite
1434 4718 1657 4781 viduam,
1691 4728 1793 4771 etc.
1826 4736 1841 4781 ;
1871 4728 1917 4770 et
1946 4720 1987 4771 si
2009 4721 2192 4786 fuerint

638 4818 840 4873 peccata
858 4816 1017 4857 vestra
1034 4815 1085 4857 ut
1109 4808 1383 4871 coccinum,
1398 4808 1539 4873 quasi
1558 4809 1643 4858 nia:
1660 4808 2059 4871 dealbabuntur;
2084 4818 2130 4861 et
2148 4811 2193 4860 si

638 4897 827 4964 fuerint
856 4894 1010 4947 rubra
1050 4897 1195 4961 quasi
1237 4897 1553 4963 vermiculus,
1598 4899 1726 4948 velut
1769 4897 1888 4948 lana
1914 4897 2028 4949 alba
2052 4907 2192 4951 erunt

637 4987 766 5051 (Isa.
795 5003 829 5050 ι,
849 4986 961 5053 ΓΙ).
989 4986 1119 5038 Hinc
1148 4987 1585 5053 perSalomonem
1612 4988 1957 5042 inazstimabili
1983 4992 2190 5057 pietatis

633 5077 821 5129 all‘ectu
852 5076 1076 5141 loquitur
1104 5086 1157 5129 et
1183 5075 1309 5127 dicit
1336 5095 1347 5126 :
1383 5076 1446 5129 In
1470 5079 1754 5146 judicando
1786 5087 1891 5131 esto
1916 5080 2192 5133 misericors

638 5164 847 5234 pupillis
871 5175 922 5216 ut
950 5172 1111 5233 pater,
1138 5175 1184 5216 et
1207 5180 1297 5230 pro
1314 5168 1415 5218 viro
1437 5170 1586 5219 matri
1608 5167 1833 5231 illorum,
1866 5179 1911 5221 et
1937 5170 2032 5221 eris
2060 5171 2193 5222 velut

640 5249 775 5323 ﬁlius
794 5256 1035 5309 Altissimi
1058 5259 1355 5323 obaudiens,
1376 5269 1419 5309 et
1446 5260 1761 5312 miserebitur
1784 5263 1855 5313 tui
1874 5265 2032 5329 magis
2047 5277 2194 5328 quam

641 5356 795 5397 mater
828 5344 1012 5413 (Eccii.
1046 5361 1117 5408 tv,
1150 5347 1257 5413 10).
1286 5350 1387 5399 Sed
1423 5358 1471 5400 tu
1504 5366 1534 5401 0
1567 5350 1746 5402 furuax
1784 5364 2035 5403 succensa
2069 5365 2194 5401 ava-

642 5434 772 5485 ritias
803 5435 1016 5487 aestibus
1046 5450 1194 5488 meus
1224 5437 1566 5502 inﬂammata,
1604 5441 1767 5508 magis
1798 5443 2042 5508 stipulam
2073 5457 2191 5509 qum

644 5533 694 5577 te
723 5525 1024 5589 succendat,
1054 5541 1206 5593 quinm
1238 5529 1572 5584 abolitionem
1605 5545 1963 5598 peccatorum,
1990 5538 2109 5601 qua}
2142 5544 2192 5586 te

643 5616 705 5667 ab
754 5617 868 5682 igne
915 5616 1158 5670 defendat
1206 5621 1422 5687 inquiris
1476 5623 1607 5685 Quid
1656 5634 1751 5683 est,
1804 5640 2002 5688 inlaeso,
2049 5625 2187 5693 quod

2244 4004 2248 4009 ‘
2285 3995 2463 4046 minus
2501 4004 2739 4047 terrenus
2768 3996 3021 4061 placatur,
3050 3995 3174 4047 inde
3214 3992 3477 4049 Dominus
3523 3988 3788 4048 cmleﬂisad

2268 1841 2477 1905 stultos,
2503 1853 2569 1893 an
2598 1841 2754 1893 etiam
2776 1852 3015 1895 versutos
3037 1844 3296 1910 appellem
3320 1860 3335 1908 ;
3362 1846 3552 1911 quibus
3572 1845 3768 1897 nimirum
3820 1844 3821 1917 ξ

2270 1929 2547 1983 dicendum
2577 1939 2659 1983 est
2688 1939 2744 1983 ut
2769 1929 3044 1985 attendant
3074 1931 3284 2000 quidem
3314 1934 3455 2000 quod
3488 1940 3772 2000 acceperunt.
3820 1920 3821 1993 ξ

2278 2031 2333 2073 et
2363 2034 2467 2074 non
2495 2021 2597 2075 sibi
2627 2021 2942 2089 applaudant
2971 2036 3035 2075 ex
3062 2036 3127 2076 eo
3152 2023 3291 2091 quod
3321 2038 3512 2077 novum
3534 2023 3600 2078 illi
3625 2037 3772 2077 nomen
3820 2016 3821 2091 ξ

2271 2106 2654 2191 imposuerunt.
2686 2108 2771 2178 At,
2794 2112 3053 2180 inquiunt,
3078 2129 3176 2167 nos
3205 2114 3474 2169 dationem
3500 2128 3596 2168 non
3622 2116 3770 2183 quatri-
3820 2084 3821 2129 ι

2272 2214 2414 2264 mus,
2438 2201 2547 2267 ipsi,
2564 2200 2714 2255 nobis
2741 2212 2929 2268 sponte
2948 2218 3040 2256 sua
3064 2204 3319 2268 tribuunt,
3343 2203 3467 2271 quid
3494 2206 3557 2257 ad
3584 2217 3666 2258 nos
3688 2218 3774 2271 ροτ-
3820 2268 3821 2273 η

2275 2289 2405 2342 tinet
2433 2288 2479 2342 si
2509 2289 2803 2344 voluntarie
2840 2291 3038 2344 donum
3070 2292 3417 2359 impendunt?
3446 2292 3633 2356 Quibus
3655 2304 3774 2343 econ-
3820 2318 3821 2333 ι

2274 2385 2351 2429 tra
2374 2390 2471 2431 nos
2494 2378 2873 2445 respondemus
2890 2395 2902 2429 :
2919 2376 3112 2432 Verum
3132 2388 3211 2433 est
3230 2380 3448 2434 omnino
3470 2374 3603 2447 quod
3622 2378 3771 2439 dicitis,

2274 2474 2463 2531 sponte
2490 2480 2584 2519 sua
2637 2465 2897 2532 tribuunt,
2929 2466 3024 2521 sed
3069 2465 3187 2520 ideo
3205 2477 3398 2535 sponte
3451 2468 3774 2533 tribuuntquis
3820 2456 3821 2511 Ῡ

2273 2554 2427 2609 aliter
2462 2554 2719 2624 justitiam
2770 2570 2875 2609 non
2920 2557 3216 2612 inveniunt.
3244 2556 3373 2610 Nam
3424 2559 3618 2612 nollent
3641 2560 3778 2623 utique
3820 2572 3821 2615 ξ

2274 2644 2425 2708 dare,
2454 2646 2501 2699 si
2542 2645 2703 2700 aliter
2728 2646 2795 2701 ad
2836 2646 3095 2714 justitiam
3122 2648 3416 2715 potuissent
3444 2650 3710 2716 pervenire,
3735 2660 3779 2698 sc
3820 2646 3821 2657 ‘

2276 2746 2369 2800 per
2390 2733 2493 2786 hoc
2509 2744 2563 2788 et
2583 2734 2862 2789 voluntarii
2884 2736 3111 2805 quodam
3134 2738 3291 2792 modo
3310 2747 3362 2790 et
3384 2738 3531 2790 inviti
3557 2736 3777 2789 dationem

2276 2824 2427 2878 vobis
2449 2824 2748 2878 exsolvunt.
3706 2868 3714 2878 .
3820 2822 3821 2867 ἒ

2343 2914 2398 2967 9.
2442 2912 2680 2981 Dumque
2706 2914 2789 2966 bis
2812 2922 2863 2967 et
2888 2914 3289 2982 quamplurimis
3314 2916 3687 2983 Scripturarum
3707 2923 3782 2968 tes
3820 2920 3821 2925 ‘

2279 3002 2509 3057 timoniis
2557 3003 2688 3057 tales
2734 3004 3118 3072 convincimus,
3169 3021 3273 3060 non
3323 3022 3415 3061 eos
3462 3022 3577 3060 esse
3611 3008 3782 3067 debere,
3820 2998 3821 3067 ξ

2202 3063 2247 3125 C
2281 3091 2514 3157 qualibet
2534 3100 2670 3155 arte,
2694 3088 2929 3158 quolibet
2952 3063 3164 3161 ingenio
3186 3108 3377 3147 munus
3399 3096 3477 3147 vel
3500 3063 3787 3149 salutationes

2266 3188 2559 3247 appetere;
2585 3178 2777 3232 amissa
2805 3179 2977 3233 fronte
3004 3182 3242 3247 pudoris,
3272 3180 3326 3234 in
3355 3183 3633 3254 querelam.
3656 3182 3789 3250 prosi-

2278 3269 2408 3323 liunt
2431 3269 2668 3323 dicentes
2698 3286 2713 3322 :
2747 3269 2803 3323 Si
2833 3273 2944 3323 haec
2971 3270 3043 3323 ita
3070 3285 3129 3324 se
3155 3272 3373 3337 habent,
3398 3272 3785 3341 quomodo‘paia-
3820 3268 3821 3341 ἦ

2279 3361 2347 3413 tia
2370 3360 2616 3413 stabunt?
2637 3359 2902 3427 quomodo
2917 3359 3121 3427 judices
3137 3359 3370 3414 dominis
3388 3353 3499 3415 suis
3524 3359 3787 3429 placebunt?

2278 3449 2393 3514 Quo
2435 3459 2620 3503 contra
2652 3464 2749 3503 nos
2794 3454 3051 3504 veraciter
3095 3451 3322 3505 dicimus
3366 3455 3494 3520 quia
3522 3452 3636 3505 inde
3662 3450 3787 3517 magis

2280 3540 2470 3608 palatia
2522 3549 2685 3594 ruunt
2711 3540 2871 3605 unde,
2903 3541 3193 3594 secundum
3222 3550 3458 3596 vestram
3502 3545 3786 3599 sententiam,

2280 3631 2429 3698 quasi
2458 3637 2597 3683 stare
2626 3630 2895 3683 videntur.
2927 3630 3055 3684 inde
3094 3630 3239 3683 extim
3280 3643 3410 3698 gens
3440 3646 3597 3699 super
3622 3638 3786 3700 gentem

2282 3720 2443 3786 venit,
2470 3721 2590 3774 inde
2619 3736 2834 3788 regnum
2860 3721 3114 3775 adversus
3143 3736 3365 3799 regnum
3398 3723 3677 3797 consurgit,
3702 3718 3790 3771 itide

2283 3828 2384 3867 una
2416 3815 2556 3867 natio
2580 3828 2758 3868 coram
2790 3813 2891 3866 alia
2919 3815 3079 3879 cadit,
3110 3812 3236 3866 inde
3259 3813 3463 3878 clades,
3498 3813 3619 3867 inde
3644 3811 3785 3867 fama.

2282 3905 2407 3958 inde
2440 3904 2667 3968 excidia,
2718 3904 2840 3958 inde
2869 3906 3107 3957 oriuntur
3131 3904 3474 3969 discrimina,
3508 3917 3562 3959 et
3588 3902 3705 3958 unde
3726 3902 3789 3953 do-

2292 4086 2612 4138 iracundiam
2658 4096 2999 4153 provocatur.
3035 4085 3145 4139 Hac
3172 4086 3241 4138 de
3280 4099 3442 4139 causa
3474 4087 3651 4140 beatus
3688 4084 3789 4147 Apo-
3820 4078 3821 4153 ᾗ

2284 4178 2449 4229 stolus
2474 4176 2607 4230 dicit
2638 4193 2649 4227 :
2687 4176 2785 4239 Qui
2816 4175 2987 4229 volunt
3012 4176 3189 4229 divites
3216 4176 3353 4243 ﬁeri,
3384 4175 3684 4228 inciditis”:
3718 4182 3790 4222 tct-

2284 4269 2521 4319 tationent
2560 4278 2607 4319 et
2638 4269 2689 4319 in
2735 4271 2966 4336 laqueum
2992 4267 3201 4332 diaboli,
3226 4275 3288 4320 ct
3322 4267 3592 4322 desideria
3613 4265 3790 4319 sttuit!!!

2293 4456 2337 4497 et
2382 4446 2704 4512 perditionem
2743 4444 2823 4512 (I.
2868 4446 2996 4499 Tim.
3030 4462 3102 4513 vt,
3136 4434 3230 4516 9),
3261 4462 3323 4500 ac
3370 4464 3469 4514 per
3517 4447 3791 4503 δαιοωοιδω

2291 4536 2481 4588 dicitur
2509 4552 2521 4587 :
2556 4538 2655 4600 Qui
2684 4538 2885 4605 festinat
2926 4538 3099 4599 ditari,
3130 4554 3234 4611 non
3276 4541 3371 4590 erit
3396 4539 3637 4591 innocens
3659 4534 3792 4611 (Ρητο

2296 4641 2483 4691 xxun,
2513 4626 2627 4695 20).
2662 4630 2723 4681 Et
2750 4644 2954 4681 rursum
2991 4647 3002 4679 :
3038 4628 3101 4683 Si
3130 4608 3266 4683 dives
3302 4630 3488 4698 fueris,
3521 4646 3618 4684 non
3640 4608 3793 4681 σίιέέν

2293 4717 2455 4768 ntunis
2482 4732 2512 4767 a
2538 4718 2722 4769 delicto
2756 4717 2940 4785 (Ereti.
2975 4734 3047 4781 XI,
3076 4720 3185 4786 ιθ).
3218 4720 3326 4773 Hac
3351 4722 3422 4775 de
3448 4736 3607 4774 causa
3628 4709 3793 4771 ἀπεαπ-

2295 4814 2454 4858 tatem
2501 4806 2728 4859 intrandi
2779 4821 2997 4874 regnum
3049 4809 3306 4861 cminrum
3358 4811 3557 4863 talibus
3604 4804 3793 4861 Domit“!

2297 4897 2539 4961 proponit
2559 4896 2743 4948 dicens
2773 4914 2783 4946 :
2815 4896 3026 4964 Difficile
3046 4898 3135 4966 qui
3156 4892 3403 4968 pecuniai
3426 4899 3617 4953 habent
3638 4906 3794 4963 regis?!

2294 4987 2528 5037 actorum
2555 4988 2812 5038 intrabunt
2835 4987 3045 5055 (Matth.
3082 5003 3191 5054 xix,
3221 4988 3334 5058 23).
3364 4990 3434 5043 Et
3463 5000 3665 5043 rursum
3688 5002 3700 5038 :
3724 4981 3793 5037 Γε-

2296 5078 2441 5129 cilius
2493 5087 2564 5129 cst
2602 5082 2845 5133 camelum
2886 5094 2972 5146 per
3013 5084 3239 5148 foramen
3275 5096 3404 5134 scus
3437 5081 3665 5147 transire.
3694 5088 3795 5143 qm

2296 5171 2499 5221 divitem
2530 5187 2737 5241 regnum
2766 5173 3204 5226 calorumintrare
3227 5171 3380 5241 (Luc.
3410 5187 3566 5236 tum,
3593 5168 3691 5236 351-
3712 5166 3793 5229 ρετ

2296 5258 2539 5311 videlicet
2570 5260 2958 5324 Scripturarum
3004 5259 3303 5314 testimonia
3332 5259 3464 5314 dum
3486 5254 3791 5323 assumo

2296 5350 2502 5403 cuidam
2528 5351 2681 5421 hujus
2710 5351 2887 5403 saeculi
2915 5351 3313 5419 opulentissimo
3343 5349 3577 5418 principi
3598 5352 3791 5421 prope“

2298 5455 2432 5501 rem,
2464 5441 2733 5507 respondit
2762 5440 2891 5492 mibi
2927 5458 2937 5493 ε
2972 5454 3073 5493 non
3118 5441 3185 5493 de
3210 5438 3567 5495 substantivis
3604 5432 3793 5508 pet-'5‘:

2298 5531 2389 5585 sed
2414 5532 2481 5585 de
2507 5532 2699 5586 divitiis
2722 5532 2937 5600 intelligi
2964 5532 3174 5586 debere.
3198 5531 3302 5587 Sed
3332 5545 3509 5600 parce
3527 5530 3793 5597 tamquam

2299 5623 2496 5692 optime
2548 5623 2729 5686 amice,
2777 5622 2948 5676 adimo
2988 5635 3171 5675 vanam
3224 5618 3793 5687 securitatemi'iswﬂ'
