3910 6234
197 246 325 299 1ὶ85

1414 244 1642 297 διίιιλιυ
1683 244 1765 294 DE
1801 242 1883 295 CL
1898 241 2150 295 l’lDl'I'A'l
2172 244 2228 296 Ε.

3261 248 3396 329 ωδσ

196 358 309 428 quid
342 359 394 410 in
424 357 503 409 bis
523 356 889 425 Hieronymus,
914 356 1034 423 quid
1063 355 1390 413 Ambrosius,
1424 353 1544 419 quid
1571 355 1742 421 Augu-
1770 358 1815 413 Α
1846 352 2039 418 priuata
2084 352 2193 419 ‘fetu
2247 369 2357 403 suo.
2409 351 2742 419 Egrediuntnr
2791 357 2935 421 quasi
2980 372 3147 423 greges
3204 359 3378 421 parun!

194 448 376 509 stinns,
408 444 533 513 quid
585 445 851 511 scripserit
879 445 932 497 ll.
964 445 1245 512 Gregorius
1280 460 1289 492 :
1326 443 1425 495 illis
1463 442 1619 496 crede
1652 443 1738 507 qui

194 536 497 602 Apostolum
526 544 806 600 sequentes
833 536 1062 587 radicem
1090 534 1325 586 omnium
1353 533 1609 586 malorum
1640 547 1739 585 cu-

194 624 457 690 piditatem
502 637 619 676 esse
646 624 976 688 pecuniarum
1006 623 1271 688 dixerunt,
1302 636 1403 673 non
1434 621 1623 674 divites
1650 635 1740 673 ac-

194 722 452 777 cusantes,
482 712 572 765 sed
621 712 904 779 appetitum
945 712 1244 763 divitiarum
1293 711 1737 765 condemnantes.

196 802 325 857 Vera
355 803 493 856 enim
535 810 617 856 est
647 803 931 867 Scriptum
961 788 1222 854 sententia
1261 802 1455 868 Spiritu
1488 800 1579 853 Dei
1612 814 1743 867 pro-

195 896 312 958 lala,
367 909 466 961 qua
513 894 702 947 dicitur
736 910 748 943 :
787 892 930 944 Nihil
982 900 1053 945 est
1100 892 1321 959 iniquius
1369 906 1520 957 quant
1571 906 1744 942 amare

190 982 447 1050 pecuniam
474 981 667 1049 (Eccli.
694 995 748 1045 x,
774 978 885 1047 10).
909 980 1021 1044 Quo
1051 989 1232 1033 contra
1257 980 1439 1033 beatus
1458 979 1742 1047 Apostolus

194 1070 442 1123 dilectum
464 1068 779 1137 discipulum
807 1068 1053 1122 admonet
1075 1069 1254 1122 dicens
1279 1085 1290 1118 :
1318 1067 1563 1121 Divitibus
1587 1067 1742 1135 huius

188 1160 357 1210 saeculi
394 1158 610 1225 praecipe
638 1173 739 1211 non
778 1158 988 1211 sublime
1017 1172 1215 1224 sapere,
1248 1172 1336 1210 nec
1363 1172 1565 1224 sperare
1586 1159 1635 1209 in
1664 1159 1743 1209 in-

189 1256 321 1298 certo
346 1238 758 1309 diuitiarum,sed
780 1246 831 1299 in
862 1246 1079 1299 Domino
1108 1247 1235 1310 uiuo,
1262 1248 1349 1314 qui
1378 1256 1579 1313 prastat
1602 1247 1741 1298 nobis

191 1337 359 1389 omnia
403 1336 718 1389 abundanter
762 1337 828 1388 ad
871 1335 1139 1403 fruendum
1191 1334 1263 1403 (Ι
1307 1334 1440 1388 Tim.
1506 1351 1579 1399 vr,
1613 1336 1741 1400 l7),

187 1425 524 1489 benefacere,
564 1426 754 1479 divites
804 1427 913 1479 fieri
970 1427 1019 1479 in
1068 1427 1320 1491 operibus
1360 1426 1544 1489 bonis,
1587 1424 1739 1475 facile

188 1514 435 1578 tribuere,
464 1516 875 1579 communicare,
905 1514 1266 1567 tbesaurizare
1293 1514 1392 1566 sibi
1425 1512 1737 1565 fundamen—

188 1613 295 1655 tum
328 1604 517 1656 bonum
549 1604 602 1655 in
634 1600 888 1668 futurum,
920 1611 977 1654 ut
1009 1601 1414 1669 apprehendant
1462 1614 1637 1657 veram
1665 1599 1739 1652 vi-

186 1703 310 1744 tam.
1106 1728 1107 1731 η

255 1778 342 1831 10.
387 1778 493 1844 Ego
519 1788 692 1832 autem
722 1787 779 1831 ut
803 1787 1032 1845 emptum
1058 1777 1414 1847 exstirpanda:
1440 1776 1740 1845 cupiditatis

186 1882 288 1923 non
314 1867 566 1935 refugium
597 1867 859 1931 laborem,
901 1882 1045 1933 ecce,
1080 1882 1112 1919 ο
1138 1867 1336 1934 cupidi,
1369 1867 1588 1919 multum
1614 1881 1738 1933 qua-

183 1956 308 2016 libet
340 1964 454 2009 arte
489 1955 810 2025 acquisistis,
844 1959 1065 2009 multum
1095 1958 1329 2025 quolibet
1378 1958 1585 2025 ingenio
1615 1972 1740 2010 coa-

179 2043 464 2108 cervastis;
495 2044 586 2098 sed
636 2045 869 2110 nunquid
910 2044 1179 2098 Salomoni
1211 2062 1303 2101 vos
1332 2046 1598 2112 adaequari
1640 2061 1739 2112 po-

180 2132 389 2185 tuistis?
423 2132 548 2201 quid
598 2148 737 2186 nunc
784 2134 872 2186 ille
919 2136 1156 2201 possidet
1204 2149 1271 2187 ex
1311 2134 1392 2186 liis
1445 2135 1497 2186 in
1552 2134 1741 2202 quibus

180 2218 477 2273 laboravit?
506 2222 739 2289 nunquid
784 2236 909 2287 non,
954 2233 1009 2275 ut
1060 2223 1145 2276 ille
1192 2224 1342 2289 dixit,
1392 2232 1558 2275 totum
1600 2222 1739 2289 quod

182 2313 439 2367 laboravit
486 2314 691 2367 vanitas
736 2315 853 2369 est?
898 2318 1009 2383 ipse
1058 2315 1198 2369 enim
1246 2315 1362 2367 ait:
1414 2313 1741 2383 Magniﬁcavi

176 2416 332 2468 opera
363 2418 491 2467 mea,
516 2402 764 2471 adificaui
794 2403 917 2457 mihi
943 2403 1136 2466 domos,
1174 2403 1399 2470 plantaui
1430 2404 1614 2466 uineas,
1640 2402 1742 2469 feci

181 2490 352 2544 ltortos
377 2500 422 2543 et
445 2493 688 2559 pomeria,
719 2501 765 2545 et
794 2494 1022 2562 consepsi
1048 2509 1105 2545 ea
1133 2494 1296 2544 cuncti
1326 2492 1521 2561 generis
1546 2491 1738 2543 arbori-

184 2584 292 2637 bus.
354 2580 598 2635 Ezstruxi
649 2583 771 2635 mihi
817 2585 1032 2651 piscinas
1076 2598 1344 2652 aquarum,
1375 2592 1428 2633 ut
1473 2582 1740 2650 irrigarent

179 2671 357 2725 silvam
384 2672 635 2739 lignorum
665 2674 1073 2741 germinantium.
1106 2672 1317 2725 Possedi
1372 2687 1539 2725 seruos
1567 2679 1613 2723 et
1646 2688 1740 2722 an-

176 2762 343 2823 cillas,
380 2762 687 2829 multamque
720 2764 971 2831 familiam
1010 2764 1183 2816 habui.
1210 2762 1448 2814 Armenta
1474 2771 1738 2830 quoque-et

176 2867 388 2921 magnos
417 2853 584 2905 ovium
610 2867 806 2921 greges,
828 2854 963 2906 ultra
989 2868 1158 2905 omnes
1184 2854 1268 2921 qui
1292 2852 1497 2919 fuerunt
1522 2862 1638 2904 ante
1662 2868 1738 2905 me

176 2946 226 2992 in
252 2939 563 2994 Jerusalem.
596 2942 896 2995 Coacervavi
935 2943 1057 2995 mihi
1086 2952 1350 3012 argentum
1395 2950 1441 2993 et
1470 2957 1668 3002 aurum,
1692 2949 1738 2991 et

176 3034 484 3086 substantias
506 3050 677 3102 regum
706 3049 766 3086 ac
796 3035 1167 3103 prouinciarum
1196 3048 1214 3086 :
1243 3033 1337 3102 feci
1364 3030 1487 3083 mihi
1510 3042 1737 3085 cantores

175 3134 221 3175 et
250 3125 568 3188 cantatrices,
600 3135 646 3176 et
695 3126 903 3177 delicias
951 3126 1175 3190 ﬁliorum
1201 3124 1474 3174 hominum.
1511 3120 1739 3189 Scyphos

174 3221 223 3263 et
276 3226 449 3264 urceos
492 3214 544 3263 in
574 3211 908 3264 miniaterium
934 3214 1003 3263 ad
1046 3212 1161 3263 vina
1188 3213 1464 3279 fundanda,
1491 3221 1537 3261 et
1563 3225 1737 3277 super-

172 3318 377 3368 gressus
426 3318 535 3354 sum
581 3302 758 3368 apibus
815 3318 983 3355 omnes
1038 3303 1121 3369 qui
1172 3304 1375 3367 fuerunt
1422 3313 1536 3354 ante
1572 3318 1649 3353 me
1687 3301 1737 3352 in

175 3393 479 3458 Jerusalem,
511 3404 557 3446 et
580 3396 747 3446 omnia
780 3410 891 3461 qua:
926 3396 1329 3447 desideraverunt
1353 3396 1484 3446 oculi
1514 3397 1611 3445 mei
1639 3410 1738 3446 non

175 3483 357 3551 negaui
384 3485 476 3551 eis,
510 3499 597 3535 nec
642 3483 874 3552 prohibui
921 3498 1005 3535 cor
1034 3499 1218 3548 meum,
1250 3484 1365 3549 quin
1396 3485 1532 3536 omni
1560 3483 1738 3549 uolup-

174 3582 278 3621 tate
308 3560 580 3637 fi'uerttur,
609 3582 653 3623 et
678 3571 1005 3623 oblectaretur
1024 3587 1076 3623 se
1100 3572 1149 3623 in
1174 3572 1274 3623 illis
1295 3588 1403 3639 qua'
1422 3587 1734 3639 paraveram.

175 3657 242 3709 Et
268 3659 403 3727 (hanc
433 3670 570 3710 ratus
598 3676 710 3712 sum
732 3669 926 3729 partem
960 3676 1139 3723 meam,
1165 3661 1207 3710 si
1230 3669 1390 3712 uterer
1415 3660 1582 3712 labore
1608 3676 1737 3714 meo.
1780 3696 1783 3699 -

172 3746 399 3815 Cumque
444 3764 664 3801 reversus
708 3764 865 3801 essem
913 3752 979 3801 ad
1010 3750 1239 3801 universa
1272 3764 1428 3818 opera
1465 3765 1577 3816 qua:
1608 3750 1738 3817 fece-

173 3847 291 3888 rant
318 3853 495 3890 manus
526 3854 664 3902 mete,
688 3849 735 3892 et
762 3840 829 3891 ad
854 3840 1071 3903 labores,
1096 3842 1148 3892 in
1173 3840 1346 3906 quibus
1379 3842 1567 3910 frustra
1589 3840 1737 3892 suda-

172 3943 363 3992 ueram,
393 3928 495 3979 vidi
516 3930 567 3979 in
596 3929 821 3981 omnibus
842 3933 1107 3983 vanitatem
1128 3939 1175 3982 et
1202 3932 1517 3998 aﬂlictionem
1555 3932 1736 3992 animi,

172 4030 216 4069 et
240 4016 374 4069 nihil
408 4034 697 4085 permanere
738 4021 830 4072 sub
858 4019 963 4073 sole
998 4018 1189 4086 (Eccle.
1216 4035 1273 4083 ll,
1297 4022 1372 4087 4).
1406 4020 1537 4085 Quid
1567 4020 1739 4086 itaque

175 4109 412 4162 vanitate
449 4110 677 4177 plenius,
702 4124 855 4177 quam
888 4110 958 4162 ibi
995 4110 1263 4163 botniuem
1296 4118 1404 4162 toto
1430 4110 1620 4162 mentis
1649 4109 1740 4159 de-

174 4197 377 4250 siderio
426 4199 559 4252 velle
606 4198 816 4251 divitias
844 4210 1187 4265 congregare,
1223 4197 1309 4249 ubi
1337 4212 1454 4249 eum
1486 4212 1588 4249 non
1622 4198 1740 4249 licet

174 4289 225 4339 iu
270 4298 579 4354 perpetuum
634 4286 909 4341 habitare?
940 4302 1044 4354 quo
1073 4296 1254 4340 contra
1278 4287 1528 4339 Dominus
1555 4288 1735 4339 admo-
1768 4315 1817 4373 υ
1845 4303 2000 4351 Lxxv,
2026 4286 2099 4355 6).
2155 4286 2219 4337 Et
2246 4299 2455 4338 rursum
2492 4300 2505 4335 :

172 4388 264 4431 net
310 4378 539 4432 dicens:
591 4377 763 4431 Nolite
816 4378 1159 4431 thesaurizare
1206 4377 1338 4429 vobis
1388 4376 1647 4428 thesauros
1684 4376 1735 4427 in

171 4480 332 4535 terra,
363 4469 446 4520 ubi
473 4485 644 4535 terugo
672 4478 716 4521 et
756 4471 888 4520 tinea
918 4469 1203 4531 demolitur,
1234 4479 1279 4518 et
1322 4466 1406 4518 ubi
1435 4471 1572 4536 fures
1610 4465 1735 4531 effo-

171 4561 322 4611 diunt
364 4569 408 4611 et
431 4559 686 4625 furantur.
721 4557 1078 4609 Thesaurizate
1116 4568 1280 4608 autem
1311 4558 1449 4610 vobis
1480 4559 1737 4608 thesauros

170 4655 226 4705 in
272 4650 419 4716 calo,
451 4651 534 4702 ubi
583 4664 672 4701 nec
696 4664 886 4717 aerugo,
936 4664 1025 4700 nec
1072 4650 1206 4699 tinea
1249 4650 1535 4709 demolitur,
1567 4660 1613 4699 et
1656 4648 1738 4698 ubi

171 4749 317 4812 fures
346 4761 446 4797 non
488 4744 690 4810 fodiunt
713 4758 801 4795 nec
846 4744 1084 4811 furantur
1116 4740 1327 4806 (Matth.
1365 4757 1433 4804 vr,
1473 4743 1581 4810 l9).
1606 4742 1738 4807 Quid

172 4838 339 4890 etiam
387 4832 651 4887 infelicius
682 4848 838 4899 quam
872 4847 1005 4898 pene
1033 4842 1267 4884 cunclam
1314 4835 1489 4885 mundi
1519 4834 1738 4887 [υΙεελῑιι.

175 4938 285 4979 tem
312 4927 605 4995 acquirere,
631 4934 682 4977 el
706 4925 757 4977 in
789 4934 1037 4991 punctum
1067 4924 1129 4975 ad
1154 4923 1357 4975 inferna
1380 4925 1740 4977 descendere?

173 5021 383 5071 ’l‘alium
408 5019 727 5070 dementiam
760 5016 948 5067 beatus
973 5016 1071 5068 Job
1095 5018 1453 5081 conquirendo
1478 5017 1741 5081 redarguit

172 5112 360 5164 dicens
393 5125 405 5157 :
437 5108 604 5170 Quare
650 5106 793 5173 impii
839 5109 1239 5173 prosperantur?
1267 5108 1385 5159 bene
1412 5122 1484 5159 est
1526 5107 1626 5159 illis
1646 5108 1741 5173 Iqui

172 5201 309 5258 male
330 5207 507 5266 agunt,
530 5196 769 5248 sublevati
798 5204 933 5257 sunt,
958 5198 1323 5263 confortatique
1344 5198 1551 5260 diuitiis,
1574 5212 1739 5247 semen

172 5305 350 5343 eorum
380 5295 635 5356 permanet
666 5301 835 5336 coram
866 5285 958 5346 eis,
989 5285 1379 5350 propinquorum
1412 5288 1554 5337 turba
1578 5296 1622 5337 et
1654 5303 1683 5335 η
1718 5314 1742 5325 «-

173 5381 356 5449 polum
410 5377 748 5443 in-conspectu
775 5388 966 5424 eorum.
1004 5370 1193 5423 Domus
1210 5390 1379 5423 eorum
1418 5387 1741 5435 recuruum

174 5478 221 5523 et
249 5477 467 5535 pacate,
507 5474 553 5519 et
588 5481 689 5517 non
715 5472 787 5517 est
811 5465 949 5529 uirga
1000 5462 1089 5514 Dei
1113 5479 1258 5527 super
1289 5464 1422 5514 illos.
1450 5463 1544 5514 Bos
1570 5480 1739 5515 eorum

174 5558 433 5626 concepit,
461 5566 505 5609 et
556 5572 653 5609 non
702 5554 972 5614 abortivit;
1017 5568 1162 5604 vacca
1186 5554 1393 5621 peperit,
1434 5564 1479 5606 et
1522 5569 1616 5605 non
1671 5566 1739 5606 ut

1770 1680 1817 1738 B

1840 458 2029 506 eorum,
2051 444 2297 494 exsultant
2319 443 2529 505 lusibus,
2545 452 2706 495 tenent
2730 454 3023 513 tympanum
3042 454 3084 495 et
3106 446 3390 512 cytheram.

1840 541 1886 583 et
1938 531 2159 596 gaudent
2203 532 2269 581 ad
2314 532 2533 595 sonitum
2582 533 2776 599 organi,
2810 533 3001 585 ducunt
3030 534 3080 584 in
3122 536 3259 587 bonis
3288 536 3391 587 dies

1841 638 1975 683 suos,
1997 630 2044 674 et
2070 624 2121 673 in
2142 633 2380 687 punctum
2401 624 2467 674 ad
2489 624 2685 690 inferna
2704 624 3164 693 descenduntUob.
3185 642 3291 686 ut.
3313 627 3390 690 'l).

1846 711 1977 765 llinc
2026 702 2279 765 Dominus
2326 714 2373 765 in
2430 712 2709 779 Evangelia
2754 714 3111 767 litereditatem
3163 716 3392 767 dividere

1840 802 2199 867 cupientibus,
2232 810 2289 853 ut
2315 803 2379 853 ab
2406 802 2548 853 tnnni
2578 801 2788 853 avaritia
2813 816 3057 857 caverent
3090 804 3161 855 ait
3192 805 3393 857 duobus

1843 889 2136 943 fratribus:
2175 888 2410 942 Hominis
2459 890 2725 958 cujusdam
2770 891 2933 943 diuitis
2982 894 3150 944 uberes
3205 895 3392 959 fructus

1842 994 1959 1045 ager
1989 978 2180 1043 attulit,
2212 988 2256 1029 et
2284 980 2530 1048 cogitabat
2558 981 2690 1031 intra
2720 994 2771 1032 se
2790 980 2957 1031 dicens
2986 995 3002 1032 :
3030 982 3162 1043 Quid
3184 984 3390 1051 faciam,

1840 1068 1971 1131 quod
1988 1081 2086 1117 non
2106 1065 2262 1118 habeo
2286 1082 2381 1131 quo
2405 1081 2697 1137 congregem
2726 1068 2921 1135 fructus
2949 1070 3120 1121 meos?
3151 1070 3210 1122 Et
3234 1072 3392 1123 dixit:

1842 1157 1956 1209 [loc
1980 1159 2188 1224 faciant,
2211 1157 2468 1210 destruam
2496 1160 2678 1211 horrea
2709 1174 2837 1220 inca,
2868 1168 2916 1211 et
2961 1161 3154 1227 majora
3186 1162 3391 1227 facium,

1841 1259 1888 1299 et
1914 1250 2036 1299 illuc
2065 1250 2377 1316 congregabo
2400 1250 2567 1301 omnia
2594 1264 2706 1312 quin
2734 1257 2852 1299 nata
2872 1258 2985 1301 sunt
3012 1250 3163 1313 mihi,
3193 1258 3237 1302 et
3264 1252 3393 1303 bona

1841 1354 1951 1389 mea
1973 1355 1984 1389 :
2019 1347 2065 1389 et
2095 1338 2260 1389 dicam
2281 1340 2464 1391 anima:
2488 1354 2645 1391 nacte:
2671 1337 2872 1403 Anima,
2904 1338 3051 1393 habes
3091 1342 3217 1391 bona
3238 1344 3397 1393 multa

1841 1426 2004 1493 posita
2048 1428 2101 1477 in
2142 1442 2304 1478 annos
2334 1428 2596 1494 plurimos,
2628 1429 2900 1494 requiesce.
2956 1430 3174 1493 comede,
3219 1430 3325 1480 bibe
3354 1441 3397 1481 et

1842 1517 2066 1582 epulare.
2104 1516 2244 1567 Dixit
2270 1527 2433 1569 autem
2462 1518 2536 1570 illi
2577 1516 2709 1568 Deus
2734 1532 2752 1569 :
2784 1516 2974 1579 Stulte,
3005 1519 3100 1568 huc
3132 1527 3274 1569 nocte
3322 1535 3400 1570 re-

1843 1618 2015 1676 petunt
2062 1609 2285 1661 animant
2334 1617 2475 1661 tuam
2519 1625 2549 1660 a
2575 1618 2621 1662 te
2648 1624 2665 1662 :
2696 1623 2806 1674 qua
2832 1617 2999 1660 autem
3021 1611 3235 1677 parasti,
3256 1612 3403 1679 cujus

1846 1708 1992 1750 erunt
2020 1688 2170 1769 (Luc.
2198 1713 2291 1761 xu,
2324 1686 2456 1766 l9)?
2484 1699 2618 1764 Quid
2659 1712 2865 1767 quoque
2900 1698 3194 1752 dementius
3236 1714 3391 1765 quam

1846 1786 1897 1839 in
1921 1787 2273 1856 acquisitione
2314 1787 2473 1842 etiam
2517 1788 2675 1841 totius
2714 1786 2895 1840 mundi
2930 1786 3113 1852 lzetari,
3150 1794 3203 1839 et
3239 1786 3392 1840 unius

1846 1880 2034 1931 animm
2067 1878 2413 1944 perditionem
2446 1878 2765 1931 incurrere?
2793 1875 2939 1931 Unde
2960 1886 3012 1930 et
3048 1876 3303 1929 Dominus
3341 1878 3395 1928 in

1845 1966 2132 2033 Evangelio
2179 1965 2309 2018 dicit
2356 1983 2367 2017 :
2418 1965 2551 2030 Quid
2580 1965 2779 2033 prodest
2809 1964 2999 2016 homini
3022 1966 3065 2016 si
3108 1965 3394 2016 uniuersum

1844 2059 2089 2106 mundum
2121 2058 2360 2117 lucretur,
2392 2065 2437 2106 et
2466 2057 2649 2107 animo:
2672 2070 2775 2107 sua:
2797 2056 3148 2107 detrimentunt
3176 2056 3398 2119 patiatur

1846 2144 2054 2211 (Matth.
2091 2159 2197 2207 xvi,
2227 2143 2361 2209 26)?
2386 2143 2451 2195 Et
2481 2158 2685 2195 rursum
2725 2161 2735 2193 :
2766 2159 2915 2209 quam
2936 2144 3071 2194 dabit
3098 2145 3241 2194 homo
3268 2158 3401 2202 com-

1845 2234 2172 2284 mutationem
2224 2249 2315 2301 pro
2362 2235 2535 2284 anima
2574 2249 2667 2285 sua
2713 2230 2948 2301 (lbid.)'l
2999 2232 3074 2285 Tu
3120 2245 3291 2286 autem
3318 2273 3331 2295 ,
3368 2248 3401 2284 0

1852 2319 2133 2389 Babylonis
2159 2320 2488 2384 incendium,
2533 2323 2759 2373 animam
2805 2330 2947 2373 tuam
2980 2321 3205 2374 terrenis
3251 2336 3396 2374 com-

1846 2412 2015 2463 modis
2055 2410 2364 2473 venditans,
2414 2410 2628 2476 pauperi
2680 2408 2856 2461 ilicis:
2901 2408 3009 2473 Da,
3058 2408 3123 2461 da
3167 2409 3267 2461 boc
3314 2410 3397 2462 vel

1845 2499 1997 2561 illud,
2024 2500 2143 2566 quia
2169 2498 2214 2550 si
2247 2512 2385 2550 nunc
2412 2498 2537 2548 dare
2576 2497 2828 2555 nolueris,
2856 2495 3108 2562 gaudebis
3139 2504 3320 2560 postea
3351 2496 3396 2548 si

1844 2587 1969 2641 dare
2000 2588 2254 2654 potueris.
2289 2586 2664 2651 llenitentique
2711 2583 2911 2636 crimen
2950 2584 3217 2651 impingis,
3250 2598 3403 2650 repu-

1844 2686 2092 2746 gnantem
2124 2677 2348 2729 vinculis
2372 2675 2641 2742 astringis,
2671 2674 2918 2726 verberas
2943 2681 2995 2726 et
3019 2674 3199 2735 etedis,
3250 2682 3303 2725 et
3326 2674 3405 2725 sic

1845 2781 2059 2835 quoquo
2083 2776 2236 2832 pacto
2263 2764 2326 2817 ad
2368 2778 2480 2818 rem
2508 2762 2860 2816 desideratam
2892 2762 3168 2828 pertingis.
3201 2760 3287 2814 Vas
3318 2762 3403 2814 in.

1846 2856 2101 2908 satiabilis
2126 2857 2255 2918 lues,
2295 2869 2420 2907 cccc
2442 2861 2693 2921 quantum
2723 2852 3038 2919 concupisti,
3077 2852 3212 2906 ferte
3237 2847 3407 2906 totum

1845 2943 2154 3011 acquisisti,
2201 2952 2351 3009 putas
2414 2944 2536 3010 quia
2592 2941 2854 2994 somnium
2906 2939 3113 3005 vidisti,
3172 2955 3273 2993 neu
3323 2951 3404 2993 est

1847 3039 1990 3086 tuum
2013 3031 2149 3099 quod
2174 3030 2623 3099 possedisti,quia
2644 3032 2780 3082 sicut
2803 3028 2931 3083 nihil
2980 3032 3029 3082 in
3071 3032 3209 3084 hunc
3251 3047 3403 3082 mun-
3474 3050 3487 3055 ο

1844 3122 1967 3174 dum
1990 3121 2206 3174 veniens
2228 3120 2423 3182 defers,
2439 3120 2517 3172 sic
2539 3134 2637 3174 nec
2662 3120 2873 3173 rediens
2896 3119 2961 3171 de
2986 3119 3183 3170 mundo
3208 3118 3402 3186 aliquid

1844 3212 2005 3264 tollis.
2038 3209 2184 3263 Pauli
2212 3207 2308 3262 tibi
2336 3223 2437 3261 vox
2462 3208 2734 3274 convenit,
2758 3208 2882 3259 nihil
2910 3208 3172 3259 intulimus
3199 3208 3250 3257 in
3277 3206 3407 3258 hunc

1840 3294 2104 3364 mundum,
2134 3301 2339 3353 sedanec
2390 3302 2594 3368 auferre
2626 3298 2749 3365 quid
2791 3314 3051 3363 possumus
3082 3295 3137 3363 (Ι
3166 3296 3297 3348 Tim.
3333 3312 3403 3357 γε.

1840 3393 1918 3459 7).
1963 3389 2064 3446 iob
2084 3403 2294 3457 quoque
2338 3390 2631 3441 similiter:
2684 3386 2869 3439 Nudus
2911 3402 3137 3455 egressus
3188 3403 3296 3438 sunt
3343 3390 3405 3438 de

1840 3492 1981 3536 utero
2010 3482 2185 3534 matris
2207 3495 2347 3541 metu,
2391 3479 2559 3532 nudus
2592 3488 2813 3531 reuertar
2854 3478 2977 3529 illuc
3005 3475 3127 3543 (Job
3190 3492 3228 3539 ι,
3290 3476 3399 3541 12).

1842 3570 1976 3625 Hinc
1998 3571 2139 3626 idem
2160 3569 2227 3623 de
2248 3560 2485 3638 quolibet
2504 3568 2754 3635 Opulento
2783 3582 2845 3621 ac
2877 3569 3049 3619 futura
3071 3583 3173 3619 non
3200 3568 3403 3633 prospi-

1842 3661 2013 3715 ciente
2032 3660 2160 3714 dicit
2190 3677 2203 3713 :
2231 3657 2381 3713 Diues
2406 3675 2517 3712 cum
2544 3658 3005 3734 dormierithnihil
3039 3664 3256 3725 auferet,
3285 3672 3405 3724 ape-

1840 3753 1939 3805 riet
1967 3754 2141 3805 oculos
2185 3767 2303 3805 suos
2349 3759 2395 3805 et
2446 3749 2579 3802 nihil
2631 3750 2869 3812 inveniet,
2902 3749 3246 3816 apprehendet
3296 3764 3407 3799 eum

1838 3841 1989 3908 quasi
2026 3855 2159 3907 aqua
2196 3840 2367 3905 inopia
2392 3878 2408 3902 ,
2455 3848 2596 3890 nocte
2644 3838 2891 3906 opprimet
2939 3853 3053 3889 eum
3098 3846 3362 3904 tempestas
3389 3874 3403 3895 ,

1840 3931 1976 3982 tollet
2002 3940 2168 3981 autem
2212 3943 2323 3979 eum
2372 3938 2545 3979 ventus
2595 3942 2764 3987 urens,
2800 3934 2844 3977 et
2875 3924 3009 3977 velut
3050 3926 3197 3978 turbo
3246 3928 3403 3995 rapiet

1840 4036 1954 4072 eum
1980 4022 2041 4073 de
2067 4022 2175 4071 loco
2204 4036 2295 4072 suo
2322 4017 2440 4085 (Job
2470 4033 2635 4079 xxvtt,
2665 4016 2773 4085 19).
2804 4018 2932 4070 llinc
2961 4032 3053 4083 per
3077 4016 3402 4069 Psalmismm

1840 4109 2037 4163 dicitur
2066 4126 2077 4159 :
2112 4106 2437 4159 Dormierunt
2476 4121 2704 4157 somnum
2726 4120 2895 4167 suum,
2947 4113 2990 4155 et
3018 4105 3143 4155 nihil
3193 4106 3405 4155 invene-

1841 4207 1961 4250 runt
1994 4212 2164 4249 omnes
2215 4196 2308 4247 uiri
2352 4195 2643 4247 diuitiarum
2689 4192 2742 4245 in
2791 4192 3018 4242 manibus
3065 4193 3167 4243 suis
3228 4191 3400 4257 (Psal.

2552 4281 2635 4337 Ne
2662 4283 2886 4334 timueris
2929 4298 3040 4333 cum
3064 4283 3200 4333 diues
3243 4286 3404 4349 factus

1841 4382 1997 4451 fuerit
2026 4383 2194 4445 homo,
2224 4388 2269 4430 et
2298 4394 2412 4431 cum
2459 4376 2799 4443 multiplicata
2828 4373 2978 4441 fuerit
3016 4374 3179 4441 gloria
3228 4375 3405 4424 domus

1838 4474 1970 4541 ejus,
2016 4469 2259 4539 quoniam
2290 4485 2401 4521 cum
2434 4468 2679 4519 morietur
2727 4482 2829 4517 non
2858 4472 3020 4518 sumet
3063 4465 3168 4515 haec
3212 4464 3400 4523 omnia,

1840 4578 1997 4631 neque
2026 4562 2177 4613 simul
2202 4559 2465 4619 descendet
2494 4573 2607 4609 cum
2646 4572 2703 4609 eo
2748 4555 2909 4621 gloria
2938 4555 3113 4611 domus
3144 4555 3253 4621 ejus
3285 4550 3399 4620 (Ps.

1842 4667 2023 4718 vam,
2078 4649 2187 4715 17).
2240 4646 2387 4701 Unde
2435 4648 2763 4715 praemiserat
2806 4663 2817 4696 :
2866 4644 3163 4711 Relinquent
3218 4644 3402 4695 alienis

1841 4743 2041 4795 diuitias
2072 4757 2212 4804 suas,
2260 4740 2493 4807 sepulcra
2545 4754 2739 4799 eorum,
2766 4736 2945 4788 domus
2978 4750 3150 4786 eorum
3178 4736 3227 4785 in
3254 4746 3402 4786 wtcr-

1843 4848 1959 4884 num
1990 4830 2149 4899 (Ibid.
2188 4829 2281 4899 xl).

1915 4922 2002 4975 11.
2043 4920 2148 4974 Cur
2196 4922 2393 4988 itaque,
2438 4933 2472 4972 ο
2522 4918 2779 4984 infelices,
2814 4931 2916 4969 non
2964 4914 3234 4967 attenditis
3266 4914 3387 4978 quid

1845 5013 2068 5074 habetis,
2102 5010 2405 5079 quidqestis,
2435 5008 2559 5075 quid
2594 5016 2709 5073 post
2736 5007 2998 5059 modicum
3049 5004 3207 5055 futuri
3239 5002 3402 5054 estis?

1846 5104 1955 5157 lloc
2002 5110 2145 5156 certe
2196 5101 2335 5168 quod
2386 5099 2740 5165 temporaliter
2792 5096 2990 5147 habetis
3039 5109 3140 5145 non
3187 5098 3268 5144 est
3315 5107 3401 5142 ve-

1844 5202 2036 5253 strum,
2066 5191 2185 5257 quia
2218 5204 2316 5242 vox
2348 5186 2596 5242 Veritatis
2643 5192 2724 5238 est
2769 5182 2990 5235 dicentis
3025 5198 3035 5231 :
3065 5181 3121 5233 Si
3160 5181 3210 5230 in
3244 5180 3399 5228 altera

1843 5285 2014 5350 ﬁdeles
2047 5300 2141 5334 non
2172 5283 2359 5349 fuistis,
2394 5280 2525 5348 quod
2566 5290 2782 5329 vestrum
2825 5285 2895 5327 est
2934 5274 3044 5335 quis
3084 5270 3218 5319 dabit
3264 5267 3397 5318 robis

1846 5372 1997 5439 (Luc.
2031 5388 2135 5431 xvr,
2165 5369 2291 5436 12)?
2340 5370 2475 5433 Quid
2508 5376 2679 5420 autem
2713 5364 2837 5417 estis
2866 5362 2908 5413 si
2949 5358 3173 5412 sollicite
3219 5364 3398 5407 atten—

1842 5462 1988 5523 diiis,
2021 5474 2297 5526 vaporem,
2329 5466 2545 5511 ventum
2598 5468 2650 5508 et
2678 5455 2909 5506 umbram
2946 5462 3037 5499 vos
3087 5443 3397 5501 invenietis;

1842 5553 1959 5618 quia
1988 5564 2041 5605 et
2074 5551 2231 5603 ineolt
2259 5550 2389 5602 dixit
2424 5567 2433 5599 ξ
2467 5548 2591 5610 Qua:
2641 5547 2768 5598 enim
2804 5552 2872 5594 est
2904 5540 3002 5592 vita
3042 5536 3238 5588 vestra?
3290 5532 3395 5583 Va-
