3910 6234
437 226 570 279 1⁸287

1213 224 1266 276 S.
1311 222 1630 278 AMISRUSII
1664 221 2000 279 AUTI’EIiTI
2045 220 2514 276 BENEVENTANI
2556 223 2841 279 ABBATIS

435 350 525 396 per
553 342 625 386 est
654 333 723 384 ad
751 333 1002 384 modicum
1032 344 1210 397 parens
1234 326 1373 397 (Jac.
1415 344 1487 392 tv,
1513 330 1623 397 14).
1647 330 1749 385 Job
1777 343 1984 398 quoque
2009 336 2057 392 Α
2085 331 2305 382 secunda
2340 340 2411 383 est
2446 341 2680 400 stagnum
2717 332 2849 400 ignis
2888 331 3068 401 (Apoc.
3115 346 3205 396 xx.
3252 333 3358 399 H).
3432 332 3508 388 be
3556 331 3661 386 hac

435 423 771 490 prosequitur
803 438 813 470 :
857 419 1108 472 Memento
1131 417 1252 482 quia
1280 424 1454 470 ventus
1480 426 1550 469 est
1575 419 1675 469 vita
1703 433 1811 470 mea
1843 415 1982 480 (Job.

438 525 528 571 \‘ll,
560 510 636 575 7).
709 506 898 559 Baldat
945 506 1102 558 etiam
1153 505 1405 567 occurrit,
1455 517 1683 572 veraque
1730 504 1986 558 sententia

436 598 561 651 dicit
587 614 600 648 :
627 596 932 662 Ignoramus
949 594 1191 661 quoniam
1213 594 1341 645 sicut
1361 593 1535 645 umbra
1559 594 1666 646 dies
1692 594 1848 646 nostri
1870 601 1987 645 sunt

436 700 584 756 super
606 698 790 744 terram
815 684 955 754 (Job.
986 699 1096 747 vni,
1124 683 1204 752 9).
1235 683 1366 737 liinc
1385 697 1476 749 per
1507 683 1836 737 Psalmistam
1858 680 1989 736 dici-

434 789 516 832 tur
549 795 561 830 :
596 776 715 830 Dies
737 777 832 828 mei
858 763 986 828 sicut
1015 773 1192 827 umbra
1217 773 1588 826 declinaverunt
1621 773 1734 843 (Ps.
1769 787 1842 836 cr,
1872 771 1984 838 l2),

436 875 597 935 atque
626 866 692 919 de
719 865 957 934 quolibet
999 863 1164 929 impio
1200 862 1509 916 sententiam
1549 863 1818 930 proferens
1852 861 1987 914 idem

438 957 711 1011 Psalmista
739 957 856 1008 ait:
896 954 1012 1006 Vidi
1066 953 1275 1018 impium
1323 953 1759 1020 superexaltatum
1800 961 1845 1004 et
1891 953 1987 1003 ele-

436 1058 602 1099 uatum
635 1061 786 1113 super
807 1045 984 1098 cedrus
1015 1043 1220 1106 Libani,
1250 1043 1480 1107 transivi,
1513 1053 1557 1096 et
1586 1059 1696 1096 ecce
1726 1059 1820 1096 non
1850 1050 1987 1095 erat:

435 1141 639 1206 qumsivi
658 1155 793 1201 eum,
818 1146 864 1191 et
891 1153 988 1190 non
1015 1145 1084 1188 est
1112 1137 1341 1187 inventus
1369 1135 1513 1188 locus
1538 1138 1648 1205 ejus
1670 1133 1783 1200 (Ps.
1810 1149 1986 1198 sum,

435 1231 544 1297 35).
592 1230 725 1283 llinc
755 1242 915 1295 supra
962 1233 1285 1279 memoratus
1333 1224 1527 1278 Job....
1556 1222 1863 1277 admirando
1908 1222 1988 1275 lo-

435 1324 607 1389 quitur
633 1322 814 1376 dicens
843 1340 854 1372 :
883 1320 1050 1373 Homo
1076 1336 1190 1372 cum
1218 1330 1448 1372 mortuus
1471 1320 1644 1387 fuerit,
1674 1329 1719 1372 et
1748 1318 1986 1384 nudatus,

435 1415 520 1466 ubi
559 1429 724 1479 quaeso
756 1423 824 1466 est
855 1411 1000 1482 (Job.
1031 1426 1140 1476 xiv,
1174 1411 1260 1479 10)
1279 1411 1301 1461 ‘I
1347 1411 1481 1475 Quid
1513 1426 1639 1464 vero
1667 1419 1786 1478 post
1825 1409 1991 1463 modi-

436 1519 554 1559 cum
583 1504 743 1558 futuri
771 1505 909 1567 sitis,
940 1513 1267 1557 mortuorum
1321 1519 1442 1557 ossa
1475 1511 1527 1556 et
1556 1502 1692 1556 cinis
1737 1503 1789 1556 in
1815 1501 1991 1569 sepul-

435 1595 542 1646 eris
569 1594 952 1646 demonstrant.
988 1592 1128 1646 Vade
1178 1593 1376 1661 itaque,
1421 1605 1453 1644 ο
1485 1591 1655 1655 dives,
1688 1591 1753 1644 ad
1797 1604 1994 1643 monu-

2092 433 2302 488 quoque
2335 419 2588 475 Dominus
2630 421 2680 474 in
2705 420 2987 490 Evangelia
3032 422 3157 476 dicit
3184 441 3196 473 :
3225 422 3415 476 Mittite
3456 438 3578 477 eum
3602 424 3662 476 in

2091 509 2316 563 tenebras
2357 516 2658 577 exteriores,
2704 511 2774 564 ibi
2801 513 2894 564 erit
2935 515 3085 578 ﬂetus
3116 523 3160 565 et
3202 512 3391 566 stridor
3425 513 3663 567 dentium

2097 598 2307 668 (Manli.
2335 617 2463 663 un,
2497 602 2604 669 15).
2642 603 2787 655 Hanc
2816 610 2969 674 certe,
2988 602 3365 656 habitationem
3414 615 3519 656 non
3559 615 3661 656 so-

2094 689 2200 742 lum
2233 690 2515 758 impiorum
2547 691 2757 757 animai,
2788 704 2967 744 verum
2993 691 3155 743 etiam
3181 689 3268 757 qui
3297 702 3480 744 earum
3531 702 3662 744 wr-

2063 793 2220 854 _pora
2273 778 2528 832 dilaniant
2581 780 2912 832 immortales
2959 791 3172 831 vermes
3239 776 3662 841 imreditabunt,

2093 880 2243 919 sacra
2273 865 2546 933 Scriptura
2576 874 2857 920 attestante
2879 907 2892 929 ,
2918 879 3034 933 qua:
3060 865 3134 918 ait
3166 878 3181 916 :
3215 863 3466 917 Dominus
3491 866 3666 918 omni-

2092 964 2267 1022 potens
2309 955 2580 1008 vindicabit
2622 955 2675 1008 in
2701 957 2794 1018 eis,
2840 956 2892 1007 in
2919 955 2996 1008 die
3015 954 3202 1024 judicii
3243 954 3464 1008 oisitabit
3510 953 3662 1008 illos.

2095 1043 2245 1096 Dabit
2271 1045 2402 1097 enim
2429 1046 2595 1114 ignem
2625 1055 2671 1098 et
2703 1060 2892 1098 uermes
2923 1045 2974 1096 in
3004 1060 3156 1098 carne
3194 1060 3388 1109 eorum,
3414 1053 3469 1096 ut
3497 1061 3665 1097 urnis.

2094 1144 2175 1186 tur
2213 1142 2259 1186 et
2278 1139 2492 1188 sentiant
2520 1152 2674 1203 usque
2696 1136 2749 1187 in
2775 1131 3131 1205 sempiternum
3153 1133 3380 1204 (Iudith.
3407 1151 3515 1203 ιη,
3537 1135 3662 1205 20).

2097 1221 2161 1273 Et
2182 1236 2387 1276 rursum
2413 1240 2428 1278 :
2461 1223 2649 1276 Vermis
2671 1239 2846 1277 eorum
2867 1241 2966 1278 non
2992 1226 3235 1278 morietur
3256 1236 3301 1278 et
3326 1225 3458 1295 ignis
3486 1241 3668 1280 eorum

2095 1327 2198 1365 non
2223 1314 2581 1383 exstinguetur,
2610 1324 2656 1366 et
2683 1323 2831 1368 erunt
2857 1331 3016 1383 usque
3046 1316 3115 1368 ad
3140 1316 3424 1369 satietatem
3453 1317 3670 1370 uisionis

2097 1403 2233 1455 omni
2260 1407 2402 1456 carni
2432 1403 2624 1474 (Marc.
2657 1421 2732 1468 is,
2765 1404 2882 1474 44).

2170 1492 2256 1545 13.
2300 1492 2513 1559 Pavete,
2547 1493 2755 1557 miseri,
2811 1501 3098 1546 torrentem
3148 1492 3200 1546 in
3229 1493 3420 1562 picem,
3450 1495 3574 1562 quia
3604 1505 3667 1549 et

2099 1579 2272 1634 subito
2301 1581 2468 1650 rapiet
2496 1594 2588 1635 eos
2614 1594 2747 1649 quos
2795 1581 3026 1650 rapuerit
3053 1597 3066 1631 :
3091 1580 3155 1634 ad
3187 1581 3561 1634 ambulandum
3599 1582 3669 1635 li-

437 1691 612 1734 mema
653 1697 832 1749 regum
870 1692 922 1735 ει
964 1681 1207 1743 divitum,
1254 1691 1307 1735 ει
1339 1681 1409 1736 ibi
1444 1692 1492 1734 ιθ
1525 1681 1744 1748 inspice,
1779 1679 1852 1732 ibi
1880 1679 1994 1746 κιο-
2029 1663 2072 1722 Β
2101 1672 2256 1725 beros
2283 1687 2497 1741 gressus
2528 1673 2722 1726 habere
2754 1672 2971 1725 minime
3010 1672 3294 1740 permittit.
3325 1671 3520 1727 Pavete
3567 1673 3675 1726 bu—

439 1772 567 1824 riam
603 1773 948 1840 temporalem
977 1788 1132 1839 quam
1167 1773 1262 1838 ipsi
1287 1781 1619 1851 amaverunt,
1650 1784 1914 1837 quamque
1943 1777 1996 1821 tu

440 1863 629 1917 anxius
669 1865 994 1930 exsequeris,
1048 1864 1276 1931 inquire.
1320 1863 1563 1932 Nunquid
1595 1878 1701 1916 non
1734 1863 1826 1916 tibi
1855 1862 1999 1917 vide-

437 1965 543 2019 tur,
577 1970 680 2008 non
730 1956 942 2023 quidem
976 1956 1174 2021 verbis,
1205 1956 1298 2008 sed
1329 1956 1610 2024 exemplis,
1657 1957 1816 2010 homo
1843 1970 1997 2010 mor-

355 2097 358 2103 λ
437 2057 556 2101 tuus
605 2049 746 2116 loqui
793 2049 858 2101 de
898 2049 1146 2117 sepulcro
1178 2066 1192 2101 ε
1221 2047 1369 2114 Quod
1423 2057 1476 2101 tu
1522 2063 1604 2112 es,
1657 2033 1755 2116 ego
1801 2048 1912 2109 fui;
1947 2057 2002 2102 et

437 2136 576 2202 quod
608 2152 706 2206 ego
735 2152 873 2200 sum,
904 2147 956 2190 tu
987 2153 1196 2207 quoque
1229 2147 1345 2205 post
1373 2139 1640 2192 modicum
1677 2139 1878 2192 futurus
1906 2139 1999 2192 es?

437 2224 550 2291 Ego
579 2227 718 2278 enim
746 2225 1012 2290 quondam
1055 2228 1334 2293 opulentus
1360 2233 1413 2279 et
1437 2226 1667 2295 pinguis,
1698 2236 1819 2294 post
1849 2227 2000 2280 lasci-

435 2313 638 2367 vientes
664 2323 718 2366 et
747 2314 1051 2373 innumeras
1087 2315 1241 2382 hujus
1275 2315 1401 2367 vita:
1432 2317 1729 2380 voluptates
1758 2315 1825 2368 ad
1855 2329 2000 2370 mor-

437 2407 544 2455 tem
582 2403 758 2455 carnis
789 2403 1024 2470 perveni,
1063 2412 1179 2468 post
1209 2414 1433 2458 mortem
1467 2405 1644 2458 carnis
1673 2403 1725 2456 in
1755 2419 1995 2469 vermes;

438 2499 561 2558 post
608 2507 836 2545 vermes
872 2497 922 2546 in
966 2495 1235 2561 pulverem
1285 2496 1530 2548 redactus
1580 2509 1720 2547 sum.
1777 2494 1876 2549 Ubi
1920 2504 2002 2549 est

439 2598 578 2638 nunc
624 2583 871 2650 superbia
932 2586 1093 2638 vitm?
1137 2587 1224 2639 ubi
1270 2585 1537 2640 illecebras
1587 2571 1646 2639 ac
1703 2585 2002 2652 voluptates

437 2671 730 2726 carnalium
761 2673 1047 2726 vitiorum?
1080 2674 1164 2727 ubi
1209 2674 1484 2728 blandiens
1534 2672 1714 2728 uxoris
1742 2673 2001 2728 allectus?

439 2760 524 2812 ubi
575 2775 919 2814 succrescens
971 2762 1196 2815 ﬁliorum
1246 2762 1561 2829 profectus?
1611 2762 1698 2816 ubi
1742 2753 1998 2816 obedieus

435 2846 756 2901 famulorum
837 2849 1169 2917 apparatus?
1237 2849 1327 2903 ubi
1397 2849 1630 2904 animum
1691 2848 2001 2904 distendens

435 2950 686 3004 agrorum
712 2979 727 3002 ,
763 2938 1032 2991 vinearum
1068 2954 1452 3006 nemorumque
1482 2939 1721 2993 reditus?
1751 2939 1838 2995 ubi
1884 2938 2000 2994 the-

437 3039 710 3079 saurorum
741 3028 1107 3094 gravissimum
1139 3028 1382 3095 pondus?
1414 3028 1500 3081 ubi
1533 3028 1759 3081 vestium
1789 3027 1999 3083 diverso

439 3112 729 3177 schemate,
747 3129 898 3177 auro,
913 3116 1134 3183 gemmis
1148 3131 1210 3169 ac
1227 3117 1523 3183 margaritis
1539 3115 1745 3186 fulgens
1761 3118 2006 3172 ornatus?

441 3207 552 3272 ubi,
583 3207 818 3276 inquam,
867 3208 978 3261 lucc
1025 3211 1203 3263 omnia
1249 3210 1413 3265 sunt?
1447 3211 1693 3265 Attendis
1734 3212 2001 3278 nimirum,

439 3293 538 3354 nisi
570 3309 741 3349 cmcus
768 3308 847 3360 es,
877 3297 996 3363 quia
1045 3313 1251 3352 mecum
1295 3299 1405 3368 jam
1454 3314 1558 3353 non
1610 3309 1754 3353 sunt.
1790 3300 2001 3354 Utinam

437 3391 636 3443 autem,
670 3394 722 3438 et
777 3385 915 3440 illius
944 3387 1096 3454 cujus
1127 3389 1425 3457 exemplum
1460 3389 1580 3444 talia
1612 3390 2005 3459 quodammodo

437 3471 653 3540 clamat,
707 3482 762 3528 et
808 3485 985 3530 vestra
1031 3477 1226 3546 quibus
1271 3479 1394 3531 talia
1444 3479 1675 3546 clamat,
1731 3480 1847 3532 haec
1894 3479 2006 3531 sola

437 3557 708 3615 damnatio
733 3573 897 3626 esset,
932 3573 986 3616 et
1017 3579 1122 3616 non
1156 3565 1334 3630 potius
1373 3573 1633 3617 mternum
1683 3564 2007 3632 subsequens

441 3657 786 3701 tormentum.
816 3650 1012 3702 Audite
1040 3651 1196 3717 igitur
1229 3665 1346 3717 quas
1374 3651 1444 3703 sit
1473 3651 1757 3718 impiorum
1807 3652 2010 3706 habita-

443 3737 538 3799 tio,
581 3749 700 3805 qute
737 3738 807 3791 sit
848 3746 968 3806 post
1000 3736 1156 3807 hujus
1185 3739 1306 3792 vita:
1353 3755 1632 3796 excessum
1662 3743 2006 3812 reproborum

443 3824 730 3880 damnatio.
780 3825 851 3879 De
891 3827 1098 3879 illorum
1127 3840 1356 3896 namque
1383 3828 1702 3896 sempiterna
1734 3832 2007 3885 mansione

443 3914 695 3993 scriptum
733 3924 812 3967 est
847 3931 858 3964 :
890 3914 1252 3968 Canverteutur
1289 3925 1538 3969 torrentes
1581 3919 1694 3988 ejus
1724 3921 1778 3972 in
1821 3921 2002 3987 picem,

444 4015 492 4057 et
530 4005 713 4058 humus
755 4008 865 4076 ejus
903 4009 954 4059 in
995 4007 1157 4075 picem
1205 4009 1484 4072 ardentem,
1517 4019 1672 4064 nocte
1699 4019 1753 4063 et
1793 4009 1881 4062 die
1910 4025 2010 4061 non

440 4095 791 4166 exstinguetur
832 4097 884 4149 in
927 4098 1286 4166 sempiternum
1321 4114 1338 4150 :
1371 4099 1604 4150 ascendet
1646 4103 1813 4166 fumus
1839 4100 1950 4168 ejus
1978 4114 2010 4150 a

441 4187 760 4257 generatione
793 4189 846 4241 in
870 4191 1239 4257 generationem
1269 4188 1403 4256 (Isa.
1438 4204 1619 4254 xmv,
1648 4190 1726 4259 9).

2102 1775 2243 1814 mum
2275 1761 2550 1828 sepulcris,
2579 1760 2701 1826 quia
2750 1759 3136 1814 intolerabilem
3174 1760 3395 1817 fetorem
3426 1762 3670 1816 exhalat.

2101 1851 2461 1906 Pertimescite
2507 1860 2703 1906 terram
2755 1852 2804 1906 in
2852 1852 2973 1921 pice
3021 1852 3323 1917 ardentem,
3374 1855 3496 1922 quia
3523 1867 3671 1922 quos

2101 1945 2316 2013 suscipit
2342 1946 2536 2009 esurit,
2567 1945 2720 1998 simul
2749 1956 2802 2000 et
2830 1945 3158 2014 compeditos
3205 1945 3401 2001 reddit.
3444 1945 3668 2000 Formi-

2101 2034 2226 2088 date
2271 2042 2467 2088 terram
2514 2034 2765 2099 miseriae,
2813 2035 2933 2104 quia
2991 2035 3166 2088 omnis
3215 2034 3542 2103 indulgentia
3594 2036 3670 2089 ibi

2106 2123 2298 2177 deerit.
2344 2123 2710 2178 Pertimescite
2737 2138 2797 2177 os
2843 2122 3031 2178 inferni
3076 2125 3278 2194 absque
3305 2126 3412 2180 ullo
3438 2127 3679 2180 termino

2104 2214 2442 2283 patefactum,
2475 2215 2596 2282 quia
2624 2213 2907 2268 crudeliter
2935 2223 3093 2283 atque
3129 2215 3504 2269 insatiabiliter
3529 2229 3669 2270 cuo-

2100 2312 2214 2357 ctos’
2239 2303 2517 2367 devorans,
2536 2317 2632 2357 nec
2656 2305 2880 2358 saturari
2911 2305 3076 2366 novit,
3102 2317 3200 2358 nec
3230 2303 3427 2358 sufﬁcit
3449 2304 3637 2359 dicere
3655 2321 3672 2356 :

2102 2393 2262 2462 fugite
2308 2401 2553 2461 stagnum
2585 2392 2738 2461 ignis,
2769 2393 2895 2460 quia
2943 2407 3078 2461 quos
3122 2392 3352 2464 suscipit,
3383 2392 3670 2461 demergit,

2103 2491 2256 2538 necat
2284 2493 2339 2537 et
2363 2484 2488 2537 urit.
2520 2481 2716 2538 Cavete
2743 2483 2992 2537 tenebras
3039 2482 3354 2546 exteriores,
3385 2483 3510 2550 quia
3541 2483 3670 2536 nul-

2103 2573 2211 2627 lum
2238 2572 2304 2625 ad
2345 2586 2435 2627 eas
2478 2572 2654 2626 lumen
2694 2569 2917 2625 accedit.
2977 2571 3216 2626 Evadere
3259 2580 3446 2626 curate
3489 2570 3678 2626 ﬂetum

2102 2671 2154 2716 et
2179 2661 2458 2715 stridorem
2486 2660 2746 2726 dentium,
2779 2660 2973 2730 quibus
3005 2661 3125 2716 linis
3171 2675 3440 2730 nunquam
3467 2661 3672 2719 aderit.

2101 2751 2306 2807 Timete
2347 2766 2556 2807 vermes
2604 2752 2964 2819 immortales,
3023 2756 3143 2822 quia
3192 2753 3244 2806 in
3295 2753 3678 2809 manducando

2101 2855 2288 2896 carnes
2319 2849 2525 2900 vestras
2562 2841 2702 2894 nulla
2740 2843 2841 2894 erit
2883 2842 3102 2896 satietas
3129 2842 3227 2906 eis,
3260 2851 3313 2896 et
3351 2855 3474 2895 cum
3507 2849 3585 2896 tot
3614 2857 3680 2898 ac

2104 2938 2245 2983 tanta
2271 2930 2418 2982 vobis
2449 2930 2502 2982 in
2529 2939 2786 2983 aeternum
2831 2931 3156 2986 adhaaserint
3197 2938 3486 2996 tormenta,
3529 2947 3673 2987 nuu-

2103 3034 2260 3087 quam
2291 3018 2462 3073 deerit
2491 3007 2774 3086 singularis
2803 3019 3037 3074 avaritia:
3061 3018 3294 3075 deterior
3317 3022 3678 3076 excruciatio.

2107 3104 2258 3162 Unde
2282 3113 2338 3160 et
2364 3119 2455 3173 per
2475 3104 2728 3159 Iacobum
2759 3105 2910 3160 vobis
2938 3106 3130 3160 dicitur
3161 3124 3175 3158 :
3202 3107 3350 3176 Agite
3375 3124 3512 3161 nunc
3550 3109 3683 3162 diei-

2105 3204 2195 3259 tes,
2223 3196 2418 3263 plorate
2465 3194 2720 3248 ululantes
2763 3195 2818 3247 in
2849 3196 3065 3248 miseriis
3085 3211 3199 3264 qua
3236 3208 3554 3251 advenerunt
3589 3215 3678 3252 vo-

2106 3282 2201 3345 bis,
2233 3283 2416 3335 divitiaz
2445 3291 2619 3355 vestrm
2657 3284 2955 3352 putrefacta
2986 3291 3128 3348 sunt,
3173 3283 3471 3337 vestimenta
3508 3295 3682 3337 vestra

2107 3387 2138 3422 a
2177 3371 2322 3423 tineis
2370 3381 2587 3424 comesta
2639 3381 2781 3436 sunt,
2834 3387 3017 3424 aurum
3061 3381 3111 3426 et
3150 3381 3418 3442 argentum
3455 3383 3684 3428 vestrum

2109 3459 2503 3528 aruginavit,.et
2533 3475 2707 3528 terugo
2739 3475 2913 3514 eorum
2936 3462 2988 3514 in
3016 3464 3364 3516 testimonium
3389 3463 3528 3516 vobis
3556 3462 3679 3522 erit.

2113 3561 2158 3602 et
2199 3550 2522 3604 manducabit
2561 3566 2737 3605 carnes
2763 3561 2958 3606 vestras
2995 3552 3126 3606 sicut
3155 3554 3291 3623 ignis
3343 3552 3483 3614 ’Jac.
3513 3570 3565 3617 v,
3595 3554 3676 3621 1).

2116 3642 2522 3709 Vobismetipsis
2548 3643 2724 3710 itaque
2745 3643 3103 3711 consulentes,
3134 3646 3511 3708 recordamini,
3535 3662 3681 3716 qus:-

2108 3745 2310 3792 sumus,
2345 3731 2465 3784 talia
2492 3749 2507 3794 ς
2552 3732 2894 3788 recordantes
2917 3735 3308 3802 pertimescite,
3335 3752 3405 3790 ne
3428 3738 3683 3794 incidatis

2109 3821 2160 3875 in
2192 3823 2313 3875 talia
2343 3840 2355 3874 :
2384 3830 2439 3877 et
2463 3823 2551 3890 qui
2584 3837 2685 3876 non
2711 3825 2882 3877 solum
2909 3825 3131 3893 digitum
3164 3841 3326 3880 unum
3381 3828 3433 3880 in
3463 3828 3592 3899 igne
3617 3831 3682 3883 ad

2109 3909 2377 3964 modicum
2405 3922 2609 3976 tenere,
2635 3927 2819 3968 verum
2852 3918 3017 3968 etiam
3048 3915 3246 3984 famem
3275 3931 3337 3970 ac
3379 3917 3549 3984 sitim,
3584 3920 3678 3975 fri-

2109 4011 2239 4065 gora
2267 3998 2351 4052 vel
2395 3998 2686 4053 nuditatem
2735 4001 2965 4057 tolerare
3008 4002 3268 4070 reiugitis,
3323 4012 3401 4057 tat
3444 4020 3510 4059 ac
3539 4016 3684 4061 tanta

2112 4100 2232 4158 qua:
2268 4090 2622 4156 praemisimus
2670 4090 2722 4144 in
2753 4101 3065 4159 perpetuum
3094 4094 3364 4150 sustinere
3394 4095 3686 4151 vehemen-

2113 4178 2313 4254 tissime
2365 4188 2626 4247 paventes
2666 4179 2982 4245 lormidate;
3044 4181 3140 4237 sed
3196 4196 3298 4237 nec
3341 4183 3447 4238 diei
3493 4185 3685 4253 iudicii

516 4280 604 4332 is.
647 4279 726 4332 Ad
765 4281 901 4332 banc
930 4281 1214 4348 impiorum
1248 4289 1466 4345 terram,
1497 4280 1561 4333 ad
1589 4279 1725 4335 hanc
1753 4281 2007 4350 reprobo-
2037 4318 2091 4379 υ
2112 4271 2442 4379 εξεβεειβιῑῗ
2473 4269 2824 4379 formidabilis
2855 4285 2891 4379 ξς
2925 4273 3182 4379 memoria
3211 4276 3680 4379 vesperem-1.

443 4383 560 4423 rum
592 4367 989 4422 damnationem
1014 4378 1138 4422 ante
1166 4369 1446 4423 adventum
1483 4370 1786 4425 Mediatoris
1818 4374 2007 4441 nostri,

443 4457 546 4512 etsi
586 4461 916 4529 nequaquam
970 4473 1153 4514 eorum
1197 4473 1354 4528 pcena
1411 4460 1696 4528 plectendi,
1729 4461 1802 4514 illi
1848 4464 2008 4516 etiam

446 4558 566 4616 post
605 4557 831 4602 mortem
867 4548 1300 4613 descendebant,
1328 4551 1413 4618 qui
1457 4551 1508 4604 in
1551 4552 1648 4606 hac
1677 4555 1780 4606 vita
1819 4554 1902 4621 pie
1932 4555 2009 4606 vi-

446 4640 664 4693 vebant.
732 4638 883 4695 Unde
929 4639 1119 4694 beatus
1167 4656 1380 4708 quoque
1424 4638 1522 4695 Job
1566 4644 1858 4711 deprecans
1900 4645 2006 4696 ait:

447 4728 655 4781 Dimitte
684 4746 763 4783 me
788 4740 842 4783 ut
886 4727 1128 4801 plangam
1173 4731 1464 4800 paululum,
1515 4744 1786 4803 antequam
1832 4735 2009 4788 vadum

448 4820 514 4870 ad
553 4830 732 4872 terram
768 4821 1082 4875 tenebrosam
1110 4830 1156 4874 et
1194 4830 1420 4888 opertam
1448 4824 1621 4875 mortis
1649 4824 1882 4891 caligine,
1911 4833 2009 4876 ter-

447 4926 562 4961 ram
582 4912 793 4964 miseriae
816 4922 862 4966 et
891 4915 1232 4978 tenebrarum,
1264 4913 1350 4965 ubi
1379 4915 1557 4965 umbra
1588 4917 1783 4976 mortis,
1813 4924 1862 4966 et
1889 4917 2010 4967 nul-

450 5000 530 5054 lus
558 5001 705 5064 ordo,
744 5002 830 5053 sed
869 5004 1203 5069 sempiternus
1251 5004 1430 5055 horror
1474 5003 1719 5056 inhabitat
1767 5005 1908 5074 (Job.
1956 5020 2009 5068 ι,

449 5088 567 5158 20).
602 5088 675 5141 De
706 5088 805 5141 hac
853 5089 1177 5146 habitatione
1221 5093 1481 5147 malorum
1517 5107 1608 5160 per
1662 5094 1847 5148 Isaiam
1879 5096 2012 5147 dici-

451 5191 570 5232 tur:
607 5177 855 5230 Dilatavit
894 5177 1120 5246 infernus
1161 5185 1385 5234 animam
1425 5196 1590 5245 suam,
1633 5194 1678 5236 et
1717 5186 1912 5252 aperuit
1956 5199 2012 5235 os

448 5286 594 5322 suum
636 5271 821 5337 absque
875 5271 981 5324 ullo
1022 5273 1263 5337 termino;
1297 5282 1340 5324 et
1371 5273 1666 5327 descendent
1696 5276 1849 5343 fortes
1877 5277 2010 5343 ejus,

450 5369 494 5409 et
521 5357 738 5424 populus
765 5361 892 5428 ejus,
937 5367 981 5411 et
1018 5360 1252 5412 sublimes
1299 5363 1601 5428 gloriosique
1638 5367 1746 5432 ejus
1789 5368 1855 5416 ad
1897 5380 2011 5416 eum

451 5446 584 5510 (Isa.
639 5461 688 5511 ν,
727 5447 835 5515 ﬂ).
871 5448 942 5501 De
969 5448 1067 5502 hac
1097 5450 1146 5502 in
1180 5453 1496 5517 Apocalypsi
1529 5456 1743 5520 angelus
1775 5457 1883 5508 ait:
1923 5453 2039 5514 Iu-.

458 5541 626 5597 {ernus
665 5545 709 5588 et
746 5553 882 5591 mors
906 5539 1040 5592 missi
1080 5549 1192 5593 sunt
1233 5541 1281 5592 in
1311 5551 1538 5609 stagnum
1567 5542 1715 5611 ignis,
1743 5546 1847 5599 lucc
1878 5561 2012 5597 meis

2112 4363 2158 4416 si
2213 4361 2519 4429 quomodo,
2573 4362 2807 4417 donante
2854 4362 3078 4420 Domino
3119 4363 3245 4420 Jesu
3291 4364 3506 4422 Christo
3533 4407 3552 4435 ,
3619 4368 3686 4423 ab

2111 4466 2294 4507 amore
2344 4454 2619 4521 praesentis
2649 4453 2826 4509 saeculi
2872 4454 3100 4510 intentio
3127 4466 3306 4512 vestra
3351 4459 3524 4513 semel
3573 4460 3685 4514 dis-

2106 4542 2313 4612 jnngat.
2367 4543 2443 4598 De
2492 4546 2582 4600 illo
2616 4547 2812 4601 etenim
2863 4545 2952 4601 die
3000 4547 3263 4616 scriptum
3313 4548 3380 4612 in-
3419 4551 3685 4620 propheta

2111 4635 2332 4701 legimus
2363 4650 2377 4686 :
2404 4633 2564 4687 Juxta
2590 4645 2662 4689 est
2690 4636 2799 4689 dies
2831 4633 3059 4704 Domini,
3087 4641 3236 4702 juxta
3264 4647 3312 4690 et
3337 4638 3487 4692 celos:
3508 4641 3686 4695 nimis.

2120 4725 2233 4779 νοτ
2257 4726 2359 4777 diei
2380 4723 2587 4779 Domini
2624 4741 2826 4792 amara,
2868 4726 3189 4780 tribulabitur
3226 4729 3298 4780 ibi
3320 4729 3469 4796 {ortis
3489 4729 3684 4798 (Soph.

2113 4835 2151 4882 ι,
2193 4817 2302 4888 is).
2337 4819 2458 4873 Dies
2487 4821 2578 4874 ira:
2609 4819 2724 4873 dies
2759 4819 2867 4882 illa,
2899 4821 3014 4874 dies
3046 4821 3403 4876 tribulationis
3429 4831 3488 4876 et
3519 4838 3690 4894 augu-

2111 4909 2248 4974 stim,
2279 4909 2394 4963 dies
2433 4910 2751 4964 calamitatis
2790 4920 2846 4964 et
2875 4910 3137 4976 miseriae,
3181 4912 3296 4967 dies
3344 4915 3687 4970 tenebrarum

2111 5011 2164 5055 et
2200 5001 2458 5071 caliginis,
2488 5002 2602 5055 dies
2644 5001 2852 5055 nebulae
2899 5012 2952 5056 et
3003 5003 3247 5068 turbinis,
3278 5004 3394 5059 dies
3441 5006 3598 5060 tuba
3639 5016 3691 5065 et

2111 5093 2400 5160 clangoris.
2453 5092 2525 5145 De
2552 5091 2638 5144 die
2682 5090 2770 5145 illa
2803 5106 2897 5160 per
2927 5091 3139 5147 Petrum
3176 5093 3370 5150 dicitdr
3401 5109 3415 5145 :
3444 5096 3692 5149 Adueniet

2113 5186 2219 5237 dies
2244 5181 2449 5236 Domini
2486 5193 2541 5235 ut
2581 5183 2684 5251 fur,
2708 5180 2771 5237 in
2801 5201 2901 5252 qua
2925 5185 3037 5237 coeli
3080 5201 3267 5255 magno
3300 5187 3497 5252 impetat
3529 5197 3697 5240 tuns-

2114 5273 2237 5339 ient,
2266 5273 2506 5326 elementa
2534 5289 2649 5327 vero
2673 5274 2842 5328 calore
2887 5277 3136 5329 solventur
3158 5274 3240 5346 (ll
3269 5273 3413 5328 Pstr.
3462 5291 3548 5342 ιιι,
3581 5277 3689 5346 10).

2117 5364 2250 5418 Hinc
2272 5363 2548 5419 Psalmista
2577 5364 2648 5418 ait
2681 5383 2692 5415 :
2729 5365 2874 5434 Ignis
2921 5365 2977 5418 in
3002 5375 3275 5436 conspectu
3309 5367 3422 5434 ejus
3461 5366 3688 5430 ardebit.

2117 5464 2162 5507 et
2193 5457 2244 5508 in
2277 5457 2491 5508 circuitu
2528 5458 2637 5525 ejus
2673 5465 2943 5524 tempestas
2983 5457 3153 5512 valida
3182 5452 3355 5525 (Psal.
3413 5471 3585 5522 XLIX,
3615 5455 3693 5526 ι).

2121 5545 2250 5603 llinc
2295 5547 2548 5618 propheta
2598 5544 2670 5604 ex‘
2714 5547 2907 5616 iudicis
2959 5549 3126 5604 nostri
3176 5561 3408 5616 persona
3456 5547 3696 5618 loquitur
