3908 6354
245 288 392 347 I289

1448 298 1676 358 SEMIO
1718 305 1805 359 DF.
1851 305 2280 366 lZUPlDi'I‘ATE.

3346 327 3488 385 i290

236 405 467 462 dicens:
496 405 748 476 Exspecta
776 422 876 475 tne,
902 410 1023 464 dicit
1051 410 1319 483 Dominus,
1350 417 1401 469 in
1440 417 1523 470 die
1570 434 1803 474 resurre—
1829 424 1884 480 Α
1908 421 2046 475 viam
2085 425 2337 479 ostendit.
2370 425 2603 492 Quaerite
2650 444 2741 485 vos
2775 433 2986 487 leniam
3018 436 3193 492 sicubi
3241 440 3483 509 invenire

232 499 424 552 ctiouis
449 514 583 553 mea
620 501 672 553 in
699 505 952 570 futurum,
981 507 1098 571 quia
1118 508 1370 576 judicium
1404 526 1569 563 meum
1603 522 1654 565 ut
1695 530 1816 567 con-

232 600 442 655 gregem
459 597 628 657 gentes
647 596 693 640 et
716 589 954 659 colligam
987 607 1169 662 regna,
1194 604 1248 647 ut
1267 597 1341 661 εΙῙ
1340 599 1527 651 undam
1548 616 1700 669 super
1732 619 1816 657 eos

231 676 639 748 indignationem
665 695 826 733 meam
866 690 916 733 et
963 699 1161 737 omnem
1206 688 1333 740 iram
1360 690 1553 756 furoris
1592 693 1729 757 mei;
1761 695 1814 746 in

232 764 355 831 igne
393 766 527 817 enim
550 766 645 820 zeli
679 768 777 820 mei
800 768 1121 846 deuorabitur
1146 776 1310 830 omnis
1335 786 1470 832 terra
1509 779 1699 851 (Soph.
1733 797 1811 850 nt,

233 851 315 920 8).
354 853 491 907 Ecce
535 855 726 908 etenim
758 857 854 922 ira,
888 859 1159 915 tribulatio
1189 875 1243 917 et
1294 870 1563 936 angustia,
1594 871 1811 924 calami-

234 950 316 994 tas
346 949 399 995 et
430 942 664 1005 miseria,
698 945 933 1002 tenebrae
960 958 1013 1002 et
1054 949 1245 1020 caligo,
1275 953 1483 1008 nebulae
1527 967 1579 1010 ct
1625 958 1804 1023 turbo,

234 1028 364 1082 tuba
394 1038 449 1083 et
476 1030 713 1098 clangor,
745 1032 1169 1102 ignisxclementa
1220 1054 1564 1107 consumens,
1600 1052 1806 1112 tempe-

229 1126 349 1172 stas
377 1120 552 1174 valida
601 1133 789 1176 cuncta
835 1124 1142 1183 devastans.
1178 1130 1258 1184 lra
1301 1132 1502 1199 judicis
1553 1136 1806 1191 intolera-

230 1204 381 1271 bilis,
434 1207 580 1263 furor
627 1202 1001 1279 importabilis,
1036 1228 1089 1271 et
1119 1221 1237 1286 quis
1284 1233 1624 1301 peccatorum
1677 1228 1801 1282 talia

232 1310 345 1348 non
379 1300 749 1364 pertimescat?
788 1302 844 1357 Si
890 1304 1103 1372 Paulus,
1135 1320 1437 1367 sanctorum
1488 1315 1700 1372 labores
1749 1327 1803 1373 et

228 1385 463 1441 virtutes
504 1403 830 1458 exsuperans
856 1433 872 1456 ,
926 1390 1045 1449 talia
1088 1394 1442 1466 formidabat,
1495 1404 1610 1474 ipse
1657 1409 1800 1462 enim

226 1476 613 1532 tremebundus
630 1480 852 1534 clamat:
872 1482 1128 1540 Terribilis
1150 1498 1222 1541 est
1244 1494 1477 1558 quietiam
1496 1501 1801 1565 exspectatio

222 1562 413 1627 iudicii
456 1576 502 1619 et
544 1568 677 1637 ignis
701 1573 974 1638 aemulatio,
999 1592 1111 1641 qua:
1136 1593 1491 1651 consumptura
1511 1562 1594 1637 est
1611 1587 1801 1640 adver-

221 1652 412 1706 sarios.
456 1653 786 1712 Horrendum
808 1672 882 1715 est
908 1663 1132 1720 incidere
1168 1670 1221 1721 in
1261 1686 1442 1725 manus
1469 1671 1563 1726 Dei
1589 1677 1798 1729 viventi:

221 1739 385 1810 (Heb.
417 1760 472 1809 ι,
494 1744 583 1813 27,
615 1749 728 1818 3t).
757 1750 830 1805 lbi
853 1763 996 1808 certe
1015 1756 1081 1808 ad
1108 1754 1391 1814 vindictam
1410 1764 1676 1818 malorum
1710 1768 1792 1821 in-

220 1834 573 1890 numerabilis
596 1840 869 1907 apparebit
894 1843 1175 1899 multitudo
1198 1851 1525 1918 angelorum,
1561 1862 1619 1909 et
1638 1858 1790 1911 cmlis

218 1933 285 1973 ac
310 1926 470 1977 terris
498 1925 820 1995 ardentibus,
851 1931 1074 1989 Domino
1098 1951 1311 2008 quoque
1340 1950 1503 2011 atque
1530 1950 1788 2015 apostolis

216 2012 657 2082 consedentibus,
689 2019 953 2086 separabit
997 2024 1167 2078 malos
1193 2026 1261 2081 de
1291 2031 1465 2085 medio
1497 2012 1785 2101 justorum,

218 2107 271 2152 et
296 2102 694 2167 quodammodo
740 2108 997 2165 zizaniam
1044 2126 1075 2168 a
1106 2116 1278 2173 tritico
1305 2136 1635 2192 separantes,
1665 2129 1785 2183 alli-

217 2189 427 2259 gsbunt
456 2191 731 2252 fasciculos
756 2200 821 2253 ad
868 2204 1306 2275 comburendom,
1331 2189 1457 2267 dum
1499 2189 1655 2284 pares
1695 2235 1786 2287 pa-

216 2280 394 2348 ribus,
423 2282 585 2365 idest
611 2301 798 2345 avaros
822 2305 944 2347 cum
973 2298 1168 2363 avaris,
1197 2302 1465 2358 adulteros
1485 2320 1605 2361 cum
1636 2310 1785 2365 adul-

214 2367 369 2433 teris,
424 2360 719 2429 libmicidas
764 2391 884 2433 cum
934 2380 1243 2452 homicidls,
1286 2389 1633 2450 fornicatores
1660 2412 1782 2453 cum

214 2446 650 2529 fornicatoribus,
692 2468 833 2549 fures
878 2485 995 2525 cum
1024 2475 1254 2545 furibus,
1279 2493 1519 2550 raptores
1546 2502 1666 2542 cum
1698 2506 1783 2544 ra-

212 2549 480 2617 ptoribus,
512 2545 793 2613 mendaces
819 2574 939 2615 cum
982 2566 1350 2639 mendacibus,
1380 2576 1630 2644 perjuros
1659 2595 1781 2636 cum

211 2636 446 2705 periuris
473 2680 491 2707 ,
546 2658 764 2703 voraces
806 2663 924 2704 cum
982 2658 1262 2713 voracibus
1292 2704 1306 2727 ,
1367 2664 1609 2723 ebriosos
1660 2685 1780 2726 cum

210 2726 459 2797 ebriosis,
480 2731 649 2789 elatos
667 2749 783 2789 cum
801 2740 969 2806 elatis,
986 2747 1245 2812 superbos
1270 2766 1391 2805 cum
1419 2758 1664 2820 superbis
1684 2776 1780 2829 ap-

210 2818 448 2872 taverint
464 2830 619 2889 atque
635 2828 1021 2896 c0njunxerint,
1043 2844 1097 2887 ut
1120 2851 1216 2904 par
1231 2838 1303 2892 ibi
1328 2842 1398 2895 sit
1418 2818 1638 2900 manens
1654 2818 1780 2920 sup-

208 2903 456 2973 plicium,
482 2924 705 2978 quorum
731 2917 783 2968 in
808 2918 905 2973 huc
930 2921 1032 2974 vita
1057 2903 1150 2988 par
1170 2930 1375 2985 exstitit
1401 2903 1775 3006 conservatio;

206 2992 303 3045 sed
332 3009 435 3050 nec
465 2996 603 3061 ullos
632 3004 731 3055 erit
752 3006 955 3062 reditus
975 3011 1041 3063 ad
1070 3014 1278 3069 veniam
1303 3019 1598 3090 nltra,quia

207 3082 260 3135 in
289 3086 605 3152 supplicium
631 3100 906 3159 aeternum,
942 3112 1040 3152 nec
1062 3103 1313 3169 precibus
1335 3082 1465 3164 iram
1485 3082 1682 3180 judicis
1704 3120 1772 3173 ad

206 3170 629 3230 misericordiam
678 3180 867 3250 aliquis
895 3184 1109 3253 ﬂectet;
1158 3194 1280 3260 quia
1310 3170 1558 3258 omnibus
1583 3170 1776 3260 secuit:

203 3263 332 3315 dum
355 3276 519 3329 Opera
545 3267 749 3335 reddet,
779 3281 833 3326 et
860 3275 1070 3341 quidem
1104 3295 1291 3348 preces
1318 3288 1772 3362 multiplicabant,

203 3360 259 3403 et
308 3350 574 3420 eiulantes
627 3359 802 3413 miseri
849 3365 1193 3423 clamabunt:
1227 3373 1482 3442 Domine,
1534 3381 1771 3451 Domine,

202 3443 353 3507 aperi
370 3445 518 3497 nobis
539 3445 686 3517 (Luc.
710 3465 819 3515 xm,
845 3452 957 3525 25).
987 3457 1051 3510 Et
1079 3447 1255 3516 tamen
1281 3465 1348 3519 ab
1379 3468 1521 3523 intus
1547 3443 1773 3541 respon;

202 3532 363 3585 detur
389 3533 495 3590 illis
526 3553 540 3589 :
565 3539 721 3592 Amen
746 3544 859 3596 dico
888 3548 1039 3611 vobis,
1073 3555 1241 3607 nescio
1261 3572 1345 3610 vos
1372 3563 1459 3627 qui
1482 3566 1599 3618 estis
1626 3583 1641 3618 τ
1669 3570 1773 3621 dis-

200 3620 370 3673 cedite
399 3639 433 3675 α
458 3641 555 3690 me,
586 3632 803 3696 aperarii
840 3636 1135 3703 iniquitatis.
1166 3641 1248 3697 lbi
1274 3620 1559 3718 erit/lctus
1582 3664 1633 3709 et
1653 3660 1773 3711 stri-

200 3707 303 3761 dor
330 3709 560 3765 dentium
595 3714 779 3785 (Ibid,
808 3722 922 3793 27).

196 3874 197 3879 η
260 3817 373 3881 714.
418 3823 609 3916 Dicunt
652 3828 880 3891 fortasse
910 3838 1038 3895 tales
1068 3858 1165 3911 pro
1192 3849 1387 3916 quibus
1438 3857 1563 3909 talia
1594 3874 1656 3913 ex
1685 3862 1770 3915 di-

201 3908 346 3963 vinis
394 3910 620 3980 eloquiis
666 3921 982 3987 proferimus
1027 3932 1213 3988 :Ecce
1263 3940 1499 3995 terruisti
1551 3962 1670 4015 nos,
1718 3962 1771 4005 et

195 3999 309 4068 jam
362 4016 497 4070 pene
540 4006 896 4076 desperationi
940 4024 1334 4082 succubuimus.
1384 4032 1440 4085 Si
1471 4034 1581 4090 haec
1613 4039 1683 4093 ita
1712 4056 1771 4095 se

202 4088 426 4156 habent,
448 4094 564 4161 quis
591 4108 831 4157 nostrum
870 4109 1160 4168 salvabitur
1187 4117 1208 4167 ?
1236 4121 1364 4186 quid
1395 4128 1658 4191 agendum
1688 4143 1771 4186 est

200 4177 396 4231 nobis?
442 4181 752 4253 Respondet)
803 4209 907 4249 non
959 4203 1090 4254 meis
1142 4206 1238 4259 sed
1294 4208 1503 4266 Domini
1561 4220 1763 4273 verbis:

200 4261 405 4319 Intrate
434 4286 522 4334 per
552 4289 816 4344 angustam
836 4285 988 4350 viam,
1012 4292 1134 4355 quia
1160 4295 1265 4347 lata
1288 4312 1433 4365 porta
1470 4316 1519 4355 et
1547 4310 1767 4373 spatiosa

200 4364 276 4406 est
298 4372 415 4423 quae
434 4359 572 4413 ducit
605 4365 672 4416 ad
693 4372 1047 4443 perditionem,
1075 4390 1119 4431 et
1150 4385 1299 4438 multi
1325 4401 1440 4440 sunt
1461 4394 1549 4459 qui
1574 4359 1769 4450 intrant

197 4461 293 4516 per
317 4463 468 4513 eam;
500 4458 747 4521 quoniam
787 4476 1003 4532 angusta
1028 4481 1175 4537 porta
1204 4486 1250 4528 et
1272 4490 1413 4532 arcta
1446 4493 1519 4547 est
1554 4487 1631 4537 via
1657 4506 1721 4555 qu
1743 4508 1768 4540 ιι

195 4537 340 4591 ducit
368 4542 436 4592 ad
463 4546 630 4611 vitam,
667 4560 713 4601 et
741 4558 891 4619 pauci
916 4569 1032 4611 sunt
1067 4566 1154 4630 qui
1186 4565 1443 4623 inueniunt
1476 4556 1586 4627 eant
1614 4577 1766 4645 (Luc.

196 4633 458 4704 1111,24).
492 4640 558 4690 At
584 4638 866 4709 inquiunt:
913 4654 1072 4710 Arcta
1116 4655 1195 4709 via
1240 4672 1293 4712 et
1344 4676 1566 4732 angusta
1618 4633 1767 4735 porta

198 4722 311 4776 illis
342 4730 659 4795 proponitur
687 4736 775 4803 qui
806 4743 1061 4796 smculum
1098 4722 1497 4819 derelinquunt,
1548 4722 1639 4823 qui

201 4824 344 4874 mos,
375 4827 553 4883 agros,
588 4835 799 4887 uxores,
834 4828 991 4895 lilios,
1021 4846 1203 4891 servos
1233 4850 1390 4908 atque
1435 4846 1679 4911 ancillas,
1712 4860 1768 4903 et

198 4901 383 4954 omnia
414 4918 531 4972 quae
562 4916 775 4967 terreno
799 4916 987 4971 affectu
1012 4908 1298 4980 saeculares
1340 4931 1635 5000 implicant,
1668 4939 1761 4992 de-

193 4988 448 5055 spiciunt,
479 5003 536 5046 ut
576 4997 626 5050 ei
658 5000 896 5067 placeant
922 5010 1003 5060 cui
1031 5026 1089 5065 se
1129 4988 1502 5079 probaverunt.
1565 5025 1761 5080 Verum

193 5086 279 5130 est
305 5081 449 5146 quod
473 5083 671 5152 dicitis,
699 5092 791 5145 sed
823 5102 878 5146 et
903 5099 1049 5151 vobis
1074 5101 1223 5166 juxta
1252 5110 1530 5166 modulum
1560 5118 1763 5172 ordinis

196 5169 390 5236 vestri,
430 5178 718 5232 secundum
758 5183 897 5236 vires
926 5200 1187 5245 mensura:
1221 5209 1431 5262 vestrm,
1484 5216 1625 5258 arcta
1678 5211 1760 5261 via

191 5264 251 5310 et
278 5269 434 5324 porta
472 5276 691 5333 angusta
719 5271 984 5338 objicilur.
1032 5279 1162 5342 Quia
1198 5282 1455 5341 Dominus
1484 5293 1613 5344 duas
1646 5303 1759 5347 tan-

189 5354 308 5402 tum
339 5361 519 5417 portas
542 5370 605 5409 ac
631 5357 763 5413 duas
789 5362 897 5415 vias
923 5372 1210 5433 proposuit.
1242 5374 1338 5428 Per
1364 5377 1521 5431 latam
1555 5393 1756 5447 portam

189 5448 245 5490 ct
274 5441 564 5506 spatiosam
591 5445 724 5499 viam
766 5454 957 5507 multos
986 5456 1117 5510 dixit
1154 5463 1371 5517 tendere
1402 5469 1464 5517 ad
1498 5470 1754 5534 perditio-

188 5543 349 5594 nem;
392 5546 486 5598 per
516 5548 787 5603 anguStam
820 5556 1021 5609 portam
1072 5560 1125 5603 et
1160 5564 1355 5607 arctam
1389 5559 1525 5611 viam
1557 5575 1754 5627 paucos

190 5619 393 5674 intrare
425 5622 489 5674 ad
537 5625 727 5692 vitam;
772 5648 868 5685 nec
908 5640 1113 5691 tertium
1163 5655 1364 5708 portam
1416 5668 1513 5703 nec
1547 5658 1752 5710 tertiam

549 5715 808 5776 Pyram.
860 5725 957 5781 LX
976 5729 1023 5785 Χ
1042 5729 1210 5789 XIX.

1925 512 2182 580 potestis,
2225 524 2277 569 et
2315 518 2582 573 ambulate
2629 530 2784 589 atque
2824 522 3019 580 intrate
3062 542 3158 595 per
3185 545 3324 586 eam.
3373 534 3483 591 Sed

1916 600 2084 655 nolite
2134 617 2227 657 vos
2269 604 2472 673 fallere,
2520 621 2624 661 non
2674 618 2758 663 est
2803 614 3051 682 amplius,
3084 631 3191 672 non
3238 635 3485 691 superest

1914 687 2014 740 alia
2060 690 2127 743 ad
2154 692 2331 755 vitam,
2372 693 2564 749 intrate
2611 711 2706 764 per
2734 712 2874 753 eam.
2918 702 3075 756 Arcta
3120 708 3264 762 enim
3305 687 3397 764 vvia
3427 724 3486 768 et

1912 790 2132 846 angusta
2177 780 2322 845 porta
2354 784 2694 838 saecularibus
2722 787 2851 841 viris
2888 799 2970 843 est
3011 792 3181 848 aliena
3209 812 3315 852 non
3351 814 3479 855 con-

1911 865 2209 933 cupiscere,
2265 885 2370 922 non
2420 871 2581 933 furto,
2633 889 2739 928 non
2786 875 2989 942 fraude,
3035 897 3140 935 non
3172 886 3471 950 mendacio,

1910 969 2014 1006 non
2045 954 2298 1023 perjurio,
2333 974 2435 1011 non
2470 960 2599 1014 falso
2627 964 2949 1031 testimonio,
2977 983 3079 1022 non
3112 976 3351 1044 praemio,
3390 983 3470 1031 vel

1907 1044 2146 1110 qualibet
2193 1048 2515 1103 salutatiOne
2569 1052 2869 1121 praripere,
2922 1060 3149 1126 propriis
3201 1064 3471 1122 laboribus

1908 1148 1970 1186 ac
2011 1132 2167 1201 justis
2198 1137 2456 1191 reditibus
2502 1150 2809 1197 contentum
2838 1161 2977 1214 esse.
3024 1151 3135 1206 Non
3169 1154 3286 1221 plus
3312 1173 3474 1227 quam

1908 1222 2063 1277 unius
2086 1225 2277 1279 anima:
2304 1228 2465 1295 exigit
2495 1230 2779 1300 indigentia
2811 1252 3153 1310 congregare,
3183 1248 3340 1303 nullis
3374 1251 3474 1306 nisi

1904 1316 2130 1381 propriae
2171 1318 2350 1373 uxoris
2390 1322 2688 1379 concubitis
2721 1326 2952 1395 misceri,
2997 1346 3026 1384 a
3070 1338 3280 1403 propria
3310 1341 3477 1405 etiam

1902 1405 2127 1472 conjuge
2195 1407 2392 1462 illicitis
2451 1415 2777 1479 temporibus
2847 1419 3156 1488 abstinere,
3214 1426 3470 1484 indictum

1902 1508 2113 1564 quoque
2159 1498 2586 1571 Quadragcsima:
2635 1507 2840 1564 dierum
2892 1512 3154 1581 jejunium
3208 1518 3467 1578 illibatum
3498 1580 3517 1596 ,

1902 1586 2206 1655 observare,
2250 1596 2567 1659 spectaculis
2617 1598 2800 1652 mundi
2850 1604 3177 1670 postpositis,
3227 1609 3469 1677 ecclesia

1903 1675 2173 1732 liminibus
2220 1682 2487 1749 insiSIere,
2532 1698 2774 1756 sumptus
2815 1692 3188 1749 alimoniarum
3239 1714 3344 1754 non
3401 1706 3467 1757 ad

1829 1753 1869 1810 Β
1899 1769 2244 1838 voluptatem,
2277 1776 2369 1829 sed
2418 1780 2484 1831 ad
2534 1753 2906 1839 necessitatem
2956 1791 3129 1843 carnis
3157 1795 3464 1863 percipere;

1890 1865 1943 1905 et
1997 1871 2158 1923 super
2213 1860 2329 1916 lucc
2381 1867 2559 1921 omnia
2610 1884 2705 1937 pro
2752 1874 3074 1941 quotidianis
3127 1892 3190 1933 ac
3246 1860 3466 1941 minutis

1890 1949 2202 2002 excessibus
2234 1953 2313 2006 vel
2342 1955 2504 2008 etiam
2546 1960 2881 2024 gravioribus
2932 1968 3189 2034 peccatis,
3221 1970 3460 2027 eleemo-

1889 2048 2140 2103 synurum
2196 2038 2423 2109 largita'i
2453 2044 2689 2100 deditum
2741 2063 2881 2115 esse,
2912 2068 3047 2119 quas
3081 2059 3265 2123 procul
3295 2062 3463 2118 dubio

1890 2121 1971 2174 ll-S
1999 2125 2093 2190 qui
2123 2133 2642 2198 terrena'possitlent
2691 2139 3012 2194 eminentior
3038 2144 3207 2201 virtus
3252 2156 3460 2216 specia-

1886 2211 2059 2280 lisque
2104 2214 2418 2273 delictorum
2469 2225 2689 2279 abolitio
2749 2237 2872 2296 εει,
2923 2232 2967 2285 si
3013 2242 3190 2289 tamen
3239 2252 3463 2306 peccare

1886 2303 2109 2372 quisque
2131 2306 2371 2374 desistat,
2405 2311 2528 2365 dum
2560 2314 2697 2370 hanc
2728 2318 3144 2376 misericordiam
3177 2303 3465 2397 indigenti-

1886 2390 1985 2445 bus
2032 2395 2389 2454 administrat.
2448 2402 2597 2458 Unde
2644 2408 2900 2479 scriptutn
2948 2420 3076 2465 est:
3118 2414 3270 2470 Sicut
3290 2390 3463 2489 'aqua

1882 2484 2157 2552 exstinguit
2194 2489 2381 2555 ignem,
2408 2492 2499 2543 'ita
2539 2492 2857 2566 eleemosyna
2914 2504 3194 2573 exstinguit
3230 2523 3456 2574 peccatac

1885 2572 2017 2628 llinc
2042 2579 2200 2630 etiam
2236 2580 2488 2635 Dominus
2536 2586 2587 2637 in
2620 2586 2907 2659 Evangelio
2937 2594 3187 2649 admonet
3216 2598 3401 2669 dicens
3437 2620 3453 2656 :

1888 2661 2075 2717 Verum
2122 2668 2256 2734 quod
2303 2680 2565 2739 superest,
2611 2676 2726 2727 date
2774 2679 3177 2749 eleemosgnam,
3238 2697 3285 2739 et
3346 2704 3458 2743 ecce

1880 2756 2050 2807 omnia
2072 2760 2258 2811 munda
2280 2772 2394 2813 sunt
2420 2762 2557 2815 vobis
2598 2764 2748 2833 (Luc.
2779 2782 2817 2831 t,
2844 2765 2954 2835 41).
2987 2770 3119 2826 Hinc
3150 2788 3244 2841 per
3270 2791 3455 2845 quem-

1876 2847 2000 2899 dam
2036 2849 2231 2914 justum
2281 2851 2516 2905 dicitur:
2554 2853 2889 2925 Eleemosyna
2948 2860 3010 2913 ab
3061 2864 3200 2915 omni
3249 2878 3454 2935 peccato

1879 2944 1926 2986 et
1951 2952 1984 2988 a
2012 2947 2170 2991 morte
2201 2939 2401 3003 liberat,
2457 2952 2507 2995 et
2555 2960 2655 2997 non
2686 2949 2877 3013 patitur
2898 2951 3121 3003 animam
3163 2953 3239 3005 ire
3273 2956 3342 3009 ad
3380 2967 3456 3011 te-

1882 3023 2064 3076 nebras
2094 3025 2251 3094 (Tob.
2286 3044 2361 3093 tv,
2387 3030 2498 3099 ll).

1955 3132 2040 3187 l5.
2074 3135 2289 3192 Fiducia
2322 3155 2508 3210 Inagna
2556 3144 2656 3196 erit
2681 3159 2863 3199 coram
2914 3149 3022 3203 Deo
3047 3165 3256 3208 summo
3297 3157 3445 3211 elee-

1880 3238 2117 3292 mosyna,
2151 3230 2394 3283 omnibus
2440 3233 2525 3299 qui
2582 3233 2777 3287 iaciunt
2815 3252 2977 3292 eam:
3022 3241 3209 3307 quibus
3258 3245 3452 3311 etiam,

1878 3319 2170 3370 attestante
2201 3317 2511 3389 Evangelto,
2547 3324 2596 3375 in
2626 3326 2782 3377 linem
2812 3328 3053 3381 dicetur:
3119 3328 3322 3399 Venite,
3360 3336 3450 3389 be-

1876 3404 2066 3456 nedicti
2095 3404 2269 3461 Patris
2298 3411 2416 3475 mei,
2470 3416 2709 3481 percipite
2737 3432 2942 3484 regnum
2971 3424 3107 3493 quod
3137 3423 3271 3476 vobis
3301 3442 3454 3491 para-

1879 3506 1986 3547 tum
2011 3507 2085 3549 est
2121 3502 2184 3551 ab
2228 3504 2427 3570 origine
2471 3509 2667 3558 mundi.
2728 3509 2929 3563 Esurivi
2970 3515 3104 3566 enim
3151 3527 3200 3569 et
3244 3521 3456 3576 dedistis

1876 3587 1999 3637 mihi
2023 3591 2350 3644 manducare.
2404 3593 2605 3661 Hospes
2644 3615 2782 3650 erant
2827 3611 2872 3652 et
2913 3605 3183 3675 collegistis
3228 3626 3326 3675 me,
3357 3630 3451 3665 nu-

1876 3677 1973 3727 dus
2001 3686 2047 3729 et
2076 3682 2348 3747 operuistis
2379 3698 2477 3747 me,
2510 3686 2745 3751 inﬁrmus
2769 3700 2813 3739 et
2847 3692 3083 3747 uisitastis
3124 3712 3220 3761 me,
3250 3700 3304 3750 in
3331 3717 3451 3753 car-

1875 3780 1985 3817 cere
2016 3782 2171 3831 eram,
2224 3779 2269 3821 et
2299 3773 2500 3824 venistis
2540 3777 2607 3824 ad
2656 3793 2734 3853 rue
2762 3777 2972 3846 (Matth.
3003 3798 3129 3848 xxv,
3169 3775 3283 3855 δέ).
3334 3790 3453 3855 Ipsa

1874 3862 2053 3907 autem
2084 3848 2464 3913 misericordia:
2511 3850 2750 3929 erogatin
2780 3882 2845 3920 ex
2904 3878 3025 3922 volo
3054 3881 3214 3940 atque
3265 3878 3447 3931 ltilari-
3512 3902 3521 3909 ·

1878 3954 1985 4000 tate
2016 3948 2171 4001 debet
2224 3952 2474 4016 pendere,
2526 3971 2631 4007 non
2680 3973 2741 4010 ex
2788 3944 3029 4027 tristitia,
3081 3965 3204 4033 quia
3232 3968 3450 4024 hilarem

1874 4035 2104 4088 datorem
2134 4038 2301 4107 diligit
2334 4041 2470 4094 Dens
2499 4041 2582 4109 (11
2610 4042 2728 4098 Cor.
2761 4062 2835 4109 ιι,
2860 4050 2934 4115 7).
2970 4050 3022 4104 In
3056 4041 3257 4109 tantum
3282 4062 3443 4114 etiam

1876 4125 2009 4177 hanc
2038 4127 2190 4179 decet
2218 4130 2483 4193 profusius
2528 4134 2785 4198 impendi,
2842 4139 2895 4189 in
2926 4152 3178 4205 quantum
3224 4149 3447 4218 quisque

1874 4230 1929 4265 se
1960 4216 2204 4279 adeptum
2238 4216 2398 4271 fuisse
2447 4225 2738 4287 cognoscit.
2791 4225 2939 4279 Unde
2990 4245 3201 4286 rursum
3231 4237 3441 4303 quidam

1875 4302 2034 4355 homo
2066 4303 2154 4356 Dei
2188 4308 2391 4358 unicum
2425 4311 2623 4373 prolem
2646 4313 2897 4367 adtttonet
2918 4317 3102 4373 dicens
3129 4340 3141 4372 :
3172 4322 3440 4388 Quomodo

1876 4394 2097 4458 potueris
2143 4395 2213 4445 ita
2258 4408 2362 4448 esto
2409 4401 2734 4456 misericors:
2772 4406 2817 4458 si
2866 4408 3081 4462 multum
3126 4415 3216 4465 tibi
3264 4418 3438 4482 fuerit,

1874 4482 2189 4536 abundanter
2215 4488 2407 4553 tribue;
2434 4492 2478 4542 si
2506 4503 2673 4543 autent
2691 4496 2926 4565 exiguum
2953 4503 3125 4567 fuerit,
3156 4507 3307 4557 etiam
3336 4511 3444 4559 ixi-

1873 4592 2031 4642 gnum
2059 4576 2268 4630 libenter
2298 4582 2555 4648 impertire
2581 4588 2729 4638 stude
2751 4604 2768 4650 ;
2795 4592 3056 4656 prwmium
3094 4595 3227 4647 enim
3255 4596 3439 4651 bonum

1871 4664 2184 4717 thesaurizas
2224 4668 2311 4720 tibi
2341 4670 2391 4720 in
2415 4672 2495 4724 die
2522 4677 2826 4728 necessitatis
2866 4679 3018 4745 (Tob.
3066 4698 3138 4750 tv,
3173 4686 3246 4754 8).
3302 4688 3437 4754 Quia

1872 4769 1999 4807 vero
2025 4758 2152 4810 nihil
2187 4763 2351 4825 prosit
2380 4764 2600 4818 cuilibet
2636 4769 2994 4839 cleemosynis
3024 4776 3295 4845 insistere,
3331 4781 3432 4834 nisi

1868 4846 2133 4899 studuerit
2159 4864 2188 4901 a
2218 4851 2368 4905 rnalis
2397 4854 2603 4907 actibus
2639 4856 2929 4924 declinare,
2970 4865 3183 4930 quidam
3215 4874 3428 4939 sapiens

1870 4944 2089 4989 testatur
2118 4938 2337 4994 dicens:
2392 4943 2490 5005 Qui
2530 4946 2812 5014 baptizatur
2837 4967 2869 5001 a
2904 4962 3126 5017 mortuo,
3176 4969 3217 5009 et
3246 4938 3429 5013 iterum

1868 5028 2028 5095 tangit
2072 5040 2362 5097 mortuum,
2407 5037 2531 5101 quid
2579 5041 2778 5104 pra/icit
2823 5044 3006 5097 lauatio
3054 5049 3164 5114 ejus
3205 5049 3255 5117 (Ι
3302 5052 3426 5108 Cor.

1867 5131 1955 5178 xv,
1986 5118 2117 5185 9.9)?
2159 5121 2291 5174 llinc
2323 5138 2415 5189 per
2444 5125 2629 5179 Isaiam
2663 5128 2918 5185 Dominus
2946 5150 3155 5204 quoque
3177 5139 3427 5197 admonet

1863 5205 2083 5259 dicens:
2136 5210 2435 5277 Lavamini,
2471 5220 2646 5270 mundi
2681 5231 2834 5274 estote
2875 5223 3025 5291 (lsai.
3060 5244 3097 5293 t,
3136 5231 3240 5299 lli).
3292 5233 3424 5287 Hinc

1864 5297 2141 5352 l’s‘aimisla
2168 5303 2329 5355 dicit:
2378 5306 2584 5359 Declina
2614 5328 2645 5361 a
2674 5315 2807 5364 malo
2835 5327 2881 5365 et
2910 5321 2991 5382 [ac
3022 5297 3209 5374 bonum»
3243 5323 3415 5393 (Psal.

1864 5404 2050 5451 xxxvi,
2086 5390 2200 5458 9.7).
2231 5396 2381 5459 Quod
2415 5410 2587 5451 autem
2625 5405 2789 5470 titagis
2823 5407 3104 5473 lugendum
3128 5429 3281 5480 quam
3309 5417 3419 5468 lau—

1861 5477 2090 5530 dandum
2122 5494 2226 5545 est,
2276 5488 2510 5539 ttonnnlli
2562 5491 2681 5541 ideo
2727 5496 2871 5559 plura
2914 5477 3186 5565 diripiunt,
3241 5516 3293 5555 ut
3326 5505 3420 5555 ba-

1862 5568 2020 5620 beant
2053 5572 2187 5623 unde
2221 5574 2453 5640 largitori
2506 5582 2739 5636 UllllliUlll
2794 5603 2952 5653 pauca
3011 5592 3262 5645 tribuant.
3309 5594 3413 5646 Sed

1861 5679 2015 5730 qum:
2044 5664 2111 5715 sit
2140 5665 2445 5721 detestanda
2482 5675 2658 5725 lulittttt
2693 5679 2913 5739 ubintio,
2966 5682 3231 5746 Scriptura
3266 5700 3413 5738 sacra

2872 5770 2940 5825 ἀι
