3910 6234
589 255 727 313 1191
1395 255 1452 308 S.
1499 251 1814 308 AMBROSII
1853 251 2192 307 AUTPERTI
2235 253 2714 313 BENEVENTANI
2753 207 3042 319 ABBATIS
3650 273 3742 327 1292

583 371 812 434 indicat,
843 381 963 437 quae
990 366 1114 420 dicit
1140 386 1150 417 :
1203 367 1300 430 Qui
1341 365 1487 428 σαὶ-γι
1514 366 1836 428 sacriﬁcium
1877 365 1937 416 de
1964 363 2146 432 rapina
2175 365 2216 418 Α
2253 366 2554 428 perenniter
2583 366 2832 432 afﬂuatis,
2864 369 2948 423 ubi
2977 370 3173 423 sanctis
3198 369 3466 440 Deumque
3497 375 3749 433 timentibus

584 460 844 530 pauperis,
875 467 1114 524 (utiquam
1143 455 1185 508 si
1213 456 1328 522 quis
1356 455 1569 506 uictimet
1604 455 1766 516 ﬁlium
1797 455 1848 504 in
1877 444 2143 518 conspectu
2244 452 2432 506 civitas
2463 464 2755 523 praeparatu
2789 466 2890 520 est,
2946 457 3096 524 cujus
3128 459 3520 513 fundamentum
3569 469 3752 520 omnium

581 550 747 618 patris
767 547 848 599 sui
875 543 1042 614 (Eccl.
1080 559 1273 604 sum,
1322 542 1432 610 2st).
1483 543 1628 596 Sicut
1677 543 1814 594 enim
1847 542 2141 594 interiectio
2246 542 2477 608 lapidum
2516 544 2867 608 pretiosorum
2894 555 3112 598 ornatus
3137 548 3458 615 subsistunt,
3504 567 3614 618 qua:
3638 555 3758 608 habet

582 636 677 690 ﬁlii
701 645 860 702 atque
889 634 1074 688 ellusio
1102 632 1374 699 sanguinis
1425 632 1540 699 ejus
1565 645 1748 684 coram
1782 632 1948 684 oculis
1979 631 2141 698 patris
2248 641 2431 698 portas
2463 646 2528 686 ex
2558 631 2782 701 singulis
2812 635 3130 702 margaritis,
3187 635 3335 702 cujus
3365 638 3538 703 platea
3564 656 3621 692 εχ
3663 657 3760 695 ,ατο

576 725 668 793 qui
695 725 1010 793 genuiteum
1052 724 1262 790 placere
1302 736 1405 773 non
1440 730 1612 787 potest
1645 737 1657 772 :
1690 721 1759 773 ita
1790 722 2139 788 omnipotenti
2240 720 2590 805 mundissimo
2614 732 2840 787 constat,
2873 738 2966 791 per
2995 723 3143 790 cujus
3171 725 3404 777 tnedium
3437 726 3620 780 llumen
3641 743 3755 796 aqua:

576 812 689 869 Deo
716 816 912 867 oblatio
940 815 1007 867 de
1042 814 1195 866 malis
1222 815 1495 877 acquisita.
1551 813 1682 866 llinc
1713 828 1804 877 per
1836 812 2021 866 Isaiam
2074 813 2139 866 de
2240 811 2361 862 vitae
2387 810 2618 866 decurrit
2647 828 2710 866 ex
2743 823 2966 880 utraque
2995 826 3140 882 parte
3167 815 3421 882 ﬂuminis,
3459 818 3640 885 lignum
3667 822 3756 873 vita

573 905 766 959 talibus
804 904 1034 957 dicitur:
1090 903 1190 968 Qui
1232 903 1382 970 οιΤενι
1429 903 1731 955 ablutionem
1761 903 1826 955 de
1859 902 2139 960 substantia
2239 899 2466 952 all'ercns
2497 899 2699 955 fructus
2725 904 2998 956 duodecim
3025 919 3116 972 per
3147 921 3354 958 menses
3377 907 3665 969 duodecim,
3690 910 3755 960 ubi

569 993 831 1061 pauperis,
859 993 1007 1059 quasi
1032 993 1117 1060 qui
1142 993 1438 1058 sanguinem
1479 989 1686 1042 suillum
1715 990 1915 1055 o/ferat,
1945 991 2032 1059 qui
2056 1007 2137 1044 reo
2238 1003 2432 1040 manna
2487 990 2805 1043 absconsum
2841 1001 2910 1044 tet
2963 993 3117 1060 panis
3157 993 3468 1059 angelorum
3517 995 3755 1048 edentibus

568 1083 810 1135 sortiatur
836 1081 1022 1143 thuris,
1060 1082 1207 1149 quasi
1233 1082 1320 1147 qui
1357 1081 1616 1132 benedicat
1663 1080 1798 1132 idolo
1829 1079 1959 1148 (lsa.
1992 1095 2134 1145 vat,

567 1172 653 1240 3).
694 1172 835 1226 Nihil
866 1181 1011 1225 certe
1052 1172 1104 1224 in
1155 1166 1328 1225 Veteri
1378 1172 1718 1225 Testamento
1766 1177 1873 1223 tam
1915 1172 2134 1236 odibile,

570 1277 728 1332 quam
775 1264 974 1318 oblatio
1021 1265 1291 1332 sanguinis
1343 1265 1505 1317 suilli.
1560 1263 1697 1318 Nihil
1748 1274 1922 1319 tamen
1970 1266 2134 1331 magis

563 1353 893 1407 exsecrabile
945 1356 997 1406 in
1051 1353 1198 1408 Novo
1244 1364 1294 1407 et
1354 1353 1552 1416 Veteri,
1610 1369 1766 1420 quam
1820 1355 2134 1408 benedicere

562 1441 745 1507 idolo,
787 1452 842 1496 et
871 1453 1046 1496 tamen
1084 1441 1449 1496 misericordia
1497 1442 1561 1495 de
1603 1444 1798 1506 rapinis
1843 1457 2136 1511 pauperum.

559 1531 737 1584 oblata
768 1531 849 1585 his
897 1533 1085 1586 merito
1131 1541 1490 1599 comparatur.
1542 1531 1657 1597 Quo
1705 1541 1890 1585 contra
1946 1543 2100 1585 sanet.

2229 1520 2318 1574 illa
2365 1530 2542 1577 autem
2593 1523 2730 1590 luce,
2778 1540 2934 1594 quam
2979 1537 3105 1581 tunc
3142 1529 3620 1592 sancti'videbunt,
3665 1530 3759 1586 lucc

559 1619 836 1688 Scriptura
894 1621 1128 1690 prazcipit
1174 1623 1357 1675 dicens
1401 1638 1414 1674 :
1459 1619 1539 1677 Es
1581 1619 1864 1674 substantia
1913 1630 1996 1673 tua
2040 1622 2123 1688 [ac
2151 1687 2186 1690 Δ
2233 1625 2392 1678 quam
2425 1613 2585 1666 πιοάο
2611 1615 2850 1668 Videmus
2884 1616 3059 1669 lumen
3108 1620 3334 1685 accepit,
3361 1619 3512 1687 longe
3555 1621 3760 1674 eminen-

556 1687 950 1778 eleetnosynam,
998 1687 1070 1763 et-
1092 1711 1198 1764 noti
1225 1720 1448 1764 auertere
1499 1711 1678 1779 faciem
1727 1721 1865 1762 tuam
1908 1711 1972 1762 ab
2014 1687 2120 1764 utto
2150 1687 2200 1746 Β
2234 1701 2357 1764 tior,
2387 1703 2544 1772 longe
2575 1706 2912 1771 przestantior
2934 1723 3090 1774 quam
3143 1710 3261 1773 ista,
3294 1705 3524 1776 quia'illa
3546 1712 3758 1774 creatrix,

556 1811 778 1865 palpere
816 1796 968 1865 (Tob.
1001 1812 1073 1860 tv,
1118 1798 1216 1867 'l):
1266 1813 1330 1851 ex
1381 1798 1670 1850 substantia
1715 1801 1882 1862 enim,
1933 1800 2124 1866 inquit,
2231 1793 2330 1846 ista
2358 1803 2559 1848 creata.
2613 1793 2706 1848 llla
2736 1798 2822 1848 lux
2862 1799 3142 1861 mentium,
3194 1799 3305 1851 ha-c
3352 1799 3440 1850 lux
3485 1814 3751 1868 corporum.

550 1894 664 1949 sua,
693 1901 797 1939 non
819 1900 886 1940 ex
916 1886 1093 1940 aliena
1120 1906 1134 1951 ;
1176 1890 1298 1954 quia
1330 1888 1466 1941 sicut
1509 1904 1571 1942 ex
1605 1898 1696 1942 tua
1747 1888 1838 1943 Dei
1888 1889 2124 1945 clemen-
2226 1878 2343 1933 Non
2374 1895 2501 1950 ergo
2530 1882 2618 1935 illa
2649 1884 2768 1935 talis
2797 1888 3007 1948 qualem
3035 1884 3212 1938 videre
3240 1889 3614 1938 consuevimus
3655 1902 3758 1939 oeu«

553 1975 682 2029 llam
709 1973 936 2042 invenis,
964 1978 1035 2030 ita
1062 1992 1128 2029 ex
1161 1977 1334 2030 aliena
1362 1978 1493 2031 iram
1523 1979 1770 2031 incurris.
2226 1967 2291 2021 lis
2318 1971 2493 2023 carnis
2519 1985 2533 2032 ;
2585 1970 2680 2024 sed
2725 1987 2822 2025 nec
2852 1972 2938 2024 illa
2973 1971 3107 2026 bona
3137 1988 3254 2041 qua:
3284 1977 3631 2042 praemisimus
3657 1978 3758 2028 talia

624 2065 713 2121 £6.
747 2067 882 2136 Apte
908 2075 1084 2122 autem
1113 2068 1212 2121 hoc
1253 2068 1305 2122 iu
1336 2069 1454 2122 loco
1503 2064 1630 2122 illud
1679 2070 1835 2123 etiam
1888 2070 2096 2125 occurri

2226 2068 2406 2124 erunt,
2431 2059 2605 2125 qualia
2635 2060 2719 2113 vel
2746 2060 2928 2114 videre
2970 2062 3022 2114 in
3054 2062 3153 2115 hac
3186 2064 3314 2127 vita,
3347 2065 3431 2116 vel
3459 2065 3648 2128 audire,
3695 2064 3757 2116 vel

549 2155 694 2223 quod
723 2157 992 2211 memoriae
1017 2156 1252 2213 defuisse
1278 2171 1563 2226 cognosco.
1607 2159 1738 2226 Quia
1787 2162 2031 2227 nonnulli
2054 2178 2100 2216 et

2222 2151 2459 2218 cogitare
2507 2151 2699 2220 aliquis
2757 2164 2970 2222 potest;
3028 2155 3122 2208 sed
3175 2159 3755 2230 multoeseellcntiora,

547 2242 708 2310 iustis
752 2244 968 2313 quidem
1019 2247 1287 2300 laboribus
1316 2257 1472 2316 atque
1511 2248 1768 2302 reditibus
1817 2264 2094 2319 prmparan

2224 2240 2499 2306 multoque
2531 2239 2790 2306 beatiora,
2823 2245 2968 2310 quia,
3001 2255 3057 2296 ut
3087 2243 3363 2311 Scriptura
3395 2246 3504 2297 ait:
3536 2245 3640 2298 Nec
3659 2261 3758 2299 acs-

549 2341 673 2397 (ιω
691 2333 1036 2399 omnipotenti
1089 2332 1198 2387 Deo
1245 2334 1510 2388 onerant;
1563 2336 1614 2389 in
1661 2338 1902 2403 proprios
1941 2347 2116 2393 tamen
2220 2329 2301 2380 lus
2325 2329 2469 2391 vidit,
2499 2345 2588 2383 nec
2616 2333 2756 2384 auris
2779 2335 2992 2394 audivit,
3045 2349 3136 2386 nec
3178 2334 3229 2386 in
3262 2350 3352 2386 cor
3377 2336 3587 2388 hominis
3608 2349 3758 2387 ascert-

547 2433 676 2474 Isus
699 2420 837 2475 male
861 2423 1117 2490 acquisita
1147 2431 1448 2490 asmimunt,
1508 2426 1700 2492 quibus
1728 2426 2006 2483 dicendum
2032 2439 2100 2483 est

2219 2417 2316 2481 dit,
2347 2433 2460 2483 qua:
2482 2422 2789 2488 preparavit
2807 2420 2945 2474 Deus
2971 2423 3298 2492 diligentibus
3323 2438 3378 2475 se
3405 2422 3460 2492 (Ι
3475 2422 3593 2476 Cor.
3621 2439 3672 2487 υ,
3692 2421 3756 2490 9).

524 2510 674 2579 _quia
718 2509 960 2578 quamvis
1005 2520 1253 2579 putentur
1295 2515 1463 2582 justa,
1514 2531 1619 2569 non
1671 2526 1844 2571 tamen
1895 2528 2115 2586 possunt
2218 2507 2365 2563 illam
2416 2511 2573 2580 igitur
2621 2513 2892 2581 inquirite,
2944 2514 3094 2566 illam
3145 2513 3468 2578 desiderate,
3520 2513 3583 2567 ad
3635 2514 3753 2566 illam

545 2598 759 2668 placere
786 2615 994 2656 summo
1035 2601 1182 2656 Bono
1213 2605 1420 2659 illorum
1453 2615 1695 2671 munera,
1744 2609 1832 2677 qui
1866 2625 1971 2663 non
1996 2619 2113 2664 sm-
2220 2604 2418 2659 mentis
2444 2605 2709 2660 desiderio
2737 2605 2954 2661 tendite.
2989 2606 3097 2674 Ego
3117 2613 3273 2660 'certe
3320 2607 3411 2674 qui
3439 2606 3630 2659 nullum
3648 2606 3754 2658 ada-

541 2689 759 2744 duerint
786 2691 1173 2746 immaculatam
1203 2708 1417 2748 servare
1446 2696 1626 2749 vitam.
1661 2697 1795 2763 Quid
1820 2700 1959 2752 enim
1982 2713 2110 2767 pre-
2217 2692 2504 2749 lationibus
2531 2694 2778 2765 decipere
2808 2695 3010 2761 audeo,
3062 2695 3191 2749 nulli
3223 2697 3364 2763 quod
3395 2697 3525 2750 utile
3548 2707 3622 2750 est
3648 2697 3754 2748 sub.

475 2804 485 2843 ς
524 2778 731 2834 tioslus
760 2780 1024 2835 conditori
1055 2791 1239 2838 nostro
1259 2784 1437 2836 anima
1467 2785 1693 2838 nostra?
1736 2790 1817 2840 An
1844 2787 1982 2842 dona
2015 2804 2110 2843 no-
2215 2787 2431 2841 trahere
2457 2803 2660 2857 quaero,
2701 2787 2825 2856 quia
2853 2786 2987 2840 ‘baec
3017 2801 3132 2854 qua
3166 2788 3429 2852 promissa
3469 2795 3614 2853 sunt,
3659 2798 3748 2837 non

545 2867 702 2921 atra!
748 2867 900 2933 Qod
949 2869 996 2922 si
1043 2871 1219 2924 anima
1264 2873 1529 2926 sorduerit
1577 2874 1830 2941 interius,
1872 2877 2106 2946 nunquid
2212 2887 2401 2931 contra
2445 2891 2658 2944 avaros,
2708 2877 2803 2931 sed
2853 2862 3055 2930 cum
3088 2876 3405 2938 avaritiam;
3450 2889 3549 2926 non
3592 2881 3750 2925 eorum

548 2970 741 3010 nas
766 2956 908 3010 aliud
933 2960 1167 3013 exterius
1195 2961 1679 3028 placebittallestat
1708 2963 1867 3033 igitur
1887 2975 1943 3018 ut
1971 2966 2104 3032 nihil
2135 3006 2178 3033 η
2217 2976 2484 3030 naturam,
2509 2967 2620 3023 sed
2670 2975 2854 3020 contra
2897 2965 3082 3017 vitium
3131 2964 3353 3031 protuli.
3403 2962 3549 3029 Quod
3589 2959 3754 3014 melius

541 3059 610 3100 ea
638 3044 922 3114 iniquitate
949 3047 1184 3115 largitori
1225 3061 1402 3104 vestro
1429 3049 1681 3116 oﬂeratis,
1715 3054 1845 3107 nihil
1872 3068 1936 3110 ex
1968 3057 2107 3112 malo
2133 3044 2181 3070 u
2216 3057 2494 3111 consilium
2523 3056 2651 3110 dare
2693 3070 2906 3124 possunt
2952 3070 3056 3106 non
3099 3053 3327 3116 invenio,
3376 3052 3565 3120 quique
3589 3050 3675 3104 usi
3706 3050 3753 3100 iu

547 3149 648 3190 usu
677 3143 856 3190 vestro
876 3137 1190 3204 assumatis,
1239 3139 1332 3193 sed
1361 3153 1429 3194 ex
1457 3141 1615 3207 justis
1639 3141 1909 3198 laboribus
1936 3158 1998 3197 ac
2023 3146 2109 3213 ju-
2216 3148 2600 3212 extitit-potione
2654 3143 2958 3210 cupiditatis
3017 3149 3182 3194 totum
3243 3149 3298 3191 ut
3348 3139 3490 3205 potui
3541 3138 3754 3191 laborem

543 3226 645 3279 stis
669 3225 950 3291 reditibus,
979 3236 1036 3281 et
1063 3225 1137 3280 illi
1167 3227 1400 3283 offeratis
1446 3239 1502 3284 et
1539 3244 1634 3285 vos
1659 3232 1874 3287 vivatis.
1923 3233 2109 3290 Restat
2215 3235 2451 3298 exhibui,
2506 3245 2680 3287 tamen
2710 3235 2972 3299 octoginta
3023 3240 3076 3283 et
3123 3227 3347 3297 amplius
3387 3229 3752 3296 Scripturarum

537 3315 701 3369 etiam
733 3323 790 3368 ut
820 3315 890 3369 sit
917 3331 1004 3371 res
1028 3319 1332 3385 temporalis
1358 3321 1409 3372 in
1442 3333 1560 3382 usu.
1606 3322 1753 3376 solus
1783 3323 1880 3376 ille
1895 3325 1983 3391 qui
2014 3339 2110 3379 vos

538 3403 741 3458 ereavit
762 3414 816 3459 et
844 3403 982 3459 bona
1030 3409 1342 3476 temporalia
1383 3413 1701 3477 praeparavit
1733 3412 1783 3464 in
1814 3406 2104 3480 desideria,

531 3505 592 3548 ut
617 3508 736 3548 cum
795 3495 1103 3550 transierint
1149 3498 1237 3550 illa
1287 3513 1404 3566 quae
1430 3499 1612 3565 dedit,
1666 3504 1986 3570 pervenistis
2039 3505 2105 3558 ad

535 3580 686 3637 illum
711 3585 801 3652 qui
829 3585 996 3652 dedit,
1048 3599 1168 3642 cum
1195 3603 1302 3657 quo
1346 3591 1464 3644 sine
1491 3594 1597 3646 llne
1625 3593 1898 3661 gaudeatis
1921 3635 1937 3661 ,
1985 3597 2105 3651 sine

534 3673 641 3724 line
665 3672 938 3741 regnetis,
985 3674 1038 3728 in
1063 3676 1214 3748 cujus
1262 3693 1426 3746 regno
1453 3682 1592 3734 sicut
1635 3683 1715 3736 sol
1749 3683 2012 3751 fulgentis.
2047 3695 2105 3739 nt

520 3761 641 3837 tilia
669 3772 726 3816 et
754 3777 891 3817 rosa
928 3777 1210 3825 vernantes
1241 3770 1526 3824 redolentis
1547 3811 1563 3836 ,
1615 3775 1863 3829 omnibus
1908 3777 2104 3830 divitiis

2235 1164 2380 1218 dium
2409 1163 2638 1230 inferat;
2673 1168 2750 1220 sic
2778 1168 3006 1221 esuriem
3049 1164 3206 1235 tollit',
3239 1176 3300 1224 ut
3328 1187 3587 1239 nunquam
3614 1174 3754 1226 edenti

2235 1256 2579 1322 cupiditatem
2610 1259 2850 1322 adimat;
2901 1261 2987 1315 ubi
3019 1262 3195 1316 nullus
3243 1263 3358 1318 sole
3383 1305 3398 1328 ,
3452 1266 3616 1318 nullus
3657 1266 3753 1319 luna

2232 1351 2393 1413 atque
2411 1345 2637 1400 lucerna
2667 1348 2922 1416 indigebit
2947 1388 2963 1414 ,
3009 1350 3129 1417 quia
3180 1366 3282 1404 nox
3338 1352 3410 1429 ibi
3452 1367 3554 1404 non
3577 1353 3680 1416 erit,
3715 1360 3758 1406 et

2231 1430 2489 1486 Dominus
2523 1434 2663 1488 Deus
2709 1437 3045 1505 omnipotens
3095 1439 3273 1491 lumen
3307 1441 3539 1492 omnium
3563 1441 3667 1494 erit.
3692 1441 3757 1493 Ab

2219 3325 2555 3387 testimoniis,
2603 3323 2752 3390 quasi
2791 3322 3107 3389 quibusdam
3147 3321 3337 3371 ictibus
3382 3319 3609 3372 surculos
3645 3313 3754 3382 ejus

2218 3415 2502 3470 lncidendo
2547 3413 2873 3482 percutiens,
2911 3425 2942 3464 a
2988 3409 3232 3464 mercede
3276 3423 3472 3463 vacuus
3517 3423 3609 3461 non
3645 3418 3754 3467 ero,

2213 3507 2423 3561 lidelem
2447 3505 2683 3560 retinens
2711 3505 3085 3573 promissorem
3113 3501 3454 3554 mediatorem
3479 3498 3563 3549 Dei
3585 3501 3636 3548 et
3664 3495 3756 3545 lio-

2211 3599 2411 3651 minum
2462 3597 2731 3650 hominem
2778 3592 3046 3647 Christum
3075 3590 3278 3653 Jesum,
3328 3588 3558 3655 quicum
3601 3581 3751 3636 Patre

2207 3779 2324 3831 cula
2353 3777 2690 3829 saeculorum.
2723 3776 2912 3826 Arnen.

530 3880 1600 3907 Μ

1601 3881 3748 3918 _______________________________________....

940 3997 1372 4100 SEBMO
1451 4001 1608 4099 DE
1686 4004 2323 4112 LECTIONE
2403 3995 3231 4109 EVANGELICA
3288 4069 3325 4128 ,

648 4177 880 4222 Βυιτυε
927 4182 960 4221 Δ
1007 4178 1250 4219 ΒΟΜΙΝΟ
1298 4178 1586 4218 ΔΕΒΙ-Ίὶτυ
1634 4180 2036 4225 ΡιιεδΒΥτιίιιο
2085 4188 2100 4226 ἐ

2211 4187 2287 4227 οε
2337 4184 2618 4240 ΔΒΒΔΤΕ,
2665 4182 2728 4224 IN
2773 4177 3257 4223 PUIIFICATIONE
3303 4178 3357 4219 8.
3405 4175 3648 4220 ΜΔΒΙΒ.

2106 4297 2178 4308 ο...-

802 4380 896 4445 (Ει
923 4379 1112 4428 duobus
1139 4379 1278 4440 Mss,
1305 4392 1399 4428 uno
1424 4380 1476 4427 S.
1504 4380 1728 4428 Germani
1756 4393 1780 4426 a
1803 4379 1979 4438 Pratis,
2007 4380 2164 4431 altero
2188 4383 2504 4445 Floriacensi,
2539 4381 2664 4445 apud
2703 4382 2923 4430 Martene
2946 4380 3159 4452 amplis.
3183 4379 3299 4430 Coll.
3325 4387 3360 4429 t.
3387 4379 3492 4442 IX.)

2105 4522 2177 4529 ...η

595 4611 650 4666 Ι.
681 4607 958 4664 Subtiliter
1001 4620 1029 4656 a
1065 4603 1306 4655 ﬁdelibus
1331 4617 1450 4669 quze
1474 4603 1543 4655 sit
1567 4601 1719 4669 hujus
1748 4600 1851 4654 diei
1884 4601 2085 4676 lestjvi-
2121 4607 2163 4663 ι)
2191 4603 2423 4657 civitatis
2449 4603 2598 4656 turba
2633 4602 2685 4654 in
2719 4616 2878 4653 unum
2910 4600 3152 4665 collecta,
3185 4599 3459 4656 immensis
3486 4616 3759 4660 cereoruta

523 4711 604 4754 tas
631 4696 980 4767 perpendatur
1009 4710 1024 4756 ;
1053 4708 1116 4745 en
1142 4692 1443 4744 devotionis
1462 4689 1650 4743 ail'ectn
1675 4704 1789 4741 eam
1813 4689 2086 4742 celebran-
2194 4693 2479 4746 luminibus
2515 4705 2826 4753 coruscans,
2879 4690 3160 4743 missarum
3213 4690 3472 4744 solemnia
3518 4693 3763 4749 concele~

518 4793 642 4844 dam
674 4785 983 4851 suscipiunt,
1018 4797 1120 4848 quo
1143 4781 1422 4833 dominica:
1451 4781 1760 4843 nativitatis,
1807 4780 2082 4832 circumci-

516 4880 681 4933 sionis
714 4885 870 4940 atque
899 4869 1242 4937 apparitionis
1273 4871 1533 4923 solemnia
1579 4881 1702 4924 sunt
1725 4868 1985 4922 obsecuti.
2023 4869 2088 4922 ll-

515 4971 619 5023 lius
646 4966 790 5019 enim
825 4972 906 5014 est
953 4962 1049 5012 ista
1082 4960 1391 5012 solemnitas
1439 4959 1592 5027 cnjns
1622 4971 1674 5012 et
1703 4961 1811 5024 illa,
1865 4959 1958 5012 sed
1990 4973 2087 5012 nec

519 5059 691 5109 minor
723 5056 824 5107 ista
855 5065 1012 5118 quam
1054 5051 1137 5101 illa
1170 5066 1182 5100 :
1236 5053 1372 5116 quod
1412 5053 1594 5116 utique
1626 5051 1676 5103 in
1709 5051 1808 5102 hoc
1837 5065 2086 5104 sermone

523 5147 722 5213 apertis
783 5143 1194 5193 menstrabimns
1244 5143 1588 5195 ducitmcntis.
1665 5144 1827 5209 Hujus
1890 5144 2086 5210 quippe

517 5239 622 5288 diei
655 5233 992 5296 solemuitas,
1024 5234 1159 5285 sicut
1187 5246 1215 5284 a
1259 5233 1570 5298 quibusdam
1604 5235 1895 5300 ignoratur,
1941 5233 2083 5288 δίεχε

517 5325 696 5376 inultis
730 5336 837 5388 prae
890 5323 1100 5372 caneris
1153 5322 1274 5372 anni
1305 5322 1736 5375 solemnitatibus
1776 5322 2084 5375 honoratior

515 5419 776 5467 trahetur:
813 5413 1040 5464 maxime
1069 5421 1243 5464 autem
1275 5428 1341 5466 eo
1373 5415 1487 5465 loco
1517 5429 1621 5481 quo
1653 5414 1932 5482 primatum
1981 5411 2080 5464 Ec-

514 5508 606 5556 cie
633 5505 679 5553 ia
705 5501 960 5552 talltolit‘a
991 5503 1040 5552 in
1072 5503 1246 5568 primo
1280 5514 1490 5566 paswre
1513 5512 1695 5556 sort.ta
1723 5503 1912 5556 est.'ln
1933 5508 2076 5554 tanta

507 5598 645 5648 enim
689 5594 980 5645 reverentia
1009 5592 1072 5643 ab
1103 5592 1202 5644 illis
1239 5591 1490 5662 habetur,
1547 5605 1594 5644 ut
1646 5609 1704 5646 ea
1746 5595 1834 5644 Itin
1874 5605 2058 5646 ριηιροε,

2198 4783 2338 4849 bret,
2375 4784 2659 4850 nullusque
2700 4781 2899 4834 aditum
2934 4781 3156 4846 publica
3184 4780 3431 4834 stationis
3461 4781 3658 4848 intret,
3681 4784 3762 4852 qni

2192 4871 2372 4925 lumen
2416 4871 2660 4924 manibus
2691 4883 2795 4923 non
2827 4868 3082 4934 tenuerit,
3116 4877 3366 4934 tanquam
3396 4869 3627 4924 scilicet
3671 4867 3765 4922 Do-

2192 4966 2391 5018 minum
2423 4965 2474 5017 in
2505 4963 2759 5031 templum
2811 4961 3063 5024 oblaturi,
3108 4959 3213 5012 imo
3242 4961 3406 5016 etiam
3436 4959 3763 5028 suscepturi.

2189 5066 2243 5109 et
2276 5056 2393 5108 tldei
2425 5057 2600 5108 lumen
2652 5069 2757 5121 quo
2790 5053 3016 5106 interius
3056 5053 3284 5121 fulgent,
3328 5053 3586 5109 exterius
3627 5052 3762 5108 abla-

2193 5146 2349 5199 tionis
2381 5159 2490 5198 sua:
2520 5142 2775 5212 religione
2801 5145 3191 5195 demonstrent.

2257 5233 2310 5283 2.
2341 5233 2510 5286 llodie
2536 5248 2765 5300 namque
2806 5231 2956 5297 juxta
2989 5231 3155 5298 legem
3195 5241 3358 5296 atque
3388 5230 3760 5304 Evangelium.

2200 5324 2425 5392 peractis
2451 5338 2480 5375 a
2508 5323 2778 5375 nativitate
2802 5320 2998 5374 Christi
3043 5320 3394 5388 quadraginta
3446 5320 3677 5386 diebus,
3719 5323 3762 5373 'm

2184 5414 2381 5480 templo
2410 5422 2491 5467 est
2526 5429 2553 5465 a
2587 5413 2892 5481 parentibus
2921 5411 3060 5464 idem
3096 5409 3353 5463 Dominus
3383 5421 3760 5480 praegnans.

2185 5502 2353 5555 llodie
2405 5519 2432 5554 a
2481 5514 2664 5556 sancto
2716 5502 2966 5555 Simeone
3010 5510 3309 5566 susceptus,
3362 5501 3762 5571 Patriun

2184 5593 2349 5646 sacris
2383 5594 2592 5645 oblatus
2635 5593 2963 5646 muneribus.
3018 5588 3181 5644 llodie
3230 5591 3762 5662 redemptio-uuls-

2236 1075 2425 1141 datur;
2457 1077 2544 1143 qui
2590 1079 2668 1132 sic
2695 1079 3024 1133 saturitatem
3072 1080 3246 1144 all'ert,
3277 1092 3335 1134 ut
3361 1097 3615 1149 nunquam
3643 1085 3756 1136 iaSll-
3812 1137 3814 1140 .

2209 3687 2473 3755 etSpiritu
2503 3697 2688 3760 sancto
2727 3684 2854 3764 vivit
2901 3692 2955 3735 et
2983 3688 3165 3748 regnat
3191 3679 3328 3732 Deus
3359 3691 3452 3746 per
3473 3673 3640 3729 omnia
3665 3684 3756 3724 sa:-
