3910 6234
209 295 339 352 1295

1211 276 1437 333 δειιιιο
1476 273 1562 327 DE
1603 266 1936 325 LECTIONE
1977 263 2432 321 EVANGELNZV.

3283 258 3419 323 ιιβι

207 407 314 464 rae!
369 396 807 470 exspectantibus
854 398 923 451 ab
966 394 1155 448 CLdCﬂl
1203 392 1454 444 Sitneone
1505 393 1560 437 et
1609 383 1758 436 Anna
1787 379 1837 441 Α
1866 391 2139 445 usquequo
2186 384 2415 428 statuam
2465 372 2681 438 letitthtS
2733 370 3028 439 percutiens
3059 410 3075 433 ,
3106 380 3311 424 crescat
3361 371 3417 426 iu

212 493 418 565 publice
444 502 529 547 est
551 489 887 559 pradicstus.
930 484 975 540 Ο
1003 498 1161 554 quam
1191 482 1334 549 pium
1378 475 1759 565 spectaculum,

208 563 310 652 quo
337 579 549 636 nonnisi
580 578 650 647 pii
688 574 936 631 delectari
984 574 1273 642 probantur
1301 571 1314 621 !
1350 568 1467 621 Stat
1509 564 1593 617 hic
1615 563 1763 630 virgo

209 677 264 725 et
290 670 475 731 Hster,
507 681 612 721 non
639 666 1023 736 cujuscunque,
1056 661 1148 715 sed
1178 660 1289 715 Dei.
1321 656 1622 724 Suscipitur
1640 653 1765 706 hinc

209 758 521 823 infantulus,
545 772 740 826 parvus
766 756 982 823 virginis
1016 753 1190 817 titius,
1239 755 1388 816 cujus
1430 747 1761 801 divinitatem

209 864 313 905 non
340 849 488 918 capit
514 847 761 902 mundus.
810 846 1105 899 Occurrunt
1150 842 1271 893 hinc
1318 840 1439 891 inde
1470 836 1764 905 propheta,

208 946 367 1006 atque
396 908 633 1005 interque
676 949 837 989 sexus
861 933 929 987 de
975 946 1138 1000 puero
1190 928 1485 996 prophetat.
1532 908 1799 978 OlTertur'

208 1028 404 1083 oblatio
426 1042 525 1096 pro
547 1041 733 1095 puero,
785 1040 889 1078 non
914 1033 1089 1076 tamen
1123 1038 1238 1089 qua:
1266 1020 1456 1072 delicta
1482 1015 1762 1078 emendet,

207 1115 303 1171 sed
346 1130 466 1184 qua:
508 1122 835 1169 sacramenta
884 1112 1139 1165 declaret.
1191 1111 1253 1162 Et
1296 1108 1418 1177 quia
1464 1106 1619 1173 hujus
1659 1103 1767 1157 diei

214 1206 533 1273 praeconium
561 1204 809 1259 attollere
846 1205 1023 1270 cupio,
1074 1201 1200 1254 libet
1221 1201 1386 1268 ipsam
1411 1196 1765 1271 evangelicam

214 1294 493 1350 indecem
520 1292 871 1361 colloquendo
901 1303 1286 1353 transcurrere,
1320 1288 1370 1341 in
1400 1302 1500 1355 qua
1552 1289 1649 1339 ista
1672 1299 1765 1337 co-

210 1398 416 1453 gnosco
443 1384 672 1449 narrari,
698 1390 955 1450 quatenus
984 1381 1046 1434 ad
1072 1395 1136 1434 ea
1166 1394 1280 1448 qua:
1303 1378 1421 1430 dico
1450 1378 1535 1430 illa
1563 1389 1769 1442 respon-

205 1474 367 1541 tlut;
414 1475 523 1529 imo
551 1477 616 1529 ad
638 1489 700 1527 ea
732 1488 850 1542 qutc
898 1472 982 1525 illa
1011 1481 1189 1525 narrat
1236 1484 1339 1521 vox
1386 1464 1769 1520 exhortationis

208 1577 344 1625 mea:
368 1564 703 1632 respondeat.
749 1564 985 1629 Denique
1023 1560 1196 1612 Lucas
1225 1556 1545 1625 evangelista
1576 1554 1767 1607 verita-

205 1652 278 1709 tis
321 1652 598 1708 historiam
626 1653 693 1706 de
726 1651 921 1705 Christi
970 1648 1330 1702 incarnatione
1374 1643 1581 1711 plenius
1609 1653 1767 1709 atque

200 1741 501 1797 ordinatius
531 1741 739 1795 caneris
769 1737 1106 1807 evangelistis
1154 1748 1476 1803 exsequens,
1526 1740 1641 1800 post
1675 1748 1767 1782 au-

206 1832 593 1887 luntiationem
622 1831 738 1899 ejus
766 1829 835 1882 ab
865 1829 1054 1896 angelo
1104 1827 1321 1889 factam,
1355 1832 1472 1891 post
1518 1820 1765 1875 nativita—

208 1928 318 1976 tem
345 1919 652 1988 angelorum
697 1917 913 1972 vocibus
940 1917 1283 1977 declaratum,
1332 1922 1450 1979 post
1494 1910 1769 1963 circumci-

208 2011 415 2063 sionem
439 2010 610 2062 octavi
658 2009 759 2061 dici
810 2008 863 2061 in
895 2007 1055 2060 domo
1098 2013 1396 2073 parcntum,
1453 2000 1565 2053 hinc
1607 1998 1658 2051 in
1683 2014 1771 2050 or-

207 2100 338 2161 dine
360 2099 601 2166 semiitur
626 2099 804 2151 dicens
828 2114 841 2149 :

276 2190 331 2243 5.
361 2185 643 2258 Postquam
690 2187 889 2254 impleti
932 2196 1048 2238 sunt
1076 2184 1185 2236 dies
1232 2180 1550 2253 purgationis
1595 2179 1769 2230 matris

206 2278 341 2349 ejus,
385 2277 663 2332 secundum
693 2278 853 2349 legem
883 2274 1075 2343 Moysi,
1117 2274 1338 2327 tulerunt
1366 2273 1510 2323 illum
1539 2270 1590 2321 in
1614 2266 1772 2321 Jeru-

210 2348 394 2433 salem,
420 2379 476 2421 ut
497 2368 726 2421 sisterent
752 2384 868 2420 eum
892 2366 1128 2429 Domino,
1172 2365 1297 2417 sicut
1328 2363 1571 2457 scriptum
1600 2368 1671 2411 est
1717 2360 1771 2409 in

200 2458 320 2529 lege
348 2458 577 2522 Domini,
616 2457 733 2515 quia
776 2446 933 2509 omne
966 2454 1299 2506 masculinum
1341 2446 1641 2519 adoperiens
1666 2450 1772 2501 υιιιο

209 2564 348 2615 om,
377 2558 603 2603 sanctum
633 2545 849 2599 Domino
869 2545 1124 2598 vocabitur
1154 2542 1305 2609 (Luc.
1340 2557 1395 2605 ll,
1420 2541 1534 2606 21).
1556 2538 1773 2592 Cunctis

212 2640 460 2697 ﬁdelibus
494 2642 660 2710 liquet
689 2655 1018 2708 nequaquam
1066 2638 1435 2704 Redemptoris
1467 2645 1686 2688 matrem
1710 2649 1773 2686 ex

205 2730 328 2801 cjus
349 2729 626 2784 nativitate
645 2729 905 2783 maculam
928 2731 1275 2793 contraxisse,
1305 2742 1409 2795 qua
1429 2726 1635 2777 illorum
1663 2723 1775 2776 die-

215 2835 333 2874 rum
362 2818 555 2886 spatio,
597 2831 627 2870 s
658 2818 824 2871 sacris
850 2817 1053 2869 aedibus
1082 2818 1380 2881 abstinens,
1433 2811 1774 2880 purgaretur,

212 2924 338 2978 qua
364 2908 480 2961 sine
507 2896 1208 2972 humanaconcupiscentia,
1253 2906 1367 2957 sine.
1397 2904 1625 2955 humano
1652 2916 1780 2954 con—

216 3000 428 3061 cubitu,
459 2998 608 3067 virgo
628 2998 890 3063 cencepit,
920 2997 1033 3048 sine
1053 2996 1224 3060 aliqua
1249 2997 1425 3045 carnis
1442 2989 1776 3057 corruptione
1806 3016 1851 3077 ε

218 3089 373 3158 virgo
404 3088 635 3157 peperit,
690 3096 745 3140 et
775 3087 888 3140 sine
919 3074 1024 3138 line
1052 3088 1197 3153 virgo
1217 3082 1543 3151 permansit;
1570 3096 1631 3134 ac
1661 3082 1776 3148 plus

217 3180 324 3231 hoc
343 3192 442 3231 nec
474 3177 737 3231 masculus
782 3192 846 3229 ex
889 3191 950 3227 ea
980 3185 1133 3227 natus
1164 3174 1368 3224 vulvam
1402 3172 1519 3237 ejus
1549 3170 1774 3238 aperuit.

213 3264 327 3319 Sed
344 3263 444 3316 hoc
462 3263 609 3330 juxta
623 3264 750 3341 legis
763 3250 1120 3315 narrationetit
1139 3261 1456 3326 evangelista
1471 3269 1778 3319 contexens,

212 3348 422 3411 claudit
470 3353 646 3421 impiis
693 3361 1082 3405 sacramentum
1140 3350 1337 3403 divinae
1384 3347 1779 3410 incarnationis,

221 3453 556 3511 matremque
584 3440 753 3509 legem
779 3441 1150 3514 observantem
1198 3437 1501 3490 introducit.
1543 3436 1646 3487 Sed
1688 3450 1784 3488 nec
1820 3430 1831 3443 ”

218 3532 503 3596 mirum,si
529 3540 699 3584 mater
720 3518 1081 3581 observaverit
1106 3528 1296 3591 legem,
1317 3539 1469 3591 quam
1493 3523 1605 3588 ejus
1619 3522 1783 3574 Filius

220 3634 337 3675 non
381 3610 603 3675 venerat
639 3618 867 3680 solvere,
898 3617 990 3669 sed
1037 3616 1347 3681 adimplere.
1394 3612 1608 3666 Scit-bat
1641 3613 1783 3664 enim

215 3722 333 3780 quo
361 3709 545 3762 ordine
571 3715 908 3773 conceperat,
940 3720 1041 3773 quo
1089 3710 1186 3757 usd
1235 3709 1528 3770 pepererat,
1561 3710 1616 3753 et
1658 3701 1784 3766 quis

219 3808 376 3857 esset
394 3814 546 3868 quem
572 3807 843 3867 genuerat.
894 3798 998 3851 Sed
1032 3797 1196 3861 legem
1226 3809 1563 3847 communem
1596 3793 1783 3845 obser-

224 3902 388 3954 vans,
413 3884 734 3954 exspectavit
764 3885 1088 3953 purgationis
1114 3885 1277 3947 diem,
1305 3882 1498 3934 celavit
1529 3880 1647 3933 Filii
1678 3896 1788 3931 ma-

214 3981 493 4052 jestsjem.
525 3977 655 4029 Hinc
682 3986 764 4030 est
809 3977 946 4042 quod
999 3989 1117 4026 cum
1158 3974 1207 4024 in
1261 3972 1454 4039 templo
1506 3970 1784 4022 duodecim

224 4082 492 4122 annorum
514 4066 654 4118 inter
678 4065 923 4117 doctores
941 4064 1067 4130 legis
1087 4062 1379 4120 inveniens,
1402 4060 1563 4111 lilium
1590 4057 1785 4129 Juseph

226 4167 391 4210 vocat
430 4146 649 4209 dicens:
676 4152 806 4218 Fili,
839 4154 959 4219 quid
990 4152 1148 4218 fecisti
1180 4150 1321 4202 nobis
1350 4152 1461 4202 sic?
1486 4164 1600 4201 ecce
1649 4162 1789 4213 pater

225 4256 352 4300 tuus
372 4254 419 4297 et
442 4262 532 4314 ego
553 4246 771 4297 dolentes
799 4243 1142 4310 quazrebamus
1165 4249 1209 4291 te
1233 4241 1387 4308 (an.
1413 4254 1469 4301 tt,
1489 4238 1603 4305 48),
1632 4252 1785 4303 quem

1865 478 2095 521 montem
2153 478 2443 534 magnum,
2500 463 2819 531 itnpleatque
2871 463 3178 515 universum
3230 463 3414 516 orbem

1866 568 2145 612 terrarum.
2197 556 2243 609 0
2295 569 2451 629 quam
2509 554 2729 622 parvus!
2781 553 2826 606 0
2858 566 3034 621 quam
3088 567 3309 619 inriguus
3338 562 3425 605 est

1864 666 2020 721 quem
2067 647 2324 717 genuisti!
2375 647 2573 699 Parvus
2622 645 2674 698 in
2722 645 3082 707 humanitate,
3115 626 3335 713 magnus
3368 643 3422 697 in

1866 738 2161 791 divinitate.
2209 737 2406 790 Parvus
2454 736 2506 787 in
2565 750 2727 803 regno
2756 733 3083 799 Judaaorum,
3115 748 3337 802 magnus
3367 734 3421 787 in

1869 844 2031 898 regno
2069 828 2325 897 gentium.
2370 828 2472 881 Sel
2516 842 2621 880 non
2667 826 2736 878 ab
2784 826 3030 879 omnibus
3056 827 3109 879 in
3139 841 3304 893 regno
3329 823 3426 879 Ju-

1867 919 2099 973 dtcorum
2149 933 2338 985 parvus
2378 917 2671 971 aestimatus
2717 924 2816 969 est.
2869 915 2996 969 Nam
3044 924 3099 969 et
3146 916 3257 982 ipsa
3305 928 3457 982 quas

1870 1008 2007 1062 hunc
2066 1009 2339 1076 peperisu,
2371 1024 2437 1062 ex
2482 1008 2599 1075 ipso
2656 1007 2847 1073 populo
2904 1005 3062 1059 Israel
3113 1006 3166 1058 itt
3221 1005 3424 1073 virgam

1866 1100 2101 1152 crevisti.
2156 1098 2309 1169 Virga
2340 1099 2485 1152 enim
2526 1099 2593 1150 de
2621 1097 2800 1149 radice
2849 1095 2999 1149 Jcsse
3044 1094 3343 1155 surrexisti,
3371 1103 3429 1146 et
3468 1146 3471 1147 ν

1870 1191 2094 1269 ﬂoruisti
2126 1192 2270 1260 virga
2304 1192 2503 1253 Aaron,
2536 1188 2811 1242 l'rouduisti
2843 1197 2896 1241 et
2924 1176 3113 1241 nucem
3146 1186 3423 1255 peperisti.

1872 1281 1937 1334 Et
1968 1281 2085 1349 quia
2114 1296 2223 1347 pra:
2273 1281 2518 1355 omnibus
2564 1279 2971 1333 immensitatem
3000 1279 3116 1346 ejus
3140 1274 3425 1345 agnovisti.

1870 1387 2026 1439 quem
2062 1381 2165 1423 tam
2197 1372 2568 1440 parvissimum
2616 1385 2680 1421 ex
2735 1379 2786 1422 te
2834 1380 3013 1421 natum
3056 1367 3273 1432 vidisti,
3306 1381 3429 1433 pro-

1869 1461 1956 1513 cul
2007 1461 2170 1515 dubio
2222 1476 2378 1528 quem
2431 1458 2689 1513 infantem
2735 1459 3000 1526 genuisti,
3034 1458 3199 1510 Deum
3250 1457 3428 1509 omni-

1872 1562 2139 1623 potentem
2172 1563 2408 1606 tremens
2433 1552 2689 1613 adorasti,
2715 1549 2942 1603 adorans
2971 1545 3262 1612 tremuisti;
3307 1564 3376 1614 qn
3394 1566 3426 1596 ιι

1874 1658 2052 1699 tamen
2092 1644 2383 1698 secundum
2416 1642 2793 1695 humanitatem
2832 1638 3019 1691 Filium
3056 1634 3428 1705 recognovi‘sti,

1877 1741 2099 1804 lactasti,
2126 1737 2303 1792 fovisti
2324 1779 2339 1802 ,
2370 1738 2565 1791 aluisti.
2614 1738 2741 1801 Quis
2785 1748 2937 1803 putas
2967 1734 3119 1788 nobis
3151 1734 3314 1801 possit
3340 1733 3427 1787 in-

1870 1832 2050 1885 dicare
2080 1831 2132 1884 in
2161 1840 2211 1883 te
2244 1830 2547 1896 hujusmodi
2595 1830 2870 1896 obsequia,
2903 1827 3064 1881 anitni
3091 1827 3165 1881 tui
3192 1842 3431 1889 sensum,

1870 1944 1902 1976 ο
1932 1926 2236 1978 beatissima
2271 1924 2449 1993 Virgo,
2480 1940 2601 1975 cum
2645 1924 2768 1976 hinc
2799 1938 3049 1976 cerneres
3076 1939 3139 1976 ex
3170 1933 3221 1976 te
3252 1919 3430 1995 patum

1875 2014 2135 2066 tantillum
2169 2015 2444 2075 infantem,
2482 2014 2625 2066 illinc
2671 2013 2977 2067 attenderes
3007 2012 3175 2066 Deum
3206 2013 3431 2067 immen-

1873 2107 2032 2160 sum?
2055 2106 2178 2159 hinc
2199 2086 2458 2169 creatum,
2478 2105 2625 2157 illinc
2639 2115 2931 2158 creatorem
2954 2120 2969 2167 ;
2994 2106 3117 2158 hinc
3135 2105 3433 2167 iniit-mum,

1876 2188 2016 2251 illinc
2063 2195 2443 2257 fortissimum;
2494 2193 2618 2247 hinc
2665 2194 2932 2256 alendum,
2971 2193 3113 2246 illinc
3163 2194 3438 2258 alentem;

1879 2287 2004 2351 hinc
2033 2301 2136 2339 non
2174 2286 2504 2352 loquentem,
2537 2283 2681 2336 illinc
2706 2281 2919 2349 angelos
2948 2281 3259 2336 docentem?
3283 2280 3437 2351 Quis,

1878 2374 2371 2444 iuqnam,,pectoris
2399 2387 2593 2426 arcana
2636 2372 2790 2425 nobis
2822 2386 3060 2425 reserare
3089 2373 3281 2435 valeat,
3304 2371 3437 2438 qui-

1879 2462 1976 2517 bus
1999 2461 2169 2515 modis
2191 2461 2560 2529 cugitatumad
2595 2472 2816 2527 utraque
2842 2462 3110 2525 nectebas,
3133 2476 3251 2514 cum
3276 2477 3437 2515 unum

1880 2550 2229 2615 eutndemquc
2262 2550 2425 2603 Deum
2475 2560 2527 2602 et
2571 2548 2804 2601 hominis
2856 2548 3041 2601 Filium
3090 2550 3332 2603 manibus
3358 2558 3441 2607 ιιι-
3514 2540 3515 2543 “

1882 2656 2034 2705 nens,
2070 2639 2194 2691 hinc
2224 2640 2477 2691 adorares
2507 2648 2561 2690 ut
2593 2638 2912 2704 Dominum,
2944 2638 3088 2692 illinc
3132 2639 3441 2694 osculalet-is

1883 2740 1938 2782 ιιι
1967 2729 2281 2797 parvulum?
2309 2728 2435 2791 Quis
2464 2727 2528 2779 ad
2562 2736 2667 2779 tam
2698 2727 2962 2779 iuctl'abilc
2990 2728 3306 2781 miraculum
3330 2741 3435 2780 non

1882 2818 2263 2884 obstupescat?
2292 2816 2409 2883 quis
2457 2832 2563 2869 non
2614 2831 2749 2883 pene
2780 2815 3008 2883 elinguis
3054 2816 3183 2869 ﬁat?
3213 2818 3446 2872 Generat

1885 2906 2056 2971 puella
2086 2920 2241 2958 suum
2270 2914 2324 2957 et
2349 2906 2582 2957 omnium
2633 2912 2927 2957 creatorem
2955 2944 2969 2966 ,
3002 2912 3180 2972 portat
3209 2920 3359 2960 suum
3389 2918 3475 2961 ct-

1883 2995 2119 3048 omuium
2164 3004 2448 3047 rectorem.
2483 2994 2527 3046 0
2555 2992 2919 3045 admirandum
2962 2996 3343 3061 spectaculum,
3372 2999 3441 3051 ad

1888 3086 2027 3153 quod
2080 3100 2183 3137 non
2237 3086 2409 3137 solum
2467 3085 2729 3147 humana,
2760 3100 2944 3137 verum
2996 3084 3155 3139 etiam
3210 3087 3443 3155 angelici

1885 3176 2213 3241 obstupescit
2244 3176 2461 3227 natura!

1954 3265 2007 3315 4.
2042 3262 2118 3313 Ad
2155 3262 2271 3324 hoc,
2309 3260 2497 3315 fratres
2518 3261 2838 3323 ‘charissimi,
2874 3262 2996 3315 ﬁdei
3020 3264 3206 3318 oculos
3231 3265 3438 3334 erigite,

1888 3350 1950 3401 ad
2002 3352 2100 3403 hoc
2152 3352 2360 3417 pietatis
2406 3351 2648 3405 allectum
2694 3354 3002 3406 convertite.
3054 3353 3126 3407 lbi
3173 3354 3442 3410 Clu-istum

1884 3441 2134 3509 suscipite
2164 3456 2258 3508 pro
2286 3440 2436 3494 vobis
2484 3443 2534 3494 in
2591 3457 2750 3495 carne
2794 3442 3154 3506 ltumiiiutunt;
3203 3444 3297 3497 sed
3340 3447 3441 3495 atl-

1884 3540 2032 3584 orate
2055 3530 2106 3582 in
2134 3544 2230 3581 sua
2252 3529 2523 3582 divinitate
2548 3531 2711 3583 Deum
2739 3532 3026 3583 excelsum.
3054 3532 3445 3599 Amplectimini

1887 3619 2182 3687 parvulum,
2215 3618 2306 3672 sed
2332 3619 2558 3687 cogitate
2588 3619 2925 3675 immensum.
2975 3620 3091 3674 Jam
3136 3637 3282 3686 vero,
3312 3623 3450 3677 dile-

1884 3708 2131 3773 ctissimi,
2161 3708 2204 3761 si
2235 3708 2491 3774 queritur
2512 3706 2636 3775 quid
2662 3709 2884 3776 mystice
2911 3709 3262 3777 signiﬁcatqu
3288 3711 3449 3765 luerit

1888 3800 1939 3852 in
1969 3814 2034 3852 eo
2062 3800 2200 3867 quod
2235 3799 2558 3865 Redemptor
2588 3807 2769 3851 noster
2801 3814 2830 3851 a
2863 3808 3050 3863 matre,
3080 3814 3111 3852 a
3145 3802 3453 3868 parentibus

1886 3906 1949 3943 ex
1982 3893 2191 3958 pr0pria
2219 3891 2432 3943 civitate
2461 3889 2512 3941 in
2539 3890 2833 3943 Jerusalem
2857 3892 2923 3943 ad
2962 3892 3214 3959 templum
3241 3892 3451 3948 Domini

1887 3992 1944 4031 se
1975 3978 2169 4045 portari
2195 3977 2376 4043 voluit,
2396 3976 2694 4030 invenimus
2724 3975 2892 4044 ipsam
2920 3979 3200 4045 gloriosam
3227 3994 3451 4036 matrem

1887 4078 1941 4119 ct
1960 4067 2235 4134 virginem,
2258 4067 2475 4133 ejusque
2492 4068 2815 4135 propinquos
2836 4072 3051 4137 liguram
3069 4074 3295 4138 gessisse
3309 4074 3450 4129 illius

1891 4158 2139 4209 Ecclesia:
2167 4172 2283 4224 qua:
2306 4172 2374 4210 ex
2404 4157 2581 4210 Jndtea
2608 4158 2660 4210 in
2683 4160 2940 4225 apostolis
2966 4160 3210 4215 credidit.
3228 4162 3453 4227 Quando

1889 4246 2029 4299 enim
2061 4247 2295 4298 Ecclesia
2336 4261 2440 4297 non
2486 4248 2651 4312 virgo,
2684 4247 2833 4312 cujus
2885 4250 3120 4301 membra
3168 4249 3451 4314 Apostolus

225 4335 417 4408 procul
443 4335 605 4387 dubio
625 4332 832 4386 sciebat
876 4347 932 4384 se
962 4333 1075 4383 sine
1125 4330 1407 4383 Concubittt
1436 4329 1633 4394 Josepli
1661 4343 1780 4380 con-

1898 4336 2085 4389 aliatur
2129 4336 2308 4389 dicens
2348 4352 2360 4388 :
2397 4334 2658 4403 Despondi
2684 4338 2815 4388 enim
2841 4353 2926 4389 vos
2949 4339 3039 4390 nni
3075 4339 3179 4391 viro
3212 4342 3456 4410 virginem

229 4426 464 4492 cepisse,
499 4425 613 4478 sine
642 4422 981 4490 corruptione
1010 4421 1245 4488 virginali
1277 4419 1526 4472 edidisse.
1559 4419 1663 4472 Sed
1695 4434 1791 4471 cur

230 4514 517 4569 abscondit
539 4512 901 4580 conceptionis
922 4526 983 4563 ac
1010 4510 1293 4562 nativitatis
1322 4510 1460 4561 illius
1484 4522 1791 4560 sacramen-

234 4614 569 4673 tum,quem
622 4603 766 4655 novit
814 4601 980 4654 Deum
1024 4600 1378 4652 immensum?
1432 4599 1790 4665 nunquidnam

228 4694 364 4763 quia
392 4690 580 4746 invidit
607 4692 748 4753 aliis,
770 4708 925 4759 quem
952 4693 1013 4744 ad
1048 4692 1293 4756 templum
1328 4690 1592 4750 deferens,
1628 4689 1791 4743 sancti

232 4784 386 4841 senis
414 4783 625 4837 tradidit
651 4784 933 4837 matribus?
967 4783 1135 4835 Absit.
1167 4782 1269 4835 Sed
1302 4792 1358 4834 ut
1387 4783 1659 4848 propheta:
1687 4784 1793 4849 Spi-

236 4875 346 4930 ritu
377 4874 600 4941 repleta,
640 4871 1051 4938 Redemptorcm
1108 4869 1288 4921 mundi
1322 4870 1497 4932 impiis
1530 4885 1631 4921 non
1663 4885 1796 4934 ape-

238 4964 393 5020 riret.
444 4963 654 5017 Sciebat
698 4964 839 5014 enim
882 4961 986 5028 jam
1021 4970 1143 5012 tunc
1174 4961 1340 5027 gratia
1376 4959 1527 5026 plena
1554 4998 1567 5019 ,
1609 4960 1795 5026 spiritu

232 5053 535 5109 divinitatis
591 5052 801 5114 afﬂatu,
855 5054 974 5118 quia
1030 5053 1073 5103 si
1132 5052 1270 5102 hunc
1324 5050 1589 5117 principes
1644 5050 1797 5114 hujus

232 5147 421 5203 sJ'culi
477 5144 883 5213 cognovissent,
919 5158 1183 5209 nunquam
1242 5157 1338 5209 pro
1396 5151 1571 5193 nostra
1629 5139 1798 5191 salute

232 5236 648 5303 eru’ciﬁxissent.
673 5237 813 5290 Oil'er
834 5252 980 5303 ergo,
1012 5235 1309 5287 beatissima
1344 5232 1519 5299 Virgo,
1552 5242 1797 5298 tanquam

236 5338 415 5403 legem
462 5332 777 5391 observans,
811 5329 860 5380 in
917 5329 1111 5394 templo
1141 5342 1298 5393 quem
1344 5325 1576 5385 edidisti,
1611 5332 1666 5374 ut
1697 5337 1799 5373 non

232 5423 511 5487 omnibus,
542 5420 637 5475 sed
687 5422 866 5486 paucis
915 5420 1196 5471 reveletur.
1244 5416 1377 5481 Quis
1406 5423 1489 5468 est
1519 5428 1675 5480 quem
1708 5428 1799 5479 ge-

234 5513 438 5571 nuisti?
464 5502 721 5580 {appareat
751 5511 959 5563 interim
1005 5508 1241 5567 humilis,
1276 5507 1405 5571 lapis
1441 5504 1708 5556 abscissus
1738 5503 1802 5553 dc

234 5612 420 5659 monte
447 5602 563 5655 sine
594 5600 851 5661 manibus,
874 5608 929 5650 ut
956 5598 1268 5664 reprobetur
1296 5594 1357 5645 ab
1389 5591 1795 5653 aedificantibus,

1895 4438 2086 4477 costam
2118 4426 2349 4477 exhibere
2380 4422 2580 4476 Christo
2612 4423 2695 4490 (II
2728 4423 2847 4478 Cor.
2874 4442 2944 4488 XI,
2970 4425 3064 4496 ‘2)?
3093 4428 3313 4491 Quando
3340 4430 3455 4497 ipsa

1896 4531 1999 4567 non
2030 4527 2215 4574 mater,
2249 4513 2315 4566 de
2359 4528 2459 4581 qua
2510 4529 2599 4578 per
2644 4514 2979 4568 l’salmistam
3023 4516 3216 4570 dicitur
3242 4534 3255 4571 :
3282 4517 3453 4572 Mater

1897 4605 2023 4656 Sion
2053 4605 2184 4655 dicet
2210 4603 2390 4665 homo;
2419 4613 2471 4654 ct
2497 4603 2750 4656 Dominus
2784 4605 2832 4656 in
2868 4605 3151 4672 Evangelio
3178 4625 3189 4658 :
3218 4607 3452 4672 Quicun-
3502 4647 3506 4650 ‹

1895 4710 1988 4759 que
2034 4694 2203 4761 fecerit
2242 4692 2547 4744 voluntatem
2588 4691 2764 4745 Patris
2796 4694 3028 4762 mei,-qui
3076 4696 3132 4747 in
3173 4696 3309 4749 caelis
3349 4710 3449 4762 est,

1896 4785 2001 4850 ipse
2029 4798 2166 4835 mens
2195 4783 2376 4849 frater,
2400 4798 2565 4844 soror,
2595 4793 2638 4833 et
2669 4794 2827 4835 mater
2852 4792 2923 4835 est
2951 4783 3163 4849 (Matth.
3190 4801 3309 4844 xxi.
3336 4787 3455 4855 10)?

1899 4872 2122 4939 Quando
2153 4871 2304 4925 electi
2340 4887 2442 4923 non
2475 4871 2750 4938 propinqui
2777 4914 2791 4935 ,
2826 4872 2911 4940 qui
2943 4871 3128 4925 fratres
3153 4884 3206 4925 et
3234 4889 3449 4930 sorores

1899 4972 2020 5016 sunt
2043 4961 2321 5029 appellati?
2350 4961 2515 5013 Mater
2536 4960 2711 5028 itaque
2731 4973 2783 5013 et
2816 4963 3093 5030 prOpiuqui
3123 4963 3445 5033 Redempto-

1900 5069 2011 5106 rem
2042 5064 2279 5106 nostrum
2309 5067 2337 5104 a
2364 5050 2626 5103 Nazareth
2658 5050 2708 5102 in
2748 5050 3044 5105 Jerusalem
3087 5054 3155 5107 ad
3201 5056 3453 5124 templum

1903 5143 2106 5195 Demini
2138 5140 2400 5203 deferunt,
2432 5139 2552 5205 quia
2584 5139 2843 5205 primitiva
2875 5141 2957 5192 illa
2993 5141 3043 5194 in
3086 5142 3266 5209 primis
3291 5143 3453 5197 disci-

1904 5232 2039 5296 polis
2070 5229 2303 5283 Ecclesia
2332 5244 2360 5279 a
2386 5228 2579 5280 Jlldtﬂis
2610 5227 2838 5293 repulsa,
2865 5228 3102 5297 ejusdem
3129 5230 3448 5298 Redempto-

1904 5322 1975 5373 ris
2019 5320 2462 5387 dispcnsatioucm
2506 5318 2570 5369 ad
2625 5318 2863 5372 notitiam
2912 5320 3145 5387 gentium
3180 5321 3443 5387 perduxit.

1903 5408 2015 5475 Ipsa
2068 5409 2210 5459 enim
2242 5406 2475 5459 Ecclesia
2524 5421 2628 5457 non
2677 5406 2849 5459 solum
2883 5421 2946 5461 ex
2975 5408 3241 5475 gentibus,
3274 5423 3455 5463 verum

1905 5500 2060 5551 etiam
2084 5513 2146 5550 ex
2175 5495 2387 5558 Juda'is,
2414 5495 2726 5560 Jerusalem,
2761 5495 2810 5548 id
2840 5505 2920 5549 est
2950 5496 3094 5551 Visio
3125 5499 3289 5566 pacis,
3316 5510 3461 5569 recte

1916 5598 2158 5647 vocatur,
2187 5588 2251 5639 de
2280 5600 2379 5653 qua
2422 5601 2515 5651 per
2546 5586 2877 5639 Psalmistam
2927 5586 3120 5640 dicitur
3146 5606 3157 5639 :
3181 5585 3460 5641 Jerttsalvm
