3910 6234
615 264 751 324 μηδ

1485 253 1803 308 AMlillUSli
1847 247 2187 306 AUTPERTl
2227 243 2704 299 BENEVENTANI
2743 240 3026 296 ABBATIS

3668 234 3771 288 H96

609 390 723 442 qua:
765 374 1048 441 ludiﬁcatur
1095 378 1145 422 ut
1192 370 1401 429 civitas,
1427 369 1574 434 cujus
1619 364 1937 430 participatio
1964 364 2074 430 ejus
2102 361 2153 411 in
2184 364 2228 420 Λ
2257 371 2436 410 amara
2461 353 2724 408 dissensio
2744 351 3114 405 ecclesiastica:
3135 345 3410 401 charitatis
3441 342 3653 410 dissipet
3678 345 3770 394 uni.

608 463 829 532 idipsum
868 461 1036 529 (Psal.
1067 473 1212 520 cui,
1242 455 1318 523 5).
1359 454 1472 521 Ipsa
1501 462 1581 507 est
1609 461 1663 505 et
1690 453 1963 519 templum.
2011 450 2157 502 Nunc

609 565 706 619 per
733 550 948 603 Paulum
981 547 1222 602 ﬁdelibus
1244 543 1436 596 dicitur
1461 558 1476 594 :
1501 541 1764 607 Templum
1799 539 2005 591 Domini
2031 554 2154 590 san-

608 650 743 694 ctum
770 651 862 704 est,
893 640 1026 707 quod
1053 639 1173 693 estis
1215 652 1300 689 vos
1331 633 1385 704 (1
1425 633 1541 687 Cor.
1569 649 1660 698 iu,
1695 632 1805 701 l7).
1839 634 1922 684 Act
1943 647 2035 699 per
2061 634 2158 682 hos

607 745 727 784 cum
757 727 979 799 apostoli
1009 742 1073 782 ex
1102 725 1282 779 Judaea
1325 722 1591 779 Christum
1635 722 2030 784 annuntiantes,
2068 736 2156 774 ve-

612 817 765 870 niunt
790 815 855 868 ad
878 824 1084 887 gentes,
1103 812 1349 866 nimirum
1378 821 1432 865 et
1455 808 1745 864 Jerusalem
1767 808 1832 859 ad
1853 807 2152 860 Jerusalem

609 903 880 969 convenit,
910 912 966 958 et
997 901 1247 970 templum
1274 900 1338 953 ad
1370 900 1619 967 templum
1664 897 1914 961 occurrit,
1947 911 2066 949 cum
2100 896 2153 947 hi

610 1010 798 1049 omnes
810 1009 912 1047 una
925 993 1029 1048 sint
1042 991 1330 1047 Jerusalem
1345 990 1556 1053 civitas,
1573 1004 1730 1042 unum
1747 997 1800 1042 et
1815 987 2061 1053 templum
2072 1025 2085 1037 .
2101 984 2156 1037 In

610 1086 708 1138 hac
722 1085 900 1152 itaque
919 1084 1129 1137 civitate
1143 1090 1198 1136 et
1211 1081 1407 1148 templo
1425 1081 1491 1133 ab
1510 1079 1765 1146 apostolis
1781 1079 1987 1132 oblatus
2002 1077 2157 1129 Chri-

612 1184 728 1227 stus
755 1173 1032 1240 excipitur.
1061 1171 1209 1228 Unde
1233 1180 1287 1224 et
1311 1170 1421 1237 ipsa
1447 1167 1682 1222 Ecclesia
1710 1167 2005 1221 Psnlmistie
2030 1180 2157 1218 voce

611 1261 720 1317 Deo
747 1260 887 1314 Patri
918 1260 1145 1326 loquitur
1175 1258 1359 1311 dicens
1387 1275 1398 1308 :
1427 1256 1773 1322 Suscepimus,
1821 1253 1979 1317 Deus,
2010 1253 2157 1306 misc-

605 1349 878 1401 ricordiam
908 1359 1042 1400 tuam
1067 1348 1118 1398 in
1147 1347 1310 1398 medio
1333 1345 1503 1414 templi
1528 1345 1600 1396 tui
1632 1342 1799 1411 (Psal.
1845 1356 2009 1407 xuii,
2044 1341 2153 1410 ill),

609 1438 856 1492 subaudis
888 1438 939 1491 in
969 1437 1143 1490 medio
1169 1436 1439 1498 Ecclesiae,
1457 1449 1572 1502 quae
1597 1443 1679 1487 est
1706 1433 1956 1499 templum
1985 1443 2152 1484 tuum.

606 1526 734 1580 Sive
760 1535 936 1579 autem
987 1524 1273 1579 secundum
1321 1524 1618 1586 historiam,
1649 1522 1762 1574 sive
1796 1521 1943 1587 juxta
1977 1518 2158 1587 mysti-

605 1636 618 1663 ι
639 1629 725 1667 um
770 1615 1115 1676 intellectum,
1143 1628 1236 1665 cur
1275 1612 1516 1664 Christus
1541 1625 1570 1662 a
1602 1610 1904 1676 parentibus
1933 1609 1996 1659 ad
2031 1622 2156 1658 san-

2261 457 2441 500 tatem.
2475 444 2597 497 llaec
2625 443 2767 496 enim
2797 450 2878 495 est
2923 439 3161 493 Ecclesia
3192 437 3478 501 catholica,
3513 449 3625 504 qua
3648 434 3773 488 ﬁdem

2259 535 2346 586 uni
2398 532 2616 585 Domino
2664 540 2908 598 tanquam
2957 527 3192 596 legitimo
3242 525 3358 578 viro
3405 532 3691 590 conservat,
3733 531 3775 575 et
3854 525 3855 588 ξ

2257 621 2717 690 congregationem
2758 617 3042 671 multorum
3087 614 3140 667 in
3187 613 3292 666 ﬁde
3341 609 3664 678 multiplicat.
3700 609 3773 663 Se-

2257 711 2432 777 quitur

2327 820 2377 868 li.
2426 813 2491 868 Et
2523 831 2632 869 ecce
2661 816 2807 867 homo
2835 823 2944 867 erat
2971 813 3024 864 in
3049 809 3355 872 Jerusalem,
3388 808 3472 860 cui
3516 823 3679 860 nomen
3706 808 3774 862 δί·
3854 841 3855 846 η

2258 921 2422 971 incon,
2449 916 2494 957 et
2516 907 2663 957 homo
2689 905 2781 956 iste
2803 905 2978 971 justus
2998 911 3045 955 et
3074 903 3359 965 timoratsts,
3385 906 3661 966 exspectans
3680 913 3774 950 cos-

2256 999 2555 1050 solationem
2597 993 2786 1056 Israel,
2814 1001 2861 1045 et
2907 991 3133 1058 Spiritus
3169 998 3380 1042 sanctus
3413 996 3524 1040 erat
3570 987 3617 1038 in
3650 1001 3715 1048 eo,
3738 995 3774 1037 et

2256 1099 2548 1153 responsum
2575 1091 2836 1145 acceperat
2865 1097 2898 1132 a
2925 1079 3125 1146 Spiritu
3155 1087 3356 1141 sancto,
3386 1093 3487 1128 non
3517 1063 3715 1127 visuram
3735 1091 3776 1127 se

2258 1181 2488 1234 mortem,
2518 1172 2615 1223 nisi
2636 1172 2779 1238 prius
2808 1169 2995 1222 uideret
3033 1165 3288 1221 Christum
3317 1163 3547 1217 Domini.
3579 1162 3639 1214 Et
3671 1164 3776 1216 venit

2257 1262 2310 1311 in
2339 1259 2537 1329 Spiritu
2564 1261 2614 1310 in
2642 1261 2887 1325 templum
2929 1256 3078 1323 (Luc.
3113 1271 3147 1308 ll
3166 1299 3181 1322 ,
3208 1254 3327 1322 εδ).
3379 1253 3518 1306 Nihil
3547 1256 3704 1306 minus
3726 1252 3778 1305 de

2257 1348 2532 1402 sanctitate
2562 1347 2648 1399 isti
2673 1343 3286 1413 specialiterascribitur
3318 1342 3541 1406 homini,
3565 1341 3648 1409 qui
3675 1352 3717 1395 et
3738 1343 3777 1393 iu

2258 1438 2569 1501 Jerusalem,
2601 1437 2650 1490 id
2697 1444 2777 1489 est
2813 1435 2866 1489 in
2911 1434 3126 1488 Visione
3173 1433 3318 1500 pacis
3356 1441 3714 1493 commoratus,
3738 1440 3781 1483 et

2260 1527 2380 1580 lidei
2411 1527 2720 1594 operatione
2758 1526 2956 1593 justus,
2986 1532 3039 1578 et
3094 1522 3391 1576 reverentia
3443 1519 3784 1580 timoratus,et
3854 1557 3855 1566 .

2261 1616 2473 1670 israelis
2512 1616 2875 1670 consolatione
2909 1613 3161 1666 attonitus
3181 1653 3197 1678 ,
3228 1620 3282 1666 et
3305 1611 3507 1679 Spiritu
3531 1620 3698 1663 sancto
3718 1623 3785 1660 re-
3854 1657 3855 1660 η

547 1747 550 1750 .
603 1718 744 1760 ctam
790 1706 1052 1759 civitatem
1098 1715 1152 1758 et
1189 1705 1438 1771 templum
1470 1703 1710 1766 ducatur,
1745 1713 1904 1753 causa
1935 1697 2153 1751 manife-

2263 1705 2459 1774 pletus,
2511 1705 2731 1772 ejusque
2779 1699 3120 1770 responsione
3146 1676 3214 1754 de
3262 1676 3516 1753 incarnsti
3551 1696 3690 1750 Verbi
3725 1695 3784 1746 vi-

607 1806 798 1858 statur,
827 1811 944 1848 cum
969 1795 1206 1848 subditur
1233 1810 1246 1846 :
1740 1844 1742 1848 ,

674 1886 731 1940 5.
761 1883 827 1938 Ut
853 1886 1031 1937 darent
1056 1884 1245 1936 hostias
1271 1923 1285 1946 ,
1315 1881 1586 1935 secundum
1614 1881 1749 1950 quod
1775 1879 1966 1932 dictum
1987 1887 2062 1931 est
2105 1879 2157 1928 in

603 1978 712 2043 lege
744 1973 968 2036 Domini,
999 1989 1092 2040 par
1120 1981 1399 2034 turturum,
1432 1979 1517 2022 aut
1546 1971 1671 2022 duos
1703 1959 1868 2037 pullos
1897 1966 2158 2020 columba-

598 2057 716 2114 rum
745 2058 896 2127 (Luc.
929 2075 988 2122 tt,
1017 2059 1131 2126 26).
1184 2058 1508 2122 Prmceptum
1552 2058 1764 2124 quidem
1795 2056 1930 2125 legis
1961 2054 2153 2115 fuerat,

601 2159 660 2204 ut
685 2152 730 2206 si
755 2150 840 2204 cui
873 2149 1006 2203 forte
1034 2163 1198 2216 agnus
1247 2147 1522 2209 defuisset,
1553 2156 1608 2200 ct
1654 2161 1815 2199 unum
1865 2145 2074 2206 horum,
2105 2141 2156 2196 id

602 2247 686 2292 est
714 2249 805 2293 aut
849 2253 938 2305 par
967 2244 1230 2290 turturum
1249 2275 1265 2298 ,
1296 2243 1386 2288 aut
1414 2235 1545 2289 duos
1577 2234 1745 2300 pullos
1792 2231 2158 2286 columbarum

603 2329 908 2390 invenisset,
933 2327 1042 2381 Deo
1067 2327 1118 2380 in
1147 2327 1469 2381 oblationem
1503 2323 1596 2376 ﬁlii
1630 2322 1870 2385 oﬁerret,
1896 2336 1993 2376 nec
2023 2335 2160 2388 prm-

597 2418 921 2487 judlcaretur
966 2432 1032 2471 ex
1081 2417 1268 2480 altero,
1297 2415 1386 2484 qui
1433 2430 1592 2467 unum
1642 2412 1915 2487 quodlibet
1966 2410 2154 2464 borum

599 2486 900 2563 obtulisset.
955 2504 1061 2559 Sed
1107 2505 1228 2574 quia
1279 2512 1502 2572 utraque
1553 2486 1748 2556 Christi
1802 2501 2158 2566 Ecclesithue

597 2603 930 2649 sacramenta
960 2593 1277 2663 signiﬁcant,
1309 2589 1631 2645 credendum
1659 2600 1742 2644 est
1774 2599 2056 2655 utrumque
2089 2585 2156 2639 ad

597 2683 916 2737 sacriﬁcium
955 2691 1178 2735 matrem
1225 2678 1491 2733 invenisse
1528 2688 1687 2746 atque
1731 2677 2008 2730 obtulisse.
2046 2675 2150 2730 De-

596 2771 760 2838 nique
791 2773 842 2824 in
886 2766 984 2822 hac
1029 2769 1295 2823 oblatione
1342 2768 1521 2820 avium
1579 2766 1662 2819 illa
1716 2763 2157 2834 praeﬁgurabatur

601 2860 802 2912 oblatio
843 2874 961 2927 qua
1004 2873 1098 2927 pro
1145 2856 1314 2910 salute
1360 2857 1539 2910 mundi
1578 2855 1753 2909 oblata
1801 2864 1882 2909 est
1936 2867 2155 2920 vespera

595 2946 728 3015 diei,
762 2948 968 3002 Domini
1014 2947 1255 3001 videlicet
1301 2945 1494 3015 passio,
1525 2959 1619 3013 per
1651 2959 1810 3011 quam
1851 2958 2034 2997 sumus
2075 2957 2158 2995 re-

603 3037 868 3093 conciliati
898 3036 1027 3090 Deo.
1061 3036 1135 3091 De
1182 3038 1281 3089 hac
1329 3035 1522 3103 quippe
1571 3032 1746 3087 hostia
1788 3026 1895 3100 per
1937 3032 2156 3086 Paulum

611 3125 854 3199 ﬁdelibus
908 3123 1430 3178 diciturzdmbulute
1484 3123 1537 3173 in
1590 3120 1896 3189 dilectione,
1937 3123 2065 3176 sicut
2112 3128 2160 3173 et

500 3243 504 3245 -
603 3214 833 3268 Christus
871 3215 1051 3267 dilexit
1080 3230 1169 3268 nos
1195 3225 1239 3266 et
1282 3215 1487 3266 tradidit
1533 3215 1849 3283 semetipsum
1879 3229 1972 3282 pro
2020 3214 2161 3266 nobis

601 3306 903 3359 oblationem
927 3316 973 3358 et
999 3304 1220 3356 hostium
1243 3305 1348 3357 Deo
1385 3305 1433 3356 in
1469 3306 1671 3357 odorem
1698 3305 1967 3357 suavitatis
1995 3301 2155 3371 (Eph.

603 3412 657 3465 v,
686 3397 767 3463 2).
801 3396 862 3450 Et
889 3411 1095 3450 rursum
1126 3412 1140 3448 :
1168 3395 1268 3461 Qui
1297 3395 1473 3447 dilexit
1518 3410 1625 3461 me,
1658 3395 1847 3462 inquit,
1883 3403 1927 3445 et
1953 3393 2162 3444 tradidit

599 3488 919 3557 semetipsum
960 3502 1053 3554 pro
1101 3501 1177 3538 me
1206 3483 1346 3555 (Gal.
1386 3499 1444 3546 ιι,
1473 3485 1587 3553 :20).
1638 3486 1770 3548 Quia
1822 3498 1949 3536 vero
1977 3496 2162 3536 omnes

596 3577 758 3632 izlecti
785 3575 1018 3628 metnbra
1046 3585 1177 3629 sunt
1209 3572 1425 3634 Christi,
1458 3571 1509 3622 in
1546 3580 1747 3624 turture
1787 3570 1991 3623 scilicet
2019 3570 2161 3622 desi«

603 3677 832 3737 gnaiitur
864 3673 1126 3726 turtures,
1159 3671 1314 3730 atque
1356 3663 1408 3714 in
1453 3661 1690 3712 columba
1721 3659 2004 3713 columbm.
2059 3657 2161 3711 Dc-

601 3755 776 3823 signat
827 3756 987 3807 etiam
1046 3753 1157 3806 lucc
1204 3753 1378 3803 avium
1438 3751 1638 3803 oblatio
1696 3748 2154 3802 mortiﬁcationem

593 3845 912 3903 electorum,
945 3841 1134 3911 quibus
1165 3855 1256 3907 per
1298 3839 1540 3892 eumdem
1587 3840 1884 3906 apostolum
1914 3837 2109 3889 dicitur
2139 3853 2152 3910 :_

600 3935 821 3987 Obsecro
847 3949 931 3985 vos
954 3949 1040 4000 per
1069 3930 1459 3984 misericordiam
1495 3929 1588 3980 Dei
1612 3969 1626 3989 ,
1657 3936 1710 3979 ut
1739 3929 2014 3980 ex/iibeatis
2042 3942 2158 3977 coro

596 4005 724 4090 pora
749 4027 912 4074 vestra
937 4018 1152 4070 hostiam
1175 4018 1432 4080 viventem,
1465 4027 1712 4078 sanctam,
1744 4016 1847 4068 Deo
1879 4013 2158 4082 placentem

597 4109 777 4180 (Rom.
821 4124 913 4171 xu,
949 4106 1023 4181 1).
1075 4107 1178 4160 Sed
1225 4108 1367 4158 nulla
1410 4119 1529 4158 esse
1562 4113 1736 4170 potest
1787 4111 2000 4170 accepta
2053 4101 2162 4154 Deo

602 4196 1022 4254 matlilicationis
1073 4195 1293 4257 oblatio,
1327 4197 1379 4245 in
1428 4194 1618 4263 quibus
1667 4208 1767 4242 non
1817 4192 1975 4244 fuerit
2021 4205 2158 4242 verte

600 4290 716 4344 ttdei
748 4290 985 4348 castitas,
1012 4299 1252 4356 veraeque
1277 4283 1554 4335 charitatis
1583 4282 1892 4338 concordia.
1925 4280 2156 4332 Proinde

603 4397 708 4436 non
736 4381 850 4434 sine
876 4392 1033 4431 causa
1064 4376 1376 4430 sacriﬁcium
1402 4375 1538 4442 quod
1564 4388 1659 4440 pro
1686 4371 1911 4425 Domino
1934 4371 2155 4439 mystice

598 4472 834 4529 oblatum
867 4470 1192 4540 perhibetur,
1215 4481 1277 4519 es
1308 4465 1601 4516 turturibus
1622 4475 1673 4517 et
1703 4460 1963 4516 columbis
1995 4461 2158 4512 fuisse

604 4577 869 4624 narratur.
919 4565 972 4618 in
1024 4575 1227 4614 turture
1275 4560 1418 4611 enim
1463 4557 1678 4610 castitas
1707 4557 2002 4615 invenitur,
2030 4556 2160 4605 etin

607 4659 846 4715 columba
899 4655 1127 4707 charitas
1193 4647 1614 4702 commendatur.
1689 4646 1882 4700 Turtur
1935 4659 2162 4712 namque

598 4757 970 4812 intemeratam
1018 4756 1200 4802 servat
1241 4746 1328 4798 uni
1377 4745 1490 4796 viro
1520 4744 1710 4808 tidem;
1755 4741 1992 4795 columba
2039 4753 2166 4792 vero

487 4873 520 4888 κ
603 4847 826 4900 aliarum
854 4839 1269 4894 cohabitantium
1305 4852 1405 4890 non
1433 4836 1629 4888 deserit
1658 4834 1934 4886 unitatem.
1958 4829 2161 4885 Catho-

605 4936 740 4988 licus
770 4931 926 4999 igitur
954 4926 1283 4982 Christianus
1329 4936 1452 4977 tunc
1499 4938 1623 4976 vero
1664 4923 1950 4988 Spiritualis
1992 4931 2161 4977 turtur

605 5024 856 5088 eiiicitur,
885 5021 928 5074 si
957 5035 1133 5073 veram
1177 5016 1450 5069 Trinitatis
1482 5014 1636 5067 ﬁdem
1670 5016 1818 5065 lirma
1849 5012 2164 5065 credulitate

608 5118 906 5173 conservet,
937 5096 1294 5161 ct‘hzretica:
1335 5103 1607 5172 travitatis
1654 5116 1868 5155 sensum
1919 5112 2162 5167 tanquam

621 5199 982 5257 fornicationis
1013 5194 1404 5264 inquinamenta
1433 5193 1691 5260 repudiat.
1734 5190 1882 5243 'l‘unc
1909 5205 2034 5244 vero
2061 5191 2160 5242 erit

607 5292 868 5354 columba,
900 5290 944 5342 si
994 5286 1363 5356 longaminiter
1409 5298 1577 5349 usque
1617 5282 1680 5332 ad
1716 5282 1872 5332 tinem
1903 5281 1952 5331 in
1981 5279 2160 5332 catho-

609 5386 708 5443 lica
761 5383 1010 5437 societate
1061 5385 1410 5446 permaneat,
1461 5383 1513 5426 et
1568 5384 1752 5426 contra
1811 5373 2160 5424 tentationum

606 5473 847 5533 scandala
871 5465 1119 5524 immobili
1144 5467 1390 5520 ﬁrmitate
1415 5462 1679 5530 persistat,
1702 5469 1874 5514 utnec
1907 5459 2156 5513 haeretica

511 5598 514 5600 ‘
609 5568 881 5628 inmutatio
910 5573 1207 5631 corrumpat
1255 5561 1302 5612 iu
1348 5556 1507 5613 Corde
1555 5553 1674 5610 ﬁdei
1703 5553 2018 5617 castitatem,
2049 5567 2148 5608 nec

2257 1796 2406 1848 sione
2435 1793 2715 1846 roboratus
2744 1791 2905 1844 luisse
2935 1788 3259 1857 perhibetur.
3317 1787 3363 1840 0
3411 1800 3568 1855 quam
3605 1783 3780 1837 ardenti

2258 1882 2524 1938 desiderio
2554 1884 2710 1934 homo
2750 1881 2849 1948 istc
2879 1879 3242 1946 exspectabat,
3271 1875 3560 1930 secundum
3587 1872 3784 1942 Spiritus

2258 1973 2427 2027 sancti
2468 1972 2886 2041 promissionem,
2915 1972 3092 2024 videre
3115 1972 3168 2022 in
3195 1983 3354 2022 carne
3378 1966 3780 2034 Redemptorem!

2258 2062 2386 2127 Qua:
2438 2071 2679 2130 putamus
2729 2059 2888 2115 fuerit
2927 2060 3176 2114 instantia
3232 2058 3487 2112 orationis
3535 2053 3664 2124 ejus,
3697 2070 3779 2122 qua

2259 2152 2439 2206 divino
2471 2165 2724 2220 responso
2768 2152 2960 2204 meruit
2991 2149 3190 2204 ﬁrmari
3218 2148 3288 2203 de
3315 2148 3398 2202 his
3425 2161 3544 2215 qua:
3570 2140 3781 2212 petebat?

2259 2241 2388 2306 Qua:
2412 2248 2566 2294 erant
2588 2239 2703 2306 ejus
2729 2240 3016 2308 gemituum
3039 2238 3345 2292 continuata
3369 2234 3530 2288 verba
3559 2233 3610 2286 in
3627 2237 3781 2284 sancta
3854 2263 3855 2268 η

2261 2329 2670 2399 deprecatione?
2697 2327 2810 2381 Non
2831 2327 2974 2380 enim
2997 2326 3048 2380 in
3081 2325 3312 2395 petendo
3342 2322 3588 2388 cessavit,
3617 2332 3782 2383 ωιληε-

2260 2434 2365 2488 quo
2412 2430 2725 2484 responsum
2756 2416 3021 2483 acciperet
3069 2428 3231 2482 super
3275 2412 3359 2466 his
3387 2427 3510 2480 quae
3547 2407 3781 2474 poscebat.
3854 2443 3855 2456 χ

2265 2509 2433 2562 Fuere
2458 2506 2718 2575 siquidem
2749 2507 2808 2569 in
2832 2505 3107 2559 retroactis
3130 2501 3460 2568 temporibus
3486 2498 3628 2553 multi
3649 2495 3784 2549 simiii

2263 2596 2527 2650 desiderio
2575 2594 2808 2659 accensi,
2839 2593 3059 2646 Domino
3111 2601 3422 2651 attestante,
3451 2587 3538 2656 qui
3566 2587 3626 2640 ad
3652 2584 3786 2637 disci-

2263 2687 2416 2754 pulos
2462 2686 2573 2738 ait:
2600 2683 2753 2738 Multi
2798 2697 2940 2752 rcges
2967 2692 3011 2735 et
3042 2681 3302 2751 prophetis
3343 2679 3603 2731 uoluerunt
3644 2675 3784 2727 ridere
3854 2739 3855 2742 η

2260 2791 2371 2846 qua
2391 2790 2478 2828 vos
2509 2773 2708 2840 videtis,
2727 2782 2771 2826 et
2795 2788 2894 2825 non
2923 2772 3186 2833 uiderunt;
3211 2780 3253 2822 et
3273 2767 3454 2822 audire
3473 2782 3584 2836 quin
3609 2763 3785 2824 milii.

2259 2876 2305 2917 et
2334 2867 2446 2917 non‘
2464 2865 2736 2917 audierunt
2766 2861 2916 2931 (Luc.
2949 2878 2999 2925 x,
3028 2861 3152 2929 24);
3196 2859 3291 2914 sed
3334 2873 3402 2912 ex
3452 2857 3555 2911 illis
3594 2855 3682 2907 hoc
3715 2852 3789 2905 isti

2265 2957 2366 3010 soli
2395 2969 2709 3008 concessum
2739 2963 2841 3017 est,
2869 2955 2958 3022 qui
2991 2953 3044 3005 in
3090 2950 3421 3021 plenitudine
3452 2947 3689 3015 temporis
3713 2943 3790 2996 ho-

2265 3060 2378 3100 rum
2407 3046 2624 3100 ultimus
2654 3045 2918 3113 apparuit.
2965 3042 3069 3097 Sed
3096 3045 3139 3095 si
3174 3039 3411 3108 vigilanti
3439 3038 3611 3093 studio
3628 3035 3788 3088 subse-
3854 3063 3855 3113 ἡ

2257 3135 2533 3204 quentium
2561 3141 2867 3186 sanctorum
2899 3131 3224 3185 attendimus
3250 3128 3599 3189 desiderium,
3628 3123 3789 3195 quibus

2259 3222 2495 3276 Christus
2543 3221 2637 3276 l‘uit
2680 3221 2858 3274 vivere
2885 3229 2940 3274 et
2966 3220 3098 3274 mori
3135 3217 3336 3271 lucrum
3357 3256 3374 3280 ,
3403 3214 3691 3270 invenimus
3717 3226 3793 3264 eos

2261 3326 2366 3364 non
2396 3312 2617 3364 minoris
2664 3309 2949 3363 auxiet‘atis
2977 3308 3168 3360 ardore
3213 3306 3545 3359 divinitatem
3578 3301 3791 3370 ejusdem

2261 3401 2550 3455 Salvatoris
2585 3401 2771 3454 intueri
2800 3398 2954 3462 velle,
2981 3411 3141 3466 quam
3195 3396 3283 3449 ille
3323 3393 3630 3461 concupivit
3653 3390 3793 3457 impi-

2260 3503 2381 3542 cere
2428 3504 2661 3542 carnem.
2716 3488 2848 3542 liinc
2894 3487 3087 3540 Paulus
3132 3483 3499 3551 dicit:Cupio
3540 3477 3792 3535 dissslsiet

2260 3595 2363 3632 esse
2411 3595 2524 3630 cum
2571 3578 2772 3632 Christo
2822 3577 2993 3647 (Psal.
3028 3592 3065 3639 ι,
3099 3575 3215 3643 25).
3264 3575 3395 3629 llinc
3443 3573 3704 3628 Psalmista
3742 3583 3790 3622 ex

2261 3684 2483 3738 persona
2515 3669 2768 3723 Ecclesia:
2809 3669 2939 3722 dicit
2966 3685 2980 3721 :
3007 3667 3177 3722 Sitivit
3219 3667 3394 3718 anima
3421 3679 3534 3717 mea
3559 3661 3626 3714 ad
3657 3658 3791 3713 Des.-

2261 3762 2443 3822 vivum,
2471 3761 2672 3828 quando
2713 3761 2903 3813 veniam
2944 3773 2988 3812 et
3027 3758 3285 3828 apparebo
3333 3766 3453 3810 ante
3505 3755 3673 3825 faciei!
3716 3749 3792 3802 Di

2262 3847 2428 3917 (Psol.
2464 3866 2568 3913 xu,
2592 3853 2671 3917 '5).
2697 3851 2826 3916 Quis
2852 3865 2977 3916 ergo
3006 3849 3130 3903 hinc
3149 3850 3258 3916 jam
3289 3862 3397 3902 non
3429 3847 3604 3901 videat
3635 3846 3684 3900 in
3707 3853 3791 3896 uno

2261 3938 2506 3991 Sitnc0ne
2531 3941 2672 4005 justo
2698 3949 2917 3991 cunctos
2961 3937 3251 4005 signiﬁcari
3281 3937 3484 3991 electos
3503 3975 3522 4000 ,
3552 3933 3638 4002 qui
3678 3944 3791 3985 Itth

2262 4039 2309 4080 et
2335 4028 2460 4095 justi
2491 4044 2553 4081 ex
2599 4030 2699 4082 lide
2744 4040 2900 4096 atque
2949 4028 3274 4095 Operatione,
3305 4037 3358 4079 et
3401 4025 3628 4082 timorati
3651 4021 3792 4078 stiu-

2266 4126 2380 4170 tura
2412 4110 2832 4183 exspectatione,
2849 4130 2898 4172 et
2922 4117 3129 4171 attoniti
3163 4116 3501 4170 inveniuntur
3521 4131 3587 4170 ex
3607 4121 3789 4168 ventura

2262 4206 2663 4259 consolatione?
2690 4207 2742 4258 In
2767 4207 2956 4273 quibus
2977 4208 3137 4261 etiam
3163 4208 3391 4274 Spiritus
3411 4217 3631 4263 sanctus
3647 4206 3790 4258 inesse

2263 4298 2618 4361 cognoscitur,
2649 4299 2769 4363 quia
2794 4309 2844 4350 et
2870 4313 2963 4365 per
2991 4299 3298 4366 Apostolum
3326 4297 3525 4352 dicitur
3550 4313 3566 4350 :
3591 4295 3787 4350 Citii”

2267 4385 2358 4437 Dei
2403 4385 2590 4451 ili/fusa
2618 4393 2689 4438 est
2720 4389 2769 4439 in
2797 4389 3028 4441 cordibus
3073 4377 3259 4440 nostris
3294 4404 3383 4454 per
3412 4387 3664 4456 Spiritu.
3697 4400 3792 4438 ssn-

2264 4486 2399 4527 ctum
2426 4477 2512 4539 qui
2534 4477 2683 4527 datus
2704 4485 2795 4528 est.
2825 4477 2887 4530 Et
2908 4494 3114 4531 rursum
3142 4478 3385 4531 ﬁdelibus
3405 4477 3538 4531 dicit
3561 4496 3575 4529 :
3599 4477 3792 4544 Corpori

2270 4576 2434 4616 vestra
2464 4566 2703 4633 templum
2731 4576 2843 4618 sunt
2876 4567 3101 4637 Spiritus
3131 4567 3327 4630 sancti,
3351 4584 3502 4637 quem
3544 4567 3794 4622 habetisex

2270 4655 2373 4708 Deo
2401 4654 2576 4724 (Rom.
2609 4672 2658 4719 v,
2692 4656 2770 4724 5).
2802 4658 3006 4737 Quique
3033 4643 3192 4713 eiiam
3221 4673 3532 4728 responsum
3559 4661 3792 4729 accipiat

2267 4760 2294 4796 a
2327 4745 2522 4813 Spiritu
2567 4756 2751 4799 sancto
2782 4763 2886 4801 non
2931 4749 3139 4803 visuros
3168 4765 3226 4802 se
3255 4762 3482 4812 mortem
3505 4788 3521 4812 ,
3551 4749 3655 4803 nisi
3679 4747 3795 4816 prius

2271 4835 2478 4887 videant
2521 4835 2788 4890 Christum
2836 4838 3041 4892 Domini
3066 4881 3078 4900 ,
3111 4840 3231 4907 quia
3263 4840 3316 4892 in
3344 4839 3443 4890 hac
3493 4838 3669 4894 adhuc
3703 4851 3796 4892 ent"

2270 4925 2497 4992 ruptibili
2531 4927 2657 4986 vita,
2689 4925 2924 4993 ejusdem
2975 4927 3204 4995 Spiritus
3253 4928 3423 4982 sancti
3477 4927 3652 4995 gratia
3677 4941 3792 4981 reve-

2270 5017 2428 5077 lante,
2459 5017 2655 5083 apertis
2686 5016 2805 5069 lidei
2826 5017 3013 5080 oculis,
3032 5034 3151 5072 cum
3178 5020 3264 5086 qui
3295 5034 3355 5072 se
3380 5033 3506 5072 cum
3533 5017 3643 5073 illis
3661 5029 3794 5086 usque

2269 5107 2319 5155 in
2353 5104 2508 5158 linem
2536 5104 2714 5158 smculi
2757 5120 3062 5160 mansurum
3090 5122 3208 5161 esse
3239 5108 3506 5175 promisit,
3534 5107 3791 5178 aspiciunt,

2271 5209 2372 5244 non
2401 5193 2506 5260 jam
2538 5209 2695 5248 carne
2724 5200 3016 5260 parvulum,
3048 5197 3139 5250 sed
3168 5197 3449 5250 divinitate
3477 5197 3792 5254 ἰωωηηιο

2269 5283 2367 5353 Qui
2396 5287 2551 5336 etiam
2583 5301 2701 5338 cum
2736 5287 2895 5340 Paulo
2924 5287 3140 5340 dicunt:
3172 5286 3238 5338 Et
3271 5288 3317 5340 si
3355 5285 3800 5346 ηουσιιιιιιατῧ·

2270 5385 2399 5426 stum
2429 5378 2700 5429 secundum
2729 5391 2949 5441 carnem,
2981 5376 3068 5429 sed
3117 5391 3250 5428 nunc
3285 5378 3402 5448 jam
3431 5393 3541 5431 nou
3587 5373 3798 5433 mh”.

2273 5463 2520 5517 Habitant
2549 5468 2706 5519 etiam
2739 5467 2827 5520 isti
2861 5454 3258 5532 in‘Jerusalem,
3289 5481 3456 5534 atque
3479 5468 3537 5522 in
3567 5467 3742 5538 spiritu
3763 5477 3798 5514 ιο

2275 5556 2548 5622 temphtm,
2577 5571 2683 5625 quo
2728 5555 2971 5612 Christus
3021 5557 3378 5610 introducitur
3405 5597 3421 5620 .
3459 5557 3700 5618 vestiunt.

3847 5815 3855 5870 l
