3910 6234
116 288 223 344 M97
1121 296 1344 353 SEllilO
1385 299 1469 352 DE
1509 294 1839 352 LECTIONE
1878 296 2328 352 EVANGELICA.
3167 299 3300 356 ΒΜ

111 404 227 456 enim
268 408 394 456 sunt
436 400 768 469 Jerusalem,
799 404 887 474 qui
939 407 1174 460 habitant
1224 410 1275 461 in
1321 410 1638 464 Jerusalem.
1674 407 1719 465 Α
1747 405 2013 463 Christum
2056 411 2273 475 satiant,
2303 417 2355 464 et
2386 410 2437 464 in
2467 411 2571 465 alio
2619 409 2881 469 sitientem
2916 388 3115 477 potant,
3144 423 3201 466 et
3248 416 3299 465 in

112 492 341 555 Breviter,
384 489 598 554 fratres,
656 497 757 548 ista
814 498 1193 563 percurrimus,
1236 514 1302 552 ne
1357 500 1481 554 dum
1532 516 1647 569 qua
1747 499 1852 553 alio
1880 499 2139 568 hospitem
2167 499 2484 568 suscipiunt,
2520 510 2573 553 et
2598 501 2650 555 in
2674 500 2776 554 alio
2807 500 3002 554 nudum
3029 502 3292 569 operiunt,

109 591 212 638 sunt
252 582 409 652 hujus
445 582 553 639 diei
596 594 949 650 sacramenta,
972 587 1214 655 quodque
1242 600 1486 641 sanctum
1522 596 1650 656 pu‘e-
1749 592 1879 646 etin
1916 593 2017 645 alio
2047 591 2309 647 inﬁrmant
2341 595 2420 647 vel
2447 594 2497 648 in
2552 608 2767 649 carcere
2807 593 3040 662 positum
3065 593 3302 653 visitant,

111 674 242 742 rique
271 672 600 741 praeconium
646 676 881 730 indicare
929 678 1223 743 studemus,
1252 678 1463 732 cuilibet
1491 679 1543 731 in
1576 680 1653 731 fa-
1751 682 1832 734 his
1874 681 2054 751 procul
2101 682 2261 735 dubio
2292 683 2499 738 devotis
2548 682 2842 746 actionibus
2888 692 3134 750 tanquam
3180 678 3300 735 bra-

108 764 296 819 stidium
328 780 622 822 veniamus.
652 768 901 836 Sequitur
926 786 938 818 :
1750 772 1908 836 chiis,
1940 770 2173 839 quotidie
2201 772 2445 827 eumdem
2467 772 2637 840 ipsum
2656 787 2877 843 puerum
2897 771 3287 839 amplectuntur

168 854 226 906 Et
250 870 372 910 cum
396 860 688 911 rnducerent
715 874 927 923 puerum
953 856 1130 909 .lesum
1166 868 1398 926 parentes
1437 862 1568 928 ejus,
1601 868 1652 909 ut

109 945 312 1009 facerent
347 950 628 1001 secundum
668 949 1075 1001 consuetudinem
1103 950 1225 1017 legis
1252 966 1344 1019 pro
1375 966 1455 1012 eo,
1482 959 1528 1001 et
1550 950 1655 1016 ipse

107 1040 279 1106 accepit
306 1055 421 1091 eum
445 1040 499 1091 in
539 1038 687 1091 ulnas
713 1055 854 1101 suas,
886 1051 929 1091 et
972 1039 1221 1091 benedixit
1249 1056 1382 1100 eum,
1408 1050 1454 1092 et
1484 1040 1651 1091 dixit:

112 1124 249 1182 Nunc
276 1129 504 1192 dimittis,
539 1129 770 1191 Domine,
802 1146 1002 1182 seruum
1035 1140 1193 1189 tuum,
1234 1133 1508 1183 secundum
1547 1148 1653 1184 rer-

110 1219 215 1269 lnmt
239 1227 399 1279 tuum,
427 1218 481 1268 in
525 1232 665 1285 pace,
694 1218 813 1285 quia
854 1220 1083 1271 viderunt
1120 1220 1255 1269 oculi
1296 1220 1396 1269 mci
1436 1222 1657 1273 salutare

112 1317 238 1358 tutan
262 1306 411 1375 (Luc.
445 1321 503 1371 tt,
534 1306 649 1372 27).
686 1308 819 1361 Hinc
861 1310 1015 1362 unius
1044 1309 1170 1362 hinc
1198 1309 1508 1367 multorum,
1550 1309 1659 1361 imo

109 1395 253 1449 etiam
278 1397 520 1450 omnium
549 1396 867 1463 adimpletur
892 1398 1223 1462 exspectatio
1241 1398 1528 1465 justorum.
1553 1396 1658 1451 Sed

108 1485 333 1539 dicamus
357 1486 504 1555 prius
533 1486 599 1540 de
626 1500 732 1539 uno
758 1529 773 1549 ,
802 1495 859 1539 et
888 1486 965 1540 sic
996 1487 1273 1553 loquamur
1299 1486 1365 1539 de
1393 1487 1654 1539 omnibus.

106 1574 345 1645 Cupimus
372 1578 513 1630 enim
545 1577 609 1630 ad
642 1578 739 1629 huc.
786 1577 1017 1630 studium
1072 1588 1313 1630 nostrum
1364 1576 1656 1639 inflectere,

110 1678 157 1718 ut
184 1667 324 1735 quod
353 1668 421 1721 de
469 1682 574 1721 uno
602 1667 814 1729 dicitur,
859 1669 924 1719 de
967 1668 1213 1721 omnbus
1255 1670 1513 1721 veraciter
1539 1660 1661 1720 acu-

1756 862 1822 914 Et
1845 862 1963 929 quia
1992 862 2106 915 haec
2131 870 2350 930 agentes
2393 861 2538 915 illunt
2568 876 2627 916 se
2667 861 2719 915 in
2750 862 2832 915 bis
2860 860 3127 928 suscipere
3155 855 3306 925 plena

1733 951 1856 1016 ,tide
1876 959 2219 1020 cognoscunt,
2254 951 2400 1004 illum
2426 964 2482 1005 se
2502 952 2553 1004 in
2584 950 2668 1005 his
2694 950 2873 1005 videre
2901 962 3004 1002 non
3037 946 3303 1007 dubitant,

1754 1045 1841 1110 qui
1870 1042 2041 1095 dixit:
2078 1042 2141 1094 Et
2192 1042 2415 1111 quandiu
2471 1043 2660 1110 fecistis
2712 1042 2805 1095 uni
2841 1042 2902 1093 de
2965 1040 3043 1091 his
3088 1037 3310 1090 minimis

1756 1134 1896 1198 meis,
1931 1133 2055 1185 milii
2107 1134 2318 1199 fecistis,
2374 1141 2530 1199 atque
2574 1132 2775 1186 eisdem
2830 1129 3094 1196 operibus,
3141 1135 3197 1179 ut
3247 1126 3313 1179 ad

1759 1236 1937 1289 pacem
1970 1222 2061 1277 Dei
2092 1223 2328 1293 redeant,
2381 1232 2435 1275 et
2480 1220 2676 1289 peccati
2707 1218 2959 1274 scandan
3002 1214 3205 1270 absolvi
3251 1229 3312 1268 se

1756 1311 1995 1375 credunt,
2029 1323 2169 1366 recte
2198 1311 2441 1387 credunt.
2475 1310 2639 1364 Recte
2693 1310 2832 1362 idem
2858 1306 3077 1363 Simeon
3130 1303 3312 1358 excla-

1760 1390 1867 1455 mat
1892 1402 2075 1456 dicens
2106 1419 2117 1453 ε
2150 1399 2305 1455 Nunc
2352 1400 2565 1452 dimittis
2603 1414 2801 1452 servum
2860 1405 3024 1458 tuum,
3080 1393 3314 1454 Domine,

1760 1493 2034 1543 secundum
2059 1489 2260 1542 uerbum
2290 1500 2451 1553 tuum,
2477 1490 2529 1541 in
2575 1502 2719 1556 pace,
2759 1487 2875 1553 quia
2922 1485 3154 1538 uiderunt
3185 1480 3319 1534 oculi

1762 1582 1858 1633 mei
1887 1581 2110 1632 salutare
2152 1588 2308 1631 tuum.
2349 1581 2421 1631 Ac
2462 1579 2505 1630 si
2548 1577 2702 1631 electi
2747 1576 2922 1629 dicant
2958 1591 2970 1626 :
3010 1572 3133 1626 Ideo
3166 1584 3264 1623 nos
3290 1584 3318 1622 a

1766 1673 1965 1738 peccati
1992 1669 2240 1724 seandalo
2285 1668 2633 1737 promissione
2658 1678 2743 1720 tua
2790 1664 3088 1726 absolvens,
3113 1660 3222 1728 jam
3270 1660 3321 1710 in

108 1758 275 1812 tiatur.
316 1756 458 1810 Ecce
486 1758 611 1810 dum
640 1756 942 1824 specialiter
968 1756 1035 1810 de
1066 1773 1173 1809 uno
1214 1740 1502 1810 venerabili
1533 1771 1660 1809 sene
1696 1728 1739 1785 Β
1770 1728 1898 1828 pace
1923 1728 2299 1813 reconciliatos
2328 1757 2568 1826 passibus
2613 1754 2810 1808 amoris
2836 1754 3185 1820 propinquare
3211 1763 3319 1802 caeo

110 1845 340 1910 cupimus
364 1846 533 1913 loqui,
560 1849 793 1899 occurrit
822 1845 1149 1913 praedicanda
1178 1845 1407 1915 Virginis
1438 1847 1665 1913 pruden-

112 1938 194 2002 tia,
226 1952 329 1991 non
377 1936 603 1990 humana
636 1928 895 1989 industria
928 1936 1078 2000 fulta,
1106 1936 1199 1990 sed
1228 1936 1428 2003 Spiritu
1456 1934 1663 1989 Divini—

110 2028 225 2082 tatis
269 2027 471 2091 alllata,
502 2040 623 2093 qua:
654 2026 841 2079 Filium
890 2027 1132 2080 oblatura
1169 2026 1410 2089 νειιὶυιιε,
1452 2040 1668 2094 sumque

108 2126 305 2173 natura
333 2116 686 2171 humilitatem
710 2131 955 2177 servans,
984 2118 1252 2183 prophetae
1282 2117 1524 2171 manibus
1562 2127 1669 2170 tra-

107 2207 236 2261 didit
290 2207 659 2273 elferendum,
706 2222 811 2260 non
867 2206 1047 2275 ignara
1097 2210 1277 2277 utique
1316 2208 1435 2275 quis
1482 2219 1669 2272 esset,

106 2298 253 2365 cujus
280 2297 523 2350 manibus
553 2296 719 2350 Deum
740 2295 1115 2366 hominemque
1138 2297 1378 2352 tradebat
1403 2296 1670 2352 sacriﬁcio

107 2385 478 2441 dedicmdum.
530 2384 696 2439 Oﬂ'ert
741 2395 915 2440 autem
965 2385 1244 2439 Dominum
1295 2383 1669 2452 prophetarum

108 2477 402 2543 prophetae.
433 2474 590 2529 offert
640 2473 852 2528 unicum
896 2475 983 2527 uni
1013 2515 1026 2535 ,
1056 2474 1162 2529 imo
1190 2474 1434 2529 omnibus
1462 2475 1513 2528 in
1545 2489 1670 2539 uno,

106 2578 222 2630 qum
243 2563 493 2618 omnibus
515 2565 761 2618 eumdem
786 2565 989 2633 peperit
1017 2565 1368 2621 Salvatorem.
1392 2567 1506 2621 Non
1528 2566 1671 2621 enim

108 2654 300 2709 desinit
348 2654 452 2708 huc
495 2669 661 2721 usque
705 2652 896 2707 offerre
943 2670 1100 2723 quem
1150 2656 1356 2725 genuit,
1390 2672 1509 2709 cum
1560 2657 1673 2711 suis

106 2743 308 2797 sanctis
327 2742 799 2797 intercessionibus
817 2744 1057 2795 eumdem
1078 2744 1463 2812 redemptorem
1484 2745 1670 2798 electis

111 2835 248 2888 nniri
289 2833 447 2897 facit;
477 2842 549 2897 et,
581 2843 638 2886 ut
669 2848 849 2887 verum
900 2833 1097 2898 fatear,
1131 2844 1372 2889 materno
1401 2834 1591 2890 aﬂectu
1619 2835 1670 2888 id

106 2924 280 2992 ipsum
321 2925 562 2996 piissima
610 2922 753 2978 facit.
809 2916 1005 2979 (bones
1044 2926 1185 2979 enim
1236 2927 1375 2979 filios
1415 2926 1672 2993 deputat,

1768 1853 1987 1907 testibus
2029 1852 2176 1915 facis,
2225 1850 2346 1919 quia
2391 1847 2513 1903 fidei
2543 1847 2712 1902 oculis
2747 1845 2976 1901 salutare
3029 1852 3170 1896 tuum
3207 1879 3223 1904 ,
3270 1838 3322 1892 id

1769 1953 1851 1998 est
1912 1944 2190 1996 Dominum
2242 1942 2424 1996 desum
2481 1938 2750 1992 Christum
2809 1938 2860 1989 in
2914 1932 3165 1987 membris
3211 1929 3326 1996 ejus

1768 2035 1982 2097 intueri,
2041 2046 2270 2098 euntque
2301 2030 2399 2097 piis
2425 2028 2675 2097 operibus
2719 2024 2968 2093 amplecti
3019 2020 3329 2077 meruimus.

1771 2127 1846 2180 De
1873 2140 1976 2192 quo
2005 2123 2178 2175 adhuc
2214 2122 2326 2176 sive
2358 2120 2471 2183 ille,
2502 2118 2616 2172 sive
2646 2119 2754 2183 isti,
2786 2117 2894 2171 Deo
2933 2113 3075 2168 l‘atri
3104 2111 3327 2166 dicuntx;

1772 2215 1920 2279 Quod
1977 2212 2274 2281 pra'parasti
2328 2217 2443 2263 ante
2491 2210 2671 2277 [aciem
2715 2205 2940 2259 omnium
3005 2201 3329 2270 populorum.

1771 2309 1883 2364 Nisi
1919 2324 1947 2361 a
1977 2315 2090 2360 toto
2145 2319 2268 2372 pars
2325 2300 2665 2369 intelligenda
2707 2298 2775 2351 sit
2820 2296 3169 2365 populorum,
3213 2306 3343 2370 quae

1770 2400 2095 2455 Salvatorem
2147 2397 2196 2447 in
2246 2407 2406 2445 carne
2455 2389 2665 2451 viderit,
2717 2387 2867 2456 juxta
2918 2386 3144 2438 litteram
3198 2380 3336 2436 ratio

1774 2506 1879 2546 non
1908 2488 2088 2551 stabit,
2121 2485 2240 2554 quia
2264 2499 2383 2539 eum
2425 2496 2526 2535 nec
2548 2478 2785 2541 carneis,
2841 2491 2939 2529 nec
2995 2473 3116 2527 lldei
3163 2469 3335 2524 oculis

1774 2595 1961 2635 omnes
2034 2574 2209 2644 populi
2267 2578 2683 2637 conspexerunt.
2755 2567 2893 2620 Ante
2957 2563 3142 2616 facient
3205 2573 3335 2627 ergo

1774 2669 2007 2724 omnium
2039 2664 2348 2733 populorum
2380 2661 2482 2713 hoc
2506 2660 2741 2739 salutare
2767 2665 2910 2708 tuum
2957 2653 3148 2705 dicitur
3194 2664 3332 2716 pm-

1776 2764 2037 2828 paratum‘,
2087 2756 2206 2823 quia
2235 2767 2302 2806 ex
2334 2752 2578 2804 omnibus
2620 2746 2824 2815 populis
2849 2747 2899 2797 in
2936 2759 3055 2798 eum
3094 2740 3335 2796 credide-

1775 2858 1923 2911 runt,
1979 2845 2099 2914 quia
2132 2857 2252 2897 eum
2284 2843 2561 2896 credentes
2606 2838 2727 2891 lldei
2773 2838 2940 2890 oculis
2994 2838 3334 2903 aspexerunt.

1774 2939 1906 2994 Nam
1956 2936 2094 3003 quod
2126 2933 2383 2988 Dominus
2404 2991 2409 2996 _
2431 2930 2558 2984 dicit
2605 2926 2823 2981 Thomas
2858 2944 2868 2977 :
2905 2924 3037 2990 Quia
3064 2920 3232 2974 uidisti
3260 2934 3338 2971 me

104 3030 240 3084 quos
264 3016 443 3069 divina
478 3016 651 3086 gratia
698 3013 912 3069 Christo
951 3016 1242 3071 consociat.
1275 3016 1497 3083 Quando
1524 3017 1668 3071 enim
1703 3044 1749 3104 ο
1782 3025 2065 3087 “edidisti,
2088 3023 2218 3076 ὺυαιί
2247 3022 2332 3090 qui
2361 3037 2462 3072 non
2483 3016 2713 3073 viderunt
2739 3025 2785 3069 et
2806 3014 3125 3068 crediderunt
3152 3009 3332 3077 (least.

103 3120 214 3159 non
240 3106 363 3172 ipsa
394 3114 562 3158 mater
590 3104 877 3159 electorum
905 3146 921 3170 ,
952 3121 1071 3173 quae
1102 3105 1317 3160 fratrem
1362 3106 1541 3174 genuit
1566 3120 1663 3159 eo-

103 3196 268 3248 rum?
314 3194 394 3258 Si,
424 3195 657 3262 inquam,
688 3191 931 3247 Christus
979 3195 1303 3251 credentium
1334 3195 1544 3260 -frater,
1578 3208 1672 3248 cur

106 3301 217 3339 non
247 3285 363 3355 ipsa
381 3300 501 3354 quae
522 3284 790 3338 Christum
818 3286 999 3352 genuit
1022 3286 1093 3338 sit
1120 3285 1450 3339 crvdentium
1476 3296 1668 3339 mater.

104 3375 470 3440 Quamobrem
499 3372 743 3439 obsecro,
772 3374 842 3426 mi
872 3374 1168 3426 beatissima
1202 3373 1380 3442 Virgo,
1411 3373 1545 3427 olfer
1575 3388 1669 3425 no-

104 3464 194 3517 bis
244 3462 517 3516 Christum
566 3462 665 3530 piis
712 3460 1005 3531 suffragiis,
1038 3478 1156 3531 qua:
1201 3465 1378 3517 nescis
1432 3463 1669 3519 invidere

102 3553 262 3620 filiis,
291 3555 384 3606 sed
427 3567 524 3606 nec
571 3550 815 3605 attendas
865 3551 1096 3604 liliontm
1147 3551 1392 3620 injurias,
1426 3566 1455 3603 a
1483 3553 1672 3620 quibus

102 3659 217 3695 non
252 3652 312 3695 ut
338 3642 551 3708 dignum
588 3648 666 3693 est
696 3640 993 3694 honoraris.
1040 3640 1253 3694 Tolerat
1291 3644 1431 3695 enim
1463 3642 1674 3696 irreve-

100 3731 343 3784 remiam
390 3730 640 3793 filiorum,
668 3744 789 3796 quae
819 3742 1000 3783 amore
1047 3730 1275 3783 vincitur
1299 3731 1703 3799 generationis.‘

103 3821 265 3876 ᾗ)νο
290 3835 419 3889 ergo
458 3821 554 3873 etsi
586 3821 743 3873 tantis
772 3819 974 3873 meritis
1004 3820 1246 3887 indignos
1290 3822 1391 3887 piis
1418 3823 1674 3875 orationi-

102 3912 237 3976 bus,
265 3924 399 3978 quos
425 3910 479 3962 in
505 3908 621 3964 Uno
646 3910 893 3977 genuisti.
922 3909 1216 3977 Deprecare
1243 3912 1451 3964 unicum
1483 3910 1675 3965 Filium

103 4015 213 4067 pro
244 3999 557 4052 excessibus
585 3999 894 4051 multorum.

176 4088 240 4142 8.
283 4087 389 4140 Sed
411 4088 544 4155 jam,
579 4086 766 4139 fratres
806 4085 1124 4149 charissimi,
1149 4086 1416 4142 Christum
1447 4089 1498 4141 in
1529 4088 1678 4142 ulnas

96 4175 434 4245 suscipiens,
481 4175 604 4245 quid
633 4189 766 4227 unus
795 4174 1094 4241 specialiter
1140 4176 1357 4229 Simeon
1398 4176 1541 4231 dicat
1584 4192 1678 4230 au-

95 4269 354 4321 diamus.
404 4265 493 4319 Ait
533 4266 672 4319 enim
723 4280 737 4319 :
794 4263 942 4316 Nunc
997 4265 1208 4316 dimittis
1261 4281 1455 4318 servum
1511 4275 1676 4329 tuum,

1779 3135 1871 3183 xx,
1901 3116 2019 3183 29),
2074 3115 2176 3169 hoc
2204 3112 2271 3165 de
2319 3112 2524 3164 visione
2569 3108 2828 3177 corporali
2873 3106 3078 3158 locutus
3125 3107 3227 3164 est,
3269 3098 3337 3152 de

1774 3222 1880 3275 quo
1921 3215 1974 3259 et
1997 3204 2234 3258 subditur
2269 3220 2282 3255 :
2311 3200 2504 3252 Lumen
2522 3199 2599 3251 'ad
2629 3195 3239 3268 reuelationemggentium
3290 3199 3339 3239 et

1775 3296 1992 3366 gloriam
2044 3293 2201 3361 plebis
2258 3300 2357 3343 tua:
2412 3286 2596 3341 Israel.
2652 3286 2763 3341 Iloc
2812 3287 2987 3352 itaque
3028 3281 3227 3334 lumine
3272 3278 3340 3331 de

1779 3385 2013 3441 tenebris
2054 3382 2315 3444 revelatc,
2364 3388 2418 3431 et
2448 3372 2568 3431 hoc
2617 3378 2881 3439 iuventte;
2920 3373 3019 3426 hoc
3069 3372 3338 3426 illustratio

1776 3483 1900 3529 sunt
1934 3483 2137 3541 gentes,
2182 3470 2314 3523 sicut
2366 3466 2618 3535 scriptum
2648 3474 2729 3519 est
2762 3462 3041 3518 z'Gentiunt
3093 3459 3333 3531 populus,

1778 3564 1862 3627 qui
1883 3560 2168 3614 ambulabat
2199 3560 2251 3611 in
2281 3557 2517 3623 tenebris,
2540 3555 2664 3608 vidit
2689 3555 2848 3607 lucem
2871 3548 3121 3623 magnam.
3146 3550 3337 3604 Seden-

1780 3652 1908 3704 tibus
1929 3651 1978 3702 in
2008 3650 2212 3718 regione
2250 3648 2441 3699 umbra:
2465 3645 2642 3697 mortis
2666 3643 2756 3696 lux
2772 3650 2885 3695 orta
2910 3650 2984 3696 est
3004 3641 3076 3693 eis
3102 3637 3230 3707 (lsa.
3262 3653 3338 3697 tr,

1778 3739 1857 3808 9).
1918 3738 1992 3792 De
2047 3738 2146 3790 hoc
2203 3737 2401 3789 lumine
2455 3733 2690 3787 Joannes
2737 3730 3054 3800 evangelista
3114 3734 3340 3781 testatur

1780 3828 1961 3880 dicrns
1993 3843 2004 3876 :
2040 3824 2166 3876 Erat
2214 3825 2381 3875 lumen
2432 3821 2624 3884 uerum,
2673 3821 2810 3888 quod
2848 3820 3101 3871 illuminat
3143 3830 3339 3870 omnes!

1782 3915 2032 3968 hominem
2064 3912 2338 3964 venientem
2385 3910 2439 3962 in
2485 3910 2619 3961 hunc
2660 3906 2906 3959 mundum
2933 3904 3111 3974 (loan.
3172 3919 3208 3967 t,
3262 3902 3341 3969 9).

1786 4002 1860 4056 De
1887 4003 1985 4055 hoc
2017 4002 2066 4053 in
2098 4000 2330 4067 Epistola
2355 4012 2451 4052 sua
2473 3996 2600 4049 dicit
2626 4014 2636 4046 :
2668 3995 2802 4047 Deus
2823 3997 2914 4047 lux
2934 4004 3030 4057 est,
3053 4004 3099 4045 et
3131 3991 3343 4045 tenebrat

1784 4095 1835 4146 in
1863 4108 1922 4144 ee
1950 4107 2049 4143 non
2078 4099 2191 4142 sunt
2222 4088 2342 4142 ulla:
2371 4085 2591 4155 (Iloan.
2610 4084 2740 4153 t,5).
2764 4083 2838 4136 De
2857 4086 2956 4136 hoc
2977 4082 3114 4135 idem
3146 4079 3343 4143 lumine

1786 4182 1841 4234 in
1866 4179 2149 4247 Evangelia
2174 4178 2249 4231 ait
2278 4194 2288 4228 :
2323 4176 2516 4229 Lumen
2548 4176 2675 4227 venit
2707 4176 2758 4225 in
2786 4173 3051 4235 mundum,
3080 4179 3124 4220 ct
3153 4169 3341 4221 dilexev

1787 4282 1904 4324 runt
1931 4272 2153 4323 homines
2176 4269 2333 4338 magis
2363 4264 2591 4320 tenebras
2639 4279 2791 4332 quam
2822 4264 2981 4315 lucem
3043 4257 3220 4327 (Joan.
3266 4273 3344 4319 tu,

100 4354 380 4418 υοηιίηει
434 4353 708 4407 “cundum
775 4353 977 4404 υθτθυιη
1022 4361 1186 4417 "mm.
1238 4353 1290 4404 5"
1339 4370 1512 4419 νικος
1564 4354 1683 4421 quia
1719 4369 1766 4425 υ
1798 4358 1907 4428 Ib).
1936 4356 1999 4412 Et
2026 4358 2213 4411 iterum
2250 4376 2258 4406 :
2295 4356 2533 4432 Quandiu
2564 4370 2677 4407 sunt
2727 4355 2778 4406 in
2825 4353 3032 4415 mundo,
3090 4351 3180 4404 lux
3232 4367 3343 4403 sum

95 4446 350 4498 ridentut
378 4443 512 4497 oculi
541 4445 636 4497 mei
660 4445 881 4497 salutare
924 4453 1064 4494 tuum
1100 4441 1253 4507 (Luc.
1298 4458 1355 4507 ll,
1400 4444 1515 4510 29),
1546 4459 1607 4498 ac
1634 4444 1678 4497 si

56 4600 57 4607 η
92 4542 327 4593 diceret
357 4553 371 4589 :
404 4537 579 4607 Longa
611 4553 695 4591 me
720 4539 1113 4603 cxslrcctatione
1159 4538 1404 4605 fatigasti,
1434 4540 1522 4593 diu
1554 4541 1683 4595 reti-

94 4626 316 4689 rtuiSti;
365 4624 457 4679 sed
489 4626 696 4678 tandem
745 4628 854 4677 viso
895 4642 1047 4694 quem
1094 4632 1413 4694 exspectavi,
1451 4628 1562 4697 jam
1619 4630 1685 4681 de

90 4721 371 4771 lmmanm
398 4717 516 4771 vitae
552 4717 812 4770 Scandalis
842 4718 893 4768 in
926 4733 1048 4783 pace
1075 4718 1312 4773 dimittis.
1362 4719 1587 4772 Dimittis
1632 4721 1683 4772 in

90 4824 274 4878 pace,
312 4810 432 4874 quia
482 4807 767 4859 secundum
824 4800 1242 4871 promissionem
1275 4817 1413 4860 tuam
1465 4824 1556 4875 per
1607 4809 1685 4861 in-

88 4897 325 4953 curuati
382 4896 533 4950 Verbi
604 4900 938 4966 mysterium,
995 4898 1180 4948 solutis
1233 4898 1540 4960 inimicitiis,
1592 4900 1684 4950 tibi

92 4984 296 5039 merui
325 4972 674 5036 reconciliari.
717 4985 947 5037 Dimittis
976 4986 1026 5038 in
1057 5000 1205 5048 pare,
1249 4988 1370 5051 quia
1403 4987 1553 5037 video
1594 5002 1685 5053 pa-

88 5090 257 5129 cem.
318 5072 432 5137 Ipse
459 5072 598 5124 enim
645 5082 725 5125 est
768 5089 863 5136 In!
916 5085 1117 5137 nostra,
1162 5075 1247 5139 qui
1287 5073 1409 5126 fecit
1465 5084 1685 5140 utraque

88 5178 312 5217 unum.
348 5160 456 5213 lloc
490 5160 715 5228 denique
744 5171 795 5211 ct
823 5176 1007 5213 omnes
1051 5162 1204 5215 cleCIi
1239 5163 1437 5223 dicunt,
1500 5172 1553 5215 et
1598 5162 1685 5229 qui

90 5251 400 5308 Christum
444 5249 493 5300 in
534 5250 681 5300 ulnas
704 5264 827 5300 suas
856 5248 1165 5315 suscipiunt,
1219 5252 1303 5318 qui
1347 5251 1464 5302 fidei
1520 5252 1687 5303 oculis

90 5343 362 5396 salutare
393 5336 483 5389 Dei
532 5337 883 5405 cunspicinnt.
916 5336 1049 5400 Quid
1106 5339 1244 5389 enim
1296 5348 1377 5389 ost
1415 5339 1679 5391 Christum

92 5438 156 5489 in
185 5432 361 5485 tilnas
379 5430 665 5495 suseipcre,
694 5428 793 5479 nisi
840 5428 936 5495 piis
976 5428 1113 5479 hunc
1146 5428 1393 5493 opt-ribus
1438 5430 1487 5481 in
1521 5445 1684 5482 mem-

88 5523 220 5577 bris
261 5516 554 5584 ampletai?
584 5517 682 5571 f‘cr
711 5519 859 5570 ulnas
888 5519 1047 5576 enim.
1077 5518 1125 5570 id
1150 5529 1226 5569 est
1253 5519 1482 5583 brarllia,
1518 5522 1681 5573 virtus

82 5608 452 5683 operationis
481 5609 808 5677 etpritttilur.
836 5607 966 5661 Cum
996 5612 1132 5663 cttltlt
1163 5612 1210 5663 in
1240 5612 1339 5662 ilio
1361 5614 1672 5667 esurientem

1790 4450 1966 4502 ni‘undi
1992 4448 2169 4514 (Joan.
2205 4462 2279 4507 ts,
2326 4444 2403 4513 5).
2436 4446 2694 4511 Quodque
2727 4459 2845 4497 cum
2876 4444 2947 4496 sit
2987 4443 3146 4501 etiam
3173 4442 3340 4510 glori:

1787 4537 2039 4608 gentium,
2072 4538 2124 4589 in
2152 4550 2217 4589 eo
2258 4535 2323 4588 ad
2352 4535 2572 4605 gloriam
2608 4532 2839 4601 Jsraelis
2868 4531 3068 4585 dicitur.
3088 4545 3349 4599 prmpars-

1789 4639 1917 4687 tum,
1971 4626 2089 4694 quia
2133 4625 2245 4680 sive
2293 4626 2345 4677 in
2381 4623 2692 4693 patriarehis
2740 4637 2801 4677 ac
2852 4621 3147 4691 prophetis,
3190 4630 3347 4688 atque

1788 4715 2061 4783 apostolis,
2097 4714 2203 4766 imo
2228 4713 2387 4766 etiam
2419 4716 2470 4764 in
2503 4712 2615 4778 ipso
2639 4709 2869 4763 oumium
2897 4709 3068 4776 capite
3113 4706 3343 4770 Christo,

1788 4806 1899 4872 sive
1925 4804 1975 4855 in
2018 4801 2239 4869 eloquiis
2271 4800 2385 4865 Dei,
2430 4800 2655 4867 amplius
2683 4814 2813 4868 gens
2842 4799 2924 4852 illa
2958 4814 3114 4867 quam
3154 4806 3339 4867 gentes

1787 4891 2013 4959 gloriosa
2057 4898 2399 4954 monstratur,
2449 4880 2703 4957 Apos‘tolo
2728 4897 3028 4949 atteStante,
3060 4888 3178 4952 quia
3224 4889 3297 4940 sit
3331 4904 3341 4936 :

1791 4983 1925 5045 Quid
1953 4996 2071 5049 ergo
2096 4979 2315 5048 amplius
2338 4988 2409 5031 est
2447 4978 2671 5034 λαώῑοῖ
2698 4988 2802 5031 aut.
2849 4991 2962 5042 qua
3012 4977 3202 5028 utilitas
3250 4976 3348 5027 (ir-

1789 5071 2149 5123 cumcisionis?
2186 5071 2404 5122 multum
2457 5085 2543 5135 per
2590 5084 2787 5120 omnrm
2838 5065 3065 5124 nudum.
3118 5062 3346 5115 Primum

1788 5162 1986 5229 quidem
2009 5161 2127 5229 quia
2150 5158 2332 5211 credita
2355 5142 2471 5214 sunt
2497 5156 2601 5209 illis
2619 5157 2818 5223 eloquia
2842 5154 2933 5207 Dei
2956 5153 3131 5223 (liam.
3164 5168 3241 5215 ιιι,
3276 5152 3326 5217 l)

1792 5254 1853 5305 Et
1881 5267 2087 5304 rursum
2122 5271 2135 5305 :
2170 5248 2231 5301 Et
2256 5265 2465 5316 quorum
2494 5248 2703 5314 adaptio
2728 5256 2800 5299 est
2820 5246 3064 5312 ﬁliarum,
3087 5252 3134 5295 et
3158 5244 3347 5311 gloria,

1789 5357 1835 5398 et
1874 5352 2239 5405 testamentum,
2274 5340 2634 5407 cllegislutio,
2673 5348 2721 5395 et
2774 5336 3083 5399 obsequium,
3135 5343 3180 5385 et
3227 5347 3329 5397 pro

1791 5437 1962 5501 missa,
1982 5448 2209 5502 quorum
2243 5441 2428 5499 patres,
2462 5442 2509 5481 et
2529 5445 2592 5481 εστ
2613 5428 2790 5495 quibus
2818 5426 3043 5480 Christus
3070 5424 3344 5476 secundum

1789 5539 2010 5585 carnem,
2038 5522 2123 5586 qui
2148 5530 2217 5572 est
2242 5519 2376 5573 Dcus
2401 5519 2684 5570 benedictus
2707 5518 2755 5568 in
2778 5517 2974 5571 stcrula.
3013 5514 3169 5567 Amen
3192 5508 3344 5575 (Luc.

1794 5630 1849 5675 ll,
1872 5612 1976 5677 33').
2010 5610 2251 5677 Sequitur
2276 5626 2285 5659 :
