3910 6234
172 256 296 310 1301

1214 249 1438 306 SEBMO
1478 249 1564 303 DE
1601 245 1937 302 LECTIUNE
1976 243 2426 300 EVANGELlCA.

3268 249 3425 304 {309‘

167 367 366 420 verbum
409 365 518 435 ejus
542 363 709 434 (Psal.
752 377 858 428 etv,
895 360 986 430 18)
1005 402 1020 426 ,
1051 374 1111 415 ac
1146 362 1191 414 si
1245 362 1442 416 diceret
1472 377 1486 413 :
1516 358 1722 412 Tandiu
1753 360 1800 416 A
1827 355 2049 420 inﬁdelis
2070 356 2146 408 uel
2165 355 2345 417 idiota,
2372 355 2684 408 convincitur
2705 355 2768 409 ab
2807 357 3034 410 omnibus
3062 353 3118 426 (1
3143 358 3262 411 Cor.
3291 371 3402 422 atv,

170 457 271 511 fuit
299 458 351 511 in
379 455 468 528 illa
507 455 781 510 servitutis
809 452 891 507 vel
916 451 1148 505 carceris
1171 449 1531 513 tribulatione,
1557 448 1731 502 donec

168 546 296 600 illud
344 545 482 614 quod
541 545 773 598 laturum
824 541 1143 610 pradixerat
1190 541 1450 594 eveniret.
1475 539 1585 594 Sed
1633 553 1732 593 nec

171 635 314 689 aliud
360 634 461 688 hoc
503 635 616 688 loco
667 649 762 700 per
816 634 1047 700 gladium
1096 617 1442 698 intelligimus
1491 631 1729 699 ﬁgurari.

168 725 475 792 Quanquam
558 733 735 778 autem
804 724 982 776 multa
1057 721 1424 776 tribulationes
1476 722 1728 774 .animam

174 814 548 868 transfoderint
588 813 904 866 beatissima:
963 811 1216 880 Virginis,
1269 810 1359 865 illa
1412 819 1598 865 tamen.
1645 808 1734 864 hic

165 905 466 972 specialiter
490 905 811 973 designatur,
845 917 982 971 quas,
1032 903 1266 955 Domino
1310 903 1362 956 in
1409 917 1585 964 cruce,
1597 918 1729 974 juc-

167 995 378 1060 riente,
427 984 666 1047 materna
718 994 921 1046 viscera
988 991 1274 1046 transﬁxit.
1332 992 1546 1047 Dicatur
1601 1007 1730 1062 ergo

165 1082 338 1138 eidem
387 1097 417 1136 a
467 1093 650 1138 sancto
681 1082 978 1151 propheta:
1018 1082 1080 1135 Et
1111 1093 1250 1134 tuam
1297 1083 1458 1152 ipsius
1505 1084 1731 1136 animam

165 1173 452 1241 pertrasibit
498 1173 725 1242 gladius,
772 1181 825 1225 ut
852 1171 1137 1224 revelentur
1175 1187 1237 1224 ea:
1278 1172 1450 1224 multis
1494 1166 1730 1225 cordibls

164 1261 515 1331 cogitationes.
569 1263 653 1314 Ae
690 1261 734 1314 si
786 1260 1051 1314 diceretur
1092 1276 1108 1314 :
1159 1260 1410 1315 Maternis
1439 1260 1731 1316 visceribus

165 1349 524 1405 tribulationis
543 1349 723 1419 gladio
747 1349 1065 1414 verberatis,
1096 1347 1300 1404 videbis
1330 1351 1384 1403 in
1407 1365 1568 1423 cruce
1596 1365 1729 1419 pen-

164 1439 379 1494 dentem
438 1455 593 1508 quem
641 1441 832 1510 angelo
879 1441 1158 1493 nuntiante
1207 1442 1361 1507 virgo
1412 1441 1730 1505 concenisti,

162 1539 411 1584 manente
437 1530 742 1598 virginitate
772 1529 936 1583 ﬁlium
963 1530 1200 1592 edidisti,
1227 1542 1489 1599 quatenus
1511 1524 1732 1600 per'hoc

161 1617 362 1674 factum
409 1628 464 1674 et
525 1620 832 1676 Judtcorum
898 1620 1278 1674 exsultantium
1333 1622 1625 1690 iniquitas,
1679 1633 1731 1676 et

1830 446 1959 516 25),
1998 447 2205 502 occulta
2247 445 2406 500 etiam
2457 446 2634 501 cordis
2681 447 2796 514 ejus
2832 448 3111 502 manifesta
3143 450 3302 515 ﬁunt,
3345 460 3404 505 et

1831 538 1900 594 ita
1922 539 2117 593 cadens
2162 539 2213 592 in
2247 548 2441 592 terram
2487 537 2730 592 adorabit
2787 539 2950 592 Deum
2977 581 2994 604 ,
3052 540 3401 608 pronuntians

1828 631 1971 700 quod
2009 644 2140 684 vere
2168 628 2308 682 Deus
2337 638 2422 684 est
2465 629 2517 681 in
2555 629 2727 682 vobis.
2753 629 2856 695 Qui
2884 640 3065 684 autem
3092 643 3276 687 essent
3314 629 3403 686 isti

1833 718 2141 787 praphette,
2179 718 2293 784 ipse
2346 717 2536 772 Paulus
2589 715 2812 773 inferius
2864 720 3113 786 aperuit,
3161 721 3399 774 dicens:

1832 806 2106 873 PrOpItette
2150 807 2250 861 duo
2288 810 2362 861 vel
2419 817 2518 861 tres
2565 808 2768 872 dicant,
2817 817 2867 861 et
2903 811 3074 864 ceteri
3121 810 3406 880 diiudicant

1833 896 1900 967 (1
1949 899 2068 954 Cor.
2101 914 2226 964 ιη,
2263 897 2402 968 '29),
2462 913 2678 954 oremus
2722 906 2899 964 autem
2953 914 3174 956 necesse
3219 907 3306 955 est
3345 906 3405 954 ut

1836 987 1974 1041 idem
2007 987 2210 1056 gladius
2242 999 2420 1042 noster
2457 989 2620 1043 corda
2657 991 2959 1058 transﬁgat,
2981 999 3242 1058 quatenus
3269 989 3404 1044 Iide-

1834 1078 1960 1130 lium
1984 1079 2214 1144 turbam,
2240 1078 2391 1132 nobis
2425 1078 2856 1145 pradicantibus,
2883 1079 3210 1148 singulorum
3235 1081 3406 1134 virtu.

1833 1173 1913 1220 tes
1941 1179 2006 1220 ac
2035 1166 2162 1219 vitia
2194 1166 2607 1231 espoueutibutt,
2652 1167 2934 1236 unicuique
2961 1168 3217 1222 interiora
3248 1179 3406 1238 pate-

1833 1257 1978 1310 ﬁant.
2012 1257 2262 1326 Sequitur
2287 1275 2300 1311 :

1903 1346 1992 1401 il.
2049 1346 2115 1400 Et
2161 1357 2270 1402 erat
2307 1348 2456 1400 Anna
2493 1348 2808 1418 prophetiae
2830 1387 2847 1412 ,
2895 1349 3009 1418 ﬁlia
3049 1347 3309 1414 Phanuel,
3337 1349 3406 1404 de

1833 1437 1966 1490 tribu
1986 1439 2128 1492 Aser.
2159 1437 2286 1492 Hac
2312 1449 2625 1506 processerat
2640 1439 2694 1491 in
2723 1437 2900 1491 diebus
2925 1439 3121 1505 multis,
3141 1449 3190 1492 et
3213 1439 3411 1492 vivebat

1833 1542 1948 1578 cum
1976 1527 2084 1579 viro
2108 1543 2200 1579 suo
2249 1526 2396 1578 annis
2422 1535 2613 1593 septem
2643 1543 2676 1579 a
2713 1526 3004 1595 virginitate
3039 1543 3158 1582 sua.
3190 1526 3258 1580 Et
3295 1526 3407 1581 Istuc

1833 1625 1940 1669 erat
1970 1617 2122 1667 vidua
2149 1631 2306 1685 usque
2328 1615 2396 1668 ad
2425 1631 2587 1668 annos
2615 1615 2868 1684 octoginta
2892 1624 3137 1684 quatuor;
3162 1631 3406 1683 quc-non

161 1708 543 1778 discipulorum
565 1707 880 1778 fugientium
909 1711 1190 1764 inﬁrmitas
1218 1687 1536 1766 denudetur.
1569 1687 1725 1767 Deni-

1832 1688 2116 1758 discedebat
2137 1705 2200 1757 de
2222 1705 2426 1773 templo,
2437 1705 2652 1774 jejuniis
2675 1713 2720 1757 et
2746 1704 3169 1758 obseruationibus
3183 1704 3406 1760 seruiens

155 1815 267 1869 que
295 1801 387 1856 illo
419 1803 470 1854 in
496 1816 657 1856 cruce
684 1801 971 1869 pendente,
994 1801 1164 1856 Judaei
1194 1812 1486 1871 prasentes
1514 1806 1734 1858 insulta-

158 1889 289 1967 bant
332 1890 827 1967 ut'dcscenderet;
881 1892 1113 1960 apostoli
1156 1894 1415 1960 rugientes
1463 1894 1532 1948 de
1576 1910 1734 1949 cruce

124 1981 307 2045 ,illum
362 1981 691 2037 descendere
747 1997 904 2051 posse
945 1998 1050 2037 non
1097 1984 1580 2049 credebant.,Qu:e
1607 1985 1731 2037 dum

157 2073 370 2137 ﬁerent,
427 2088 644 2149 necesse
700 2074 797 2128 fuit
863 2083 1104 2128 materna
1170 2074 1361 2140 piaque
1413 2073 1617 2127 viscera
1664 2089 1730 2128 ex

151 2163 390 2232 ejusdem
444 2163 812 2234 Redemptoris
861 2164 1106 2232 passione
1149 2162 1328 2231 gladio
1375 2164 1732 2219 tribulationis

153 2253 413 2323 transﬁgi.

222 2345 316 2399 (ὅ.
338 2342 443 2398 Sed
469 2343 578 2412 jam
609 2344 736 2410 ista,
757 2352 814 2397 ut
843 2343 1125 2412 capimus,
1159 2341 1286 2412 quid
1316 2344 1540 2414 mystice
1570 2345 1729 2414 signi-

151 2431 319 2508 (lceat
349 2434 576 2487 breviter
606 2434 1056 2489 demonstremus.
1088 2433 1218 2500 Quis
1246 2435 1389 2487 enim
1421 2435 1556 2487 intra
1606 2449 1731 2489 san-

149 2534 291 2581 ctam
318 2524 607 2580 Ecclesiam
635 2526 975 2588 constitutus,
1009 2541 1116 2580 non
1145 2527 1324 2580 videat
1346 2527 1398 2579 in
1432 2535 1604 2580 morte
1623 2525 1728 2580 lte-

148 2616 444 2683 detnptoris
489 2616 805 2673 nostriillos
832 2617 1046 2682 cadere,
1079 2618 1168 2684 qui
1222 2618 1363 2671 hunc
1403 2624 1492 2670 aut
1525 2617 1730 2670 solum-

150 2707 314 2762 nodo
343 2707 612 2761 hominem
644 2708 924 2762 mortalem
967 2707 1158 2770 fuisse,
1180 2717 1269 2760 aut
1300 2721 1479 2760 veram
1510 2721 1726 2759 carnem

148 2799 204 2853 in
233 2799 483 2866 passione
508 2798 591 2851 vel
625 2798 1020 2853 resurrectione
1053 2812 1158 2852 non
1205 2797 1453 2851 habuisse
1510 2805 1726 2851 asseve-

146 2886 312 2940 rant?
343 2887 409 2940 Et
448 2888 566 2954 quis
598 2889 650 2942 in
699 2889 815 2955 ejus
862 2889 1255 2942 resurrectione
1286 2902 1390 2942 non
1423 2889 1728 2942 consideret

149 2972 276 3028 illos
303 2989 606 3044 resurgere,
638 2976 730 3042 qui
756 2991 784 3029 a
813 2977 1034 3044 perfidia
1080 2977 1233 3030 malae
1277 2976 1611 3031 credulitatis
1639 2976 1722 3029 di-

147 3061 273 3117 vina
318 3065 487 3132 gratia
531 3066 790 3131 reparari,
822 3074 878 3119 et
929 3065 981 3118 in
1013 3080 1139 3119 vera
1183 3070 1322 3120 hunc
1352 3077 1537 3131 carne,
1574 3067 1720 3122 salva

145 3152 439 3207 divinitatis
493 3158 606 3206 Sua:
666 3154 1112 3220 impassibilitate,
1166 3157 1428 3210 veraciter
1487 3171 1723 3224 passum,

144 3249 201 3298 et
226 3242 287 3296 in
317 3256 443 3295 vera
469 3256 630 3296 carne
658 3243 916 3308 veraciter
941 3258 968 3294 a
991 3258 1086 3296 sua
1111 3243 1386 3311 majestate
1415 3249 1724 3300 suscitatum

144 3332 458 3386 afﬁrmant?
495 3349 560 3385 an
617 3347 723 3386 non
775 3333 896 3387 aliis
947 3335 998 3386 in
1054 3335 1258 3388 ruinam
1289 3377 1304 3398 ,
1354 3336 1473 3388 aliis
1517 3352 1642 3390 vero
1673 3338 1744 3392 in.

144 3423 596 3476 resurrectionem
645 3421 895 3475 Christus
950 3422 1120 3475 lactus
1148 3423 1336 3488 fuerat,
1382 3438 1501 3478 cum
1534 3425 1726 3479 Paulus

143 3509 214 3568 de
245 3526 306 3564 se
331 3513 546 3578 suisque
574 3512 731 3564 sociis
753 3513 982 3565 dit-cret:
1007 3510 1196 3564 Christi
1223 3514 1382 3565 bonus
1408 3515 1534 3565 odor
1554 3529 1727 3567 sumus

144 3598 282 3666 Deo,
315 3610 360 3654 et
385 3601 439 3654 in
467 3593 544 3653 liis
573 3617 688 3670 quw
717 3610 950 3668 pereunt,
975 3611 1022 3655 et
1046 3603 1102 3666 in
1126 3603 1204 3655 his
1232 3605 1318 3670 qui
1345 3602 1471 3655 salvi
1499 3605 1650 3672 ﬁunt,
1680 3614 1727 3657 et

141 3689 263 3744 aliis
314 3692 442 3742 odor
479 3692 656 3742 mortis
681 3691 734 3742 in
771 3703 998 3753 mortem,
1032 3692 1148 3743 aliis
1188 3694 1315 3744 odor
1356 3693 1469 3751 uile
1496 3694 1545 3746 in
1574 3695 1730 3746 vitam

142 3779 233 3850 (11
259 3780 381 3834 Cor.
414 3794 484 3845 tt,
513 3778 623 3847 15).
661 3779 734 3833 De
760 3779 862 3833 illis
890 3795 1015 3833 vero
1056 3781 1246 3848 quibus
1279 3781 1581 3835 humanitas
1609 3797 1725 3835 car-

146 3874 229 3938 nis
285 3872 617 3925 divinitatem
669 3871 946 3924 abscondit
993 3873 1305 3935 Salvatoris,
1339 3874 1408 3925 ita
1444 3873 1570 3926 dicit
1611 3893 1622 3926 :
1658 3873 1726 3927 Et

141 3965 188 4014 ai
214 3972 447 4029 opertum
483 3972 554 4014 est
583 3961 915 4029 Enangelium
947 3970 1193 4036 nostrum,
1221 3964 1272 4015 in
1294 3963 1374 4016 Itis
1397 3965 1482 4031 qui
1509 3977 1722 4030 pereunt

142 4059 216 4106 est
239 4061 469 4117 opertum
492 4058 505 4113 (
529 4041 593 4103 11
620 4048 739 4104 Cor.
771 4067 845 4111 tv,
886 4053 964 4118 3).
996 4049 1115 4105 .lam
1168 4067 1294 4105 vero
1325 4054 1368 4105 si
1425 4053 1636 4118 devme,
1669 4065 1723 4106 ut

140 4142 325 4204 decet,
380 4142 739 4206 attendamus,
789 4143 953 4208 ipsam
989 4142 1195 4196 beatam
1252 4143 1537 4210 Virginem,
1572 4147 1722 4213 cujus

141 4232 381 4284 animam
412 4231 616 4297 gladius
646 4231 987 4284 transfodisse
1035 4231 1363 4298 per-hibetur,
1400 4243 1581 4303 typum
1617 4237 1721 4288 Ec-

144 4321 330 4374 clesiae
360 4322 706 4386 praetendisse
730 4322 1044 4389 reperimus,
1072 4321 1224 4390 cujus
1254 4325 1482 4377 animam
1513 4324 1719 4392 gladius
1752 4347 1798 4403 ι)

143 4412 497 4478 pertransiit,
551 4411 760 4466 scilicet
817 4413 1033 4465 verbum
1089 4414 1502 4481 praedicationis.
1570 4416 1719 4481 Quod

141 4504 288 4556 enim
319 4516 407 4568 per
434 4503 660 4570 gladium
687 4503 992 4569 praedicatio
1011 4515 1190 4558 sancta
1223 4506 1496 4573 ﬁguretur,
1530 4507 1722 4560 Paulus

140 4592 422 4660 apostolus
451 4600 672 4662 testatur
701 4592 881 4646 dicetis
914 4611 925 4644 ε
961 4593 1025 4646 Et
1052 4594 1277 4661 gladium
1310 4597 1557 4662 Spiritus,
1586 4599 1720 4664 quod

140 4693 216 4736 est
248 4682 448 4735 uerbum
479 4681 572 4734 Dei
620 4683 844 4750 (Ep/tes.
879 4699 950 4749 VI,
988 4686 1109 4753 l7)?
1158 4685 1373 4740 Gladius
1422 4689 1722 4741 enim'ani-

143 4785 289 4824 mam
319 4769 493 4823 Maria:
522 4773 929 4836 transverberat,
979 4777 1097 4839 quia
1129 4779 1348 4828 verbum
1384 4778 1474 4830 Dei
1519 4780 1721 4831 electo.

144 4875 270 4913 rum
303 4862 463 4913 corda
522 4871 782 4926 j‘enctrat,
813 4871 1098 4929 penetrans
1145 4865 1212 4915 ab
1266 4881 1448 4919 errore
1497 4867 1722 4919 mortiﬁ-

142 4963 253 5014 cat,
279 4951 346 5004 ab
374 4966 554 5007 errore
587 4955 911 5007 mortiﬁcans
942 4957 992 5006 in
1025 4958 1301 5009 veritatem
1334 4960 1451 5011 vita!
1475 4955 1722 5012 commu-

145 5049 240 5092 tat.
282 5039 350 5104 Ut
371 5043 668 5105 revelantur,
698 5043 885 5110 inquit,
930 5059 992 5095 ea:
1034 5045 1207 5097 multis
1258 5049 1492 5099 cordibus
1521 5053 1718 5115 conita-

145 5131 310 5182 tioncs
356 5131 504 5199 (Luc.
539 5148 607 5195 tt,
650 5132 763 5197 55),
805 5147 864 5185 ac
914 5135 955 5185 si
987 5136 1186 5187 diceret
1237 5154 1248 5186 :
1304 5137 1501 5190 Idcirco
1555 5139 1716 5192 divini

143 5219 299 5271 verbi
341 5220 544 5286 gladius
594 5232 896 5273 sanctorum
947 5224 1102 5276 corda
1156 5225 1388 5278 funditus
1419 5229 1485 5280 ab
1536 5244 1717 5282 errore

145 5309 478 5363 mortiﬁcans
507 5311 558 5362 in
587 5314 821 5364 veritatis
851 5312 1144 5366 doctrinam
1174 5327 1481 5382 commutat,
1510 5328 1564 5370 ut
1592 5319 1714 5371 dum

145 5401 498 5467 quorumdam
547 5401 672 5451 vitia
703 5401 1028 5468 virtuteSque
1085 5404 1346 5472 loquendo
1392 5409 1712 5473 examinant,

145 5490 436 5555 unicuique
485 5490 790 5554 loquuntur,
819 5491 1001 5542 intima
1050 5507 1142 5543 sua
1195 5494 1549 5548 muniiestent.
1588 5498 1718 5551 llinc

146 5579 344 5633 I'aulus
377 5579 494 5632 dicit
523 5597 532 5630 :
564 5579 619 5631 Si
645 5595 811 5631 omnes
849 5580 1164 5645 prop/telvm,
1200 5585 1347 5636 intret
1392 5595 1556 5639 autem
1607 5588 1712 5642 quis

1833 1807 1977 1849 nocte
2005 1804 2053 1848 et
2083 1796 2184 1849 die.
2209 1796 2276 1849 Et
2303 1796 2410 1849 hac
2451 1797 2562 1861 ipsa
2587 1793 2716 1847 liora
2741 1795 3092 1865 superveniens
3119 1795 3402 1862 conﬁteba-

1833 1896 1913 1938 tur
1951 1884 2169 1938 Domino
2193 1922 2211 1950 ,
2265 1893 2315 1937 et
2356 1885 2655 1954 loquebatur
2678 1884 2742 1937 de
2771 1885 2861 1937 illa
2903 1884 3134 1938 omnibus
3182 1886 3270 1953 qui
3310 1900 3405 1938 ex-

1831 1974 2132 2040 spetabant.
2176 1974 2572 2036 redemptionem
2620 1971 2903 2026 Jerusalem
2956 1971 3218 2040 (Luc.tt,
3268 1971 3402 2042 36).

1834 2061 1959 2115 ll.rc
1983 2063 2136 2129 juxta
2160 2063 2437 2117 historiam
2467 2070 2646 2129 aperta
2674 2073 2818 2128 sunt,
2851 2077 2950 2116 nec
2975 2061 3401 2131 habenuliquid

1831 2152 2194 2218 obscuritatis,
2235 2153 2613 2208 commendant
2656 2161 2832 2207 autem
2879 2154 3189 2207 castitatem
3230 2153 3404 2210 beata

1832 2243 2094 2306 mulieris,
2147 2243 2451 2296 instantiam
2499 2241 2825 2312 jejuniorum
2864 2251 3024 2313 atque
3076 2242 3407 2298 obsecratio-

1832 2347 1958 2385 num
1986 2332 2090 2386 diei
2121 2332 2397 2400 noctisque
2441 2331 2493 2384 in
2534 2330 2732 2401 templo
2782 2330 2876 2386 Dei
2917 2331 3261 2398 inbarentis;
3304 2331 3422 2388 sed.

1833 2421 2001 2476 latent
2047 2422 2290 2492 quasdam
2335 2422 2385 2474 in
2444 2422 2526 2484 his
2579 2421 2834 2488 Ecclele
2879 2432 3233 2477 sacramenta.
3261 2423 3403 2489 Quid

1829 2511 1972 2565 enim
2017 2527 2110 2579 per
2139 2514 2366 2577 Annam,
2394 2527 2510 2582 quae
2536 2513 2707 2583 gratia
2737 2509 2834 2568 Dei
2861 2509 3261 2582 interpretatur,
3291 2513 3395 2569 nisi

1829 2600 2123 2656 electorum
2177 2601 2412 2655 Ecclesia
2454 2599 2799 2670 dasignatur?
2841 2603 2908 2654 ad
2957 2602 3110 2670 cujus
3158 2602 3396 2656 membra

1829 2692 2122 2760 Apostolus
2172 2691 2405 2759 loquitur
2461 2691 2669 2766 dicens
2695 2707 2710 2747 :
2740 2687 2920 2744 Gratia
2963 2692 3092 2746 salvi
3133 2693 3257 2758 facti
3283 2692 3406 2746 estis

1827 2798 1918 2853 per
1933 2781 2084 2856 ﬁdem
2105 2779 2322 2849 (Ephes.
2340 2795 2401 2848 it,
2421 2778 2497 2849 8).
2522 2779 2652 2844 Qua
2671 2780 2806 2834 bene
2830 2781 2988 2834 etiam
3024 2779 3132 2833 ﬁlia
3163 2779 3403 2837 Phanuel
3447 2780 3459 2787 “

1829 2870 1897 2925 dc
1943 2873 2080 2925 tribu
2131 2862 2264 2924 Aser
2312 2871 2477 2925 fuisse
2525 2871 2854 2940 perhibetur,
2913 2870 3150 2924 Phanuel
3201 2872 3399 2939 quippe

1831 2963 2206 3037 interpretatur
2235 2961 2388 3028 facies
2411 2959 2525 3021 Dei,
2559 2959 2689 3013 Aser
2731 2959 2922 3027 quippe
2963 2968 3181 3012 vocatur
3203 2958 3398 3012 beatus.

1831 3052 1900 3107 Et
1923 3051 2012 3121 qui
2042 3052 2132 3106 alii
2165 3068 2257 3119 per
2285 3050 2474 3105 faciem
2519 3050 2610 3105 Dei
2637 3051 2948 3119 ﬁgurantur,
2976 3045 3076 3102 nisi
3112 3049 3200 3118 qui
3225 3049 3398 3118 Spiri-

1828 3151 1916 3196 tus
1937 3143 2103 3195 sancti
2133 3143 2300 3209 gratia
2327 3141 2534 3206 repleti,
2561 3141 2624 3192 ad
2654 3141 3012 3205 cognitionem
3041 3137 3132 3192 Dei
3165 3139 3400 3194 humana

1826 3233 1990 3285 corda
2039 3233 2193 3298 primi
2240 3230 2637 3299 perduxerunt?
2695 3229 2827 3294 Quia
2874 3229 3014 3281 enim
3066 3243 3160 3296 per
3206 3228 3394 3284 [aciem

1828 3321 2049 3387 quilibet
2078 3322 2443 3389 cognoscitur,
2470 3322 2588 3386 jure
2616 3319 2782 3372 iacies
2813 3318 2906 3372 Dei
2931 3326 3189 3380 vocantur
3217 3317 3269 3371 bi
3301 3331 3397 3386 per

1829 3425 1962 3480 quos
1999 3411 2230 3479 cognitio
2256 3411 2551 3462 divinitatis
2581 3409 2879 3472 revelatur;
2909 3411 3106 3477 quique
3151 3424 3258 3462 non
3287 3409 3395 3466 im-

1827 3504 2022 3556 merito
2061 3504 2216 3566 Aser,
2251 3502 2298 3553 id
2326 3512 2404 3555 est
2425 3502 2561 3553 beati
2595 3509 2870 3563 vocantur,
2897 3501 3019 3566 quia
3042 3500 3109 3553 ad
3139 3512 3395 3556 tuternaln

1830 3604 2222 3664 paternitatcm,
2247 3595 2360 3647 sive
2383 3608 2476 3660 per
2499 3593 2803 3659 inspiratam
2831 3592 3051 3646 interius
3073 3589 3398 3656 naturalem.

1827 3690 1946 3744 sive
1976 3703 2071 3756 per
2099 3688 2275 3741 datam
2307 3688 2541 3742 exterius
2596 3687 2766 3753 legem
2815 3685 3015 3740 erudiri
3064 3696 3392 3741 meruerunt.

1830 3778 1982 3832 Unde
2008 3779 2260 3847 scriptum
2290 3788 2372 3831 est
2406 3795 2416 3828 :
2465 3776 2649 3830 Beatus
2688 3777 2839 3829 homo
2866 3793 3014 3845 quem
3043 3779 3098 3829 ω
3125 3777 3392 3842 erudiat-is,

1827 3866 2064 3927 Domine,
2081 3877 2126 3918 et
2149 3869 2207 3918 de
2226 3865 2332 3934 lege
2353 3874 2440 3920 tua
2460 3865 2692 3917 docueris
2723 3880 2834 3916 eum
2855 3863 3393 3935 (Psat.xc1tt,19.).l

1828 3955 2019 4024 quibus
2034 3956 2212 4009 verbis
2229 3966 2410 4022 aperte
2428 3963 2772 4021 monstratur,
2789 3953 3078 4009 electorum
3098 3954 3392 4010 Ecclesiam

1828 4046 1987 4097 ﬁliam
2001 4059 2120 4098 esse
2139 4044 2554 4109 patriarcharum
2569 4057 2628 4096 ac
2644 4043 3042 4111 prophetarum,
3056 4058 3174 4111 quae
3188 4044 3392 4098 scilicet

1825 4135 1938 4189 sive
1968 4135 2020 4187 in
2047 4135 2256 4202 spiritu,
2287 4135 2398 4187 sive
2422 4133 2474 4185 in
2500 4135 2680 4196 verbo,
2707 4143 2851 4186 recte
2873 4133 3202 4198 prephetissa
3227 4134 3392 4185 inter-

1826 4234 2082 4292 pretatur,
2121 4225 2187 4278 de
2233 4238 2334 4291 qua
2359 4221 2533 4276 adhuc
2561 4223 2825 4286 subditur,
2860 4230 2906 4274 et
2934 4223 3126 4274 riserat
3145 4238 3259 4274 cum
3284 4222 3391 4274 uiro

1825 4331 1917 4368 suo
1934 4315 2080 4368 annis
2096 4322 2280 4382 septem
2297 4330 2328 4364 a
2345 4313 2624 4379 virginitate
2645 4327 2754 4364 sua.
2787 4311 2983 4379 thuis
3009 4311 3126 4380 ejus
3154 4314 3288 4366 alius
3307 4322 3394 4368 est

1832 4409 1931 4471 vir,
1965 4404 2062 4457 nisi
2089 4405 2179 4455 ille
2218 4404 2284 4455 de
2305 4417 2410 4470 quo
2437 4417 2532 4468 per
2565 4402 2752 4454 Isaiam
2785 4401 3096 4469 prepbetam
3141 4401 3340 4456 dicitur
3370 4418 3389 4455 :

1828 4495 1856 4549 1
1864 4514 1893 4548 n
1920 4495 2109 4549 dieillo
2136 4493 2510 4563 appreltendcnt
2539 4504 2726 4560 septem
2758 4493 2991 4546 mulieres
3018 4494 3184 4546 uirum
3229 4507 3390 4545 unum

1826 4587 2087 4638 dicentes:
2119 4583 2310 4636 Panem
2361 4592 2586 4636 nostrum
2635 4585 2973 4646 commentus,
3005 4594 3053 4635 et
3077 4584 3389 4638 uestimentis

1826 4680 2007 4730 nostris
2037 4679 2340 4745 aperientur,
2370 4675 2716 4728 tantummodo
2747 4679 3003 4727 invocetur
3031 4691 3210 4727 nomen
3239 4685 3384 4726 tuum

1822 4784 2108 4836 supernos.
2155 4768 2314 4833 Aufer
2365 4764 2687 4834 approbrium
2745 4773 2970 4816 nostrum
3016 4761 3147 4829 (Iac.
3198 4778 3270 4826 tv,
3304 4764 3382 4830 1).

1822 4861 1950 4926 Quis
1976 4859 2106 4912 alius
2151 4858 2305 4925 hujus
2334 4867 2414 4911 est
2461 4859 2562 4920 vir,
2607 4855 2708 4909 nisi
2739 4855 2826 4909 ille
2855 4856 2921 4907 de
2970 4868 3078 4924 quo
3125 4854 3178 4908 in
3222 4853 3386 4908 Joan-

1825 4951 1903 5004 nis
1936 4950 2247 5018 Apocalypsi
2279 4949 2469 5002 dicitur
2503 4966 2513 4998 :
2563 4947 2822 5001 Civitatem
2849 4956 3075 4998 sanctast
3099 4932 3386 4998 Jerusalem

1824 5043 1921 5094 vidi
1944 5041 2320 5093 descendentem
2348 5040 2410 5091 de
2437 5039 2560 5090 cmlo
2601 5053 2632 5089 a
2659 5037 2787 5100 Deo,
2816 5043 3047 5104 paratam
3071 5034 3203 5087 sicut
3230 5047 3386 5104 spots-

1821 5147 1929 5184 sam
1983 5140 2212 5183 ornatam
2255 5130 2362 5180 riro
2417 5143 2510 5180 suo
2540 5130 2725 5195 (Apoc.
2769 5139 2880 5189 ut,
2929 5123 3034 5192 2)?
3063 5123 3192 5187 ρυω
3223 5122 3381 5176 etiam

1823 5234 2100 5288 antequam
2132 5221 2340 5272 Christo
2391 5219 2704 5278 sociaretur,
2739 5216 2859 5269 ideo
2888 5216 3040 5284 virgo
3069 5209 3379 5276 vocabatur,

1822 5314 1903 5366 vel
1937 5313 2056 5378 quia
2085 5321 2213 5363 tunc
2259 5308 2396 5362 idola
2429 5322 2531 5360 non
2575 5307 2803 5368 colebat,
2830 5304 2910 5358 vel
2951 5312 3097 5358 certe
3120 5301 3240 5370 quia
3274 5315 3382 5354 non

1823 5414 2086 5468 corrupta,
2116 5400 2208 5459 sed
2249 5397 2525 5452 infecunda
2557 5405 2690 5449 erat.
2728 5394 2876 5449 Tunc
2903 5402 3080 5446 autem
3121 5391 3260 5444 hanc
3277 5388 3387 5444 aibt

1822 5493 2061 5543 Christus
2087 5490 2270 5550 univit,
2301 5502 2416 5540 cum
2469 5495 2708 5540 naturam
2743 5485 3029 5537 humanam
3059 5479 3375 5548 suscipiens,

1823 5581 2159 5647 liwngoliutn
2194 5591 2418 5631 exorsus
2448 5577 2559 5628 luit.
2594 5574 2741 5639 Quod
2777 5575 2948 5641 itaque
2978 5571 3128 5626 annis
3165 5579 3370 5638 septem
