3910 6234
460 327 593 381 15193

456 541 554 593 pus
580 527 816 594 ejusdem
867 525 1254 594 pra'dicatiouis
1296 525 1412 592 ipso
1463 525 1762 591 septenario
1793 537 2013 577 numero

455 614 743 682 ﬁguraliter
775 615 1124 676 concluditur,
1161 615 1210 666 in
1246 630 1350 681 quo
1396 625 1446 668 et
1481 614 1843 679 septiformem
1894 612 2011 676 Spi-

454 702 587 755 ritus
631 704 800 756 sancti
846 705 1068 770 gratiam
1122 703 1190 754 ab
1247 703 1361 769 ipso
1392 704 1677 769 acceperit,
1707 712 1759 754 ct
1812 703 1920 771 ipsa
1962 701 2013 753 in
2050 723 2054 726 ν

455 799 658 858 septem
699 791 1052 854 mulieribus,
1105 794 1186 844 vel
1233 802 1439 859 septem
1495 792 1742 844 Ecclesiis
1796 793 2015 860 mystice

455 885 595 939 uuiri
631 884 842 938 meruit.
877 886 942 936 Et
986 884 1106 952 quia
1138 884 1225 935 illo
1269 883 1592 935 ascendente
1631 884 1694 935 ad
1723 883 1885 936 etelos
1916 883 2014 934 hu-

454 974 729 1030 uanitatis
774 975 889 1044 ejus
929 973 1208 1040 przesentia
1252 974 1490 1026 desolata
1543 981 1644 1039 est,
1693 972 1810 1040 jure
1857 975 2014 1026 etiam

456 1063 613 1116 vidua
644 1065 964 1117 remansisse
987 1071 1251 1115 narratur.
1285 1064 1473 1116 Annon
1502 1062 1654 1114 vidua
1697 1073 1838 1116 recte
1863 1076 2014 1114 voca-

455 1162 561 1213 tur,
593 1154 661 1205 de
706 1167 807 1218 qua
858 1166 952 1218 per
1008 1151 1223 1204 beatum
1275 1151 1398 1214 Job,
1451 1151 1826 1204 haereticorum
1880 1150 2032 1203 facta

453 1240 741 1306 mentione,
767 1241 959 1294 dicitur
989 1259 1001 1293 :
1053 1239 1202 1292 Pavit
1228 1241 1466 1303 sterilem,
1496 1257 1610 1308 quis
1637 1257 1737 1292 non
1784 1240 1938 1305 parit,
1970 1249 2015 1291 et

453 1333 619 1384 uidua:
641 1332 759 1384 bene
784 1347 883 1384 non
911 1333 1025 1400 fecit
1050 1330 1187 1400 (Job.
1226 1345 1367 1393 XXIV,
1391 1331 1503 1398 21).
1531 1331 1656 1383 Illud
1688 1329 1862 1398 itaque
1889 1345 2017 1397 gau-

454 1420 531 1472 dii
572 1431 800 1488 tempus,
833 1435 936 1488 quo
966 1420 1244 1488 praesentia
1279 1421 1375 1472 viri
1421 1421 1472 1472 in
1521 1434 1680 1472 carne
1711 1419 2014 1482 fruebatur;

453 1507 688 1578 illudque
719 1509 967 1573 tristitiae,
999 1523 1103 1576 quo
1130 1510 1246 1574 ejus
1275 1510 1552 1577 prmsentia
1587 1508 1821 1563 Ecclesia
1853 1509 2012 1561 deso-

455 1599 611 1654 landa
635 1608 769 1664 erat,
803 1602 941 1655 idem
971 1602 1049 1655 vir
1075 1603 1191 1671 ejus
1221 1602 1502 1672 designans
1531 1603 1659 1656 dicit
1691 1620 1706 1657 :
1740 1603 1859 1656 Non
1898 1618 2017 1669 pos-

452 1702 572 1744 sunt
595 1695 828 1764 iejttnare
846 1694 944 1760 ﬁlii
964 1695 1156 1759 sponsi,
1172 1695 1400 1761 quandiu
1427 1710 1540 1746 cum
1566 1694 1670 1748 illis
1686 1703 1758 1748 est
1778 1709 2027 1762 sponsus:

457 1782 640 1840 Veniet
658 1796 853 1853 tempus
879 1803 992 1840 cum
1015 1787 1274 1854 auferetur
1297 1788 1359 1838 ab
1377 1789 1447 1838 eis
1476 1804 1709 1853 sponsus,
1736 1797 1784 1841 et
1803 1797 1918 1840 tunc
1930 1791 2016 1856 je-

443 1877 707 1945 junabunt
726 1878 934 1946 (Matth.
968 1895 1042 1945 ts,
1070 1881 1179 1946 15).
1209 1879 1262 1931 1η
1295 1894 1516 1933 numero
1548 1888 1726 1934 autem
1754 1881 2016 1947 octoginta

456 1977 685 2037 quatuor
708 1983 990 2036 annorum,
1021 1969 1208 2036 quibus
1236 1969 1391 2020 vidua
1433 1983 1550 2022 esse
1571 1969 1908 2032 describitur,
1940 1979 2019 2023 to-

456 2066 572 2111 tum
589 2069 801 2128 tempus
827 2061 1100 2126 praesentis
1120 2059 1237 2113 vitm
1260 2061 1592 2126 exprimitur.
1612 2061 1853 2128 Legimus
1876 2061 2016 2114 enim

459 2149 602 2203 ﬁlios
641 2149 802 2203 Israel
835 2162 1104 2217 usquequo
1160 2159 1354 2203 terram
1391 2150 1818 2216 repromiSsionis
1848 2152 2018 2218 ingre-

458 2239 750 2300 derentur,
804 2237 1150 2305 quadraginta
1202 2238 1331 2289 duas
1368 2242 1670 2291 mansiones
1721 2238 1771 2290 in
1828 2239 2018 2293 itinere

456 2324 708 2379 habuisse
738 2339 752 2375 :
780 2324 968 2390 quibus
999 2326 1200 2378 scilicet
1230 2323 1353 2392 quid
1401 2325 1543 2378 aliud
1592 2341 1746 2393 quam
1789 2327 2019 2394 peregri-

457 2415 605 2478 natio
637 2415 756 2468 vita:
787 2415 1063 2482 prmsentis
1095 2415 1370 2483 ﬁguratur,
1423 2416 1478 2469 in
1524 2432 1638 2485 qua.
1656 2418 1818 2471 eremi
1850 2417 2018 2470 tribu-

455 2503 740 2558 lationibus
780 2519 1108 2569 exercemur,
1170 2520 1443 2574 usquequo
1493 2508 1557 2559 ad
1614 2515 1809 2560 terram
1840 2507 2019 2560 viven-

457 2596 585 2647 tium
634 2593 943 2647 veniamus?
991 2594 1093 2648 Sed
1144 2606 1360 2663 propter
1399 2597 1667 2662 geminum
1712 2596 2016 2650 Testamen-

455 2691 567 2735 tum
591 2723 604 2744 ,
638 2681 1027 2735 Vetusscilicet
1055 2691 1110 2735 et
1136 2682 1365 2747 Novum,
1399 2683 1538 2737 idem
1570 2684 2016 2753 quadragenarius

455 2786 519 2827 ac
545 2771 807 2826 secundus
849 2787 1102 2826 numerus
1147 2773 1443 2839 duplicatur
1466 2815 1480 2840 ,
1513 2783 1568 2828 et
1588 2775 1718 2828 fiunt
1747 2776 2014 2841 octoginta

453 2867 700 2924 quatuor.
724 2860 874 2916 Sicut
893 2863 1035 2914 enim
1067 2870 1284 2930 propter
1313 2872 1592 2932 utrumque
1616 2863 2014 2919 Testamentum

452 2950 811 3006 tluodenariits
841 2967 1094 3006 numerus
1147 2954 1448 3018 duplicatus
1478 2956 1528 3008 in
1570 2955 1752 3022 viginti
1791 2965 2017 3023 quatuor

450 3036 758 3129 senioribus
781 3079 797 3104 ,
849 3041 1140 3093 Ecclesiam
1177 3042 1458 3129 designat,
1504 3043 1581 3095 sic
1606 3043 1765 3096 etiam
1798 3050 2014 3111 prepter
2043 3068 2090 3129 ο

447 3123 638 3179 eadem
665 3123 1004 3193 Testamenta
1053 3127 1500 3195 quadragenarius
1544 3142 1797 3182 numerus
1825 3143 1888 3182 ac
1930 3144 2014 3183 se-

451 3211 656 3265 cundus
709 3213 1005 3280 duplicatus
1054 3216 1106 3267 in
1157 3217 1498 3284 octogenario
1541 3226 1734 3283 quarto
1772 3231 2014 3285 praisens

455 3300 710 3354 Ecclesia:
739 3311 950 3371 tempus
979 3305 1184 3372 ligarat,
1212 3314 1272 3356 et
1293 3305 1432 3372 quod
1463 3305 1535 3358 ibi
1569 3321 1660 3372 per
1683 3308 2011 3374 mansiones,

447 3390 553 3446 hoc
584 3391 668 3445 hic
696 3395 931 3461 explicat
970 3409 1062 3462 per
1085 3408 1274 3446 annos.
1311 3394 1602 3462 Utrumque
1621 3397 1763 3448 enim
1796 3410 2015 3451 concor-

447 3484 592 3536 diter
615 3486 1096 3552 peregrinationem
1124 3484 1362 3559 ejusdem
1388 3486 1638 3539 Ecclesia:
1667 3487 1928 3553 designat,
1948 3487 2014 3540 de

445 3587 547 3641 qua
575 3582 629 3625 et
666 3573 803 3627 bene
841 3573 1177 3642 subjungitur
1203 3592 1216 3625 :

520 3662 604 3715 15.
641 3659 770 3722 Qua
809 3679 909 3715 non
941 3663 1228 3715 discedebat
1247 3664 1307 3714 de
1328 3665 1532 3731 tentplo,
1557 3654 1768 3734 jejuniis
1794 3673 1841 3717 et
1871 3666 2014 3716 obse—

444 3749 753 3802 crationibus
791 3752 1011 3802 serviens
1039 3759 1185 3803 nocte
1211 3766 1272 3802 ac
1302 3752 1400 3804 die.
1439 3751 1551 3818 Ipsa
1582 3753 1722 3804 enim
1754 3760 1836 3806 est
1883 3763 2014 3806 tem-

445 3839 615 3906 plum,
647 3854 770 3907 qua:
797 3848 850 3891 ct
899 3839 1049 3891 vidua
1099 3839 1318 3906 jejuniis
1362 3851 1520 3907 atque
1552 3840 2013 3894 obsecrationibus

446 3929 687 3983 serviens
717 3930 771 3982 in
804 3928 1024 3995 templo,
1059 3937 1114 3982 et
1135 3943 1253 3994 qua:
1283 3931 1452 3981 ablata
1485 3919 1665 3994 sponsi
1695 3929 1777 3982 sui
1817 3943 2013 3998 corpo-

443 4019 541 4073 rali
572 4019 790 4087 specie,
839 4018 962 4086 quia
1012 4018 1152 4070 hunc
1202 4018 1428 4071 necdum
1459 4018 1701 4083 corporis
1741 4018 1908 4071 oculis
1934 4019 2015 4072 in-

443 4107 582 4160 tueri
616 4105 776 4170 valet,
807 4105 880 4158 ad
906 4105 1036 4158 nihil
1081 4103 1221 4158 aliud
1250 4107 1416 4172 magis
1457 4122 1614 4173 quam
1642 4105 1706 4158 ad
1752 4106 2012 4173 jejunium

442 4204 500 4250 et
550 4198 846 4249 oratitmem
893 4205 1070 4248 vacat.
1119 4195 1253 4249 Hine
1302 4194 1578 4249 Psalmista
1630 4196 1746 4248 ait:
1779 4195 2013 4249 Fuerunt

440 4297 567 4348 mihi
593 4295 833 4364 lacryma:
850 4303 974 4348 ntere
1001 4311 1152 4360 panes
1173 4296 1256 4348 die
1273 4311 1332 4345 ac
1359 4305 1522 4359 nocte,
1539 4297 1661 4348 dum
1688 4298 1872 4350 dicitur
1889 4299 2015 4350 milii

1251 331 1306 382 s.
1351 328 1666 382 manus"
1705 294 2050 382 Λυτρειιτι
2093 324 2570 381 BENEVENTANI
2614 327 2897 386 ABBATIS

455 453 574 493 cum
612 439 726 491 viro
754 452 850 491 suo
880 452 907 489 a
935 438 1233 506 virginitate
1268 438 1461 490 vixisse
1499 437 1833 497 describitur.
1870 446 2000 489 tem-
2033 433 2085 493 Δ

3539 335 3660 390 1508

2184 438 2267 489 ili.
2297 437 2364 490 Et
2404 449 2455 489 ut
2489 441 2800 504 perfecerunt
2843 444 3011 494 omnia
3056 445 3323 496 secundum
3366 445 3524 514 legent
3571 449 3662 501 Do-

2116 525 2277 588 mini,
2319 528 2501 577 reversi
2530 536 2658 602 sunt
2714 529 2765 578 in
2804 527 3110 602 Jerusalem,
3157 533 3207 583 in
3246 534 3491 586 civitatem
3529 551 3662 587 satam

2118 612 2376 664 Nazareth
2415 597 2565 680 (Luc.
2594 617 2655 671 η’,
2695 614 2807 682 31).
2861 617 2953 670 llic
2995 597 3101 684 jam
3145 619 3434 688 ﬁguraliter
3487 623 3661 675 ultima

2116 701 2417 753 Judteorum
2463 705 2742 765 conversio
2774 705 3095 773 designatur,
3141 707 3356 774 quando
3387 709 3569 764 Enoch
3615 722 3662 766 et

2117 791 2228 844 Elia
2289 792 2739 864 prtedicatttibus,
2789 792 3037 846 Christus
3088 793 3152 846 ad
3202 810 3293 850 eos
3343 797 3656 864 revertitur,

2118 887 2330 945 peracta
2361 877 2564 931 scilicet
2587 859 2763 931 tritinia
2794 880 2844 932 in
2868 880 3181 947 Jerusalem,
3212 882 3262 936 id
3291 891 3374 936 est
3406 885 3457 937 in
3485 885 3663 941 Eccle-

2116 970 2193 1022 sia
2223 969 2454 1036 gentium
2485 973 2776 1025 secundum
2801 971 2969 1040 legem
3000 974 3227 1039 Domini,
3263 976 3393 1031 Novi
3425 980 3662 1034 videlicet

2117 1058 2459 1113 Testamenti.
2482 1059 2644 1124 Quasi
2668 1062 2811 1112 enim
2833 1069 3044 1127 peracto
3064 1063 3344 1135 sacriﬁcio,
3371 1065 3438 1118 ab
3457 1063 3658 1120 Jerusa-

2119 1149 2221 1200 lem
2263 1147 2314 1199 in
2371 1147 2638 1200 civitatem
2695 1163 2841 1201 suam
2894 1149 3139 1206 Christus
3189 1165 3308 1205 cum
3370 1157 3661 1219 parentibus

2118 1240 2443 1304 revertitur,
2495 1253 2615 1291 cum
2657 1239 2939 1308 adimpleta
3006 1242 3331 1307 plenitudine
3398 1248 3660 1314 gentium,

2119 1324 2408 1378 novissime
2453 1340 2572 1379 cum
2628 1325 3062 1391 pradicatoribus
3090 1331 3290 1384 sanctis
3336 1332 3401 1383 ad
3442 1346 3538 1386 eos
3567 1335 3662 1404 col-

2119 1413 2358 1480 ligendos
2389 1428 2454 1467 ex
2480 1413 2674 1483 quibus
2702 1429 2917 1470 carnem
2957 1419 3191 1487 suscepit
3228 1421 3544 1488 regreditur.
3574 1422 3663 1476 Se-

2119 1503 2341 1569 quuur:

2189 1591 2275 1647 ΓΙ.
2308 1592 2446 1646 Puer
2471 1602 2634 1648 autem
2670 1600 2922 1652 crescebat
2957 1608 3006 1653 et
3048 1601 3452 1669 confer-labatur,
3500 1604 3665 1669 plenus

2119 1682 2386 1748 sapientia,
2438 1691 2484 1736 et
2525 1685 2688 1753 gratia
2739 1685 2833 1740 Dei
2869 1696 3114 1741 eratcum
3153 1690 3246 1742 illo
3292 1689 3442 1755 (Luc.
3466 1707 3525 1756 tt,
3565 1692 3663 1760 ιο).

2125 1772 2248 1827 Haac
2268 1773 2447 1827 deillo
2473 1777 2764 1830 secundum
2799 1780 3180 1834 humanitatem
3223 1782 3360 1835 dicta
3401 1793 3663 1847 sunt,non

2120 1863 2411 1916 secundum
2434 1864 2788 1920 divinitatem.
2818 1869 3001 1936 Neque
3031 1871 3082 1924 in
3113 1886 3209 1925 sua
3242 1882 3425 1926 natura
3455 1874 3657 1936 crescit,

2121 1951 2176 2004 in
2199 1967 2303 2016 qua
2327 1953 2514 2018 plenus
2541 1963 2646 2020 est,
2674 1958 2766 2009 sed
2791 1957 2841 2010 in
2866 1968 3070 2024 nostra,
3103 1960 3153 2013 in
3180 1977 3281 2030 qua
3327 1963 3478 2029 paulo
3507 1965 3668 2019 minus

2122 2042 2191 2094 ab
2212 2044 2411 2111 angelis
2444 2046 2738 2103 minoratus
2761 2059 2860 2123 est.
2903 2050 3011 2104 Nec
3032 2053 3084 2105 in
3130 2067 3220 2105 sua
3249 2053 3594 2118 conferuntur,
3619 2058 3666 2108 in

2121 2146 2222 2198 qua
2255 2132 2488 2186 omnium
2539 2134 2788 2189 fortitudo
2815 2146 2916 2200 est,
2958 2140 3008 2193 in
3040 2156 3139 2209 qua
3170 2142 3440 2209 plenitudo
3468 2145 3666 2212 sapien-

2122 2223 2207 2273 tite
2235 2231 2345 2285 est;
2379 2224 2472 2276 sed
2521 2223 2572 2277 io
2604 2235 2805 2288 nostra,
2836 2230 2886 2282 in
2918 2245 3019 2297 qua
3064 2247 3157 2298 pro
3183 2233 3336 2287 nobis
3383 2236 3668 2290 exinanito:

2119 2324 2219 2368 est.
2260 2317 2366 2370 Nec
2395 2319 2446 2371 in
2495 2333 2586 2372 sua
2648 2323 2815 2386 gratia
2848 2323 2936 2377 Dei
2979 2325 3194 2394 indiget,
3228 2327 3278 2379 in
3310 2343 3410 2396 qua
3437 2327 3666 2382 omnib

2119 2406 2343 2469 gratiam
2377 2407 2592 2471 tribuit;
2648 2411 2743 2463 sed
2773 2413 2824 2464 in
2869 2424 3067 2479 nostra,
3102 2416 3153 2467 in
3194 2431 3294 2483 qua
3325 2432 3382 2467 ea
3415 2433 3531 2485 quae
3559 2433 3666 2471 cum

2123 2493 2278 2546 Patre
2310 2493 2470 2548 habet
2497 2499 2729 2564 accepit;
2777 2515 2893 2567 quae
2923 2502 3124 2556 scilicet
3153 2506 3328 2556 omnia
3357 2507 3420 2556 ad
3469 2507 3666 2572 melius,

2121 2583 2184 2634 ad
2214 2585 2329 2649 ejus
2371 2599 2567 2652 corpus
2608 2589 2749 2656 quod
2792 2600 2873 2642 est
2909 2590 3166 2655 Ecclesia,
3199 2609 3353 2660 quam
3404 2594 3465 2644 ad
3514 2596 3667 2661 ipsum

2121 2683 2276 2741 caput
2306 2675 2491 2730 referri
2525 2688 2765 2744 possunt.
2820 2679 3106 2748 Usquequo
3143 2683 3284 2734 enim
3318 2682 3442 2734 illud
3490 2697 3667 2734 consu-

2121 2775 2292 2818 mctur
2341 2767 2480 2833 quod
2545 2768 2833 2835 Apostolus
2883 2771 3009 2823 dicit
3061 2788 3074 2822 :
3128 2768 3298 2823 Donec
3361 2787 3670 2824 occurramus

2120 2869 2291 2907 omnes
2337 2859 2388 2907 in
2434 2858 2676 2909 unitatem
2697 2860 2839 2926 ﬁdei,
2881 2871 2926 2912 et
2957 2863 3223 2930 agnitionis
3256 2859 3378 2912 Filii
3409 2845 3500 2914 Dei
3528 2862 3577 2912 in
3604 2861 3670 2910 tsi.

2119 2961 2233 2996 rum
2264 2948 2560 3014 perfectum,
2589 2949 2639 3000 in
2683 2965 2968 3004 mensuram
2993 2953 3156 3004 a'lalis
3180 2953 3501 3018 plenitudinis
3539 2951 3670 3003 Chri-

2119 3036 2213 3094 sti,
2263 3037 2442 3103 utjam
2480 3052 2581 3088 non
2614 3038 2771 3088 simus
2797 3039 2994 3104 parvuli
3017 3038 3230 3108 (Epltes.
3265 3054 3333 3103 tv,
3365 3040 3474 3107 15).
3505 3038 3669 3104 Quoti-

2119 3128 2207 3179 die
2247 3127 2443 3180 crescit
2484 3128 2536 3179 in
2569 3127 2670 3196 lide
2702 3143 2832 3195 puer
2858 3116 3032 3191 Jesus,
3077 3131 3309 3197 quotidie
3357 3132 3670 3184 confortatur

2119 3215 2407 3268 virtutibus
2462 3230 2596 3283 puer
2645 3216 2840 3280 Jesus,
2893 3218 3128 3284 quntidie
3193 3220 3352 3272 verbo
3414 3220 3672 3286 sapientiae

2117 3305 2438 3371 adimpletur
2486 3320 2617 3372 puer
2664 3305 2847 3370 Jesus,
2890 3308 3122 3375 quotidie
3163 3309 3326 3374 gratia
3376 3307 3673 3360 salvationis

2113 3393 2441 3461 justiﬁcatur
2487 3409 2620 3462 puer
2663 3394 2836 3459 Jesus.
2899 3396 3020 3449 llaec
3063 3398 3129 3449 de
3179 3406 3318 3447 tanta
3375 3397 3478 3450 diei
3524 3395 3671 3463 hujus

2115 3482 2350 3535 breviter
2395 3483 2626 3545 diximus
2658 3483 3078 3555 [solemnitate],
3112 3486 3222 3538 hanc
3250 3487 3317 3539 de
3347 3497 3453 3537 tam
3489 3484 3666 3554 mysti-

2117 3570 2193 3622 cis
2237 3573 2587 3626 sacramentis
2636 3574 2910 3627 succincte
2967 3577 3394 3635 transcurrimus,
3454 3577 3575 3643 quia
3621 3583 3672 3627 et

2118 3659 2475 3727 prolixitatem
2525 3662 2851 3727 evangelicae
2911 3663 3151 3717 lectionis
3198 3665 3560 3723 attendimus,
3619 3673 3669 3718 et

2117 3749 2182 3800 ad
2215 3747 2327 3801 lucc
2368 3748 2586 3816 legenda
2634 3749 2793 3802 horas
2835 3749 3024 3804 breves
3070 3751 3369 3804 habuimus.

2190 3838 2277 3890 18.
2309 3839 2384 3892 De
2413 3848 2604 3892 caetero
2633 3839 2968 3893 dilectionem
2995 3851 3220 3894 vestram
3248 3843 3536 3902 admoneo,
3562 3839 3660 3892 fra-

2120 3939 2228 3983 tres
2258 3930 2577 3992 charissimi,
2603 3933 2646 3982 si
2680 3939 2854 3984 tamen
2877 3933 3083 3986 animos
3106 3942 3310 3986 vestros
3338 3933 3455 3986 hare
3483 3934 3670 3985 locutio

2119 4020 2247 4072 let-it
2270 4019 2527 4083 intentos,
2560 4030 2615 4073 ut
2643 4023 2928 4074 attendatis
2953 4037 3054 4090 qua
3083 4022 3366 4079 devotioae
3397 4026 3554 4093 hujus
3574 4025 3668 4078 diei

2118 4112 2508 4166 solemnitatem
2538 4112 2605 4165 de
2636 4115 2842 4181 reliquo
2877 4114 3153 4168 celebrare
3179 4114 3440 4172 debeatis.
3474 4117 3587 4171 Non
3607 4116 3670 4168 sit

2120 4206 2226 4258 vile
2251 4205 2376 4258 illud
2405 4207 2790 4273 spectaculum,
2816 4205 2868 4258 in
2891 4221 2998 4273 quo
3020 4206 3183 4260 Filius
3212 4206 3442 4274 Virginis
3469 4208 3604 4262 Deus
3625 4215 3674 4258 et

2104 4297 2282 4365 homo
2305 4296 2694 4364 complectitur,
2722 4297 2773 4349 in
2797 4312 2898 4363 quo
2922 4298 3070 4364 virgo
3092 4307 3144 4350 et
3167 4307 3336 4352 mater
3356 4298 3668 4360 ostenditur,

441 4387 707 4450 quotidie:
738 4385 833 4438 Ubi
856 4395 930 4438 est
965 4387 1097 4440 Deus
1119 4395 1233 4439 tuus
1265 4385 1436 4453 (Psul.
1468 4403 1574 4449 xu,
1600 4385 1695 4456 ψ
1727 4389 1890 4456 Digne
1918 4390 2014 4442 ita-
2040 4393 2093 4451 1)
2122 4390 2172 4442 in
2193 4403 2298 4456 quo
2329 4389 2624 4456 prophetat,
2657 4388 2766 4440 imo
2806 4392 3186 4455 prophetarum
3214 4390 3455 4442 omnium
3487 4403 3669 4454 exspe-

441 4491 554 4541 que
575 4477 845 4543 praemittit
881 4474 1104 4542 jejunio,
1136 4485 1192 4528 et
1217 4477 1412 4528 deinde
1456 4476 1855 4531 obsecrationes
1882 4493 2012 4532 con-

438 4567 635 4634 jungit.
658 4568 787 4634 Quae
816 4567 956 4620 enim
998 4581 1116 4619 esse
1156 4574 1329 4631 potest
1353 4567 1676 4632 deprecatio,
1707 4567 1793 4620 ubi
1825 4579 2013 4636 regnat

446 4659 809 4712 comessatio?
842 4672 959 4723 qua:
985 4671 1106 4710 esse
1134 4663 1307 4722 potest
1348 4654 1646 4708 obsecratio
1669 4696 1682 4716 ,
1728 4657 1814 4710 ulti
1839 4657 2007 4710 domi~
2047 4721 2049 4724 g

441 4756 598 4800 natur
620 4747 830 4798 assidua
858 4744 1098 4812 potatio?
1122 4743 1225 4799 Sed
1256 4743 1366 4796 haec
1403 4741 1612 4810 dicens,
1641 4746 1817 4798 cordis
1847 4747 2006 4800 etiam

441 4837 552 4888 vult
583 4834 803 4900 intelligi
831 4834 1109 4900 jejunium,
1160 4848 1265 4900 quo
1296 4834 1394 4886 nisi
1441 4836 1560 4903 quis
1599 4836 1668 4889 ab
1718 4836 2006 4890 immundis

443 4923 852 4990 cogitationibus
878 4921 1120 4988 jejunare
1150 4920 1378 4985 studeat,
1408 4923 1863 4976 obsecrationibus
1896 4924 2008 4978 Deo

444 5013 583 5065 unici
631 5026 733 5064 non
784 5011 941 5065 valet.
981 5009 1101 5063 Sive
1154 5018 1328 5062 autem
1359 5011 1486 5075 isto,
1516 5012 1627 5064 sive
1669 5013 1755 5065 illo
1779 5013 2004 5079 jejunio,

441 5103 706 5168 simulque
726 5098 1054 5151 orationibus
1106 5100 1258 5160 fulta,
1290 5098 1375 5152 die
1404 5115 1466 5153 ac
1496 5109 1648 5154 nocte
1686 5102 1886 5155 servire
1915 5103 2006 5156 de-

443 5188 718 5251 scribitur,
745 5187 992 5240 subautlit
1019 5187 1068 5238 in
1113 5189 1379 5256 prosperis
1407 5199 1459 5242 et
1487 5190 1742 5252 adversis,
1784 5207 1811 5242 a
1863 5192 2004 5245 bono

448 5293 608 5350 opere
637 5294 741 5335 non
765 5288 954 5340 cessat.
980 5279 1227 5348 Sequitur
1262 5300 1273 5341 :

2119 4482 2282 4535 ctatio
2305 4481 2647 4546 adimphtur,
2684 4482 2740 4532 in
2760 4495 2864 4549 quo
2887 4482 3047 4533 multa
3073 4478 3327 4534 Ecclesia:
3348 4487 3672 4535 sacramenta

2117 4570 2460 4623 declarantur
2484 4612 2498 4635 ,
2550 4569 2690 4637 quod
2721 4570 2836 4637 ipse
2861 4570 3112 4624 cordibus
3140 4554 3332 4623 vostris
3371 4570 3673 4638 imprimere

2115 4665 2398 4730 dignetur,
2433 4662 2522 4730 qui
2556 4661 2816 4716 hodierna
2849 4661 2936 4716 die
2961 4670 3205 4716 sanetum
3245 4664 3562 4730 justumque
3601 4659 3674 4710 Si-

2117 4768 2361 4807 mconem
2383 4752 2614 4821 Spiritus
2637 4754 2806 4805 sancti
2836 4753 3191 4807 illustratione
3215 4754 3443 4807 interius
3470 4752 3674 4820 pulsans

2113 4847 2177 4898 ad
2211 4845 2462 4913 templum
2503 4859 2609 4912 quo
2640 4844 2755 4912 ipse
2795 4858 2824 4895 a
2871 4844 3178 4910 parentibus
3221 4843 3556 4896 oderebatur
3581 4841 3669 4895 do-

2113 4937 2242 4998 cuit,
2273 4934 2382 4986 imo
2410 4941 2556 4987 certe
2585 4934 2839 5002 compulit
2869 4934 2946 4988 ire
2971 4975 2986 4998 ,
3018 4935 3114 5000 qui
3138 4946 3266 4986 cum
3295 4931 3407 4986 Deo
3439 4933 3596 4985 Patre
3619 4938 3671 4982 et

2111 5023 2297 5076 eodem
2327 5022 2527 5089 Spiritu
2562 5031 2749 5074 sancto
2779 5021 2964 5088 :cqnali
2996 5029 3258 5088 potestate
3284 5059 3301 5082 ,
3347 5020 3545 5088 πριιιιδιὶ
3574 5017 3672 5069 vir-

2112 5123 2220 5166 tute
2245 5153 2261 5177 ,
2305 5115 2496 5180 tequali
2529 5113 2806 5181 majestate
2835 5152 2848 5172 ,
2900 5113 3086 5178 :t'quali
3119 5111 3424 5164 tuter-nitate
3455 5111 3585 5163 vivit
3622 5116 3672 5164 et

2120 5214 2301 5270 regnat
2331 5203 2472 5257 Deus
2500 5205 2550 5256 in
2577 5205 2766 5256 szccula
2799 5202 3132 5255 saeculorum.
3168 5200 3364 5254 Amen.
