3910 6234
378 233 505 285 ΙὲιιἸ

1136 227 1193 281 S.
1236 227 1553 286 AMllltUSll
1594 219 1943 279 AUTPERTI
1989 220 2470 282 BENEVENTANI
2513 227 2803 284 ABBATIS

3471 208 3628 296 suos:

372 347 514 405 dam,
546 343 693 394 solus
722 341 907 394 Petrus
930 380 945 402 ,
974 339 1206 393 lacubus
1230 377 1245 402 ,
1277 347 1332 392 et
1363 339 1593 392 Joannes
1621 334 1928 388 assumitur.
1960 330 2008 387 A
2037 343 2151 386 erat
2179 336 2316 403 quod
2346 347 2400 390 et
2431 339 2752 407 palpandum
2782 339 3084 408 prmbebat,
3124 353 3180 398 et
3203 343 3380 413 januis
3407 348 3612 404 clausis

370 437 562 492 Petrus
591 444 841 503 tanquam
872 450 900 486 a
942 433 1098 487 Petra
1129 433 1443 487 vocabulum
1476 430 1736 497 sumpsit,
1784 426 1941 480 Petra

369 538 541 582 autem
581 533 690 578 erat
739 523 1003 587 Christus,
1053 531 1113 576 ut
1139 523 1424 587 Apostolus
1464 520 1674 574 edocuit
1719 519 1932 573 Paulus.

372 616 507 672 Huic
545 615 712 668 Petra:
743 613 932 668 Petrus
971 614 1095 666 dicit
1124 632 1135 665 :
1167 614 1248 666 Tu
1284 631 1336 667 es
1376 613 1607 666 Christus
1637 611 1810 663 Filius
1845 611 1940 662 Dei

371 706 468 758 uiui
503 703 713 773 (Matth.
747 719 856 766 xvt,
892 702 982 771 l6)
1006 704 1236 772 ;.quibus
1274 703 1518 756 nimirum
1547 701 1746 766 verbis,
1777 701 1938 753 totius

374 793 630 849 Ecclesia:
659 795 792 848 ﬁdes
823 794 1062 856 ellertur,
1106 804 1159 848 et
1184 809 1340 863 quam
1367 795 1750 846 convenienter
1781 790 1938 844 Petra

373 885 536 942 Petro
562 886 874 952 respondit:
912 887 974 939 Et
1000 902 1092 956 ego
1117 887 1228 938 dico
1264 888 1374 948 tibi,
1403 886 1522 952 quia
1546 895 1599 937 tu
1626 901 1680 937 es
1711 882 1893 952 Petrus
1921 924 1934 946 ,

367 989 416 1031 et
442 992 594 1046 super
612 978 744 1030 hanc
772 977 976 1031 Petram
997 977 1263 1044 aediﬁcabo
1288 976 1562 1039 Ecclesium
1583 992 1746 1028 meum
1770 974 1934 1038 (Ibid.

371 1066 490 1134 i8);
516 1077 698 1134 aperte
729 1067 975 1120 videlicet
999 1067 1180 1119 dicens
1210 1083 1221 1116 ε
1249 1067 1421 1132 Super
1447 1081 1531 1118 me
1557 1064 1835 1118 aediﬁcabo
1861 1075 1932 1126 te,

367 1157 457 1225 qui
489 1157 706 1225 ﬁguram
733 1158 872 1222 geris
902 1156 1016 1223 ejus
1043 1156 1312 1216 Ecclesiiﬁ.
1342 1172 1460 1222 dum
1486 1157 1536 1208 in
1563 1167 1612 1208 te
1638 1155 1932 1219 aediﬁcatur

369 1231 529 1313 supter
556 1261 660 1298 me.
687 1244 837 1299 Unde
865 1259 984 1296 cum
1009 1244 1145 1297 idem
1174 1247 1356 1297 beatus
1387 1244 1598 1303 Petrus.
1628 1244 1931 1296 testimonio

367 1330 524 1388 utens
551 1334 878 1401 prophetico,
899 1334 1103 1387 diceret
1127 1351 1140 1384 :
1174 1332 1302 1386 Ecce
1330 1349 1461 1399 pono
1482 1335 1532 1386 in
1557 1332 1683 1385 Sion
1707 1332 1930 1406 lapidem

361 1424 658 1496 angularem
680 1440 932 1477 summum
955 1424 1372 1492 pretiosissimum
1393 1425 1445 1474 in
1462 1424 1792 1491 fundamento
1813 1424 1933 1489 fun-

361 1510 537 1565 datum
566 1556 579 1577 ,
623 1513 762 1565 illico
794 1513 1063 1582 adjunsit:
1121 1511 1188 1563 Et
1217 1529 1300 1564 vos
1329 1522 1570 1580 tanquam
1616 1512 1808 1578 lapides
1837 1510 1932 1562 rivi

361 1603 840 1668 superwdi/icamini
873 1604 925 1653 in
946 1603 1121 1655 domos
1149 1604 1440 1664 spirituales
1479 1599 1569 1666 (II
1597 1600 1737 1652 Petr.
1765 1616 1818 1663 ll,
1849 1598 1927 1668 6).

2041 423 2092 476 in
2123 439 2244 478 vera
2274 439 2456 493 carne,
2489 430 2740 498 verisque
2765 432 2972 486 ossibus
2999 433 3372 491 introducebat
3398 439 3422 490 τ
3451 440 3607 506 Quod

2039 528 2166 582 ergo
2192 516 2385 570 dicitur
2410 536 2422 570 :
2458 516 2874 588 Transﬁguratus
2897 531 2971 575 est
2997 521 3212 591 (Matth.
3236 540 3365 592 xm,
3395 526 3478 596 ξ),
3505 531 3611 585 hoc

2040 613 2122 656 cst
2148 605 2199 657 in
2232 606 2450 659 alteram
2483 607 2704 676 ﬁguratn
2735 620 2991 675 mutatus,
3016 627 3122 666 non
3146 621 3232 668 est
3258 623 3481 682 naturae,
3508 620 3604 673 sed

2039 694 2253 763 gloriae;
2283 697 2421 750 unde
2449 708 2504 752 et
2532 700 2774 764 protinus
2799 701 3131 758 subinfertur
3162 722 3175 757 :

2111 787 2162 839 5.
2194 786 2261 841 Et
2289 791 2596 858 resplenduit
2629 792 2784 858 facies
2821 795 2930 862 ejus
2954 796 3083 848 sicut
3112 796 3189 849 sol
3230 792 3444 867 (Ibid.).
3477 801 3604 856 Hec

2038 888 2184 932 certe
2209 881 2373 933 altera
2408 881 2596 949 ﬁgura,
2632 883 2744 936 htrc
2767 885 2942 938 vultus
2968 888 3174 954 species
3199 889 3364 943 altera
3381 930 3394 951 ,
3425 903 3483 944 ut
3509 894 3624 960 qui,

2037 979 2152 1020 erat
2181 967 2234 1021 in
2265 983 2424 1021 carne
2453 971 2774 1038 conspicuus
2801 1011 2817 1035 ,
2847 972 3025 1026 subito
3055 987 3331 1044 stipareret
3359 978 3410 1030 in
3440 981 3602 1047 maje'

2039 1064 2175 1108 state
2219 1069 2497 1110 coruscus.
2542 1057 2678 1123 Quid
2724 1067 2902 1111 autem
2932 1062 3122 1113 mirum
3149 1063 3192 1115 si
3225 1063 3324 1117 hoc
3358 1065 3426 1118 de
3456 1076 3600 1119 tanta

2037 1145 2212 1198 subito
2241 1146 2292 1198 in
2324 1160 2547 1214 corpore
2573 1158 2891 1206 coruscaote
2930 1149 3125 1204 dicitur
3151 1152 3447 1220 majestate.
3478 1171 3600 1210 cum

2036 1250 2134 1288 nos
2171 1234 2406 1301 quotidie
2435 1236 2502 1290 de
2531 1239 2768 1305 quolibet
2797 1237 2976 1314 dicere
3005 1241 3268 1295 soleamus
3289 1284 3304 1306 ,
3332 1259 3450 1297 cum
3478 1260 3624 1298 eum-

2037 1327 2117 1378 vcl
2160 1335 2278 1392 post
2315 1326 2502 1379 sordes
2532 1329 2766 1379 ablutum
2798 1317 2879 1382 vel
2915 1339 3031 1396 post
3071 1333 3375 1386 maestitiam
3420 1335 3600 1388 latum

2035 1416 2338 1481 aspicimus.
2392 1417 2506 1471 Non
2553 1426 2637 1471 est
2677 1419 2790 1486 ipse
2818 1421 2905 1487 qui
2935 1429 3054 1474 erat
3079 1463 3099 1487 ,.
3138 1423 3272 1477 alius
3314 1435 3396 1479 est
3441 1442 3600 1492 quam

2036 1515 2171 1559 erat.
2208 1509 2265 1560 Et
2298 1508 2585 1560 notandum
2609 1510 2748 1576 quod
2770 1510 3204 1577 gloriﬁcalioncm
3230 1513 3614 1583 Redempmris

2033 1595 2206 1648 oratio
2254 1599 2546 1661 praecessit,
2599 1598 2686 1664 qui
2714 1637 2729 1662 ,
2781 1608 2838 1650 ut
2883 1599 3056 1652 Lucas
3085 1601 3198 1664 ait,
3245 1612 3518 1669 propterea
3551 1605 3602 1657 in

360 1688 496 1744 Hinc
544 1667 839 1743 etPaulus
881 1706 999 1744 cum
1041 1690 1273 1748 diceret:
1305 1689 1742 1757 fundamentum
1787 1667 1931 1740 aliud
1965 1667 2010 1724 Β
2041 1697 2274 1739 montem
2300 1689 2582 1752 ascendit,
2613 1699 2668 1742 ut
2697 1700 2912 1754 oraret;
2958 1698 3219 1758 quatenus
3248 1667 3462 1745 scilicet
3509 1709 3602 1762 per

361 1797 508 1835 nemo
538 1790 699 1850 potest
726 1797 910 1847 ponere
938 1791 1122 1849 prtcter
1146 1781 1205 1834 id
1237 1782 1373 1849 quod
1405 1782 1620 1849 positum
1650 1789 1724 1833 est
1749 1821 1763 1846 ,
1796 1779 1933 1848 quod

361 1882 435 1927 est
479 1871 709 1934 Christus
743 1872 897 1926 Jesus
922 1913 938 1937 ,
982 1873 1234 1928 continuo
1275 1871 1534 1941 subjecit:
1589 1872 1932 1939 unusquisque

357 1974 526 2017 autem
555 1963 724 2014 videat
752 1963 1005 2030 quomodo
1036 1961 1405 2030 supermdiﬁcet
1429 1959 1522 2028 (ll
1552 1959 1670 2013 Cor.
1700 1975 1782 2022 ιιι,
1815 1960 1926 2026 Η).

361 2048 494 2105 Cum
525 2065 651 2118 ergo
679 2049 876 2103 dictum
907 2057 991 2102 est
1017 2066 1028 2100 :
1081 2062 1244 2117 super
1273 2046 1374 2102 hoc
1400 2046 1798 2100 fundamentum
1830 2045 1930 2099 Pe-

355 2146 473 2195 trus
515 2139 828 2193 :ediﬁt-ando
873 2138 1123 2207 ponitur,
1173 2136 1424 2196 nimirum
1473 2136 1646 2189 omnis
1698 2133 1928 2186 Ecclesia

356 2242 519 2296 super
554 2228 825 2280 Christum
874 2225 1228 2279 construenda
1277 2224 1504 2277 locatur.
1536 2223 1768 2277 Jacobu‘s
1799 2238 1926 2276 vero

361 2316 417 2371 in
446 2325 680 2370 nostram
709 2317 930 2368 vertitur
983 2315 1213 2383 linguam
1243 2312 1622 2382 supplantator.
1654 2311 1924 2381 Supplan-

366 2413 506 2458 tator
534 2415 709 2458 autem
739 2403 1005 2472 quorum?
1035 2405 1136 2456 nisi
1163 2402 1445 2467 vitiorum;
1477 2411 1531 2457 et
1566 2417 1665 2455 nos
1693 2412 1837 2455 certe
1871 2401 1924 2455 in

359 2494 545 2551 Jacobi
575 2509 796 2564 persooa
830 2495 1400 2563 vitiasupplantantus,
1430 2509 1550 2547 cum
1579 2494 1924 2561 primogenita

364 2584 614 2638 Virtutum
643 2623 658 2648 ,
709 2597 806 2651 per
849 2597 999 2636 sacra
1027 2583 1327 2634 orationum
1374 2580 1548 2634 studia
1577 2579 1923 2633 vindicamus.

361 2676 439 2728 De
467 2673 564 2726 hac
594 2673 843 2726 vitiorum
882 2672 1317 2740 supplantatione
1369 2672 1647 2724 Psalmista
1695 2670 1925 2735 loquitur

353 2761 536 2818 dicens
562 2780 574 2814 :
606 2760 791 2816 Beatus
813 2763 899 2830 qui
929 2761 1130 2825 tenebit,
1163 2769 1210 2813 et
1241 2760 1419 2814 ollidet
1447 2759 1686 2830 parvulos
1712 2775 1829 2813 suos
1857 2759 1924 2811 ad

357 2864 546 2923 petram
578 2855 595 2921 (
621 2852 766 2906 Psal.
799 2868 1017 2918 cum,
1047 2851 1078 2904 9
1108 2855 1147 2921 ).
1191 2852 1425 2907 Joannes
1453 2863 1629 2904 autem
1657 2850 1925 2917 interpre—

357 2932 494 2995 tatur
523 2941 777 3006 columba,
811 2957 904 3008 per
931 2958 1086 3010 quem
1141 2943 1257 2996 sine
1284 2943 1444 2996 dubio
1473 2941 1544 2994 illi
1577 2942 1912 3009 ﬁgurantur,

355 3034 456 3100 qui.
478 3033 612 3084 intra
642 3044 877 3086 sanctam
930 3033 1224 3086 Ecclesiam
1258 3031 1353 3084 Dei
1398 3043 1450 3086 et
1483 3033 1705 3099 proximi
1738 3043 1918 3082 amore

356 3125 710 3175 llammantur.
746 3122 846 3174 Per
872 3122 1172 3174 columbam
1199 3123 1396 3174 ctenim
1439 3121 1670 3187 Spiritus
1700 3126 1918 3177 sanctus

354 3205 681 3282 designatur,
713 3213 803 3282 qui
837 3213 1007 3266 Patris
1032 3223 1081 3265 et
1108 3213 1225 3265 Filii
1250 3213 1485 3274 charitas
1502 3225 1619 3264 esse
1643 3210 1914 3279 probatur,

354 3313 408 3360 et
447 3306 699 3371 scriptum
733 3313 848 3356 est:
896 3303 1129 3355 Charitas
1159 3301 1256 3353 Dei
1283 3301 1471 3367 diffusa
1500 3308 1574 3352 est
1607 3299 1659 3351 in
1686 3299 1920 3352 cordibus

350 3393 535 3447 nostris
583 3401 672 3460 per
721 3392 974 3460 Spiritum
1035 3400 1268 3443 sanctum
1317 3392 1401 3457 qui
1448 3390 1595 3442 datus
1648 3397 1720 3442 est
1781 3389 1921 3440 nobis

350 3486 529 3558 (Itoni.
568 3501 621 3553 ιζ,
651 3485 726 3552 5).
763 3483 902 3551 Ergo
931 3482 1062 3535 ﬁdes
1094 3481 1146 3533 in
1179 3479 1370 3545 Petro,
1399 3480 1639 3546 operatio
1664 3479 1916 3532 virtutum

356 3574 408 3628 in
431 3573 629 3627 Iacobo
655 3612 670 3637 ,
714 3573 944 3625 charitas
975 3585 1100 3622 vero
1133 3571 1185 3622 in
1213 3570 1417 3622 Joanne
1447 3576 1769 3621 monstratur
1794 3583 1920 3636 apo-

357 3665 518 3718 stolo.
569 3662 924 3728 Quamobrem
973 3675 1075 3712 non
1122 3659 1554 3712 inconvenienter
1606 3658 1915 3727 bi‘tantum

355 3754 513 3808 modo
542 3763 648 3805 tres
680 3752 730 3804 in
764 3760 941 3804 monte
968 3763 1087 3802 cum
1119 3749 1348 3802 Domino
1376 3749 1709 3814 ascendunt,
1742 3749 1828 3818 qui
1861 3749 1921 3800 li-

355 3862 538 3911 gurum
589 3847 823 3896 omnium
874 3854 1175 3895 sanctorum
1211 3843 1259 3894 in
1292 3843 1402 3894 suis
1433 3843 1679 3909 personis
1700 3828 1913 3909 gerunt.

355 3936 459 3989 Sed
484 3934 591 4002 jam
625 3934 785 4000 ipsius
811 3934 1050 3987 lectiOuis
1073 3934 1230 3985 verba
1263 3941 1542 4000 ponentes,
1569 3932 1774 4000 singula
1806 3930 1914 3984 dis-

350 4041 605 4081 seramus.
1639 4025 1671 4058 ί

425 4115 475 4168 4.
507 4116 784 4184 Assumpsit
813 4113 958 4166 Iesus
1000 4113 1206 4165 Petrum
1238 4123 1283 4165 et
1312 4110 1561 4165 Iacobum
1590 4121 1637 4165 et
1665 4111 1914 4166 Joannem

345 4207 559 4279 fratrem
588 4207 698 4274 ejus
720 4247 733 4270 ,
779 4215 821 4257 et
851 4204 986 4255 ducit
1017 4203 1134 4255 illos
1165 4204 1214 4255 in
1247 4213 1466 4254 montem
1505 4202 1756 4255 excelsum
1777 4219 1914 4256 seor-

2039 1774 2139 1828 boc
2171 1775 2364 1839 factum
2392 1772 2739 1844 ostenderet,
2788 1780 3033 1832 omnibus
3060 1779 3150 1849 qui
3179 1781 3244 1834 ad
3282 1781 3397 1848 ejus
3431 1785 3600 1850 perti-

2035 1874 2166 1918 nent
2192 1866 2496 1919 intuendam
2527 1868 2854 1936 maiestatem
2905 1868 3266 1922 indesinenter
3292 1885 3415 1928 esse
3444 1887 3599 1925 oran-

2034 1953 2162 2008 dum
2190 1995 2204 2019 ,
2245 1971 2342 2010 nec
2373 1959 2424 2010 in
2465 1958 2585 2010 imis
2611 1999 2626 2024 ,
2671 1959 2765 2012 sed
2798 1959 2850 2011 in
2878 1971 3057 2014 monte
3079 1973 3293 2029 semper
3317 1961 3616 2018 orandum._

2032 2043 2183 2107 Quod
2217 2043 2468 2097 nimirum
2496 2046 2570 2098 illi
2599 2047 2848 2100 continue
2878 2057 3137 2114 possunt,
3181 2049 3269 2115 qui
3299 2049 3461 2104 nullis
3491 2039 3600 2104 ier—

2035 2132 2180 2186 renis
2204 2133 2490 2188 desideriis
2530 2149 2625 2202 per
2664 2135 3053 2191 oblectamenta
3079 2136 3322 2190 vitiorum
3351 2152 3606 2192 succum-

2035 2221 2196 2286 bunt;
2229 2223 2320 2277 sed
2355 2224 2416 2291 in
2447 2238 2676 2289 superna
2717 2239 2902 2278 amore
2929 2225 3111 2292 deﬁxi,
3151 2226 3390 2280 cmlestia
3429 2229 3598 2296 respi-

2031 2309 2196 2363 ciant.
2225 2310 2377 2364 Unde
2394 2321 2448 2363 et
2469 2311 2669 2365 Paulus
2691 2328 3056 2380 pressurarum
3079 2315 3296 2367 vinculis
3317 2315 3598 2386 colligatur:

2030 2398 2240 2453 dicebat
2265 2419 2275 2451 :
2312 2398 2503 2453 Nostra
2538 2413 2703 2454 autem
2739 2403 3130 2456 conuersatioxin
3159 2403 3295 2458 culis
3322 2409 3398 2458 est
3426 2403 3596 2472 (Phil.

2033 2504 2112 2552 ιιι,
2136 2490 2253 2558 ‘20).
2285 2491 2436 2555 Quod
2460 2494 2620 2546 etiam
2649 2493 2764 2546 aliis
2783 2491 2848 2547 ’in
2873 2494 3002 2548 locis
3023 2496 3268 2563 exemplo
3297 2511 3394 2550 suo
3419 2467 3596 2552 Darei.

2031 2596 2131 2635 nus
2163 2597 2259 2636 nos
2285 2584 2558 2648 admonet,
2587 2586 2676 2652 qui
2704 2599 2822 2638 cum
2851 2587 3048 2639 nullam
3074 2587 3127 2640 in
3150 2587 3237 2640 die
3259 2587 3339 2641 vel
3359 2588 3424 2641 ad
3442 2603 3597 2642 man-

2030 2670 2327 2724 ducandum
2357 2675 2588 2740 quietem
2617 2673 2870 2738 haberet,
2889 2675 3146 2752 iumenta
3166 2675 3323 2730 etiam
3347 2678 3614 2743 fatigatus.

2029 2765 2409 2831 pernoctabat:
2437 2779 2544 2833 quo
2571 2764 2818 2818 nimirum
2847 2766 2897 2817 in
2928 2765 3067 2819 iacto
3087 2767 3129 2818 si
3154 2765 3364 2819 licentia
3397 2768 3595 2821 tribus-

2030 2862 2136 2919 tur,
2169 2863 2221 2908 et
2251 2853 2364 2919 ipsa
2391 2854 2628 2908 exterior
2654 2855 2886 2920 solitudo
2908 2855 2972 2909 ad
2995 2855 3252 2908 orandum
3280 2856 3592 2922 inquirenda

2032 2943 2272 3010 docetur,
2307 2954 2362 2996 ut
2395 2959 2460 2997 eo
2484 2942 2789 2998 familiarius
2817 2947 2934 3013 quis
2963 2945 3126 2998 Deum
3150 2946 3463 3014 interpellet,
3489 2960 3613 3015 quo.

2032 3032 2211 3085 nullus
2239 3032 2382 3084 hunc
2407 3032 2682 3084 hominum
2709 3033 2964 3086 tumultus
2991 3033 3318 3102 circumegit.
3343 3033 3442 3088 Sed
3467 3033 3600 3104 quid

2027 3133 2125 3179 nos
2159 3119 2339 3196 miseri
2366 3162 2384 3186 ,
2416 3121 2539 3189 quid
2570 3119 2638 3174 ad
2683 3122 2795 3175 haec
2823 3136 3005 3176 sumus
3037 3122 3225 3176 dicturi
3253 3162 3268 3186 ,
3314 3124 3402 3192 qui
3432 3125 3594 3179 innu-

2027 3210 2194 3263 meris
2230 3209 2545 3264 delictorum
2587 3202 2915 3279 ponderibus
2960 3215 3203 3280 gravati,
3247 3215 3471 3280 primum
3503 3230 3592 3269 ve.

2026 3301 2276 3367 Sperlinze
2322 3301 2708 3355 lucubrationis
2753 3311 2960 3376 tempus
3002 3317 3190 3356 somno
3221 3306 3613 3378 praevenimus..

2026 3391 2080 3444 Si
2115 3391 2254 3443 Deus
2283 3405 2346 3444 ac
2386 3387 2642 3444 Dominus
2682 3400 2864 3444 noster
2899 3391 3013 3445 sine
3043 3403 3258 3458 peccato
3281 3405 3592 3462 conceptus,

2024 3488 2078 3533 et
2125 3494 2276 3534 natus
2321 3481 2436 3534 sine
2477 3490 2694 3550 peccato
2722 3497 2886 3550 usque
2914 3482 2980 3534 ad
3028 3482 3311 3537 indebitam
3355 3496 3587 3540 mrtem

2023 3573 2336 3640 perductus,
2366 3573 2680 3641 quibusdam
2709 3573 3189 3640 noetibus‘parvum
3219 3615 3235 3640 ,
3267 3558 3586 3644 quibusdam

2023 3681 2123 3719 nec
2148 3667 2411 3719 modicum
2443 3667 2543 3740 sibi
2574 3667 2837 3720 somnium
2868 3667 3105 3733 indulsit,
3130 3670 3315 3738 sicque
3341 3679 3592 3738 peccato-

2021 3759 2164 3810 ribus
2184 3759 2232 3810 in
2257 3772 2315 3811 se
2336 3759 2579 3825 prmhens
2605 3758 3142 3825 exentplum.crebris
3162 3759 3401 3829 suspiriis
3420 3771 3591 3829 atque

2019 3847 2300 3911 gemitibus
2347 3847 2539 3912 srepius
2581 3860 2750 3913 genus
2797 3841 3014 3900 ﬂectens
3042 3887 3057 3911 ,
3107 3849 3290 3917 plenas
3335 3849 3592 3919 lacrymis

2004 3936 2224 4004 .vigilias
2253 3937 2422 3990 noctis
2452 3938 2693 4004 peregit,
2727 3947 2972 4005 tanquam
3019 3948 3071 3991 et
3117 3938 3230 4007 ipse
3275 3943 3583 3995 mortalium

2019 4027 2261 4078 vitiorum
2289 4026 2550 4078 obnoxius
2579 4035 2745 4090 esset,
2801 4037 2856 4079 et
2886 4043 3183 4095 quanquam
3230 4030 3417 4084 mirum
3474 4047 3588 4087 non

2015 4123 2180 4176 esset,
2211 4115 2254 4166 si
2287 4116 2335 4168 id
2366 4125 2544 4182 ageret
2574 4130 2668 4184 pro
2711 4117 2861 4169 nobis
2887 4156 2904 4182 ,
2952 4118 3041 4184 qui
3073 4118 3208 4171 mori
3238 4096 3591 4189 venerat'pm

2014 4204 2186 4258 nobis.
2216 4205 2435 4258 Peccata
2459 4207 2602 4258 enim
2631 4219 2808 4259 nostra
2840 4211 3103 4274 portabat,
3137 4220 3192 4261 et
3221 4210 3343 4264 ideo
3365 4211 3588 4267 Patrem

349 4312 462 4349 sum
492 4307 577 4360 ,ἐι
609 4296 998 4361 transﬁguratus
1029 4304 1101 4346 est
1131 4301 1249 4344 ante
1276 4293 1391 4345 illos
1424 4292 1635 4363 (Matth.
1668 4309 1796 4357 xvu,
1831 4292 1906 4359 Ι).
1942 4327 1990 4384 D
2015 4295 2165 4360 quasi
2212 4305 2456 4360 peccator
2488 4294 2878 4360 interpellabat,
2916 4294 3091 4349 tamen
3119 4298 3416 4364 exemplum
3469 4300 3591 4353 imi-

347 4385 534 4440 Omnis
564 4386 720 4454 igitur
745 4387 828 4449 qui
864 4385 1264 4451 transﬁguratur
1290 4425 1305 4451 ,
1353 4384 1404 4436 in
1441 4386 1660 4438 alteram
1690 4385 1908 4454 ﬁgurant

348 4485 604 4531 mutatur.
653 4474 801 4528 Unde
840 4483 892 4526 et
941 4474 1106 4534 Lucas
1137 4477 1236 4527 hoc
1269 4477 1437 4541 ipsum
1468 4477 1770 4542 exprimens
1798 4477 1868 4528 ait
1895 4495 1904 4529 :

350 4567 513 4621 Facta
534 4579 625 4630 est,
658 4567 775 4617 dum
801 4574 983 4628 oraret,
1015 4568 1197 4634 species
1229 4567 1390 4618 vultus
1417 4572 1528 4636 ejus
1555 4567 1722 4620 altera
1752 4569 1904 4636 (Luc.

348 4675 422 4723 ιι,
454 4658 568 4725 29).
601 4657 694 4711 Ubi
731 4669 946 4722 prorsus
972 4657 1206 4709 cavenda
1253 4667 1334 4709 est
1365 4658 1735 4714 hmrcticorum
1768 4659 1908 4711 insa-

350 4753 454 4813 nia,
493 4750 578 4816 qui
613 4757 795 4814 putant
832 4758 949 4813 post
979 4747 1118 4798 diem
1147 4746 1329 4813 judicii
1361 4730 1589 4801 humana
1615 4751 1833 4816 corpora
1858 4750 1908 4802 in

349 4840 566 4892 alteram
599 4852 756 4905 posse
783 4838 1020 4889 converti
1062 4847 1321 4888 naturam.
1364 4837 1431 4889 Et
1459 4848 1604 4892 certe
1631 4840 1768 4892 idem
1799 4853 1907 4892 mc-

348 4931 518 4983 diator
547 4931 635 4982 Dei
666 4938 716 4981 et
748 4928 1019 4980 hominum
1047 4927 1208 4980 homo
1232 4928 1476 4982 Christus
1508 4931 1683 4993 lesus,
1713 4932 1799 4998 qui
1824 4944 1909 4984 sc-

348 5024 578 5077 cundum
633 5019 940 5084 Apostolum
993 5017 1301 5072 reformavit
1351 5012 1545 5088 corpus
1597 5021 1908 5074 humilitatis

348 5122 566 5175 nostrae,
621 5111 1001 5175 conﬁguratum
1052 5110 1262 5178 corpori
1308 5111 1563 5163 claritatis
1595 5125 1743 5175 suas,
1792 5122 1907 5176 post

346 5202 786 5254 resurrectionem
815 5213 959 5249 suam
985 5198 1035 5250 in
1063 5200 1297 5252 conclavi
1322 5198 1598 5266 discipulis
1624 5215 1902 5267 apparens,

344 5292 501 5346 dicit:
537 5290 749 5356 Palpate
774 5329 788 5352 ,
831 5301 873 5341 et
906 5290 1063 5342 videte
1087 5293 1206 5357 quia
1238 5292 1445 5357 spiritus
1477 5307 1680 5343 carnem
1722 5301 1768 5343 et
1794 5307 1907 5344 ossa

345 5396 444 5433 non
475 5378 654 5442 habet,
708 5380 834 5430 sicut
883 5396 958 5430 me
984 5381 1158 5431 ridetis
1187 5380 1370 5432 habere
1403 5380 1551 5445 (Luc.
1601 5395 1722 5450 χιι*
1745 5425 1758 5448 ,
1791 5380 1902 5449 59).

346 5471 399 5523 ln
434 5469 619 5536 quibus
651 5467 858 5533 verbis,
905 5469 1026 5535 quid
1055 5469 1197 5523 aliud
1227 5469 1451 5524 dabattfr
1483 5470 1706 5540 intelligi
1738 5513 1751 5536 ,
1803 5473 1902 5529 nisi

343 5564 461 5626 quia
493 5568 540 5612 et
565 5560 774 5612 alterius
795 5560 995 5627 glorim,
1021 5570 1068 5613 ct
1102 5575 1202 5614 non
1229 5561 1448 5614 alterius
1476 5569 1683 5616 natura:
1707 5575 1896 5630 corpus

2016 4385 2229 4460 talionis
2258 4384 2310 4437 in
2342 4398 2400 4437 se
2432 4383 2700 4450 prazbebat
2726 4427 2740 4450 ,
2771 4399 2874 4452 quo
2913 4377 3237 4439 disceremus
3267 4397 3319 4439 ct
3349 4388 3452 4454 ipsi
3489 4389 3591 4442 Pa-

2015 4485 2146 4529 trem
2175 4477 2516 4542 interpellare
2544 4491 2664 4529 eum
2707 4476 2797 4528 illo
2822 4491 2916 4541 pro
2941 4476 3124 4541 nobis,
3151 4491 3249 4529 nec
3275 4492 3303 4529 a
3335 4479 3598 4544 precibus.

2012 4566 2323 4620 cessandum
2355 4606 2371 4630 ,
2417 4580 2536 4618 cum
2581 4567 2738 4618 etiam
2790 4561 2928 4618 nunc
2974 4579 3138 4633 usque
3166 4606 3180 4628 ,
3229 4566 3367 4618 idem
3408 4568 3589 4620 vultui

2017 4658 2104 4710 Dei
2131 4669 2410 4724 apparens,
2439 4655 2738 4723 interpellat
2766 4669 2860 4721 pro
2885 4655 3055 4707 nobis.
3083 4636 3432 4708 Discutiamus
3457 4669 3612 4725 ergo

2013 4747 2238 4815 torpor-is
2271 4748 2529 4814 ignaviam
2559 4787 2573 4810 ,
2624 4757 2678 4800 et
2719 4746 2784 4798 ad
2825 4754 3026 4818 tantum
3059 4745 3428 4813 Redemptoris
3459 4750 3590 4803 inti-

2013 4839 2228 4892 taudum
2259 4839 2564 4903 exemplum
2592 4877 2606 4904 ,
2639 4830 2826 4891 saltem
2873 4838 2998 4890 illud
3040 4853 3139 4890 nos
3167 4850 3440 4906 provocet,
3477 4855 3589 4909 quo

2012 4928 2150 4981 idem
2176 4930 2288 4997 ipse
2309 4929 2487 4992 nullis,
2516 4937 2571 4979 ut
2590 4915 2839 4987 diximus,
2867 4928 3094 4995 propriis
3118 4927 3590 4996 interpellantibus

2011 5019 2173 5081 vitiis,
2205 5004 2513 5071 imminente
2543 5032 2637 5070 sua
2667 5017 2816 5070 beata
2850 5017 3116 5084 passione,
3145 5004 3389 5070 crebrius
3415 5030 3592 5074 orans

2010 5123 2166 5178 atque
2195 5109 2450 5178 prolixius
2476 5150 2489 5174 ,
2526 5110 2597 5162 ita
2643 5092 2866 5162 certavit
2897 5149 2912 5173 ,
2944 5116 3001 5160 ut
3030 5122 3126 5174 pro
3155 5107 3353 5162 sudore
3378 5112 3588 5173 carnis,

2007 5207 2180 5269 gpttas
2211 5199 2506 5267 proﬁueret
2523 5199 2811 5265 sanguinis.
2844 5196 3033 5250 Factus
3063 5208 3156 5263 est,
3197 5199 3366 5266 inquit
3396 5200 3588 5254 Evan-

2008 5289 2213 5357 gelista,
2239 5289 2292 5341 in
2322 5288 2528 5356 agonia,
2558 5295 2604 5339 et
2630 5285 2877 5355 prolixius
2902 5285 3104 5351 orabat,
3123 5295 3172 5338 et
3198 5286 3367 5352 factus
3383 5298 3465 5342 est
3490 5304 3585 5342 su.

2007 5382 2103 5433 dor
2127 5379 2242 5449 ejus‘
2263 5381 2394 5432 sicut
2438 5379 2697 5447 sanguinis
2736 5377 3046 5430 decurrentis
3087 5377 3139 5428 in
3179 5386 3368 5429 terram
3414 5377 3584 5444 (Luc.

1963 5477 1966 5482 ‘
2007 5484 2147 5545 uti,
2175 5467 2288 5535 44).
2319 5469 2394 5522 Ne
2426 5468 2603 5536 igitur,
2636 5467 2823 5521 inertia
2854 5467 3128 5529 suadente,
3162 5465 3590 5534 negligentiorcs

2006 5573 2127 5626 erga
2157 5561 2333 5613 sacras
2364 5559 2564 5626 vigilias
2593 5568 2641 5611 ct
2675 5556 2940 5612 orationes
2960 5555 3268 5622 existatnus,
3304 5555 3446 5623 hac,
3475 5555 3591 5610 fra-
