3910 6234
269 314 405 370 ιωο

1150 307 1421 379 llUMllJA
1470 306 1531 357 ΙΝ
1572 298 2279 363 Τιιειδδιτιαυιιιτιυκιλ
2306 297 2557 351 ΠΟΜΙΝΙ.

3346 296 3480 348 l5l0

269 439 377 483 ire;
423 424 740 485 charissitui,
784 435 992 489 semper
1022 421 1085 472 ad
1129 420 1438 472 memoriam
1493 428 1819 471 revocemus.
1852 411 2073 481 Acalor
2122 410 2352 461 funditus
2402 407 2693 461 altolendus
2740 416 3082 460 monstretur.
3118 406 3211 459 Nix
3259 408 3399 459 enim
3429 418 3483 463 ct

270 508 657 589 Appcudendus
686 523 829 568 certe
858 523 962 565 tam
996 510 1200 564 validus
1232 510 1381 562 laltor
1400 550 1412 569 ,
1442 522 1546 575 quo
1578 505 1822 559 teutatio-

272 609 354 663 Itis
392 606 635 661 introitus
660 604 939 663 clauditur,
969 602 1251 667 omnisque
1293 600 1548 651 malorum
1582 598 1823 648 incursus

271 697 481 749 vitatur.
516 695 689 756 Orate,
719 693 887 759 inquit
910 692 1178 754 Dominus,
1204 705 1264 741 rte
1294 677 1484 741 inlrelis
1512 688 1563 739 in
1594 685 1823 737 tentatio-

269 801 381 839 netu
427 785 590 854 (Ibid.
621 782 732 850 66).
769 783 833 835 Ει
861 796 1066 834 rursum
1094 798 1109 829 τ
1167 778 1382 846 Vigilate
1422 776 1558 828 omni
1602 784 1823 839 tempore

266 884 489 940 οηιιιεδ,
517 885 571 926 ut
598 873 739 942 digni
765 869 1050 923 habeamiui
1078 873 1249 935 fugere
1279 867 1375 918 ista
1402 865 1571 917 omnia
1599 878 1712 928 qua:
1741 866 1822 926 {u-

265 977 383 1021 ιινι
410 975 550 1029 sunt,
581 975 626 1017 et
644 972 778 1016 stare
804 972 919 1014 ante
938 958 1128 1010 Filium
1157 958 1369 1010 hominis
1400 955 1546 1020 (Lua.
1577 967 1685 1017 ut,
1706 951 1817 1016 56).

266 1053 643 1121 Rursumque:
688 1050 895 1119 Oportet
925 1063 1120 1115 semper
1149 1060 1293 1099 orare
1315 1083 1330 1109 ,
1375 1053 1420 1094 et
1464 1058 1561 1094 non
1612 1039 1821 1105 tle/icere

267 1144 419 1214 (Luc.
453 1157 600 1203 xvut,
634 1142 706 1209 l).

335 1236 389 1288 6.
421 1230 553 1285 Cum
605 1240 778 1282 autem
825 1227 891 1279 de
939 1227 1133 1278 sanctis
1163 1224 1413 1291 scripturn
1464 1219 1764 1273 noverimus
1802 1234 1813 1268 :

262 1320 409 1375 Tunc
437 1321 558 1385 iusti
584 1317 867 1387 fulgebunt,
898 1317 1025 1367 sicut
1053 1314 1129 1366 sol
1169 1314 1218 1363 in
1250 1326 1405 1381 regno
1436 1308 1602 1362 Patris
1644 1320 1814 1358 eorum

262 1409 415 1478 (Sap.
467 1424 545 1473 Ill,
578 1408 655 1474 7);
684 1405 947 1473 quomodo
975 1406 1077 1455 huc
1105 1403 1221 1455 loco
1249 1400 1407 1453 facies
1447 1398 1640 1452 Christi
1687 1397 1816 1448 solis

263 1499 490 1553 claritati
546 1494 916 1565 comparatur?
967 1502 1057 1546 aut
1100 1491 1331 1558 nunquid
1383 1498 1618 1553 tantum,
1674 1487 1813 1555 quod

261 1586 412 1641 nefas
449 1596 536 1643 est
587 1586 787 1648 dicere,
836 1583 889 1636 iu
937 1595 1102 1652 regno
1130 1579 1305 1633 Patris
1345 1578 1473 1647 justi
1523 1578 1813 1630 claritatem

258 1677 547 1741 habebunt,
579 1684 825 1744 quantam
872 1674 1030 1727 habet
1078 1674 1121 1725 is
1171 1672 1258 1740 qui
1307 1670 1425 1724 illos
1466 1667 1812 1737 justilicavit?

1924 499 2208 551 candorem
2242 497 2435 549 nivium
2470 496 2645 561 liabet,
2678 505 2731 549 et
2755 496 2984 547 calorem
3017 496 3231 547 omnino
3261 508 3363 547 non
3396 509 3483 548 re-

1924 590 2069 655 cipit.
2120 589 2206 642 Sic
2256 588 2330 639 sic
2369 586 2549 641 electis
2581 587 2692 646 Dei,
2727 586 2804 639 sic
2847 585 3161 653 quandoque
3210 586 3479 651 continget

1926 679 2006 731 his
2037 677 2123 745 qui
2174 677 2509 743 pervenerint
2559 674 2623 727 ad
2670 675 2965 727 claritatem
3016 676 3128 741 Dei,
3162 676 3481 728 obtinebunt

1924 758 2196 819 mundilire
2236 768 2542 827 candorem,
2580 765 2889 829 nullumque
2942 765 3168 817 sentient
3195 764 3480 831 aliquando
3520 762 3521 765 “

1922 858 1987 912 de
2016 859 2191 912 carnis
2225 858 2560 925 corruptione
2587 859 2842 909 calorum.
2868 858 3133 926 Sequitur.

1993 949 2043 1001 9.
2082 948 2146 999 Et
2171 963 2281 1001 ecce
2307 949 2545 1015 apparuit
2576 950 2647 999 eis
2679 947 2879 1015 Moyses
2919 962 2965 1000 et
3010 950 3148 1001 lilia:
3180 965 3292 1001 cum
3321 966 3378 1002 eo
3408 951 3483 1001 lo-

1920 1049 2123 1108 quentes
2145 1038 2352 1107 (ΜτιιιΙι.
2392 1055 2516 1103 xvtt,
2542 1039 2860 1105 '5).Qnitlam
2883 1048 3065 1103 putant
3098 1034 3327 1105 Moycetu
3362 1028 3479 1093 cum

1923 1130 2036 1184 Elia
2095 1131 2437 1183 novissimum
2472 1132 2763 1195 praevenire
2795 1129 3003 1183 Christi.
3037 1132 3346 1192 adventum,
3386 1130 3483 1196 pro

1919 1236 1987 1274 eo
2016 1220 2152 1287 quod
2186 1218 2236 1272 in
2269 1222 2366 1270 ttat:
2398 1219 2512 1286 ejus
2561 1220 3281 1286 transligurationc«iterque
3319 1234 3484 1285 appa-

1921 1313 2046 1365 ruit.
2100 1311 2204 1365 Sed
2252 1312 2339 1366 alii
2370 1312 2554 1364 melius
2604 1313 2995 1375 intellexerunt,
3028 1313 3114 1379 qui
3152 1314 3330 1364 Euoclt
3359 1328 3477 1365 cum

1922 1401 2032 1453 Elia
2076 1411 2356 1453 venturum
2406 1401 2669 1463 dixerunt,
2725 1411 2780 1453 ut
2834 1386 2915 1454 illi
2956 1411 3076 1454 tunc
3132 1382 3224 1465 pro
3270 1402 3485 1455 tlltristo

1921 1491 2161 1545 merituri
2217 1490 2520 1552 adveniant,
2550 1493 2636 1558 qui
2696 1492 2923 1544 necdum
2977 1493 3027 1545 in
3081 1507 3242 1546 carne
3299 1492 3486 1545 mortis

1920 1582 2152 1635 debitum
2184 1576 2543 1634 exsolv'erunt.
2578 1582 2725 1636 Sicut
2764 1581 2967 1648 Enoclt,
3002 1582 3112 1650 qtti,
3150 1588 3206 1633 ut
3251 1582 3482 1647 Aposto-

1922 1672 2004 1724 lus
2039 1670 2212 1735 docet,
2268 1670 2554 1723 translatus
2603 1680 2706 1734 est,
2758 1687 2825 1723 ne
2882 1679 3104 1724 inertem
3160 1670 3381 1733 videret,
3432 1678 3488 1723 et

256 1767 375 1837 quis
405 1769 503 1821 hoc
552 1766 651 1819 nisi
686 1764 981 1818 haereticus
1028 1761 1261 1815 dixerit?
1303 1761 1442 1828 quod
1496 1766 1722 1826 quatuor
1750 1774 1815 1811 ex
1852 1745 1892 1801 Β
1923 1759 2066 1814 Elias
2094 1761 2158 1813 ad
2190 1760 2380 1813 C(Plum
2429 1762 2686 1828 elevatus,
2718 1767 2774 1813 ut
2824 1762 2876 1813 in
2917 1761 3142 1829 quadam
3190 1771 3345 1813 terra:
3401 1775 3485 1813 re-

259 1856 432 1922 causis
475 1856 671 1909 factum
704 1854 865 1908 fuisse
913 1851 1040 1905 mihi
1070 1852 1296 1914 videtur,
1330 1849 1535 1902 scilicet
1581 1848 1664 1902 vel
1695 1848 1814 1916 quia

259 1947 433 2000 adhuc
464 1944 703 1999 mortalis
735 1927 870 2007 erat,
901 1950 956 1993 et
1000 1942 1111 2007 ipsa
1152 1936 1327 2013 carnis
1375 1936 1670 1995 mortalitas
1707 1938 1817 1988 cla-

257 2034 466 2089 ritatem
494 2034 782 2087 divinitatis
828 2031 967 2100 ejus,
996 2038 1051 2083 ut
1095 2035 1229 2091 erat,
1262 2027 1544 2081 ostendere
1584 2041 1690 2079 non
1736 2026 1819 2078 si—

179 2161 193 2177 .
259 2123 433 2185 nebat,
486 2123 566 2177 vel
612 2123 731 2190 quia
782 2130 907 2174 ante
950 2120 1235 2173 videntium
1266 2118 1468 2181 oculos,
1520 2123 1575 2170 ut
1619 2114 1827 2174 intueri

259 2224 461 2284 posset,
510 2217 671 2281 ipsam
704 2213 917 2280 fulgoris
967 2211 1046 2265 sui
1088 2202 1500 2279 magnitudinem
1547 2206 1813 2280 temper»

260 2307 481 2369 bat.,vel
514 2297 669 2359 etiam
717 2305 939 2360 fermam
989 2302 1134 2356 illam
1174 2301 1539 2356 tantummodo
1585 2312 1815 2371 prmten-

256 2398 436 2461 debat,
486 2412 639 2466 quam
689 2397 741 2449 iu
771 2397 856 2450 die
899 2396 1083 2463 judicii
1134 2405 1188 2449 et
1233 2394 1419 2449 electis
1474 2405 1527 2447 et
1576 2393 1814 2463 reprobis

259 2498 599 2543 ostensurum
645 2500 704 2541 se
728 2500 846 2558 esse
880 2484 1216 2551 przesciebat,
1246 2485 1328 2537 vel
1359 2492 1521 2547 certe,
1555 2492 1611 2535 ut
1632 2485 1814 2537 verius

256 2584 417 2645 atque
464 2576 759 2639 salubrius,
803 2576 923 2643 quia
976 2575 1141 2643 figura
1189 2574 1547 2635 membrorum
1600 2588 1825 2627 suorum,

254 2665 452 2734 qualia,
484 2675 540 2717 ut
569 2666 770 2720 dictum
818 2673 919 2729 est,
966 2664 1019 2717 in
1068 2664 1246 2717 futuro
1293 2662 1585 2732 fulgebunt.
1620 2663 1670 2716 in
1719 2677 1814 2716 sua

251 2754 491 2809 claritate
518 2755 864 2809 monstrabat.
898 2744 1185 2823 Sequitur:
1452 2742 1462 2753 ’

329 2843 382 2897 7.
420 2842 726 2898 Vestimenta
755 2852 922 2896 autem
948 2848 1057 2911 ejus
1083 2842 1219 2911 {acta
1247 2851 1365 2895 sunt
1390 2842 1507 2895 alba
1548 2844 1679 2897 sicut
1724 2844 1824 2895 niz’

257 2932 474 3004 (Matth.
500 2949 628 2996 xvn,
659 2935 740 2998 2).
769 2932 995 2998 Claritas
1022 2932 1143 2995 ista,
1172 2930 1382 2997 fratres,
1412 2948 1529 3007 qua:
1553 2933 1693 2986 foras
1716 2947 1813 3000 per

253 3023 573 3078 vestimenta
603 3019 1100 3085 Christhanavit,
1150 3022 1218 3074 ab
1264 3023 1349 3074 illa
1403 3022 1518 3089 ejus
1562 3022 1811 3075 interiere

180 3102 207 3125 "
256 3110 377 3163 luce
404 3110 683 3180 processit,
724 3123 881 3175 quam
930 3108 1104 3161 nullus
1140 3109 1353 3163 ltumaui
1384 3110 1591 3179 generis
1619 3125 1809 3178 corpo-

252 3209 379 3256 reus
403 3200 587 3252 oeulus
615 3198 809 3271 intueri
832 3206 1020 3264 potest,
1054 3198 1189 3250 sicut
1218 3199 1471 3266 scriptum
1494 3198 1580 3252 est
1606 3217 1620 3251 :
1646 3198 1811 3269 Deum

225 3300 397 3342 nemo
423 3288 548 3340 vidit
577 3298 803 3355 unquam
824 3282 877 3355 (Ι
909 3283 1065 3337 Joan.
1096 3301 1168 3350 tv,
1200 3285 1313 3353 12);
1340 3299 1393 3340 et
1413 3301 1620 3341 rursum
1648 3304 1663 3341 :
1689 3288 1811 3342 Non

252 3377 390 3433 enim
410 3378 591 3432 videbit
605 3393 683 3429 me
698 3366 865 3440 homo,
878 3384 926 3427 et
942 3376 1065 3427 vivet
1087 3375 1278 3444 (Exod.
1295 3392 1479 3440 χχχιιι,
1494 3377 1611 3445 20);
1624 3392 1808 3447 quam—

254 3481 382 3537 quo,
413 3467 552 3521 sicut
577 3466 690 3534 ipsa
731 3481 790 3521 se
815 3468 979 3533 videt,
1006 3483 1103 3522 nec
1130 3468 1299 3536 ipsam
1344 3472 1517 3538 angeli
1557 3480 1802 3534 cernunt,

252 3561 345 3628 qui
394 3574 510 3614 eam
557 3558 822 3627 quotidie,
874 3568 1027 3626 prout
1057 3562 1160 3615 illis
1208 3560 1390 3614 datum
1433 3572 1534 3623 est,
1567 3572 1809 3617 cernunt.

250 3650 356 3721 Ipsi
386 3653 549 3716 enim,
577 3649 715 3704 sicut
742 3658 1027 3717 utrumque
1057 3664 1205 3703 sacra
1237 3649 1512 3719 Scriptura
1561 3644 1804 3714 tesmtur,

249 3750 308 3796 et
349 3739 535 3796 faciem
587 3740 760 3795 Patris
808 3739 1040 3807 quotidie
1088 3748 1350 3802 cernunt,‘
1386 3746 1441 3791 et
1485 3746 1541 3791 ut
1587 3754 1810 3794 cernere

249 3833 462 3899 possint
505 3833 920 3906 concupiscunt.
957 3832 1137 3899 Magna
1194 3840 1337 3885 certe
1367 3831 1467 3897 vis,
1521 3847 1811 3901 magnaque

236 3926 388 3979 Jucis
408 3924 689 3979 interioris
721 3925 973 3991 potentia,
1006 3937 1124 3993 qum
1155 3932 1349 3976 tantam
1380 3924 1550 3976 lucem
1582 3922 1813 3990 profudit

254 4008 505 4081 exterius,
538 4023 595 4068 ut
641 4014 772 4082 ipsis
817 4013 971 4068 etiam
1005 4014 1237 4067 vestibus
1284 4014 1501 4081 gloriam
1558 4012 1814 4075 tribueret

250 4118 490 4169 coruscae
517 4102 826 4173 maiestatis.
860 4104 939 4157 Ab
979 4103 1066 4156 illa
1099 4103 1239 4166 luce,
1271 4103 1603 4159 dilectissimi
1634 4104 1810 4167 nobis,

250 4192 323 4250 ab
348 4193 434 4248 illa
473 4192 833 4248 illuminantur
860 4204 1044 4248 cuncta
1089 4208 1205 4263 quae
1240 4194 1433 4256 lucent,
1462 4193 1541 4245 sol
1565 4192 1813 4246 videlicet

252 4285 517 4349 citerius,
571 4286 693 4339 luna
748 4293 905 4352 atque
953 4284 1149 4351 stellrc;
1200 4282 1371 4351 angeli
1419 4298 1544 4337 vero
1591 4283 1811 4337 interius

1922 1852 2078 1919 gionc
2108 1851 2229 1906 inde
2274 1852 2591 1917 submissus,
2624 1867 2790 1919 usque
2827 1853 2890 1905 ad
2925 1853 3047 1904 illttd
3094 1863 3299 1919 tempus
3333 1854 3482 1906 vivus

1920 1952 2279 2009 permaneret.
2329 1942 2511 2009 Neque
2579 1943 2719 1994 enim
2779 1953 3051 2009 propterea
3106 1941 3312 2009 Moyses
3360 1957 3483 1993 cum

1920 2031 2033 2086 Elia
2070 2033 2119 2085 in
2152 2032 2237 2085 illa
2264 2032 2647 2101 glorilieatione
2676 2034 2936 2099 apparuit,
2986 2041 3041 2084 ut
3068 2046 3185 2084 cum
3241 2031 3333 2083 illo
3366 2041 3505 2095 pas-‘

1921 2135 2077 2175 surus
2121 2121 2390 2189 adveniat,
2423 2121 2515 2175 sed
2547 2132 2604 2175 ut
2646 2106 2987 2189 Evangelium
3039 2133 3252 2177 :cterom
3304 2122 3486 2184 salutis
3528 2104 3536 2113 ’

1919 2213 2277 2266 tcStimonium
2326 2210 2518 2266 habeat
2542 2227 2570 2264 a
2603 2214 2719 2282 lege
2746 2224 2799 2268 et
2832 2214 3123 2281 pI'OpltcliS.
3176 2215 3311 2268 Ecce
3339 2208 3479 2268 enim

1918 2304 2262 2373 quadraginta
2294 2304 2481 2357 diebus
2514 2304 2745 2375 Moyses,
2782 2308 3127 2373 quadraginta
3164 2306 3304 2360 Elias
3342 2305 3486 2374 jeju-

1920 2399 2085 2461 navit,
2118 2392 2555 2463 quadraginta'et
2603 2395 2875 2449 Dominus.
2927 2396 3033 2451 Sed
3074 2397 3191 2463 quia
3248 2410 3352 2449 non
3400 2405 3483 2448 est

1920 2483 2215 2538 mirandum
2246 2484 2299 2536 in
2335 2474 2555 2537 Domino
2587 2484 2725 2552 quod
2758 2485 3029 2552 praetcssit
3053 2485 3287 2551 quolibet
3305 2484 3365 2536 'iu
3398 2482 3481 2536 fa-

1919 2575 2093 2639 mulo,
2128 2574 2401 2629 videamus
2430 2584 2676 2629 utrumne
2709 2591 2952 2643 magnum
2982 2576 3139 2629 lateat
3177 2589 3481 2628 sacramen-

1920 2672 2030 2715 tum
2057 2664 2107 2717 in
2141 2663 2242 2717 hoc
2269 2652 2688 2733 quadragenario
2718 2668 2922 2719 dierum
2955 2681 3198 2720 numero.
3231 2665 3475 2733 Nunquid

1917 2752 2057 2805 enim
2113 2752 2327 2807 difﬁcile
2383 2753 2659 2807 videbatur
2726 2754 2955 2810 Domino
3008 2757 3071 2809 ad
3128 2765 3338 2829 centum
3394 2755 3477 2808 vel

1921 2841 2066 2896 mille
2110 2842 2224 2897 dies
2275 2841 2565 2897 extendere
2600 2842 2892 2912 'jejuuium,
2924 2847 3011 2911 qui
3044 2846 3263 2899 dederat
3310 2846 3478 2896 servis

1920 2941 1973 2985 ut
2024 2934 2366 3000 quadraginta
2418 2937 2701 2986 transirent
2752 2935 2866 2988 sine
2895 2937 3187 3003 corporalis
3230 2934 3330 2987 cibi
3383 2934 3477 2986 sti-

1921 3023 2149 3090 pendio?
2199 3023 2327 3088 Quis
2382 3038 2508 3090 ergo
2558 3039 2661 3076 non
2716 3023 2933 3076 offendit
2968 3014 3034 3077 iu
3091 3023 3229 3077 facto
3259 3023 3376 3091 plus
3420 3037 3479 3076 se

1919 3102 2074 3179 posse
2098 3110 2336 3180 jejunarc
2365 3127 2522 3180 quam
2567 3126 2776 3176 servus,
2812 3115 2909 3165 uisi
2943 3116 3060 3180 quia
3108 3127 3202 3178 per
3224 3111 3476 3188 eumdem

1917 3203 2126 3256 dierum
2182 3217 2498 3264 numerum,
2559 3218 2662 3254 non
2720 3210 2825 3253 tam
2872 3202 3084 3253 virtutis
3139 3188 3475 3266 miraculum,

1898 3276 2073 3358 quam
2104 3291 2312 3342 virtutis
2343 3292 2658 3358 exprimitur
2688 3291 3116 3343 sacramentum?
3144 3291 3269 3356 Quis
3318 3291 3475 3357 igitur

1916 3379 2118 3437 nesciat
2159 3380 2422 3446 geminam
2473 3394 2591 3455 esse
2644 3379 2812 3448 legem
2870 3378 3174 3441 Mosaicam,
3238 3380 3474 3447 atquein

1874 3468 2176 3537 ,spirituali
2224 3468 2477 3537 det-alogo
2528 3468 2681 3521 simul
2733 3477 2785 3520 ct
2833 3468 3164 3522 victimarum
3218 3466 3475 3537 obsequio

1915 3547 2503 3623 subdistinctam?quia
2547 3559 2688 3609 enim
2738 3558 2945 3629 gemina
2992 3559 3062 3611 sit
3108 3558 3294 3625 legalis
3336 3574 3474 3625 ("'th-

1915 3630 2107 3711 ccptio,
2150 3644 2273 3698 liinc
2303 3634 2531 3698 maxime
2561 3647 2744 3709 claret,
2774 3650 2892 3698 eum
2941 3658 2994 3700 ct
3038 3662 3105 3700 ex
3154 3663 3257 3701 uno
3296 3649 3475 3715 perlici

1916 3732 2124 3787 videtur
2170 3744 2222 3786 et
2266 3748 2331 3787 ex
2361 3734 2530 3787 altero
2582 3750 2913 3802 nequaquam
2971 3735 3261 3802 perficitur.
3317 3736 3476 3789 David

1913 3823 2107 3889 quippe
2153 3822 2377 3893 Domino
2423 3822 2552 3875 dicit
2603 3842 2616 3874 :
2667 3822 2813 3874 Viam
2866 3824 3227 3876 mandatorum
3277 3833 3479 3876 tuorum

1912 3913 2114 3963 cucurri
2161 3909 2279 3981 (Ps.
2329 3926 2514 3971 cxvm,
2564 3912 2677 3985 52).
2732 3913 2794 3964 Et
2848 3928 3098 3965 rursum:
3134 3914 3174 3964 A
3224 3913 3483 3965 mandatis

1912 4000 2012 4049 tuis
2033 4015 2134 4050 non
2164 3998 2412 4051 declinavi
2442 3997 2603 4076 (Ibid.
2641 4000 2786 4070 liii).
2814 3999 2952 4054 Ecce
2984 4000 3291 4069 adimpletio
3323 3999 3476 4069 legis,

1912 4087 2007 4141 sed
2036 4090 2284 4141 nimirum
2331 4090 2568 4158 decalogi
2616 4090 2965 4157 spiritalibus,
3014 4092 3306 4165 secundum
3338 4092 3474 4158 quod

1912 4189 1966 4233 et
1996 4181 2281 4247 Apostolus
2328 4182 2496 4255 dicit;
2530 4181 2636 4234 Ler-
2677 4192 2877 4248 saucta,
2926 4193 2969 4235 et
3017 4186 3317 4235 mandatum
3368 4186 3479 4252 ejus

1912 4277 2242 4336 sanctum,“
2263 4270 2483 4338 justum,
2504 4316 2505 4319 η
2527 4279 2573 4322 et
2612 4271 2801 4335 bonum
2839 4275 3115 4323 secundum
3151 4273 3290 4339 quod
3322 4282 3366 4323 et
3394 4276 3480 4339 qui

250 4381 413 4445 ,ιφιε
439 4377 633 4431 anima,
660 4360 926 4458 humana
961 4379 1208 4432 Miramur
1234 4380 1407 4447 itaque
1438 4377 1713 4433 Dominum
1743 4380 1807 4433 δη
1841 4400 1891 4458 D
1919 4346 2173 4458 feceritea
2199 4361 2322 4415 vivet
2360 4363 2411 4413 in
2436 4362 2505 4413 eis
2537 4362 2709 4430 (liam.
2745 4377 2833 4426 vu,
2867 4362 2979 4431 η).
3026 4362 3212 4417 Petrus
3241 4377 3271 4415 e
3297 4373 3477 4415 contra

250 4473 432 4521 monte
455 4466 585 4521 solis
628 4450 885 4521 claritate,
915 4464 1197 4537 fulgentem
1244 4471 1482 4523 exterius
1508 4484 1531 4530 ς
1557 4469 1809 4521 miremur

250 4558 429 4637 potius
471 4554 611 4612 hunc
637 4557 915 4637 divinitate
964 4564 1245 4615 micantem
1296 4560 1536 4614 interius.
1571 4557 1809 4614 Venere-

248 4633 370 4704 mur
398 4638 575 4703 talem.
601 4633 771 4716 qualis
814 4650 864 4702 in
916 4662 1095 4703 mome
1124 4664 1301 4704 coram
1337 4650 1504 4703 tribus
1530 4650 1811 4722 discipulis

247 4739 509 4807 apparuit,
541 4738 901 4807 desideremus
935 4740 1090 4794 talem
1139 4741 1306 4809 qualis
1353 4742 1406 4793 in
1437 4740 1572 4795 caelo
1603 4742 1810 4793 cunctis

240 4822 460 4901 imundis
515 4828 765 4884 cordibus
817 4831 1115 4898 apparebit.
1175 4831 1238 4883 Et
1293 4846 1475 4884 revera
1532 4831 1717 4900 qualis.
1760 4835 1807 4883 in

215 4915 218 4919 ’
247 4908 431 4972 monte
452 4911 877 4987 foris’apparuit,
904 4919 1059 4972 talem
1107 4919 1244 4987 ltunc
1278 4920 1339 4993 in
1366 4920 1685 4973 futurum-et
1710 4920 1822 4984 ipsi

249 5006 396 5077 lmpii
424 5007 710 5072 videbunt;
754 5010 849 5063 sed
894 5010 1051 5077 talem
1096 5009 1260 5077 qualis
1309 5009 1449 5063 intus
1498 4993 1808 5076 permansit,

247 5114 354 5155 non
381 5099 481 5154 nisi
510 5099 648 5161 beati
680 5098 949 5151 videbunt.

320 5188 373 5241 8.
405 5189 585 5242 Potest
657 5197 829 5239 autem
903 5200 999 5253 per
1047 5184 1357 5262 vestimenta
1437 5182 1810 5251 Redemptoris

249 5280 417 5337 nostri
472 5281 605 5334 nivis
655 5282 886 5333 candore
937 5277 1211 5345 fulgentia,
1264 5276 1486 5343 exprimi
1537 5275 1802 5343 iustorum

249 5371 510 5435 Ecclesia,
544 5385 645 5423 non
677 5371 844 5437 qualis
887 5383 1023 5420 nunc
1051 5377 1151 5433 est,
1178 5367 1298 5435 quia
1332 5366 1413 5418 hic
1441 5368 1555 5419 sine
1590 5372 1809 5429 peccato

250 5457 355 5521 non
405 5466 509 5525 est,
540 5458 630 5513 sed
663 5458 832 5527 qualis
882 5458 932 5510 in
986 5457 1215 5509 futurum
1270 5457 1393 5519 erit,
1442 5454 1653 5523 quando
1700 5455 1807 5519 jam

247 5563 471 5618 peccare
506 5564 607 5607 nou
658 5550 866 5616 poterit.
903 5548 968 5602 lit
1015 5548 1217 5600 scilicet
1267 5562 1359 5613 per
1410 5545 1546 5597 nivis
1596 5542 1806 5596 clarita-

255 5626 386 5705 tem,
436 5648 484 5691 et
533 5639 797 5691 munditis:
852 5637 1064 5690 claritas
1110 5634 1428 5703 designetur,
1475 5645 1523 5688 ct
1560 5633 1803 5687 vitiorum

1914 4449 1988 4503 ait
2022 4468 2034 4501 :
2066 4449 2203 4513 Quid
2228 4453 2434 4503 teutatis
2464 4450 2648 4514 Deum,
2679 4453 2935 4516 imponere
2968 4457 3156 4524 jugum
3177 4469 3328 4522 super
3373 4470 3480 4504 rer-

1912 4540 2045 4592 vices
2072 4541 2455 4607 discipulorum,
2487 4541 2624 4607 quod
2656 4558 2815 4610 neque
2853 4558 2961 4606 nos,
3003 4538 3161 4609 neque
3189 4552 3355 4610 patres
3385 4558 3477 4592 uo-

1911 4630 2004 4681 επὶ
2046 4642 2246 4698 portare
2274 4632 2528 4696 potuimus
2568 4633 2843 4699 aliquando
2885 4632 3020 4701 (Act.
3057 4648 3141 4697 xv,
3176 4632 3291 4699 10)?
3340 4633 3476 4683 Ecce

1909 4718 2205 4770 diminutio
2230 4719 2381 4787 legis,
2430 4719 2520 4772 sed
2555 4722 2736 4786 utique
2776 4704 3013 4789 obsequii
3045 4706 3297 4785 carnalis,
3323 4710 3479 4786 juxta

1910 4808 2048 4874 quod
2094 4816 2143 4859 et
2193 4807 2318 4860 illttd
2348 4808 2541 4860 dicitur
2574 4826 2583 4859 :
2622 4811 2746 4861 lledi
2786 4812 2855 4861 eis
2889 4819 3139 4879 prtecepta
3170 4826 3285 4883 (non
3317 4809 3469 4872 bona,

1908 4900 1962 4951 in
1989 4898 2175 4968 quibus
2195 4916 2293 4951 non
2320 4890 2499 4954 vivent.
2539 4900 2602 4953 Et
2628 4901 2751 4952 illud
2783 4900 3023 4966 Apostoli
3058 4919 3069 4952 :
3104 4898 3372 4953 Neminem
3403 4902 3471 4952 ad

1912 4992 2185 5057 perfectum
2213 4990 2425 5044 adduxit
2453 4993 2534 5042 lex
2555 4989 2709 5059 (lleb.
2736 5006 2826 5053 vtt,
2861 4992 2968 5061 l9}.
2995 4991 3279 5045 Sciendum
3308 4992 3466 5044 etiam

1912 5084 2033 5153 quia
2064 5098 2126 5134 cx
2160 5098 2221 5135 ea
2270 5095 2415 5150 parte
2445 5099 2545 5150 qua
2575 5084 2828 5150 spiritalis
2859 5095 2939 5139 est
2974 5087 3055 5140 lex
3097 5097 3151 5155 et
3200 5086 3471 5140 observari

1913 5180 2105 5240 potest,
2138 5170 2189 5223 in
2221 5156 2416 5225 decem.
2446 5172 2692 5226 videlicet
2724 5174 3027 5242 prmceptis,
3055 5171 3175 5228 cum
3203 5164 3474 5241 plenitudo

1914 5266 2163 5332 temporis
2202 5266 2430 5331 advenit,
2479 5267 2543 5320 ad
2593 5262 2796 5319 Novum
2855 5266 3250 5319 Testamentum
3299 5270 3474 5318 cu‘Sto-

1912 5357 2101 5411 dienda
2149 5358 2410 5415 transivit.
2466 5357 2539 5409 Ex
2581 5373 2639 5411 ea
2693 5373 2823 5425 vero
2870 5372 2969 5425 qua
3011 5356 3240 5409 carnalis
3292 5364 3374 5409 est
3421 5364 3475 5408 et

1912 5446 2108 5515 portari
2140 5462 2241 5499 non
2273 5456 2464 5515 potest,
2495 5447 2547 5501 in
2577 5449 2905 5501 victimarum
2940 5446 3143 5500 scilicet
3174 5444 3469 5509 obsequiis,

1912 5538 2172 5593 moriente
2222 5538 2272 5590 in
2314 5552 2468 5601 cruce
2521 5539 2761 5604 Domino,
2814 5539 3232 5593 observationem
3266 5535 3468 5589 amisit.

1911 5629 2245 5698 Quapropter
2272 5630 2314 5682 si
2341 5627 2393 5681 in
2414 5630 2647 5698 decologi
2674 5619 2944 5683 (mandatis
2974 5630 3220 5696 spiritalis
3247 5639 3325 5681 cst
3360 5628 3465 5689 lett,
