3910 6234
255 323 386 378 Mil
1024 319 1079 374 S.
1124 316 1442 373 AMBROSH
1481 313 1825 372 AUTPERTI
1863 311 2343 370 BENEVENTANI
2385 315 2669 378 ABBATIS
3337 327 3484 381 1542

252 432 310 486 in
343 430 673 485 victimarum
710 441 917 496 quoque
946 426 1214 495 obsequiis
1262 429 1508 490 carnalis,
1561 428 1682 480 liinc
1726 443 1809 480 sa-
1838 430 1884 484 A
1913 427 2202 482 solitudine
2244 437 2510 496 peractum
2553 426 2834 494 jejunium,
2886 428 2950 480 ad
2999 437 3190 482 terrain
3242 430 3378 483 lacte
3426 441 3485 484 et

253 530 456 574 oratum
485 518 760 586 jejunium,
788 519 935 570 illinc
988 519 1313 584 crapulatnm
1347 519 1579 570 ostendit
1622 519 1814 570 convi-

253 609 421 662 vium.
469 606 573 661 Nos
603 622 730 660 vero
759 608 878 674 quia
922 607 1028 672 jam
1059 607 1346 659 carnalium
1375 608 1708 658 victimarum
1738 608 1816 658 in-

255 698 487 765 gluviem
515 712 578 752 ex
612 705 720 750 toto
749 699 1068 763 respuimus,
1099 709 1340 770 superest
1372 707 1431 748 ut
1472 697 1539 749 de
1566 697 1816 764 spiritalis

255 788 390 857 legis
411 787 615 856 jejunio
642 787 837 855 aliquid
867 788 1160 854 loquamur.

333 879 420 934 10.
445 878 579 943 Quid
609 878 746 931 enim
777 865 917 930 aliud
962 885 1043 930 est
1069 877 1271 934 dicere.
1299 876 1412 928 Non
1444 877 1679 942 occides,
1713 891 1815 930 non

259 971 539 1036 furaberis,
569 984 674 1023 non
721 970 908 1021 falsum
940 969 1295 1021 teStimonium
1346 969 1510 1029 dices,
1545 984 1648 1020 non
1697 984 1819 1020 con-

263 1053 506 1127 cupisces
551 1075 660 1113 rem
704 1059 928 1127 proximi
977 1059 1071 1121 tui,
1103 1072 1198 1110 nec
1227 1058 1553 1112 desiderabis
1601 1074 1820 1113 uxorem

265 1147 403 1215 ejus,
431 1161 532 1200 non
565 1160 798 1210 servum,
847 1162 950 1199 non
995 1144 1266 1210 ancillam,
1319 1163 1421 1199 non
1456 1148 1667 1211 bovem,
1718 1163 1820 1201 non

270 1250 446 1297 ovem,
477 1250 583 1289 non
611 1235 837 1297 asinum,
867 1249 965 1287 nec
993 1235 1168 1286 omnia
1203 1250 1319 1302 qua:
1363 1235 1506 1288 illius
1535 1243 1684 1300 sunt,
1724 1235 1825 1289 nisi

266 1326 530 1393 quoddam
587 1326 777 1379 animm
824 1326 1082 1392 jejunium
1136 1328 1444 1393 imponere?
1486 1330 1672 1380 Annon
1707 1343 1828 1381 vere

264 1415 489 1484 jejunat,
519 1419 604 1484 qui
639 1424 694 1468 ut
717 1416 869 1467 bonis
899 1417 1172 1474 inhaereat,
1207 1433 1234 1466 ιι
1266 1415 1419 1469 tnalis
1440 1416 1704 1470 declinat?
1725 1417 1826 1470 Sed

273 1515 334 1561 ιιι
361 1504 464 1562 hoc
492 1505 728 1572 decalogi
751 1505 1008 1573 jejunium
1047 1505 1098 1557 in
1127 1505 1596 1573 quadragenarium
1627 1515 1827 1572 surgat,

272 1601 484 1660 oportet
523 1601 582 1646 ut
625 1608 654 1644 a
701 1591 856 1660 longe
890 1590 1018 1644 Novi
1066 1591 1108 1642 Τ
1112 1592 1391 1645 estamenti
1428 1592 1574 1658 jussa
1603 1600 1829 1659 praesto-

274 1680 432 1748 lans,
483 1679 798 1749 quandoque
864 1680 930 1732 ad
992 1679 1332 1747 Evangelium
1391 1691 1584 1734 currat.
1645 1681 1833 1734 Veniat

1918 520 2075 574 melle
2119 528 2422 573 manantem
2450 517 2784 588 perveniunt.
2814 516 2941 590 Inde
2967 519 3104 585 quod
3136 532 3232 571 nos
3259 535 3400 587 quoq
3420 535 3483 572 te

1917 609 2255 676 quadraginta
2305 606 2489 658 diebus
2543 614 2664 658 ante
2710 606 3150 658 resurrectionem
3204 607 3255 658 in
3314 607 3406 661 abs
3429 606 3484 658 i-

1920 699 2097 752 nentia
2125 697 2425 758 custoditis,
2449 697 2514 748 ad
2535 696 2828 762 jubilteum,
2861 696 2947 763 qui
2977 706 3058 750 est
3087 712 3259 750 annus
3292 695 3408 751 rens'
3432 711 3484 750 so

1919 789 2085 840 sionis
2111 788 2398 854 plenusque
2423 786 2793 854 jucundila'is,
2828 786 3190 854 pertingitnus.

2000 875 2080 929 l2.
2097 877 2198 930 Sed
2224 877 2351 928 libet
2374 875 2561 928 intueri
2580 876 2701 943 quid
2722 874 3018 942 significent
3033 877 3083 928 in
3104 877 3314 931 deserto
3330 890 3487 946 aqua

1924 981 2142 1029 amarat,
2172 966 2368 1032 quidve
2395 976 2667 1031 serpentes
2695 965 2843 1031 igniti
2875 983 2884 1016 :
2917 966 3250 1032 primumque
3275 982 3380 1020 non
3401 968 3488 1020 in-

1927 1056 2301 1108 convenienter
2331 1054 2596 1107 aestimare
2625 1069 2909 1122 possumus
2929 1099 2942 1120 ,
2977 1056 3095 1122 quia
3126 1056 3262 1109 sicut
3290 1069 3485 1108 manna

1928 1145 2050 1197 illud
2084 1159 2187 1212 quo
2218 1143 2370 1208 plebs
2397 1142 2619 1196 .ludaica
2655 1143 2988 1208 vescebatur,
3023 1152 3082 1196 ut
3106 1154 3286 1197 sancta
3321 1152 3493 1196 testa-

1931 1242 2012 1284 tur
2051 1231 2383 1292 auctoritas,
2435 1243 2538 1282 non
2600 1245 2761 1294 uinum
2826 1230 3180 1299 eumdemque
3235 1245 3489 1298 saporem

1929 1322 2334 1376 comedentibus
2363 1321 2607 1392 prmstitit
2631 1359 2646 1385 ,
2671 1329 2828 1388 atque
2861 1321 2962 1374 hoc
2993 1321 3080 1374 alii
3106 1321 3170 1374 ad
3203 1322 3385 1373 salutis
3411 1322 3496 1375 in-

1930 1420 2278 1475 crementum,
2303 1409 2389 1462 alii
2415 1423 2538 1462 vero
2559 1398 2625 1462 ad
2647 1409 2834 1463 salutis
2852 1410 3205 1478 dispendium;
3228 1412 3308 1463 sic
3330 1411 3492 1464 etiam

1935 1501 2037 1554 illa:
2066 1515 2215 1566 aqua:
2247 1500 2367 1552 aliis
2407 1500 2660 1553 exstitere
2686 1500 2890 1565 dulces,
2916 1510 3073 1568 atque
3102 1501 3218 1554 aliis
3249 1515 3450 1555 amarae
3477 1520 3489 1552 :

1933 1606 2153 1658 quarum
2177 1590 2421 1644 videlicet
2445 1592 2896 1645 amarititndinem
2921 1592 2994 1644 illi
3020 1607 3350 1660 nequaquam
3371 1608 3498 1645 seu-

1935 1691 2118 1734 serunt
2138 1680 2226 1748 qui
2250 1679 2502 1734 salutaris
2537 1681 2664 1749 ligni
2698 1683 2933 1736 remedia
2970 1683 3268 1751 intelligere
3297 1692 3500 1749 potue-

271 1744 634 1840 etgo-hlo-yses
659 1744 882 1825 etv'Elias
926 1769 991 1820 ad
1042 1744 1321 1822 Dominum
1368 1780 1617 1840 tanquam
1665 1770 1747 1823 lex
1780 1779 1834 1822 et
1863 1744 1906 1801 Β
1937 1780 2075 1834 runt,
2117 1744 2190 1824 illi
2229 1781 2407 1824 autem
2436 1744 2721 1825 senserunt
2749 1773 2839 1840 qui
2869 1772 2985 1825 sine
3013 1772 3116 1826 [ide
3145 1744 3348 1840 'aquain
3378 1781 3500 1824 tau-

274 1859 550 1928 prophetia
580 1858 646 1913 ad
677 1855 1042 1926 Evangelium,
1077 1856 1166 1910 ﬁat
1213 1858 1520 1927 decalogum
1553 1867 1835 1925 quaterna-

278 1958 414 2013 tum,
468 1947 746 2002 concludat
794 1948 925 2001 intra
978 1962 1088 2000 suae
1139 1947 1532 2014 prtedicationis
1579 1947 1832 1999 ambitum

274 2045 445 2092 totum
473 2052 570 2105 per
596 2047 852 2107 quartuor
879 2038 1127 2091 cardines
1158 2036 1276 2090 cmli
1325 2037 1377 2089 in
1421 2021 1605 2090 electis
1652 2037 1834 2090 orbem

280 2136 560 2191 terrarum,
608 2136 662 2181 et
716 2128 768 2182 in
818 2138 1042 2197 utroque
1093 2128 1433 2181 Testamento
1489 2142 1516 2178 a
1577 2127 1836 2195 principio

283 2233 451 2286 usque
479 2218 544 2270 ad
573 2218 732 2270 tinem
761 2218 1108 2288 quadraginta
1140 2218 1344 2273 dierum
1383 2217 1639 2285 jejunium
1679 2233 1839 2286 appa-

281 2314 400 2360 reat
445 2315 830 2369 consecratum.
877 2305 968 2361 Ille
1017 2309 1209 2361 etenim
1259 2306 1601 2375 quadraginta
1651 2306 1840 2362 diebus

289 2396 512 2464 mystice
534 2396 761 2464 jejunat,
792 2397 878 2464 qui
909 2411 1001 2463 per
1028 2407 1249 2466 quatuor
1279 2398 1445 2450 sancti
1480 2397 1743 2464 Evangelii
1777 2397 1839 2450 li-

293 2483 420 2536 bros
459 2485 771 2550 spiritaliter
816 2485 982 2552 legem
1035 2484 1298 2547 observat,
1345 2485 1434 2552 qui
1482 2485 1533 2537 in
1579 2485 1840 2552 diligendo

283 2570 395 2624 Dco
443 2581 497 2624 et
552 2572 789 2638 proximo
835 2571 1113 2624 cbaritatis
1156 2571 1275 2639 jura
1341 2582 1638 2626 conservat.
1689 2571 1841 2627 Unde

199 2683 206 2693 ν
279 2661 534 2726 scriptum
564 2670 643 2713 est
669 2675 681 2712 :
717 2657 991 2714 Plenitudo
1025 2661 1149 2730 legis
1176 2669 1247 2712 est
1280 2660 1485 2713 dilectio
1517 2660 1690 2728 (Rom.
1719 2676 1838 2730 xttt,

283 2751 397 2818 10).
429 2751 564 2805 lluic
593 2762 640 2805 et
677 2752 928 2806 Dominus
949 2766 1068 2804 cum
1095 2752 1144 2804 in
1171 2750 1452 2819 Evangelio
1482 2751 1722 2805 diceret:
1749 2751 1840 2804 Di-

283 2841 382 2911 lige
411 2841 684 2893 Dominum
714 2840 880 2893 Deum
924 2850 1066 2892 tuum
1107 2857 1167 2893 ex
1209 2848 1310 2892 toto
1357 2843 1511 2892 corde
1554 2849 1661 2906 tuo,
1708 2852 1752 2894 et
1779 2857 1840 2894 ea:

285 2941 388 2986 tota
427 2932 597 2984 anima
642 2940 750 2995 tua,
783 2942 827 2983 et
856 2947 917 2984 ex
959 2941 1067 2983 tota
1111 2933 1291 2982 virtute
1335 2941 1445 2984 tua.
1486 2931 1596 2983 Hoc
1622 2942 1712 2994 est,
1765 2934 1843 2984 in-

287 3021 497 3090 quiens,
531 3021 747 3087 primunt
778 3029 822 3072 et
852 3020 1128 3072 maximum
1173 3020 1470 3072 mandatum
1517 3020 1569 3072 in
1605 3021 1733 3088 lege,
1759 3036 1839 3071 se-

286 3109 508 3162 cundum
559 3120 724 3163 autem
773 3109 934 3160 simile
981 3119 1054 3161 est
1103 3109 1217 3160 huic
1259 3123 1277 3159 :
1316 3107 1508 3176 Diliges
1555 3108 1841 3176 proximum

291 3208 433 3268 tuum
478 3209 712 3266 tanquam
754 3209 797 3248 te
839 3198 1028 3265 ipsum,
1061 3198 1311 3250 continuo
1356 3197 1583 3264 subjecit
1616 3196 1721 3249 ειη
1765 3198 1842 3250 his

289 3287 480 3340 duobus
508 3287 765 3355 prmceptis
795 3297 895 3339 tota
925 3289 1005 3340 lea:
1033 3288 1212 3355 pendet
1258 3295 1306 3339 et
1353 3286 1608 3355 pmphettc
1631 3285 1840 3353 (Matth.

291 3395 418 3444 xxn,
451 3381 562 3448 57).
594 3380 832 3432 Custodit
860 3394 985 3432 vero
1014 3380 1127 3432 haec
1152 3379 1256 3432 duo
1279 3394 1482 3432 summa
1519 3389 1676 3444 atque
1709 3395 1841 3445 pta:-

291 3474 442 3539 cipua
475 3470 739 3534 mandata,
765 3469 1001 3539 quisquis
1047 3481 1212 3524 totum
1264 3470 1517 3527 abhorret
1555 3471 1693 3539 quod
1725 3473 1840 3523 ani-

293 3575 429 3613 mam
477 3558 677 3611 inducit
720 3558 789 3610 ad
822 3559 999 3610 carnis
1021 3558 1305 3620 desideria,
1334 3558 1480 3627 quia,
1513 3569 1569 3612 ut
1613 3559 1842 3613 Joannes

290 3651 364 3701 ait
389 3667 401 3701 :
427 3650 486 3703 Si
514 3650 624 3716 quis
652 3648 814 3716 diligit
843 3649 1118 3712 mundum,
1163 3665 1263 3699 non
1296 3659 1368 3699 est
1409 3646 1631 3701 charitas
1675 3647 1843 3700 Patris

291 3743 344 3792 in
375 3741 463 3791 illo
483 3779 496 3801 ,
529 3738 763 3806 quoniam
791 3753 935 3789 omne
963 3738 1096 3800 quod
1123 3738 1174 3789 in
1216 3738 1404 3789 mundo
1443 3747 1534 3801 est,
1572 3739 1843 3804 concupis-

290 3830 451 3881 centia
482 3828 645 3879 carnis
691 3835 783 3889 est,
817 3836 862 3877 et
909 3828 1314 3893 concupiscentia
1359 3828 1640 3898 oculorum,
1671 3837 1715 3879 et
1757 3844 1845 3880 su-

291 3918 459 3985 perbia
485 3918 597 3968 vita:
634 3915 683 3986 (1
715 3915 871 3968 Joan.
905 3930 962 3979 ll,
998 3915 1108 3983 15).
1155 3917 1293 3970 Bene
1335 3932 1460 3984 ergo
1492 3917 1746 3970 Dominus
1792 3918 1843 3970 in

291 4019 386 4058 sua
439 4005 896 4058 transformatione
953 4004 1168 4073 Moysen
1234 4013 1290 4057 et
1344 4005 1508 4058 Eliam
1564 4008 1842 4075 exhibuit,

291 4108 425 4164 quos
458 4097 527 4146 ob
571 4092 967 4162 signiﬁcandum
997 4096 1233 4162 gratiam
1283 4096 1358 4148 rei
1389 4094 1576 4149 luturte
1623 4096 1674 4149 in
1703 4097 1843 4165 jeju-

296 4187 470 4239 nando
513 4186 612 4238 sibi
645 4186 843 4239 similes
875 4185 1016 4248 fecit,
1050 4195 1304 4253 quatenus
1334 4188 1539 4258 scilicet
1579 4190 1846 4255 utriusque
1877 4255 1881 4259 _

297 4273 621 4328 Testamenti
655 4275 786 4326 facta
819 4275 1122 4339 concordia,
1151 4274 1297 4340 juxta
1326 4273 1646 4338 prtemissam
1695 4275 1845 4326 intel-

1936 1871 2044 1916 tttm
2084 1873 2355 1916 anserum.
2401 1861 2493 1916 Sic
2537 1877 2745 1931 quoque
2781 1863 2832 1914 lti
2866 1870 3068 1915 tantum
3115 1877 3144 1914 a
3189 1869 3497 1928 serpentum

1937 1952 2197 2004 morsibus
2225 1951 2399 2004 sanari
2430 1960 2713 2018 potuerunt
2736 1951 2826 2019 qui
2854 1959 3160 2017 serpentem
3184 1965 3386 2003 aanenm
3413 1964 3503 2002 as-

1937 2040 2234 2108 picientes,
2283 2042 2589 2109 mysterium
2638 2040 2883 2094 ﬁdentius
2917 2039 3297 2100 attenderunt,
3347 2052 3499 2091 saera

1939 2131 2210 2198 Scriptura
2244 2132 2624 2198 pronuntiante
2649 2169 2666 2195 ,
2696 2131 2834 2198 quod
2877 2144 2982 2183 non
3026 2144 3115 2197 per
3144 2130 3246 2180 hoc
3275 2114 3500 2194 quisque

1943 2219 2036 2287 qui
2067 2218 2279 2272 videbat
2306 2219 2592 2272 sanabatur
2620 2208 2648 2270 ι’
2670 2233 2732 2271 ac
2761 2217 2804 2276 si
2832 2226 3017 2286 aperte
3045 2218 3312 2270 diceretur
3332 2257 3348 2279 ,
3387 2229 3497 2268 non

1942 2322 2035 2377 per
2065 2309 2166 2361 hoc
2182 2308 2323 2376 quod
2352 2307 2482 2361 foris
2509 2309 2653 2375 juxta
2686 2308 2914 2361 litteram
2939 2308 3173 2376 patebat,
3195 2307 3286 2358 sed
3314 2321 3404 2373 per
3429 2307 3500 2357 il-

1941 2399 2028 2452 lud
2058 2399 2195 2469 quod
2230 2399 2372 2451 intus
2401 2397 2454 2451 in
2491 2406 2823 2452 sacramento
2854 2398 3066 2450 latebat.
3099 2397 3236 2462 Quid
3270 2411 3393 2462 ergo
3420 2396 3501 2446 si-

1941 2487 2191 2555 gnilicant
2212 2501 2587 2556 aquatumarae,
2605 2486 2705 2538 1ιὶδί
2732 2484 3081 2538 adversitates
3103 2483 3257 2551 hujus
3280 2481 3460 2534 seaculi
3483 2480 3506 2531 τ

1943 2579 2008 2631 de
2037 2577 2225 2644 quibus
2253 2577 2501 2630 nimirum
2533 2575 2676 2628 solus
2703 2575 2790 2627 ille
2833 2575 3064 2628 indebite
3089 2573 3316 2642 gustavit
3342 2614 3355 2636 ,
3405 2570 3500 2638 qui

1942 2676 2000 2720 ut
2024 2667 2074 2719 in
2100 2666 2374 2719 dexteram
2403 2665 2570 2717 Patris
2594 2663 2782 2716 sedens
2804 2673 3066 2729 regnaret,
3091 2662 3156 2714 de
3183 2671 3414 2714 torrente
3447 2661 3500 2712 in

1943 2755 2023 2807 via
2051 2754 2198 2807 bibit.
2230 2753 2354 2807 Inde
2376 2762 2457 2806 est
2480 2752 2618 2821 quod
2645 2751 2763 2804 felle
2790 2751 3014 2816 cibatus,
3038 2750 3160 2802 inde
3186 2750 3320 2817 quod
3346 2760 3504 2802 aceto

1945 2855 2153 2915 potatus
2178 2886 2191 2910 ,
2225 2845 2348 2898 inde
2374 2844 2512 2912 quod
2548 2845 2662 2910 pius
2687 2840 2928 2894 conditor
2955 2849 3008 2893 ct
3045 2841 3158 2894 sitit
3185 2840 3326 2908 quod
3354 2853 3505 2891 aina-

1944 2951 2060 2989 rum
2089 2945 2172 2989 est
2202 2976 2217 2998 ,
2249 2944 2303 2988 et
2329 2948 2568 2986 amarum
2603 2940 2819 3001 gustatis
2846 2931 2919 2983 ait
2947 2948 2958 2982 :
2992 2929 3400 2984 Consummatum
3432 2938 3508 2982 est

1946 3027 2124 3092 (Joan.
2161 3041 2272 3087 xix,
2304 3023 2418 3091 30).
2456 3023 2605 3077 Unde
2629 3030 2803 3074 autem
2833 3035 2983 3088 aqua:
3009 3034 3206 3073 amaras
3238 3020 3291 3074 in
3321 3019 3507 3072 dulce.

1889 3114 1912 3136 ⁴
1947 3114 2069 3168 dine
2099 3130 2290 3178 versat,
2323 3114 2422 3166 nisi
2449 3127 2515 3166 ex
2547 3111 2865 3164 admistione
2893 3110 3135 3163 salutaris
3167 3109 3312 3178 ligni.
3348 3109 3508 3162 Deni-

1944 3220 2048 3274 que
2076 3220 2194 3258 cum
2242 3210 2601 3257 murmuraret
2651 3201 2872 3270 populus
2901 3201 3060 3254 Israel
3108 3209 3324 3267 propter
3352 3213 3507 3266 aqua!

1944 3278 2350 3347 amaritudinem
2379 3333 2393 3355 ,
2424 3291 2671 3345 clamavit
2699 3291 2903 3358 Moyses
2932 3291 2996 3342 ad
3046 3289 3326 3342 Dominum
3352 3330 3366 3350 ,
3411 3288 3507 3354 qui

1943 3382 2178 3434 ostendit
2211 3382 2260 3434 ei
2291 3381 2513 3447 lignum,
2545 3379 2682 3446 quod
2714 3393 2834 3431 cum
2885 3378 3117 3431 misisset
3149 3377 3198 3429 in
3225 3391 3417 3445 aquas,
3449 3377 3502 3428 in

1945 3471 2278 3525 dulcedinem
2329 3483 2495 3522 versa:
2526 3476 2670 3523 sunt.
2705 3469 2874 3535 Ipsum
2910 3467 3143 3534 proiecto
3182 3476 3264 3520 est
3304 3467 3505 3533 lignum

1945 3561 2068 3613 vita:
2100 3559 2154 3612 in
2184 3558 2428 3626 paradiso
2463 3555 2574 3619 Dei,
2618 3557 2790 3621 ipsum
2822 3556 2964 3624 quod
2991 3556 3284 3623 plantatum
3312 3564 3392 3608 est
3420 3570 3508 3608 se-

1943 3664 2040 3704 cus
2088 3650 2349 3702 decursus
2411 3661 2690 3714 aquarum,
2750 3645 3002 3698 Dominus
3053 3645 3297 3698 videlicet
3349 3638 3510 3697 Jesus

1944 3737 2184 3792 Christus
2213 3739 2348 3788 Deus
2376 3745 2428 3786 et
2459 3735 2617 3784 homo
2644 3731 2904 3799 perfectus
2931 3773 2944 3795 ,
2991 3731 3056 3785 de
3081 3745 3187 3798 quo
3215 3733 3372 3784 etiam
3402 3732 3507 3785 Sa-

1947 3831 2126 3882 lomon
2157 3828 2283 3880 dicit
2313 3845 2323 3878 :
2357 3824 2538 3877 Beatus
2570 3826 2716 3875 homo
2743 3825 2832 3892 qui
2861 3825 3048 3876 invenit
3079 3826 3404 3893 sapie:.tium,
3437 3825 3505 3876 li-

1945 3937 2097 3989 gnunt
2120 3920 2232 3969 vita:
2260 3929 2328 3970 est
2356 3917 2433 3968 his
2455 3917 2540 3984 qui
2567 3915 2943 3984 apprehendent
2967 3925 3156 3978 eam,et
3178 3915 3265 3980 qui
3288 3916 3510 3967 tenuerit

1946 4025 2055 4060 eam
2085 4010 2254 4060 beatus
2279 4004 2450 4073 (Prov.
2473 4018 2551 4068 Ill,
2581 4001 2692 4070 18).
2719 4004 2877 4056 Misso
2901 4003 3056 4070 igitur
3087 4003 3227 4066 ligno
3260 4004 3309 4053 in
3340 4018 3508 4067 aquas

1946 4112 2175 4158 amaras,
2209 4110 2327 4147 mox
2361 4095 2410 4146 itt
2438 4093 2769 4146 dulcedinem
2793 4094 3014 4144 vertitur
3036 4093 3288 4160 quidquid
3306 4094 3508 4145 amari-

1949 4186 2142 4239 tudinis
2171 4185 2366 4238 babere
2392 4183 2707 4245 videbatur;
2739 4182 2858 4251 quia
2884 4183 3128 4236 videlicet
3155 4183 3277 4237 dum
3310 4186 3512 4238 nostris

1949 4276 2374 4331 tribulationibus
2407 4275 2582 4342 passio
2631 4275 2766 4326 beati
2798 4273 3097 4327 Mediatoris
3130 4276 3505 4340 permiscetur,

301 4367 530 4435 ligentim
560 4367 813 4433 regulam,
857 4367 1161 4420 ostenderet
1199 4381 1381 4419 omnes
1426 4367 1490 4418 ad
1527 4367 1682 4418 vitam
1716 4383 1842 4434 pm:-
1880 4395 1926 4452 ο
1954 4367 2154 4434 pondus
2186 4365 2456 4433 gravitatis
2480 4378 2660 4417 earum
2694 4363 2918 4417 levatur.
2949 4363 3054 4417 Sed
3079 4363 3350 4417 sciendum
3381 4365 3508 4431 quia

304 4457 574 4506 ordinatos
601 4494 614 4516 ,
670 4456 721 4506 in
765 4455 862 4506 hac
892 4456 1324 4523 peregrinationis
1351 4471 1580 4508 azrumna
1627 4457 1846 4523 quadra-

299 4541 439 4608 ginta
488 4541 688 4594 dierum
739 4540 992 4609 jejunium
1049 4558 1140 4610 per
1188 4544 1504 4597 breviarium
1553 4547 1706 4613 legis,
1739 4562 1842 4614 quo

301 4631 507 4698 gemina
557 4640 713 4698 atque
764 4632 1062 4701 evangelica
1111 4633 1569 4686 demonstraretur
1610 4635 1845 4700 dilectio,

301 4737 508 4788 semper
535 4722 817 4774 observare
843 4722 1058 4788 debere,
1087 4737 1203 4790 quae
1232 4724 1407 4789 utique
1443 4731 1496 4775 et
1523 4723 1676 4776 bonis
1704 4725 1850 4776 inde-

297 4812 530 4865 sinenter
570 4811 848 4875 inliterere,
896 4821 948 4863 et
991 4827 1019 4863 a
1064 4812 1214 4864 malis
1264 4813 1674 4880 omnitempore
1724 4814 1850 4866 facit

300 4903 581 4954 declinare.

371 4994 454 5044 ll.
485 4991 588 5044 Sed
617 5006 714 5044 nec
742 4992 863 5044 illud
891 4994 1098 5046 silentio
1133 4995 1549 5060 praetereundum
1597 4995 1845 5047 existimo

298 5082 436 5148 quod
483 5081 532 5132 in
581 5095 760 5134 eremo
808 5082 1033 5150 Moyses,
1068 5083 1117 5134 in
1149 5098 1328 5136 eremo
1375 5085 1537 5148 Elius,
1585 5086 1636 5137 in
1667 5101 1848 5138 eremo

299 5169 501 5234 jejunat
539 5178 592 5221 et
622 5168 895 5235 Dominus,
928 5184 1019 5235 per
1048 5172 1183 5238 quod
1232 5171 1472 5224 nimirum
1529 5174 1680 5239 hujus
1729 5178 1849 5227 vita:

303 5254 653 5322 peregrinatio
685 5256 1007 5321 designatur,
1060 5258 1110 5312 in
1159 5274 1280 5327 qua,
1334 5261 1468 5312 sicut
1514 5261 1695 5314 beatus
1744 5263 1842 5314 Job

304 5346 517 5412 indicat,
561 5347 663 5399 vita
711 5346 941 5400 hominis
989 5351 1207 5402 tentatio
1260 5365 1376 5403 esse
1429 5354 1696 5418 probatur.
1729 5353 1850 5407 Inde

303 5447 384 5490 est
425 5438 562 5504 quod
593 5437 644 5488 in
676 5452 854 5490 eremo
889 5454 1035 5505 aqua:
1063 5456 1256 5494 amarae
1288 5451 1340 5494 et
1385 5443 1530 5509 igniti
1580 5451 1703 5494 sunt
1731 5457 1846 5495 scr-

305 5534 510 5593 pcntes.
559 5527 683 5580 Inde
728 5529 864 5596 quod
907 5532 993 5582 lilii
1042 5532 1198 5584 Israel
1249 5541 1365 5599 post
1395 5543 1599 5599 tempus
1631 5533 1851 5600 quadra-

307 5616 444 5682 ginta
500 5630 775 5680 annorum,
831 5627 1072 5685 tanquam
1121 5623 1464 5687 quadraginta
1522 5624 1744 5683 dierum,
1802 5623 1848 5674 in

1945 4458 2093 4524 juxta
2145 4456 2470 4524 prtemissam
2530 4454 2804 4521 parvitatis
2855 4463 3052 4506 nostra;
3104 4453 3506 4521 intelligentiam

1950 4546 2068 4600 aliis
2094 4561 2286 4598 amara:
2311 4553 2684 4611 perseverant,
2708 4544 2825 4596 aliis
2848 4543 3180 4597 dulcedinem
3205 4557 3354 4611 aqum
3375 4543 3509 4598 sub-

1952 4636 2250 4689 ministrant
2276 4650 2292 4696 ;
2325 4633 2446 4687 hinc
2475 4640 2560 4685 est
2587 4632 2726 4706 quod
2763 4647 2926 4684 unum
2953 4633 3199 4684 eumdem
3244 4624 3513 4698 passionis

1949 4724 2163 4782 calicem
2193 4723 2280 4775 alii
2301 4729 2576 4790 appetunt,
2607 4721 2694 4773 alii
2718 4716 2997 4788 refugiunt.
3025 4723 3289 4789 Appetunt
3308 4719 3514 4774 scilicet

1949 4811 2136 4879 quibus
2158 4808 2454 4861 amaritudo
2480 4807 2620 4860 illius
2637 4807 2806 4860 dulcis
2824 4817 2937 4860 est:
2963 4807 3228 4874 refugiunt
3252 4820 3377 4860 vero
3392 4806 3515 4874 qui-

1917 4930 1919 4932 -
1950 4901 2046 4950 bus
2067 4913 2242 4950 amara
2267 4898 2570 4964 displicent;
2595 4906 2846 4964 appetunt
2867 4897 2953 4963 qui
2972 4906 3250 4964 angustum
3273 4897 3371 4950 iter
3391 4909 3512 4950 car—

1954 5001 2116 5059 punt;
2167 4991 2452 5058 refugiunt,
2483 4990 2571 5056 qui
2622 4990 2721 5040 lata
2751 4997 2805 5041 et
2841 4990 3071 5056 spatiose
3114 4988 3291 5041 mundi
3325 4988 3514 5040 itinera

1953 5083 2265 5148 voluptuose
2291 5087 2619 5146 percurrunt.
2643 5077 2800 5129 Solus
2819 5077 2958 5128 enim
2984 5077 3080 5129 ille
3103 5076 3512 5129 amaritudinem

1951 5188 2100 5240 aqu-.c
2124 5183 2227 5222 non
2244 5168 2424 5238 sentit,
2441 5167 2526 5234 qui
2546 5164 2877 5218 dulcedinem
2896 5165 3018 5232 ligni
3042 5165 3093 5216 in
3118 5180 3266 5232 aqua!
3291 5166 3510 5217 rotatio-

1953 5275 2071 5314 nem
2094 5261 2158 5312 ab
2183 5258 2380 5311 intimis
2399 5255 2576 5320 trahit,
2605 5265 2655 5308 et
2685 5270 2789 5320 prin
2813 5256 2950 5307 illius
2970 5255 3248 5307 dulcedine
3267 5256 3402 5320 quod
3428 5253 3516 5304 itit-

1953 5351 2196 5414 mittitur,
2215 5347 2369 5416 hujus
2382 5361 2497 5413 qua:
2512 5349 2674 5398 inerat
2693 5343 2988 5397 amaritudo
3006 5357 3107 5396 non
3127 5343 3346 5395 sentitur
3366 5359 3376 5392 :
3393 5341 3516 5407 quia

1956 5442 2198 5495 videlicet
2212 5440 2296 5508 qui
2318 5441 2467 5507 plene
2489 5439 2746 5504 degustat,
2769 5451 2886 5504 qua:
2904 5446 2954 5490 et
2971 5444 3163 5503 quanta
3189 5436 3322 5486 intra
3340 5447 3518 5487 secre-

1957 5543 2064 5584 tttnt
2088 5529 2261 5582 crucis
2281 5527 2501 5580 dulcedo
2522 5527 2699 5587 lateat,
2722 5534 2906 5577 cuncta
2931 5538 3044 5588 qun!
3065 5521 3209 5574 cruci
3249 5521 3519 5586 adjacent,

1958 5625 2113 5676 etiam
2146 5635 2321 5672 amara
2349 5660 2359 5682 ,
2417 5615 2585 5669 dulcia
2615 5624 2778 5683 putat.
2809 5613 2955 5667 Unde
2983 5621 3035 5665 ct
3065 5627 3209 5665 sacra
3240 5610 3521 5677 Scriptura
