3910 6234
381 190 512 245 1313

1276 189 1544 240 ΙΙΟΜΗᾸΛ
1587 188 1648 240 IN
1690 183 2374 240 ΤΒΑΝδΙ-ΊΗΗΜΤΙΟᾸΕ
2419 188 2663 242 υυδιιδι.

3469 197 3575 251 514

381 294 678 362 pronuntiat
704 295 924 346 :Aninne
944 294 1180 346 esurienti
1201 297 1350 346 etiam
1365 313 1542 348 αυιανα
1558 298 1726 348 dulcia
1749 296 1924 348 riden-
1954 297 2003 352 Α
2033 295 2192 347 bitam
2228 297 2325 349 sibi
2359 298 2486 366 legis
2533 302 2861 354 severitatem
2897 303 2944 354 in
2973 317 3034 356 se
3061 306 3372 374 suscipiens,
3406 310 3574 380 legem

381 395 458 437 tur
487 384 668 448 (Prov.
700 398 861 447 um,
889 385 967 448 7).
998 383 1123 447 Quis
1150 385 1288 435 enim
1313 393 1415 435 tam
1447 386 1699 452 ingratus,
1732 383 1820 449 qui
1845 394 1924 437 et-

379 475 422 526 si
451 487 554 526 non
580 482 763 541 aperto
789 475 1063 541 martyrio,
1097 474 1280 527 saltem
1310 475 1535 536 occulto,
1567 489 1671 527 non
1702 477 1925 529 libenter

384 571 632 628 sequatur
660 565 835 615 crucis
861 566 1186 632 magistrum,
1221 578 1338 616 cum
1369 565 1621 631 scriptum
1654 568 1876 618 retineat
1911 583 1924 618 :

382 648 440 701 Si
469 666 568 701 non
615 653 969 717 compatimur,
1021 667 1107 702 nec
1150 653 1558 718 conregnabintas
1585 652 1669 720 (ΙΙ
1707 653 1833 704 Tim.
1865 669 1924 715 tt,

384 736 493 804 12),
523 749 574 792 ct
597 738 784 793 Petrus
808 741 1085 793 admoneat
1119 759 1129 790 τ
1159 741 1386 794 Christus
1408 759 1592 811 passus
1617 752 1686 794 est
1721 759 1812 806 pro
1834 759 1927 794 no-

381 826 482 888 ltis,
528 827 811 894 relinquens
843 829 976 881 vobis
1014 834 1294 897 exemplum
1325 841 1378 882 ut
1407 834 1686 898 sequamini
1715 835 1920 902 vestigia

383 914 492 981 ejus
515 914 598 980 (ll
631 915 771 969 Petr.
803 932 861 979 tt,
880 919 991 984 21).
1014 919 1170 970 Tales
1192 921 1382 986 quippe
1407 921 1541 986 apud
1569 921 1818 975 llebrmos
1845 925 1928 976 in-

386 1014 595 1056 venerat
627 1005 818 1057 Paulus
841 1047 854 1066 ,
882 1008 1068 1072 quibus
1115 1008 1322 1060 dicebat
1355 1027 1365 1059 :
1398 1012 1704 1074 Aspicientes
1733 1013 1784 1064 in
1837 1029 1932 1064 au-

387 1099 570 1144 ctorem
597 1091 736 1160 ﬁdei,
768 1103 816 1146 et
841 1108 1290 1149 consummatorem
1312 1097 1505 1163 Iesum,
1527 1101 1634 1168 qui,
1667 1103 1928 1170 proposito

389 1180 483 1232 sibi
509 1181 727 1248 gaudio,
770 1183 1004 1235 sustinuit
1034 1201 1261 1244 crucem,
1311 1188 1604 1252 confusione
1649 1199 1930 1254 contempta

382 1267 538 1336 (lleb.
572 1285 665 1334 sit,
689 1268 766 1338 2).
799 1271 955 1326 Tales
984 1283 1035 1326 et
1070 1274 1188 1326 illos
1219 1274 1330 1328 fieri
1360 1276 1624 1342 cupiebat,
1655 1278 1844 1343 quibus
1874 1287 1934 1331 ut

381 1361 786 1415 amaritudinem
821 1364 1077 1430 passionis
1112 1365 1161 1416 in
1196 1364 1527 1419 dulcedinem
1557 1377 1819 1430 verteret,
1856 1370 1931 1420 lo-

386 1451 644 1516 quebatur
669 1453 853 1507 dicens
888 1471 900 1507 :
935 1453 1160 1508 Scientes
1187 1457 1303 1522 quin
1332 1457 1461 1508 sicut
1488 1458 1610 1510 socii
1641 1462 1929 1524 passionum

377 1539 514 1603 estis,
541 1541 616 1591 sic
643 1550 693 1592 et
721 1543 1080 1594 consolationis
1102 1543 1238 1594 eritis
1269 1541 1356 1612 (ll
1386 1543 1502 1596 Cor.
1527 1560 1565 1608 ι,
1597 1545 1677 1608 7).
1705 1545 1805 1598 Sed
1836 1561 1929 1600 nos

2033 382 2279 450 impletis,
2329 386 2481 438 simul
2513 397 2567 439 et
2594 389 2818 442 decretis
2847 405 3125 455 evaCuaos,
3160 405 3326 451 totum
3352 400 3489 466 quod
3518 401 3573 454 in

2027 472 2144 538 ejus
2174 475 2455 540 pra-eeptis
2505 489 2752 542 asperum
2803 488 2936 539 erat.
2977 480 3027 532 in
3057 482 3286 536 lenitatis
3314 483 3442 538 Novi
3471 486 3575 541 Te-

2025 559 2272 610 stamenti
2293 562 2508 626 gratiam
2532 565 2889 616 commutavit.
2913 566 3047 632 Quid
3066 583 3272 637 quoque
3294 572 3574 641 designant

2031 645 2178 710 igniti
2211 659 2507 714 serpentes,
2540 651 2639 703 nisi
2665 653 2866 721 antiqui
2913 656 3080 709 liostis
3110 658 3409 712 mortiferas
3451 673 3580 729 sug-_

2033 734 2348 800 gestiones?
2390 738 2472 788 cui
2524 736 2758 804 profecto
2813 746 3084 795 sententia:
3114 745 3306 799 Paulus
3345 749 3579 802 concinit

2029 821 2211 876 dicens
2243 843 2252 874 :
2284 826 2535 878 Assumite
2571 838 2764 880 scutum
2786 830 2925 896 ﬁdei,
2957 833 3008 883 in
3042 818 3149 900 quo
3185 835 3385 903 possitis
3413 839 3579 890 omnia

2029 913 2127 964 tela
2167 915 2453 981 nequissimi
2494 917 2653 985 ignita
2699 922 3010 988 exstinguere
3058 921 3213 992 (Eph.
3245 939 3313 988 vl,
3358 926 3467 995 lli).
3497 927 3577 982 Ad

2030 1002 2167 1068 quod
2201 1004 2459 1066 maxime,
2492 1006 2596 1059 imo
2625 1016 2824 1060 tantum
2857 1009 2979 1062 illud
3016 1012 3216 1076 prolicit
3243 1055 3257 1077 ,
3288 1017 3427 1082 quod
3460 1031 3579 1082 pcr-

2029 1092 2167 1144 cussi
2196 1106 2260 1144 ne
2288 1094 2578 1146 moriantur
2598 1135 2614 1159 ,
2640 1111 2840 1149 amcam
2893 1111 3187 1166 serpentem
3234 1104 3467 1169 aspicere
3491 1105 3578 1171 ju-

2034 1180 2241 1232 bentur.
2276 1181 2391 1245 Quo
2434 1183 2675 1237 videlicet
2708 1185 2758 1236 in
2805 1185 2941 1238 facto
2967 1227 2982 1250 ,
3015 1203 3117 1240 non
3154 1200 3327 1243 nostra
3370 1192 3577 1260 titubat,

2032 1271 2125 1321 sed
2176 1269 2376 1322 Domini
2419 1273 2679 1336 expositio
2713 1277 2980 1327 tractantis
3022 1280 3331 1331 sententiam
3383 1280 3576 1336 llrtnat.

2034 1359 2119 1409 Ait
2141 1360 2281 1410 enim
2316 1375 2326 1408 :
2355 1358 2498 1412 Sicut
2519 1363 2748 1412 exultavit
2773 1362 2973 1428 Moyses
2992 1376 3265 1429 serpentem
3280 1367 3332 1418 in
3359 1367 3576 1431 deserto,

2033 1445 2101 1495 ita
2127 1445 2342 1498 exaltari
2383 1458 2574 1516 oportet
2605 1447 2791 1500 Filium
2821 1451 3060 1515 hominis,
3091 1461 3143 1504 ut
3169 1454 3332 1506 omnis
3356 1455 3444 1522 qui
3471 1471 3578 1508 cre-

2034 1535 2105 1609 dlit
2127 1536 2179 1584 in
2200 1551 2332 1599 tum,
2359 1547 2458 1586 nan
2476 1546 2661 1602 pereat,
2685 1539 2773 1590 sed
2791 1539 2968 1592 habeat
2990 1542 3140 1592 vitam
3159 1551 3402 1596 teterrima
3427 1543 3577 1609 (Luc.

376 1627 476 1679 ista
515 1627 788 1693 dicentes,
815 1629 1068 1684 debemus
1132 1591 1285 1684 iulcr‘
1321 1642 1542 1700 utraque
1597 1633 1926 1687 Testamenta

2042 1591 2123 1674 iii:
2145 1664 2160 1686 ,
2198 1622 2308 1690 ιι).
2357 1622 2492 1677 Ecce
2520 1627 2658 1678 enim
2691 1627 2951 1694 suggessit
2978 1628 3215 1698 occultus
3245 1629 3580 1686 adversarius

377 1714 720 1785 distinguere,
744 1730 795 1771 et
819 1719 1040 1787 qualiter
1095 1721 1161 1773 ibi
1197 1737 1408 1786 amarae,
1437 1724 1521 1776 liic
1545 1735 1718 1776 autem
1750 1725 1934 1779 dulccs

377 1806 676 1862 exstiterint
728 1823 877 1876 aqua:
929 1812 1122 1864 videre.
1172 1813 1380 1866 Atnarre
1435 1815 1691 1881 siquidem
1725 1817 1928 1872 fuerant

379 1906 528 1960 aqua
559 1896 662 1949 illis
704 1897 772 1950 de
799 1898 989 1965 quibus
1019 1900 1208 1953 Moises
1250 1902 1494 1955 dicebat:
1543 1904 1764 1957 Oderunt
1797 1907 1934 1973 [illos

384 1981 552 2036 Israel
591 1984 830 2054 lt'gyptii,
889 1995 935 2039 et
999 1989 1274 2058 oﬁligetant
1327 1990 1588 2045 illudentes
1634 1994 1737 2056 eis,
1789 2005 1934 2062 atque

379 2071 449 2124 ad
497 2073 886 2125 amaritudinem
937 2077 1275 2144 perducebant
1302 2079 1451 2131 vitam
1491 2095 1660 2131 eorum
1705 2082 1933 2150 operibus

375 2159 521 2211 duris
559 2160 654 2210 luti
680 2170 728 2213 et
758 2160 928 2214 lateris
954 2203 968 2224 ,
1002 2166 1227 2231 omnique
1257 2166 1505 2230 faumlatu
1526 2206 1541 2230 ,
1579 2185 1674 2235 quo
1704 2171 1754 2221 in
1787 2179 1933 2223 teme

373 2248 606 2318 operibus
632 2251 981 2318 premebantur
1013 2245 1208 2321 (Exod.
1242 2269 1278 2317 t,
1323 2252 1429 2322 12).
1476 2258 1682 2310 Amarae
1737 2267 1788 2311 et
1829 2238 1933 2311 illis

374 2351 440 2389 es
460 2351 683 2404 quorum
707 2354 932 2408 persona
949 2341 1201 2395 Jeremias
1217 2345 1316 2396 sub
1345 2354 1467 2416 typo
1490 2347 1728 2400 mulieris
1750 2348 1933 2416 loque-

377 2426 530 2478 batur
549 2427 730 2480 dicens
758 2445 768 2478 :
809 2427 991 2484 Venter
1014 2447 1148 2484 meus
1170 2415 1491 2487 conturbatus
1516 2445 1609 2500 est,
1639 2415 1931 2489 subversum

376 2525 449 2569 est
469 2532 556 2569 cor
581 2533 747 2570 meum
768 2518 822 2571 in
845 2521 1155 2588 memetipsa,
1173 2524 1407 2589 quoniam
1428 2525 1766 2578 amaritudine
1786 2525 1934 2594 plena

377 2623 490 2660 sum
521 2608 734 2676 (Thren.
771 2625 807 2674 t,
837 2609 951 2678 ‘20).
980 2609 1045 2663 Et
1067 2625 1273 2665 sursum
1304 2630 1316 2664 :
1350 2613 1691 2667 Circumdedit
1717 2631 1795 2668 me
1816 2617 1933 2683 felle

376 2708 422 2750 et
453 2701 623 2752 labore
668 2701 878 2766 (Thren.
910 2717 986 2766 In,
1024 2702 1132 2772 15).
1166 2703 1502 2772 Rursumque
1531 2721 1543 2756 :
1579 2703 1809 2771 Replevit
1854 2722 1932 2760 me

377 2789 820 2855 amaritudinibus,
847 2793 1174 2848 etinebriavit
1213 2809 1290 2844 me
1329 2793 1590 2862 absynthio
1621 2792 1780 2861 (Ibid.
1818 2794 1928 2861 xv).

389 2876 492 2932 Sed
523 2876 635 2946 jam
681 2893 773 2946 per
802 2879 1166 2933 admistionem
1218 2880 1345 2949 ligni
1374 2878 1616 2934 salutaris
1657 2879 1710 2933 in
1751 2880 1931 2933 dulce-

389 2963 564 3020 dinem
595 2966 698 3020 illis
725 2982 1016 3032 conversae,
1066 2969 1130 3022 de
1161 2969 1344 3037 quibus
1375 2969 1541 3024 Lucas
1570 2971 1926 3024 testimonium

385 3055 696 3124 perhibebat
724 3057 905 3110 dicens
936 3077 947 3108 :
979 3058 1001 3109 Ι
1012 3057 1129 3109 bant
1169 3067 1338 3110 autem
1365 3057 1579 3124 apostoli
1602 3059 1876 3126 gaudentes
1899 3075 1932 3110 a

379 3155 651 3212 conspectu
678 3146 900 3212 concilii,
924 3147 1159 3216 quoniam
1188 3148 1330 3216 digni
1377 3147 1533 3200 habiti
1563 3157 1676 3200 sunt
1703 3165 1796 3216 pro
1836 3165 1932 3200 no-

384 3239 518 3292 mine
545 3241 654 3308 ejus
683 3240 1040 3290 contumeliam
1090 3240 1195 3306 poti
1227 3239 1363 3307 (Act.
1384 3254 1434 3304 v,
1453 3238 1563 3305 ll).
1596 3243 1802 3292 Amarte
1842 3254 1933 3292 ex-

381 3329 622 3382 stiterant
646 3337 699 3381 et
731 3329 825 3395 ipsi
857 3328 1040 3397 Moysi,
1071 3345 1188 3389 cum
1221 3338 1444 3382 maestus
1473 3337 1923 3396 conquereretur:

375 3419 500 3481 Cur,
529 3417 725 3485 inquit,
775 3417 1006 3482 Domine,
1058 3418 1277 3485 aﬂlixisti
1318 3433 1511 3469 servum
1562 3419 1742 3469 tuum?
1772 3434 1928 3487 quare

381 3522 480 3558 non
501 3505 698 3557 invenio
727 3505 941 3573 gratiam
961 3519 1130 3556 coram
1161 3504 1248 3555 te?
1271 3502 1375 3555 Cur
1405 3505 1690 3566 imposuisti
1727 3505 1931 3569 pondus

383 3596 603 3647 universi
632 3593 810 3662 papuli
850 3595 1000 3662 hujus
1029 3609 1181 3658 super
1226 3595 1346 3644 me?
1395 3593 1517 3646 Non
1546 3610 1750 3658 possum
1799 3595 1936 3646 solus

380 3689 627 3742 sustinere
655 3703 851 3740 omnem
879 3688 1012 3737 hunc
1058 3688 1296 3750 populum
1317 3722 1332 3746 ,
1356 3685 1471 3752 quia
1497 3686 1670 3752 grai-is,
1689 3685 1810 3736 mihi
1843 3696 1936 3740 est.

386 3780 484 3833 Sin
507 3778 653 3830 aliter
683 3777 768 3828 tibi
799 3777 1013 3837 videtur,
1042 3777 1243 3826 obsecro
1273 3785 1324 3825 ut
1354 3775 1624 3834 interﬁcias
1653 3790 1748 3837 me,
1779 3785 1834 3826 ut
1861 3775 1940 3826 in-

379 3869 574 3921 veniam
602 3867 820 3937 gratiam
850 3867 900 3916 in
933 3866 1090 3917 oculis
1117 3865 1244 3927 tuis,
1274 3880 1333 3915 ne
1364 3867 1517 3915 tantis
1547 3865 1749 3930 a/ﬁciar
1787 3865 1932 3915 malis

379 3959 576 4030 (Exod.
601 3973 725 4020 xvu,
755 3956 832 4023 4).
867 3957 1196 4023 Rursumque
1224 3971 1236 4006 :
1277 3953 1521 4006 Pusillum
1550 3963 1594 4004 et
1642 3955 1939 4021 lapidabunt

383 4066 485 4104 me.
514 4051 720 4102 Amarae
752 4047 961 4099 fuerant
998 4054 1054 4098 ct
1086 4045 1234 4106 Elite,
1265 4059 1382 4096 cum
1429 4046 1826 4108 persecutiones
1852 4043 1941 4094 Je-

383 4139 579 4195 zabelis
596 4151 686 4206 per
706 4137 911 4190 deserta
932 4134 1149 4201 fugiens,
1177 4137 1220 4183 v;
1242 4149 1398 4199 mque
1420 4136 1621 4200 patiens
1644 4135 1897 4188 clamaret
1924 4149 1937 4186 :

2039 1712 2312 1778 quodlibet
2356 1713 2406 1764 in
2459 1724 2633 1768 mente
2663 1715 2897 1779 facinus;
2952 1717 3302 1786 consensisti,
3352 1734 3573 1789 serpens

2038 1805 2320 1856 momordit
2350 1812 2436 1856 te:
2467 1807 2558 1857 sed
2595 1819 2660 1858 ne
2706 1805 2938 1859 funditus
2987 1808 3367 1878 esstinguarls,
3396 1813 3574 1880 aspice

2037 1902 2338 1959 serpentem
2371 1910 2597 1958 :cneum,
2631 1896 2728 1949 hoc
2759 1905 2840 1950 est
2869 1898 2921 1948 in
2949 1912 3105 1952 cruce
3136 1901 3446 1965 pendentem
3475 1902 3578 1956 Do-

2036 1985 2235 2037 minum
2255 2026 2269 2049 ,
2301 1984 2448 2051 cujus
2480 1985 2721 2038 nimirum
2754 1986 2929 2053 passio
2957 1988 3082 2040 dum
3112 1988 3248 2042 bene
3279 1989 3580 2045 considera-

2037 2084 2140 2139 tur,
2171 2073 2350 2126 omnia
2382 2075 2431 2126 iu
2455 2074 2883 2128 nobis-vitiorum
2923 2075 3058 2127 mala
3093 2076 3428 2145 exstinguere
3455 2093 3578 2145 pro-

2037 2160 2207 2213 batur.
2239 2161 2377 2214 Bene
2405 2173 2576 2214 autem
2622 2162 3012 2226 consideratur,
3043 2165 3165 2218 dum
3198 2167 3307 2233 ipsa
3337 2181 3432 2235 pro
3455 2167 3581 2221 vlri-

2037 2250 2132 2304 bus
2163 2252 2350 2304 imitari
2384 2263 2622 2305 conatur.
2656 2251 2827 2320 Incipe
2854 2253 3012 2320 igitur
3061 2255 3361 2322 passionem
3387 2255 3581 2310 Christi

2035 2337 2232 2390 imitari
2281 2339 2416 2392 velle
2436 2381 2450 2406 ,
2480 2349 2533 2392 et
2564 2341 2765 2392 nullum
2818 2338 2914 2392 erit
2945 2341 3167 2395 tuortalo
3213 2343 3410 2398 crimen
3440 2344 3580 2410 quod

2040 2437 2092 2481 te
2122 2429 2287 2495 possit
2314 2429 2671 2496 exSIinguere.
2707 2429 2912 2483 Etcum
2940 2429 3130 2484 Paulus
3155 2429 3293 2483 dicat
3323 2446 3336 2481 :
3373 2429 3473 2496 Qui
3495 2447 3582 2482 au-

2036 2527 2134 2581 tent
2161 2528 2276 2570 sunt
2308 2518 2514 2581 Christi,
2547 2535 2749 2571 carnem
2771 2536 2913 2572 suam
2937 2521 3292 2586 cruci/ﬁxerunt
3321 2504 3432 2572 cum
3458 2521 3587 2572 uitiis

2044 2619 2092 2658 et
2113 2610 2528 2675 concupiscentiis
2559 2609 2700 2678 (Gal.
2731 2625 2759 2662 ς’
2783 2650 2799 2675 ,
2840 2609 2953 2675 24).
2993 2609 3120 2674 Qua
3158 2624 3316 2678 rogo,
3348 2611 3585 2664 oblecta-

2038 2705 2212 2751 menta
2241 2698 2442 2766 peccati
2474 2698 2662 2753 talibus
2693 2707 2938 2765 poterunt
2962 2700 3275 2766 subripere?
3304 2701 3402 2764 Qui
3433 2700 3574 2753 enim

2037 2787 2326 2840 cruciﬁxus
2350 2796 2431 2841 est
2451 2827 2466 2852 ,
2509 2789 2687 2855 utique
2717 2802 2824 2855 pra:
2857 2789 3042 2842 dolore
3072 2789 3239 2857 ipsius
3269 2790 3458 2844 mortis
3485 2791 3589 2845 iat-

2043 2877 2290 2929 minentis
2317 2892 2550 2931 morsum
2584 2893 2687 2931 non
2718 2879 2887 2932 sentit
2936 2881 3181 2937 venenati
3209 2880 3490 2949 serpentis.
3516 2881 3589 2933 Da

2047 2966 2175 3020 ntibi
2206 2967 2491 3035 quemlibet
2539 2979 2821 3032 mortuum,
2849 2968 2942 3036 qui
2974 2970 3171 3025 sentire
3201 2972 3365 3038 possit
3390 2970 3593 3026 colubri

2037 3071 2292 3110 morsum.
2328 3057 2393 3110 Et
2413 3067 2560 3111 certe
2589 3058 2724 3110 idem
2749 3062 2990 3126 egregius
3019 3058 3332 3126 prxdicator
3353 3059 3593 3115 ﬁdelibus

2034 3146 2198 3201 dicit:
2235 3144 2428 3197 Mortui
2453 3145 2592 3211 estis,
2624 3155 2669 3198 et
2697 3147 2795 3198 vita
2840 3156 3002 3199 vestra
3027 3148 3348 3200 asbscondita
3368 3159 3442 3202 est
3475 3165 3588 3201 cum

2039 3237 2236 3290 Christo
2259 3237 2309 3288 in
2343 3235 2446 3287 Deo
2469 3235 2602 3305 (Col.
2628 3252 2704 3298 Ill,
2727 3237 2803 3304 ὅ).

2112 3330 2194 3380 Η.
2216 3331 2374 3389 Ecce,
2391 3339 2442 3379 ut
2458 3343 2610 3395 quam
2627 3329 2854 3382 breviter
2869 3327 3113 3382 intimare
3129 3329 3593 3398 potuimus,quare

2038 3417 2291 3470 Dominus
2320 3417 2531 3484 Moysen
2563 3423 2615 3468 et
2658 3416 2822 3468 Eliatn
2869 3416 2921 3469 in
2957 3416 3420 3486 transﬁguratione
3446 3418 3596 3471 exhi-

2041 3505 2172 3567 buit,
2199 3505 2406 3572 quosin
2435 3503 2687 3571 mysterio
2707 3501 2892 3569 jejunii
2926 3505 3104 3557 socios
3125 3513 3280 3573 atque
3304 3504 3594 3558 concOrdes

2041 3593 2268 3644 famulos
2297 3593 2495 3644 habuit.
2526 3581 2693 3656 Quam
2725 3591 2858 3643 bene
2881 3593 3036 3645 etiam
3065 3593 3308 3662 congruit
3333 3592 3473 3660 quod
3499 3592 3594 3647 Pe-

2043 3682 2107 3734 tri
2146 3690 2200 3734 et
2226 3681 2442 3734 Joannis
2473 3680 2771 3748 aspectibus
2801 3679 3012 3750 Moysen
3042 3689 3096 3733 et
3126 3679 3290 3733 Eliam
3340 3681 3590 3748 ingessit,

2042 3783 2097 3825 ut
2125 3772 2341 3836 scilicet,
2388 3772 2589 3824 Veteris
2615 3786 2678 3824 ac
2702 3770 2830 3824 Novi
2859 3770 3186 3825 'l‘cstamenti
3217 3771 3352 3825 facta
3377 3785 3596 3825 concor—

2043 3863 2152 3926 dia,
2190 3863 2502 3914 altrinsecus
2539 3869 2705 3915 semet
2743 3865 2823 3914 vel
2855 3862 2904 3914 in
2937 3862 3092 3924 facto,
3126 3862 3206 3915 vel
3245 3862 3295 3914 iu
3345 3863 3596 3931 mysterio

2046 3954 2178 4004 bime
2206 3962 2563 4018 respectarent
2581 3965 2840 4018 personas.
2864 3952 3071 4020 Moyses
3087 3953 3224 4004 enim
3243 3961 3295 4004 ut
3319 3952 3381 4004 ad
3406 3967 3597 4006 manna

2050 4047 2366 4097 vescendum
2397 4045 2680 4104 transiret,
2712 4057 2855 4095 mare
2879 4043 3102 4105 dividit;
3138 4044 3325 4096 Petrus
3369 4058 3513 4107 vero,
3544 4053 3601 4096 ut

2049 4137 2113 4187 ad
2152 4137 2446 4202 Christum,
2473 4137 2558 4200 qui
2589 4149 2767 4186 verum
2795 4135 3111 4201 cmlesteque
3141 4145 3216 4187 cst
3240 4148 3450 4199 manna,
3477 4146 3595 4198 per-

385 4227 589 4295 Sufﬁcit
608 4225 746 4289 mihi,
767 4223 1008 4284 Domine;
1027 4223 1167 4286 tolle,
1191 4238 1376 4289 qutrso,
1396 4224 1614 4274 animant
1637 4239 1831 4287 meam,
1850 4242 1936 4276 ne-
1970 4260 2016 4316 υ
2052 4227 2274 4289 veniret,
2299 4239 2456 4291 super
2488 4239 2631 4276 mare
2655 4222 2936 4276 ambulavit
2960 4238 2973 4283 ;
3028 4221 3166 4273 Elias
3206 4236 3329 4274 vero
3359 4228 3414 4272 ut
3441 4233 3597 4286 supe-

382 4335 478 4389 qtte
492 4319 624 4371 enim
645 4317 819 4369 melior
845 4332 956 4368 sunt
979 4330 1127 4384 quam
1151 4322 1317 4380 patres
1340 4316 1434 4365 mei
1451 4312 1571 4382 (Ill
1593 4314 1714 4382 lleg.
1733 4331 1837 4377 xix,
1855 4314 1907 4384 ll)
1919 4356 1930 4367 .

387 4408 492 4464 Sed
526 4422 616 4475 per
647 4406 1014 4458 admislimtem
1063 4405 1186 4470 ligni
1229 4405 1527 4456 retnedialis
1549 4403 1658 4472 jam
1694 4405 1855 4456 Paulo
1891 4406 1940 4457 in

394 4503 724 4557 dulcedinem
757 4516 943 4560 versas,
978 4513 1095 4551 cum
1122 4499 1257 4550 idem
1293 4498 1534 4549 lidelibus
1559 4499 1762 4550 diceret
1797 4500 1937 4561 :.Qni

385 4608 515 4645 nunc
543 4593 734 4661 gaudeo
766 4591 818 4643 in
847 4589 1247 4642 tribulationibus
1276 4602 1364 4653 pro
1393 4589 1527 4638 vobis
1560 4587 1732 4653 (llam.
1767 4602 1817 4650 ν,
1859 4591 1937 4653 5).

389 4684 454 4736 ΕΙ.
496 4698 702 4735 rursum
732 4701 743 4733 :
776 4681 906 4733 Mihi
957 4680 1113 4732 virere
1145 4677 1372 4730 Christus
1397 4687 1487 4740 est,
1515 4687 1560 4729 et
1590 4680 1716 4730 mori
1749 4680 1940 4730 lucrum

384 4771 548 4842 (Phil.
578 4787 614 4838 I,
645 4771 758 4836 2|).
791 4770 1156 4838 Rursumque:
1194 4769 1301 4836 Ego
1332 4779 1499 4821 autem
1531 4785 1628 4820 non
1661 4769 1824 4819 solum
1864 4771 1944 4820 al-

385 4861 558 4928 ligari,
599 4861 685 4912 sed
713 4868 758 4911 et
785 4859 913 4911 mori
944 4869 1150 4922 paratus
1180 4875 1288 4908 sunt
1317 4858 1367 4909 in
1399 4855 1680 4909 Jerusalem
1713 4875 1804 4926 pro
1853 4877 1943 4912 n0-

387 4954 521 5006 snine
542 4953 745 5005 Domini
770 4950 895 5004 Iesu
926 4952 1063 5019 (Act.
1103 4965 1211 5014 ut,
1247 4949 1351 5018 15).

464 5043 550 5096 15.
585 5042 679 5094 Est
703 5050 876 5094 autem
911 5042 995 5092 liic
1026 5042 1090 5092 de
1116 5041 1265 5106 aquis
1295 5041 1488 5093 amaris
1511 5051 1563 5093 et
1592 5042 1727 5095 alius
1757 5057 1944 5096 sensus

395 5140 694 5202 frequenter
737 5146 766 5183 a
799 5131 1081 5197 majoribus
1135 5129 1328 5182 nostris
1358 5131 1668 5195 inculcatus,
1723 5148 1944 5200 quarum

391 5229 633 5283 videlicet
656 5225 1086 5292 amaritudojure
1116 5224 1342 5277 refertur
1373 5224 1423 5277 in
1455 5226 1868 5282 circumcisionis
1894 5233 1942 5284 iu

390 5334 551 5375 carne
595 5317 855 5381 dolorem,
896 5330 957 5369 ac
989 5329 1082 5382 pro
1109 5316 1339 5368 reatibus
1367 5316 1610 5370 vindictas
1645 5320 1945 5372 retributio-

391 5424 532 5464 nem.
562 5410 664 5463 Sed
687 5421 834 5474 aqua:
862 5405 1261 5458 amaritudinem
1288 5405 1413 5474 ligni
1437 5407 1721 5459 salubritas
1752 5410 1802 5460 in
1828 5411 1942 5462 dul-

388 5500 628 5552 cedinem
649 5498 827 5558 vertit,
848 5497 964 5563 quia
987 5497 1224 5562 proiecto
1251 5493 1566 5562 Redemptor
1599 5507 1776 5549 noster
1796 5499 1934 5551 iudc-

2020 4349 2026 4371 ι
2051 4319 2190 4370 riora
2218 4326 2434 4383 peteret,
2461 4318 2511 4367 in
2535 4331 2691 4366 curru
2720 4314 2869 4380 igneo
2896 4311 3165 4373 ascendit;
3197 4312 3425 4362 Joannes
3473 4323 3600 4362 vero

2057 4416 2110 4459 ut
2139 4415 2343 4459 secreta
2377 4405 2529 4456 Verbi
2557 4413 2851 4470 penetraret
2876 4442 2889 4462 ,
2925 4403 2975 4451 iu
3006 4400 3245 4452 ﬂammeo
3261 4398 3455 4452 Christi
3483 4411 3602 4464 pec-

2047 4510 2161 4552 tore
2209 4499 2463 4551 recubuit.
2494 4496 2628 4559 Quid
2655 4503 2826 4545 autem
2859 4492 3076 4544 facimus
3109 4490 3176 4542 de
3203 4488 3433 4543 Jacobol
3465 4502 3601 4540 nun-

2047 4590 2168 4657 quid
2197 4590 2263 4638 ab
2307 4589 2402 4638 bac
2450 4600 2567 4637 eum
2598 4583 2874 4636 concordia
2922 4581 3224 4642 dividimus,
3253 4589 3305 4631 et
3334 4577 3597 4631 minorem

2050 4684 2205 4734 Petro
2235 4680 2312 4731 vel
2341 4679 2543 4730 Joanne
2578 4678 2626 4728 in
2658 4670 3411 4743 prafigurationejudicamus,
3443 4683 3596 4736 quem

2047 4775 2210 4842 Moysi
2266 4780 2319 4824 et
2368 4771 2496 4822 Elian
2529 4767 2766 4836 personis
2795 4781 2858 4817 ex
2908 4764 3008 4815 alia
3059 4765 3259 4816 ratione
3307 4774 3596 4830 congruere

2050 4862 2368 4932 probamus?
2394 4860 2554 4912 Jacob
2583 4858 2743 4916 enim,
2770 4866 2823 4906 ut
2858 4856 3104 4917 diximus,
3128 4854 3488 4919 supplantator
3520 4855 3598 4905 in-

2050 4961 2389 5020 terpretatur,
2412 4949 2549 5014 quod
2581 4947 2796 4998 omnino
2834 4943 2998 5012 Moysi
3025 4953 3074 4995 ct
3104 4943 3228 4994 Elia:
3258 4942 3386 4994 satis
3402 4953 3597 4996 conve-

2049 5049 2163 5098 nire
2212 5043 2459 5108 probatur
2493 5052 2751 5106 :quorum
2809 5050 2942 5086 unus
2994 5031 3326 5085 insidiantem
3379 5030 3601 5084 llebrteo

2049 5139 2347 5206 Egyptiutn
2394 5132 2629 5187 claucule
2659 5129 3007 5187 interﬁciens,
3039 5125 3225 5176 sabulo
3275 5120 3551 5176 abscondit
3583 5136 3596 5170 :

2048 5232 2182 5286 alter
2235 5241 2359 5280 vero
2410 5224 2526 5276 Baal
2578 5221 2871 5281 delttdcus,
2924 5218 3204 5284 prophetas
3258 5213 3309 5265 in
3363 5219 3595 5265 torrente

2052 5321 2298 5374 mactavit
2341 5335 2352 5368 :
2390 5293 2527 5383 qua;
2552 5304 2733 5366 cuncta
2787 5310 2850 5362 ad
2894 5307 3297 5362 exstinctionem
3343 5303 3586 5355 vitiorum

2053 5411 2311 5477 pertinere
2361 5407 2568 5458 Patrum
2601 5400 2884 5453 auctoritas
2933 5394 3323 5450 demonstravit.
3355 5388 3461 5443 Sed
3513 5386 3590 5438 vi-

2050 5504 2256 5564 demus,
2285 5499 2324 5550 si
2372 5508 2666 5562 possumus.
2718 5506 2835 5559 qua:
2864 5497 2980 5544 sunt
3013 5487 3166 5538 verba
3199 5478 3513 5549 legislatoris
3541 5485 3594 5531 et
