3910 6234
432 290 571 347 1315

1211 283 1269 358 ΕΔ.
1315 278 1633 335 AMBROSII
1673 274 2022 335 AUTPERTI
2060 274 2539 332 BENEVENTANI
2578 274 2865 335 ABBATIS

3510 284 3644 341 1516

428 401 697 472 prophetae
740 396 809 451 ad
838 395 1115 455 ﬂaminum
1158 404 1499 464 utrorumque
1525 433 1540 459 ,
1597 391 1738 462 quod
1785 399 1985 449 temere
2012 390 2055 446 Δ
2087 395 2338 456 tuumque
2359 387 2667 457 magistrum
2693 389 2961 459 abneges?
2990 390 3130 448 Bene
3154 392 3295 462 quod
3318 394 3413 450 tibi
3444 404 3643 453 tanturn

430 492 698 555 forsitan,
754 489 860 542 iuro
903 494 1047 540 certe
1073 498 1240 538 vanus
1291 491 1639 553 praesumptor
1713 490 1990 536 autumare

428 578 643 641 vellem,
679 575 780 630 nisi
807 588 1051 643 quamam
1106 573 1197 626 illa
1226 582 1406 625 essent
1428 572 1497 624 ab
1526 572 1630 624 alio
1660 568 1985 637 evangelista

426 668 746 722 didicissem.

501 755 587 810 15.
611 754 765 818 Ecce,
788 752 975 821 inquit,
993 751 1093 803 duo
1115 750 1207 802 viri
1231 750 1561 818 loquebantur
1581 763 1696 801 cum
1718 763 1798 801 eo.
1821 745 1985 799 Erant

436 854 606 898 autem
621 844 826 913 Moyses
849 853 894 895 et
918 841 1081 903 Elias,
1100 852 1145 893 et
1167 839 1391 891 dicebant
1412 854 1665 890 excessum
1686 839 1816 907 ejus,
1839 851 1986 903 quent

429 936 770 1001 completurus
806 913 990 984 eratin
1032 930 1317 983 Jerusalem
1366 928 1516 1000 (Luc.
1546 943 1623 993 ts,
1673 930 1787 994 51).
1817 928 1985 990 Quem

435 1037 731 1085 excessum,
760 1020 863 1074 nisi
904 1035 999 1087 pro
1037 1020 1224 1073 mundi
1253 1022 1356 1071 vita
1403 1018 1685 1071 indebitum
1728 1014 1988 1084 passionis

440 1119 778 1171 tormentum,
799 1108 939 1176 quod
970 1106 1181 1176 quidem
1209 1107 1316 1175 jam
1348 1108 1706 1168 inchoaverat,
1735 1107 1830 1158 sed
1859 1118 1987 1157 nec-

434 1202 557 1256 dum
586 1201 963 1268 complcverat,
991 1200 1110 1267 quia
1141 1207 1196 1253 et
1224 1190 1466 1267 miserias
1506 1208 1715 1251 nostras
1743 1198 1848 1265 pati
1876 1196 1985 1265 jam

434 1299 689 1358 ceperat,
738 1298 791 1341 et
842 1296 1017 1340 tamen
1063 1288 1128 1341 ad
1172 1288 1345 1353 crucis
1392 1287 1708 1355 supplicium
1755 1287 1987 1339 nondum

436 1387 757 1431 accesserat.
806 1376 871 1430 Ut
900 1376 1040 1430 enim
1072 1376 1193 1429 hinc
1224 1372 1379 1429 detur
1407 1376 1625 1445 intelligi
1655 1376 1797 1443 quod
1827 1376 1987 1429 verba

435 1482 621 1522 eorum
644 1482 761 1533 quae
783 1482 917 1520 nunc
939 1467 1076 1534 apud
1099 1467 1245 1520 illum
1272 1470 1500 1532 luerunt,
1525 1469 1643 1520 talia
1671 1477 1821 1520 erant
1843 1481 1858 1517 :
1890 1465 1990 1520 Ve-

436 1557 582 1622 nisti,
607 1558 695 1625 qui
719 1558 1007 1612 mittendus
1038 1573 1176 1623 cras,
1211 1570 1362 1612 natus
1390 1558 1456 1612 dc
1485 1558 1719 1627 Virgine,
1753 1559 1983 1622 crevisti,

434 1648 670 1711 esuristi,
702 1650 859 1701 sitisti
884 1688 900 1713 ,
933 1649 1155 1702 lassatus
1192 1649 1405 1713 sedisti;
1435 1649 1529 1702 sed
1577 1650 1801 1703 necdum
1850 1646 1989 1701 inter

432 1735 691 1803 supplicia
713 1734 1263 1803 spiritum'tradidisti.
1285 1737 1547 1789 lncltoasti
1570 1751 1715 1805 ergo,
1738 1735 1830 1788 sed
1857 1750 1990 1788 non-
2025 1721 2068 1779 Β

429 1823 555 1876 dum
584 1823 890 1891 complesti,
922 1825 1062 1891 quod
1088 1835 1212 1877 tunc
1267 1824 1501 1891 perfecte
1530 1824 1841 1892 complebis,
1866 1838 1990 1878 cum

431 1913 550 1978 pius
574 1912 814 1965 conditor
844 1914 896 1965 in
922 1925 1079 1966 cruce
1108 1912 1437 1980 pependeris.
1468 1908 1645 1965 Potest
1670 1924 1847 1967 autem
1890 1912 1992 1968 hoc

428 1997 502 2051 ita
529 1998 725 2059 dictum
751 1999 1086 2067 intelligenti,
1115 2012 1173 2053 ut
1200 2002 1335 2055 idern
1360 2016 1612 2056 excessus
1635 2004 1685 2055 in
1718 2003 1990 2071 prophetis

432 2089 677 2155 coeperit,
709 2089 802 2142 sed
834 2103 1161 2160 nequaquam
1193 2090 1244 2143 in
1276 2092 1378 2145 illis
1412 2091 1727 2160 completus,
1780 2091 1833 2145 in
1883 2089 1989 2146 Do-

429 2178 575 2234 mino
622 2180 989 2248 pr0pltetarum
1032 2196 1149 2235 esse
1192 2184 1557 2249 complendus.
1611 2183 1739 2237 υιιι’·
1789 2193 1842 2237 et
1874 2181 1990 2251 ipse

432 2268 687 2324 Dominus
711 2271 778 2324 ad
800 2270 1011 2325 Judazos
1057 2271 1184 2325 dicit
1211 2289 1226 2326 :
1252 2271 1320 2325 Et
1349 2290 1434 2326 vos
1460 2274 1661 2343 implete
1702 2291 1989 2329 mensuram

428 2367 631 2425 patrum
660 2349 933 2413 uestrorum
960 2359 1177 2426 (Matth.
1209 2378 1360 2429 χχιιι,
1387 2362 1503 2432 5‘2),
1531 2379 1593 2417 ac
1621 2365 1666 2418 si
1695 2374 1877 2432 aperte
1910 2366 1991 2419 die

421 2459 566 2503 ceret
601 2467 613 2499 :
642 2448 724 2502 llli
755 2450 1037 2518 prophetas
1072 2451 1401 2515 occiderunt,
1434 2452 1527 2508 sed
1557 2468 1662 2508 non
1689 2464 1806 2510 erat
1834 2457 1989 2524 plena

423 2551 710 2603 mensura;
751 2553 844 2592 vos
879 2538 1102 2593 occidite
1150 2540 1429 2595 Dominum
1483 2542 1881 2611 prophetarum,
1935 2554 1992 2598 et

424 2630 579 2697 plena
608 2630 709 2684 erit
735 2644 977 2683 mensura
1009 2642 1219 2699 patrum
1252 2642 1574 2687 vestrorum.
1603 2633 1801 2688 Omnes
1847 2626 1989 2689 enim

420 2719 682 2788 iustorum
734 2720 1007 2788 passiones
1035 2718 1086 2772 in
1117 2719 1325 2773 Domini
1363 2721 1445 2774 sui
1484 2720 1821 2791 complentur
1870 2734 1990 2790 pas-

419 2809 591 2863 sione.
628 2808 726 2863 Ubi
758 2819 931 2862 autem
963 2807 1101 2861 hunc
1129 2808 1489 2876 completurus
1518 2820 1660 2864 esset
1686 2824 1984 2876 excessum,

422 2900 524 2953 nisi
552 2899 605 2952 iu
634 2897 967 2953 Jerusalem?
1003 2900 1127 2968 quia
1170 2899 1285 2967 ipse
1322 2899 1398 2952 ait
1429 2916 1443 2951 :
1476 2898 1597 2952 Non
1638 2908 1832 2969 oportet
1867 2916 1988 2968 pro-

418 2990 621 3059 phetam
647 2990 810 3059 perire
831 3002 977 3053 extra
1003 2987 1291 3042 Jerusalem
1331 2990 1481 3059 (Luc.
1513 3004 1625 3051 χιιι,
1656 2989 1770 3059 53).
1807 2992 1853 3044 Ο
1878 2991 1980 3044 ιιιί-

419 3094 562 3145 sera,
602 3096 634 3133 o
671 3080 964 3133 damnanda
1004 3078 1319 3146 Jerusalem,
1362 3094 1482 3148 quae
1531 3081 1642 3132 sola
1674 3080 1739 3133 ad
1778 3090 1980 3134 tantum

421 3168 774 3223 damnationis
801 3168 1075 3222 cumulum
1116 3168 1425 3236 pervenisti,
1454 3178 1511 3222 ut
1537 3168 1715 3221 nullus
1760 3171 1987 3237 pr0plte-

420 3269 595 3311 tarum
619 3266 768 3312 extra
797 3268 848 3310 te
875 3257 1186 3325 sanguinem
1221 3256 1485 3321 funderet,
1518 3256 1799 3324 nullusque
1831 3259 1987 3309 inno-

422 3347 622 3401 xiusin
648 3355 787 3400 terra
816 3356 959 3401 esset
985 3348 1197 3415 sanguis
1226 3346 1444 3412 etrusus,
1474 3349 1564 3413 qui
1593 3362 1700 3400 non
1739 3363 1898 3417 super
1937 3358 1989 3403 te

418 3442 646 3507 veniret,
685 3457 716 3492 a
751 3440 995 3509 sanguine
1038 3440 1161 3492 Abel
1200 3440 1330 3510 justi
1376 3455 1532 3507 usque
1576 3440 1645 3490 ad
1686 3441 1989 3508 sanguinem

420 3530 701 3596 Zachariae,
720 3532 815 3598 ﬁlii
832 3530 1115 3594 Buracltiw,
1135 3546 1282 3597 quem
1306 3539 1379 3593 tu,
1410 3515 1627 3584 crueitta
1649 3530 1839 3596 bestia,
1857 3531 1989 3583 inter

420 3623 663 3691 templum
704 3632 749 3674 et
776 3622 936 3672 altare
985 3618 1528 3697 conculcasti.(Matth.
1556 3635 1683 3695 uti,
1718 3619 1831 3689 55),
1864 3633 1988 3688 pro.

427 3724 547 3781 pter
578 3712 723 3766 illum
752 3712 954 3764 scilicet
982 3726 1137 3778 quem
1170 3720 1293 3764 ante
1336 3710 1519 3764 faciem
1562 3711 1711 3763 Pilati
1743 3726 1905 3778 super
1939 3721 1988 3763 te

422 3814 672 3873 tuamque
730 3802 1033 3872 progeniem
1085 3811 1365 3853 venturum
1420 3802 1762 3867 cxpostulasti
1796 3818 1808 3851 :
1846 3801 1986 3854 San-

421 3896 554 3963 guis,
588 3893 851 3961 inquiens,
883 3878 1033 3960 hujus
1063 3904 1212 3957 super
1239 3899 1330 3941 nos
1354 3899 1399 3942 et
1425 3903 1579 3956 super
1617 3890 1751 3953 ﬁlios
1790 3899 1987 3942 nostros

424 3984 635 4055 (Matth.
667 3999 826 4048 xsvn,
853 3980 967 4051 25).
996 3981 1099 4034 Sed
1129 3990 1381 4048 quantum
1410 3976 1608 4033 bonum
1636 3980 1734 4032 ltoc
1757 3990 1846 4032 tuo
1868 3996 1984 4033 ma-

423 4075 567 4127 ximo
596 4072 1077 4139 nefandissimoque
1113 4070 1318 4123 scelere
1348 4070 1542 4122 tnundo
1590 4071 1982 4139 procuraveris,

424 4179 558 4217 unus
588 4172 789 4216 tuorum
822 4161 1066 4214 nesciens
1091 4149 1144 4213 et
1175 4158 1493 4227 pr‘opbetaus
1530 4158 1726 4211 clamat
1761 4176 1772 4209 :
1810 4158 1985 4223 Expe-

423 4254 497 4305 dit
529 4262 580 4303 ιιι
611 4267 736 4303 unus
766 4252 1007 4302 moriatur
1036 4266 1126 4318 pro
1164 4252 1372 4317 populo,
1410 4264 1473 4299 ne
1509 4254 1614 4299 tota
1650 4262 1771 4316 gens
1812 4258 1985 4317 pereat

423 4344 598 4414 (Joan.
633 4358 774 4409 xvtn,
801 4340 911 4408 14).
936 4340 1213 4407 Sequitur:
1733 4330 1735 4332 ’

499 4431 584 4484 16.
619 4432 941 4499 Respondens
970 4440 1138 4482 autem
1166 4428 1351 4482 Petrus
1378 4430 1503 4481 dixit
1532 4430 1598 4481 ad
1625 4428 1800 4481 Iesum
1830 4445 1847 4481 :
1879 4428 1982 4480 Do-

426 4528 580 4586 mine,
612 4526 795 4575 bonunt
821 4534 893 4576 est
923 4539 1012 4577 nos
1037 4525 1118 4575 hic
1142 4540 1281 4586 esse;
1313 4523 1357 4575 si
1382 4525 1472 4586 vis,
1501 4525 1748 4594 faciamus
1776 4527 1857 4575 hic
1887 4526 1983 4576 tria

424 4614 749 4667 tabernacula
771 4654 784 4675 ,
817 4613 903 4664 tibi
932 4629 1116 4677 unum,
1161 4612 1327 4682 Moysi
1360 4621 1536 4676 unum,
1584 4625 1633 4666 et
1662 4612 1790 4665 Elia:
1826 4631 1981 4666 unum

426 4707 637 4777 (Matth.
665 4722 792 4768 χιιι,
816 4706 887 4775 ι).
912 4708 1162 4774 Obsecro,
1185 4707 1336 4762 beate
1362 4708 1788 4775 Petreaposmle,
1807 4724 1871 4762 ne
1892 4710 1982 4763 tibi

426 4798 703 4864 displiceat
741 4796 1017 4857 humillimi
1047 4800 1185 4859 servi
1214 4797 1649 4864 reprebendentis
1670 4800 1979 4872 auctoritas,

427 4888 715 4940 dummodo
744 4878 885 4939 tiblla
915 4888 981 4941 sit
1014 4887 1065 4939 in
1106 4888 1531 4955 reprehendente
1575 4890 1782 4943 servilis
1812 4900 1979 4943 teme-

422 4980 570 5032 ritas.
606 4978 713 5030 Hoc
744 4978 881 5030 cnim
912 4992 940 5027 a
983 4987 1034 5031 te
1065 4978 1356 5033 humilitate
1401 4979 1564 5032 libera
1594 4995 1770 5048 quer
1794 5020 1808 5043 ,
1840 4984 1979 5049 quod

423 5070 554 5124 alios
582 5069 689 5135 jam
738 5078 859 5120 ante
911 5069 1182 5135 qumsiisse
1212 5070 1450 5123 invenio.
1488 5071 1577 5123 Dic
1605 5086 1731 5136 ergo
1756 5112 1771 5134 ,
1803 5088 1983 5139 quaeso

426 5171 499 5224 te,
531 5168 804 5225 proriterea
834 5160 883 5210 in
908 5171 1137 5211 montem
1162 5172 1566 5227 assumptuscs.
1592 5173 1647 5213 ut
1669 5162 1783 5213 lixis
1810 5162 1981 5215 taber-

424 5251 624 5302 naculis
661 5248 935 5301 Dominum
982 5250 1251 5316 possideas
1298 5252 1440 5304 solus
1484 5267 1599 5305 cum
1651 5252 1870 5316 pﬂUCla?
1914 5268 1978 5305 an

425 5342 544 5392 ideo
572 5351 623 5391 ut
654 5342 765 5391 visa
791 5339 951 5406 gloria
986 5342 1222 5404 corporis
1251 5342 1385 5408 ejus,
1415 5357 1530 5394 cum
1563 5354 1679 5408 post
1708 5344 1978 5411 paululum

426 5438 635 5481 ventum
670 5430 827 5480 fuerit
865 5428 930 5480 ad
964 5430 1194 5492 vincula,
1228 5431 1289 5481 ad
1326 5430 1528 5499 ﬂagella
1552 5474 1563 5494 ,
1597 5436 1659 5485 ad
1692 5444 1839 5501 sputa
1868 5476 1882 5500 ,
1914 5436 1979 5487 ad

425 5518 627 5584 alapas,
657 5521 720 5570 ad
754 5520 924 5572 crucis
967 5530 1249 5584 tormenta,
1288 5522 1351 5573 ad
1390 5524 1735 5587 sepulturam,
1787 5541 1978 5594 nequa-

428 5620 582 5672 quam
616 5608 749 5663 hunc
783 5610 944 5664 Deum
974 5624 1110 5673 esse,
1143 5612 1220 5666 vel
1254 5612 1514 5668 hominem
1552 5614 1711 5669 Deum
1743 5622 1974 5685 plenum,

2010 3034 2057 3097 C

2007 4346 2060 4404 Ι)
2087 4342 2205 4394 dem
2251 4341 2457 4395 Domini
2510 4342 2803 4409 passionis,
2854 4342 2967 4409 ipso
3012 4341 3221 4395 dicente
3266 4357 3282 4393 :

2093 492 2232 530 nunc
2277 478 2447 546 placet
2484 479 2661 534 subito
2688 480 2978 550 gloriﬁcata
3021 480 3185 538 facies
3213 484 3404 540 Christi
3431 530 3448 554 ,
3482 498 3539 543 ut
3583 489 3647 543 de

2091 574 2274 620 monte
2320 567 2456 621 nolis
2502 568 2867 624 descendere:
2898 571 2992 625 sed
3040 585 3287 642 exspecta
3337 576 3644 646 paululum,

2090 667 2239 709 certe
2262 656 2456 711 oblitus
2484 658 2627 727 talia,
2654 668 2779 714 ante
2806 661 2906 715 vile
2929 664 3247 728 mancipium
3272 664 3416 720 hunc
3441 677 3491 721 te
3512 672 3645 725 seire

2048 808 2049 811 η
2092 747 2327 814 negabis,
2357 762 2473 801 cum
2506 749 2636 803 bora
2679 752 2767 805 illa
2800 754 3230 823 prepinquaverit
3252 800 3266 823 ,
3301 768 3356 811 ut
3387 756 3513 815 illud
3547 760 3643 815 im-

2091 839 2333 904 pleatur,
2362 840 2502 908 quod
2544 842 2611 896 de
2655 858 2721 897 eo
2757 859 2849 911 per
2891 847 3199 913 prophetam
3243 848 3435 904 dicitur
3470 868 3485 902 :
3528 850 3644 906 Non

2089 935 2162 980 est
2192 932 2378 996 species
2413 932 2480 995 ei,
2511 948 2671 1001 neque
2710 932 2899 998 decor;
2947 944 2995 988 et
3031 935 3245 989 uidimus
3280 953 3432 1007 eum,
3473 948 3523 993 et
3551 957 3645 994 non

2090 1028 2195 1069 erat
2238 1030 2500 1088 aspectus,
2530 1032 2577 1075 et
2605 1025 2749 1091 quasi
2790 1024 3116 1084 absconditus
3150 1029 3315 1080 uultus
3343 1032 3452 1094 eius
3488 1039 3537 1082 et
3566 1030 3645 1083 deo

2089 1116 2288 1172 spectus
2306 1145 2322 1168 ,
2352 1110 2489 1161 unde
2511 1126 2601 1163 nec
2626 1113 2964 1181 reputavintus
3001 1129 3115 1166 eum
3147 1113 3287 1183 (Isa.
3317 1132 3427 1182 un,
3451 1117 3533 1185 2).
3564 1119 3643 1172 Di-

2089 1208 2211 1249 cere
2240 1198 2365 1266 quin
2414 1200 2590 1269 potius
2618 1186 2874 1257 debueras
2905 1221 2918 1255 :
2947 1203 3171 1259 Domine
3193 1245 3211 1272 ,
3250 1210 3485 1261 accelera
3520 1220 3645 1263 tete-

2091 1298 2319 1355 pusquo
2348 1302 2539 1346 cuncta
2568 1307 2685 1360 qua:
2707 1294 2782 1348 ’de
2812 1304 2864 1348 te
2891 1296 3086 1363 scripta
3118 1306 3241 1349 sunt
3263 1301 3639 1367 compleantur,

2089 1382 2144 1425 et.
2169 1377 2246 1437 sic
2278 1379 2329 1430 in
2356 1379 2574 1447 gloriam
2602 1391 2746 1434 tuam
2773 1384 3040 1437 transiens
3066 1422 3081 1446 ,
3113 1383 3336 1457 oStende
3361 1385 3509 1449 mihi,
3541 1400 3642 1440 non

2089 1472 2261 1541 qualis
2288 1486 2431 1525 nunc
2452 1484 2531 1534 es,
2563 1474 2748 1527 faciem
2779 1482 2920 1526 tuam
2945 1491 2960 1537 ;
2985 1474 3080 1528 sed
3109 1476 3285 1542 praebe
3313 1478 3467 1529 talem
3495 1478 3641 1531 sicuti

2090 1576 2169 1616 es.
2202 1561 2305 1615 Sed
2352 1562 2727 1631 indulgentiam
2759 1563 3157 1617 concedendum
3200 1571 3283 1616 est
3326 1563 3463 1618 tibi:
3504 1578 3643 1618 som-

2092 1665 2215 1703 num
2246 1655 2463 1717 pateris,
2497 1665 2614 1704 cum
2650 1653 2771 1703 talia
2799 1652 2947 1705 dicis.
2983 1652 3070 1706 Sic
3098 1652 3240 1705 enim
3269 1650 3337 1705 de
3370 1662 3420 1706 te
3444 1654 3641 1722 tuisque

2092 1739 2251 1793 sociis
2277 1740 2595 1806 evangelista
2640 1740 2890 1807 loquitur,
2935 1740 3116 1794 dicens
3157 1758 3172 1793 :
3222 1740 3406 1795 Petrus
3445 1758 3563 1797 vero
3596 1754 3642 1800 st

2091 1829 2178 1896 qui
2220 1842 2337 1879 cum
2378 1827 2467 1879 illo
2488 1866 2504 1889 ,
2538 1829 2728 1896 gravati
2757 1836 2899 1880 erant
2939 1846 3131 1899 sommo
3161 1829 3324 1899 (Luc.
3372 1846 3425 1884 ta
3446 1869 3463 1894 ,
3497 1831 3641 1901 32),

2092 1930 2279 1970 somno
2308 1915 2551 1969 videlicet
2577 1954 2594 1980 ,
2638 1931 2745 1970 non
2784 1917 2959 1973 carnis
2980 1956 2998 1984 ,
3028 1921 3119 1972 sed
3158 1920 3371 1975 mentis.
3422 1920 3570 1976 Unde
3592 1932 3644 1978 et

2093 2003 2165 2057 tui
2193 2014 2505 2072 tuorumque
2528 2006 2793 2060 sociorum
2818 2007 3014 2061 oblitus
3036 2047 3053 2074 ,
3085 2007 3151 2062 de
3178 2009 3403 2063 Domino
3426 2051 3443 2075 ,
3472 2011 3644 2083 Moyse

2091 2102 2247 2161 atque
2287 2094 2399 2148 Elia
2432 2109 2551 2149 eras
2580 2096 2835 2150 sollicitus
2875 2095 3229 2165 :,I~'aciamus,
3269 2101 3532 2169 inquiens,
3565 2103 3645 2156 hic

2091 2182 2189 2235 tria
2234 2183 2592 2251 tabernacula,
2634 2183 2724 2237 tibi
2752 2201 2906 2237 unum
2930 2226 2947 2250 ,
2996 2186 3165 2256 Moysi
3205 2204 3394 2253 unum,
3424 2197 3473 2242 et
3522 2188 3646 2245 Elia

2089 2286 2270 2338 unum.
2317 2271 2453 2327 Ecce
2479 2272 2620 2326 enim
2668 2272 2924 2327 Dominus
2966 2274 3209 2328 claritate
3249 2277 3377 2330 solis
3419 2279 3640 2344 emicat,

2092 2361 2308 2427 Moysen
2350 2371 2403 2415 et
2448 2363 2616 2416 Eliam
2663 2364 2835 2419 lucida
2880 2364 3049 2419 nubes
3093 2367 3418 2431 obumbrat;
3461 2368 3643 2435 quibus

2091 2462 2219 2519 ergo
2246 2465 2378 2518 opus
2403 2460 2484 2505 est
2514 2452 2947 2519 tabernaculum,
2979 2454 3131 2508 vobis
3167 2456 3360 2522 quibus
3393 2456 3522 2509 nibll
3555 2456 3643 2507 bo-

2091 2554 2208 2591 rum
2238 2542 2517 2609 eontingit,
2549 2556 2618 2594 an
2649 2540 2754 2596 illis
2782 2542 2973 2610 quibus
3002 2544 3107 2596 tale
3136 2557 3324 2597 munus
3366 2543 3641 2613 provenit!

2089 2625 2225 2693 Quid
2274 2629 2430 2697 igitur
2456 2629 2524 2683 de
2571 2638 2623 2683 te
2663 2643 2725 2699 ac
2772 2630 2873 2685 tuis
2915 2630 3381 2686 contubernalibus
3408 2633 3641 2702 cogitas!

2088 2716 2171 2769 An
2201 2718 2336 2771 forte
2364 2718 2520 2772 binos
2546 2734 2641 2787 per
2665 2716 2872 2788 singula
2912 2720 2991 2773 vis
3036 2722 3241 2775 sociare
3270 2720 3600 2779 tabernacula
3626 2760 3643 2787 ,

2074 2802 2147 2860 "ut
2188 2805 2265 2860 illi
2295 2808 2401 2862 sint
2427 2808 2651 2874 domini,
2700 2824 2795 2863 vos
2824 2810 2878 2863 in
2920 2809 3143 2877 singulis
3174 2804 3528 2865 tabernaculﬁ
3552 2810 3644 2863 do-

2086 2895 2354 2951 minorum
2378 2899 2525 2952 servi
2544 2898 2569 2950 ι
2598 2897 2725 2964 Quis
2753 2912 2881 2968 ergo
2910 2912 3146 2953 vestrum
3173 2902 3276 2953 erit
3300 2899 3506 2955 Domini
3534 2915 3643 2955 ser-

2088 2987 2232 3039 vus?
2276 2988 2395 3053 quis
2441 2986 2654 3055 Moysi?
2698 2989 2817 3057 quis
2855 2989 3027 3043 Elite?
3064 2990 3410 3045 Tolerabilius
3452 2992 3645 3062 quippe

2087 3072 2263 3127 fuerat
2305 3074 2502 3129 dixisse
2535 3093 2547 3127 :
2579 3077 2801 3147 Domine
2828 3117 2843 3144 ,
2874 3079 3129 3133 iaciamus
3155 3080 3243 3133 bic
3279 3095 3436 3134 unum
3466 3084 3642 3135 taber-

2086 3166 2361 3229 naculum,
2392 3176 2448 3219 ut
2474 3166 2683 3238 Moyses
2724 3179 2778 3222 et
2805 3169 2972 3237 Elias,
3004 3186 3122 3238 ego,
3152 3171 3380 3227 Jacobus
3406 3181 3462 3227 et
3489 3172 3645 3228 Joan-

2090 3272 2188 3311 nes
2209 3296 2226 3323 ,
2256 3258 2351 3313 tibi
2380 3260 2431 3311 in
2464 3274 2567 3311 uno
2600 3258 2940 3314 tabernaculo
2966 3261 3277 3315 serviamus.
3434 3256 3437 3259 ’

2160 3345 2249 3401 17.
2282 3345 2386 3401 Sed
2413 3360 2530 3413 nos,
2562 3346 2755 3401 fratres
2778 3348 3105 3417 cbarissimi,
3137 3351 3272 3404 sicut
3299 3351 3351 3404 in
3378 3354 3480 3405 hoc
3505 3351 3646 3407 dicto

2091 3435 2438 3503 ignorantiam
2487 3435 2629 3488 Petri
2679 3450 2785 3489 non
2836 3439 3141 3504 sequimur,
3197 3439 3275 3492 sic
3327 3441 3642 3508 prtecipuum

2093 3538 2332 3577 amorem
2362 3523 2506 3578 illius
2533 3538 2657 3592 erga
2688 3525 2963 3577 Dominum
3000 3541 3331 3594 veneremur,
3360 3541 3529 3596 quem
3546 3543 3645 3582 sa:-

2090 3617 2312 3685 pissime
2342 3616 2540 3693 apertis
2570 3616 2779 3668 indiciis
2802 3616 2941 3670 idem
2971 3617 3328 3672 validissimus
3353 3619 3645 3672 dilectionis

2087 3710 2203 3774 ejus
2228 3714 2512 3761 exsecutor
2541 3707 2680 3759 intus
2707 3707 2884 3761 celare
2912 3723 3016 3760 non
3046 3708 3227 3761 valens
3250 3747 3266 3772 ,
3314 3706 3441 3760 foris
3466 3715 3646 3761 osten-

2088 3798 2184 3850 dit.
2234 3795 2358 3849 lude
2395 3797 2640 3864 estquod
2692 3796 2791 3860 ipsi
2836 3796 3059 3850 Domino
3097 3796 3375 3851 duodecim
3421 3798 3646 3850 interro-

2087 3888 2226 3956 ganti
2261 3905 2271 3938 :
2306 3888 2466 3952 Quem
2498 3904 2574 3940 me
2602 3903 2709 3939 esse
2744 3886 2955 3941 dicitis?
2984 3887 3188 3953 primus
3223 3887 3539 3957 respondit:
3571 3886 3644 3942 Tu

2085 4000 2136 4036 es
2164 3984 2392 4036 Christus
2421 3982 2593 4036 Filius
2623 3982 2719 4035 Dei
2745 3984 2842 4036 vivi
2870 3980 3082 4051 (Matth.
3116 3998 3168 4045 κ,
3201 3982 3310 4050 15).
3355 3982 3485 4037 inde
3508 3981 3644 4053 quod

2086 4074 2395 4141 magistrum
2427 4089 2529 4126 nou
2555 4074 2668 4127 Vult
2698 4075 2804 4142 pati
2832 4115 2847 4138 ,
2882 4073 2975 4126 sed
3000 4073 3298 4140 passionem
3330 4071 3645 4127 denuntiati-

2086 4167 2190 4212 tem
2225 4158 2492 4227 redarguit
2533 4160 2716 4214 dicens
2749 4177 2764 4216 :
2797 4161 2935 4213 Absit
2962 4176 2995 4212 a
3035 4159 3350 4225 tc,Domine
3372 4202 3387 4227 ,
3430 4177 3535 4214 non
3564 4161 3647 4228 ﬁet

2085 4250 2220 4301 istud
2263 4248 2422 4317 (Ibid.
2470 4253 2619 4318 uti).
2656 4251 2780 4304 lude
2824 4251 2963 4319 quod
2992 4230 3300 4304 imiiueute
3344 4249 3477 4304 liora
3508 4252 3646 4319 ejus-

3327 4340 3519 4395 Omncs
3564 4358 3644 4395 vos

2082 4434 2379 4485 scandalum
2430 4432 2691 4499 patiemini
2736 4430 2787 4483 in
2839 4446 2916 4482 me
2962 4431 3016 4485 in
3064 4431 3163 4482 ista
3210 4442 3355 4484 nocte
3404 4430 3642 4498 (Matth.

2085 4539 2225 4587 sim,
2259 4524 2320 4576 5!
2343 4524 2400 4591 );
2434 4538 2551 4576 cum
2590 4521 2677 4575 alii
2710 4523 3061 4585 turbarentur,
3110 4522 3403 4588 intrepidus
3432 4523 3539 4576 iste
3564 4535 3646 4575 re-

2083 4615 2335 4681 spondit:
2368 4611 2479 4664 Etsi
2527 4628 2695 4664 anmes
2734 4612 3069 4664 scandalisali
3111 4611 3301 4679 fuerint
3340 4612 3391 4663 in
3432 4620 3513 4676 te,
3555 4624 3645 4679 ego

2083 4720 2342 4772 nunquam
2389 4702 2775 4755 scandulisabor
2826 4699 2990 4771 (Ibid.
3047 4698 3252 4773 nam).
3308 4700 3645 4770 Rursumque

2084 4794 2262 4846 etiam.
2298 4792 2476 4857 Sime
2514 4795 2789 4858 apartuerit
2819 4793 2945 4844 mori
2982 4789 3143 4843 tecum
3166 4830 3181 4856 ,
3230 4806 3334 4842 non
3375 4800 3424 4843 te
3452 4789 3643 4861 negabo

2085 4885 2245 4955 (Ibid.
2289 4888 2417 4953 LIII).
2450 4885 2573 4937 Inde
2619 4884 2758 4951 quod
2799 4883 2891 4936 illo
2917 4884 3024 4952 jam
3053 4884 3487 4953 comprehenso,
3527 4884 3641 4953 gla-

2083 4980 2228 5031 dium
2259 4978 2452 5039 educit,
2487 4976 2946 5043 persecutorisque
2973 4975 3261 5028 auriculam
3292 4975 3344 5029 in
3375 4966 3639 5029 incertum

2084 5069 2244 5121 ictum
2274 5065 2504 5135 dirigens
2534 5065 2777 5118 abscidit.
2810 5065 2933 5118 lude
2959 5064 3099 5132 quod
3128 5066 3179 5117 in
3227 5064 3469 5118 navicula
3498 5065 3641 5133 pusi-

2084 5170 2167 5210 tus
2189 5195 2206 5221 ,
2240 5157 2349 5211 viso
2379 5157 2432 5210 in
2480 5156 2654 5210 littore
2682 5154 2891 5207 Christo
2916 5195 2932 5220 ,
2980 5165 3035 5208 ut
3079 5156 3279 5221 primus
3307 5156 3551 5208 omnium
3577 5153 3641 5208 ad

2084 5249 2234 5302 illum
2284 5249 2498 5313 veniat,
2553 5248 2784 5302 secundo
2836 5256 3002 5299 semet
3055 5247 3297 5300 ﬂuctibus
3350 5246 3639 5314 immergit.

2082 5343 2233 5407 Quod
2261 5343 2451 5410 probat.
2513 5342 2761 5395 Dominus
2785 5354 2901 5392 cum
2932 5343 3309 5393 resurrexisset
3333 5353 3362 5390 a
3389 5339 3637 5403 mortuis,

2082 5436 2257 5487 sciens
2301 5432 2424 5499 quid
2470 5432 2854 5499 interrogaret,
2903 5430 3037 5482 dixit
3083 5446 3095 5480 :
3146 5428 3327 5482 Simon
3373 5428 3639 5494 Joannis.

2082 5526 2251 5594 diligis
2281 5523 2393 5592 plus
2424 5523 2545 5573 Itis?
2577 5523 2643 5574 Et
2679 5523 2763 5574 ille
2794 5538 2805 5571 :
2840 5521 3067 5585 Domine,
3098 5520 3281 5588 inquit,
3314 5530 3368 5573 tu
3396 5518 3499 5573 scit
3706 5540 3715 5547 ·

2082 5633 2196 5668 nmo
2228 5626 2271 5667 te
2301 5614 2473 5682 (Joan.
2508 5628 2614 5679 ssi,
2646 5612 2755 5680 Ib).
2790 5611 2895 5665 llac
2923 5612 3204 5685 dilecﬁonc
3227 5620 3562 5679 quanquam,
3589 5612 3641 5662 ut
