3910 6234
347 235 474 290 1317

1250 233 1529 284 ΗυῗιΗΜᾹ
1574 231 1633 284 IN
1677 229 2370 288 'l'llANSFltiUllA'l'thli
2413 234 2658 286 DUlllXI.

3411 191 3578 286 ~ists

341 345 659 415 evangelista
696 345 952 411 loquitur,
984 343 1227 396 nesciens
1256 343 1377 410 quid
1407 343 1568 405 dicat,
1595 345 1702 393 visa
1733 341 1910 393 vultus
1944 348 1988 403 Α
2018 361 2128 397 cem
2161 347 2424 410 exprimit.
2462 345 2550 397 Sic
2581 345 2655 397 sic
2693 344 2820 397 Novi
2853 344 3174 398 Testamcttti
3210 344 3375 410 gratia
3410 345 3575 412 legem

341 435 550 491 Domini
592 434 862 494 claritate,
895 434 1003 483 vult
1034 434 1083 484 in
1118 444 1292 484 monte
1340 447 1588 495 manere,
1622 443 1672 483 et
1715 447 1812 485 nec
1841 432 1904 485 ad

339 534 669 581 momentum
702 524 1046 578 descendere.
1084 523 1305 591 Re5puit
1343 525 1560 588 gloriam
1594 523 1790 584 szeculi,
1826 533 1906 575 to-

339 628 450 671 tum
494 618 632 685 quod
683 618 733 670 in
787 618 984 668 mundo
1033 616 1300 666 blanditur
1338 613 1662 676 contemnit,
1713 615 1824 666 sola
1861 614 1908 665 ei

337 706 581 760 claritate
607 707 736 758 solis
757 707 992 759 emicans
1014 702 1209 756 Christi
1245 703 1403 756 facies
1429 703 1616 770 placet.
1650 703 1784 768 Quid
1815 717 1908 768 pti-

340 797 560 851 tamus?
590 795 854 863 quomodo
894 794 1144 860 placeret,
1175 795 1219 844 si
1269 793 1423 844 talem
1457 801 1579 843 tunc
1613 802 1788 856 posset
1831 791 1910 842 in-

340 885 476 940 tueri
506 901 598 952 per
619 899 814 951 corpus
844 884 1089 946 mortale,
1115 885 1327 952 qualem
1361 899 1498 935 nunc
1524 885 1693 934 cernit
1720 893 1908 936 exutus

338 977 676 1027 mortalitate.
730 973 888 1026 Certe
938 987 1041 1025 non
1089 975 1262 1025 solum
1315 972 1757 1038 subterjaeenti-m
1805 982 1908 1024 ter-

338 1076 452 1116 ram
476 1101 490 1125 ,
533 1062 624 1115 sed
653 1073 705 1114 et
757 1063 929 1128 ipsum
964 1075 1126 1128 super
1156 1075 1212 1112 se
1260 1064 1452 1136 emittm
1501 1070 1865 1114 contemneret
1890 1104 1906 1124 ,

340 1163 543 1205 tantum
576 1163 628 1206 ut
660 1151 714 1208 in
745 1161 926 1205 monte
957 1168 1074 1203 eum
1108 1153 1332 1204 Domino
1363 1153 1412 1203 in
1460 1162 1766 1219 perpetuum
1799 1166 1909 1203 ma-

337 1251 510 1296 neret.
563 1241 666 1295 Sed
702 1241 1128 1295 descendendum
1160 1252 1241 1294 est
1281 1241 1439 1294 Petro
1468 1242 1535 1294 de
1567 1253 1742 1295 monte
1768 1282 1782 1305 ,
1826 1256 1908 1295 se—

337 1333 578 1401 quendus
625 1341 707 1386 est
743 1333 954 1384 interim
1004 1332 1256 1386 Dominus
1290 1347 1488 1399 pauper
1511 1372 1525 1396 ,
1565 1332 1848 1385 imitandus
1877 1345 1907 1383 a

339 1422 498 1475 Petro
529 1421 616 1473 ille
661 1422 747 1487 qui
783 1421 956 1474 dixit:
996 1418 1184 1488 Vulpes
1226 1423 1394 1489 {oretis
1431 1422 1638 1486 habent,
1687 1430 1733 1472 et
1762 1422 1907 1473 uolu-

335 1529 446 1566 cres
473 1513 583 1565 ccli
611 1513 758 1564 nidos
799 1526 817 1564 :
861 1509 1027 1564 Filius
1070 1521 1236 1563 autent
1267 1513 1482 1563 hominis
1517 1528 1614 1563 non
1643 1511 1789 1562 habet
1823 1509 1907 1562 ubi

337 1613 488 1671 caput
516 1618 664 1654 suum
712 1602 917 1653 reclinet
947 1600 1156 1669 (Matth.
1211 1617 1301 1665 vttt
1327 1641 1342 1664 ,
1387 1601 1499 1668 20).
1533 1602 1819 1652 Imitandus
1848 1600 1899 1652 in

2014 444 2067 487 ct
2111 434 2438 501 prophetiam
2471 434 2748 486 obumlirat
2792 444 2845 486 et
2891 445 3207 494 conservat,
3253 435 3475 487 occultat
3525 445 3577 487 et

2017 533 2180 575 tenet.
2212 523 2503 574 Ubumbrat
2534 523 2738 574 scilicet
2764 524 2813 574 itt
2846 523 3038 583 littera,
3072 535 3350 576 conservat
3375 525 3428 577 itt
3460 526 3580 592 spi-

2015 613 2136 663 ritu.
2183 611 2417 664 Ocenltat
2463 612 2510 663 in
2545 611 2724 678 iiguris
2746 651 2760 673 ,
2795 623 2934 666 tenet
2977 616 3025 666 itt
3059 615 3322 682 mysteriis
3354 631 3364 666 :
3397 615 3582 682 sicqtto

2015 699 2073 750 iit
2103 709 2156 752 ut
2186 701 2434 768 quidquid
2469 703 2549 752 lex
2593 702 2648 755 et
2680 705 2948 768 prophetia
3001 705 3248 772 loquitur,
3281 721 3574 772 quanquam

2014 787 2354 854 Spiritualiter
2383 792 2792 852 observandum,
2829 794 3130 858 recipiatur.
3158 799 3200 846 υ
3225 811 3380 860 quam
3416 799 3577 849 multa

2015 877 2079 930 de
2111 877 2280 930 futura
2313 878 2437 930 Novi
2463 881 2788 933 'l‘estatnenti
2810 884 2972 951 gratia
3005 893 3122 935 ante
3153 886 3438 937 adventum
3473 887 3576 939 lic-

2013 966 2304 1031 dcmptoris
2342 971 2393 1020 in
2438 984 2596 1022 carne
2625 1013 2639 1034 ,
2687 987 2807 1023 cum
2849 974 3124 1026 tenebrosa
3162 986 3301 1028 esset
3347 991 3478 1045 aqua
3521 971 3578 1030 in

2016 1058 2244 1110 nubibus
2285 1059 2424 1110 aeris
2453 1099 2467 1122 ,
2518 1060 2687 1112 locuta
2720 1073 2796 1112 est
2829 1062 2910 1113 lex
2942 1074 2992 1114 et
3042 1065 3333 1131 pmplietia.
3379 1070 3443 1117 At
3491 1066 3578 1118 ubi

2015 1157 2226 1200 ventum
2272 1159 2352 1200 est
2400 1150 2463 1201 ad
2515 1153 2706 1203 nubem
2754 1154 3011 1216 lucidam,
3067 1157 3150 1207 ubi
3204 1155 3370 1208 nub'es
3411 1157 3581 1221 lucidis

2013 1237 2231 1306 Moysen
2276 1241 2598 1306 obumbrat,
2640 1250 2693 1294 et
2738 1243 2906 1295 Etiam
2935 1285 2947 1305 ,
2984 1244 3100 1297 silet
3145 1246 3350 1312 Moyses
3380 1288 3394 1310 ,
3442 1255 3582 1301 tacet

2017 1324 2176 1378 Elius.
2225 1327 2323 1380 Per
2358 1331 2524 1380 solam
2561 1332 2752 1383 nubent
2789 1332 3014 1384 lucidam
3064 1343 3280 1400 paterna
3309 1349 3404 1388 vos
3437 1335 3583 1390 inso-

2013 1425 2146 1466 nat:
2181 1413 2281 1466 llic
2313 1428 2382 1468 cst
2428 1415 2594 1470 Filius
2641 1436 2774 1472 meus
2805 1422 3018 1474 dilectus
3060 1423 3110 1474 in
3153 1439 3250 1490 quo
3298 1424 3419 1475 mihi
3460 1425 3581 1480 bene

2011 1507 2317 1572 complacni,
2352 1508 2514 1575 ipsum
2546 1512 2739 1561 audite.

2085 1598 2172 1651 19.
2207 1597 2272 1650 Et
2303 1601 2561 1652 audientes
2605 1603 2842 1669 discipuli
2871 1607 3155 1657 ceciderunt
3185 1608 3238 1658 in
3280 1607 3435 1675 facies
3464 1625 3581 1659 snas

333 1693 512 1745 crucis
545 1700 811 1745 tormento
839 1731 852 1753 ,
888 1691 1104 1756 insuper
1150 1706 1303 1744 verso
1333 1705 1543 1744 sursum
1589 1691 1758 1742 crucis
1802 1705 1903 1742 ve-
1937 1678 1988 1738 Β.
2011 1705 2164 1755 super
2195 1698 2377 1740 terrain
2407 1700 2455 1742 et
2486 1682 2758 1742 tim'uerunt
2794 1696 2938 1744 cattle
2963 1710 2980 1744 :
3013 1699 3228 1746 It’t'anles
3260 1705 3423 1749 autem
3454 1712 3577 1748 ocn-

340 1781 520 1852 stigio,
549 1792 601 1834 et
629 1785 705 1835 sic
729 1782 1048 1835 :eternalitt-r
1076 1783 1324 1834 intuenda
1358 1781 1523 1836 facies
1549 1781 1760 1843 Christi,
1793 1782 1909 1834 sine

340 1869 447 1922 ullo
481 1871 757 1940 temporali
791 1872 998 1924 defectu
1031 1889 1041 1922 :
1074 1871 1213 1935 quod
1259 1885 1357 1923 nec
1404 1873 1517 1937 ipse
1565 1871 1747 1924 beatus
1787 1881 1910 1924 tunc

339 1962 528 2022 Petrus
560 1966 780 2028 abnuit,
810 1965 897 2030 qui
944 1963 1041 2016 etsi
1073 1978 1192 2016 cum
1245 1962 1468 2015 Domino
1499 1963 1549 2016 iri
1589 1971 1906 2028 montema-

342 2066 472 2105 nere
503 2053 687 2115 voluit,
723 2061 899 2106 tamen
926 2051 992 2105 de
1031 2051 1252 2119 ligendis
1283 2051 1638 2106 tabernaculis
1669 2053 1908 2106 volunta-

339 2151 444 2195 tem
476 2143 590 2208 ejus
618 2142 879 2210 qumsivit.
922 2141 1011 2196 Sic
1040 2143 1181 2195 enim
1212 2142 1340 2195 dixit
1368 2159 1380 2192 :
1418 2141 1632 2193 (tantine
1653 2181 1668 2206 ,
1711 2144 1754 2193 si
1791 2143 1864 2194 vis
1888 2181 1904 2208 ,

337 2233 589 2301 faciamus
619 2234 700 2285 hic
728 2235 826 2285 tria
869 2235 1212 2299 tabernacula,
1260 2235 1346 2286 ubi
1385 2249 1711 2302 consequens
1755 2236 1906 2288 intel-

340 2321 507 2377 lectus
527 2333 606 2375 est
638 2342 649 2374 :
677 2323 729 2377 Si
755 2337 858 2378 non
883 2325 987 2388 vis,
1013 2339 1115 2375 non
1143 2325 1412 2377 faciamus.
1438 2325 1492 2376 Si
1520 2339 1646 2392 ergo
1672 2325 1769 2387 vis,
1795 2340 1906 2377 ma-

341 2424 596 2476 neamus;
620 2412 663 2464 si
696 2425 798 2466 non
830 2413 910 2465 vis
933 2425 1165 2474 manere,
1190 2415 1591 2466 descenilanius.
1618 2415 1865 2480 Sequitur
1891 2433 1902 2466 :

412 2503 498 2556 18.
533 2503 714 2555 Adhuc
737 2521 794 2558 eo
821 2505 1067 2572 loquente,
1096 2521 1204 2557 ecce
1224 2506 1377 2558 nubes
1406 2506 1572 2559 lucida
1602 2507 1908 2560 obumbravit

336 2607 445 2645 cos.
479 2590 546 2644 Et
570 2609 680 2645 ecce
705 2609 800 2647 eoa:
829 2596 892 2646 de
921 2596 1051 2648 nube
1079 2597 1244 2647 dicens
1271 2611 1288 2648 :
1323 2596 1424 2648 llic
1467 2605 1540 2649 est
1573 2582 1739 2649 Filius
1769 2614 1908 2650 meus

337 2683 550 2736 dilectus
571 2724 586 2748 ,
633 2686 685 2738 in
713 2703 813 2755 quo
864 2687 988 2738 mihi
1016 2689 1133 2739 bene
1163 2689 1446 2755 complacni
1470 2729 1483 2750 ,
1529 2690 1694 2758 ipsum
1732 2691 1904 2742 audite

339 2771 550 2841 (Matth.
591 2789 696 2828 xvn
717 2817 732 2840 ,
765 2775 842 2845 5).
876 2780 984 2843 Age
1009 2818 1024 2842 ,
1054 2777 1208 2830 beate
1239 2778 1392 2831 Petre
1421 2820 1433 2840 ,
1465 2777 1637 2830 ablata
1668 2788 1748 2832 est
1777 2794 1900 2832 cura

337 2863 662 2934 ﬁgendorum
691 2869 1166 2934 tabernaculorum,
1212 2871 1430 2923 recessit
1462 2870 1690 2938 Moyses,
1727 2885 1904 2924 reces-

335 2953 407 3008 sit
437 2954 579 3008 Elias
602 2998 616 3020 ,
650 2959 840 3024 quibus
872 2960 1208 3012 tabernacula
1255 2958 1427 3011 facere
1465 2959 1695 3012 volebas.
1749 2959 1900 3014 Servi

342 3054 529 3108 erant;
554 3060 657 3097 non
686 3046 914 3110 domini;
946 3059 1202 3100 venerant
1230 3062 1333 3100 non
1359 3059 1412 3100 ut
1436 3048 1702 3115 juberent,
1726 3047 1819 3101 sed
1848 3060 1902 3101 ut

336 3137 614 3189 audientes
657 3137 797 3203 justa
828 3140 1175 3203 complerent.
1213 3138 1307 3190 llic
1337 3138 1482 3190 solus
1513 3138 1599 3204 qni
1648 3140 1902 3190 remansit

332 3235 417 3281 est
457 3225 738 3288 Dominus,
769 3227 853 3280 ltic
895 3229 1038 3277 solus
1081 3242 1234 3304 quem
1267 3229 1392 3277 estis
1436 3227 1645 3287 secuti,
1679 3225 1903 3279 dilet'ltls

335 3323 418 3370 est
440 3315 623 3368 Filius.
652 3316 705 3367 in
735 3315 833 3368 boc
860 3317 974 3366 solo
1004 3315 1142 3367 Patri
1170 3317 1304 3367 bene
1330 3315 1666 3381 complacuit.
1699 3315 1760 3367 Et
1785 3318 1902 3382 qui-

335 3405 456 3459 dem
501 3411 670 3474 potuit
712 3407 920 3475 Moyses
961 3406 1062 3456 diei
1097 3406 1233 3458 lilius
1274 3404 1406 3468 Dei,
1456 3405 1622 3468 potuit
1657 3414 1709 3456 et
1739 3401 1899 3456 Elias.

336 3491 460 3548 Fuit
487 3508 634 3548 certe
670 3495 876 3562 Moyses
906 3494 1014 3547 Deo
1049 3494 1307 3554 dilectus,
1339 3493 1432 3545 fuit
1463 3500 1516 3565 et
1547 3493 1686 3545 Elias
1713 3531 1730 3554 ,
1757 3507 1905 3545 com-

346 3583 544 3653 placuit
593 3586 699 3639 Deo
732 3588 781 3638 in
821 3585 1034 3654 Moysen
1062 3626 1076 3649 ,
1118 3585 1434 3652 complacuit
1477 3591 1530 3636 et
1575 3585 1626 3636 in
1659 3584 1787 3637 Elia.
1822 3584 1902 3636 Ad

348 3673 506 3741 bujus
533 3684 709 3728 tamen
741 3675 1212 3742 comparationem,
1262 3674 1348 3743 qui
1395 3683 1548 3727 natus
1573 3684 1655 3728 est
1683 3689 1745 3728 ex
1775 3675 1902 3728 sub-

337 3763 533 3819 stantia
580 3761 788 3830 Patris,
839 3779 935 3818 nec
967 3766 1172 3834 Moyses
1218 3763 1386 3826 illius,
1430 3779 1526 3818 nec
1580 3765 1757 3828 Elias;
1806 3781 1902 3820 nec

335 3850 543 3920 Moyses
581 3852 690 3905 Deo
716 3852 940 3907 dilectus
963 3893 979 3917 ,
1012 3865 1110 3905 nec
1140 3851 1319 3916 Elias;
1371 3867 1467 3924 nec
1503 3851 1712 3921 Moyses
1755 3867 1903 3904 accc-

337 3949 458 4006 ptus
486 3979 500 4002 ,
555 3954 650 3994 nec
681 3940 860 4005 Elias;
903 3940 996 3994 sed
1027 3951 1082 3993 ut
1126 3950 1342 4008 paterna
1375 3955 1472 3994 vox
1515 3941 1723 3996 edocuit
1757 3959 1766 3992 :
1806 3940 1902 3994 Hic

334 4039 405 4083 est
426 4028 595 4083 Filius
641 4047 778 4083 meus
808 4032 1042 4095 dilectus,
1071 4033 1123 4084 in
1149 4049 1245 4100 quo
1274 4033 1396 4085 mihi
1423 4033 1543 4086 bene
1579 4035 1858 4101 complacui
1883 4048 1902 4085 :

340 4119 456 4173 Non
480 4135 607 4189 ergo
632 4120 869 4189 Moysen,
895 4136 998 4175 non
1027 4121 1218 4184 Eliam,
1250 4123 1344 4175 sed
1370 4123 1542 4190 ipsum
1563 4125 1760 4176 audite.
1782 4122 1902 4176 Jus-

336 4221 481 4264 serat
513 4210 706 4278 quippe
737 4211 942 4280 Moyses
986 4211 1097 4264 fieri
1130 4211 1496 4275 tabernacula,
1535 4213 1628 4266 sed
1661 4212 1900 4268 Citrisms

2012 1780 2122 1842 los,
2175 1780 2422 1830 neminem
2469 1784 2744 1848 viderunt,
2798 1783 2894 1835 nisi
2935 1785 3099 1835 solum
3141 1786 3318 1836 Jesunt
3363 1784 3577 1852 (Matth.

2012 1882 2142 1929 xvn,
2177 1870 2251 1935 ϐ).
2284 1867 2393 1920 Vox
2425 1869 2512 1920 illa
2542 1885 2659 1936 quae
2688 1885 2844 1923 aures
2874 1873 3248 1937 discipulorum
3282 1875 3536 1941 percussit
3560 1915 3575 1939 ,

2009 1963 2124 2010 sive
2158 1972 2247 2024 per
2282 1962 2659 2025 semetipsum,
2691 1961 2801 2014 sive
2833 1977 2927 2028 per
2967 1963 3254 2031 angelicam
3283 1973 3576 2018 creaturam

2010 2049 2330 2102 elementum
2363 2050 2522 2102 nubis
2563 2051 2817 2105 Dominus
2848 2054 3192 2105 commoverit
3219 2069 3232 2115 ;
3267 2063 3441 2106 tamen
3485 2066 3580 2123 per

2011 2139 2206 2191 nubem
2246 2138 2441 2191 sonuit.
2486 2140 2618 2204 Quia
2665 2155 2792 2194 vero
2831 2146 2898 2195 de
2936 2143 3073 2193 nube
3117 2142 3415 2209 processit,
3460 2158 3578 2213 qua:

2011 2228 2305 2296 discipulos
2337 2231 2389 2283 in
2426 2241 2618 2284 terram
2651 2231 2721 2283 ita
2749 2233 3056 2296 constravit,
3103 2233 3153 2284 in
3187 2234 3400 2285 modum
3442 2233 3579 2288 toni-

2011 2325 2112 2377 trui
2166 2323 2300 2376 facta
2334 2323 2466 2387 fttit,
2514 2324 2646 2376 sicut
2690 2323 2814 2377 tunc
2859 2325 3068 2392 quando
3109 2325 3416 2377 imminente
3459 2338 3577 2389 pas-

2008 2414 2159 2468 sione
2191 2416 2326 2467 idetn
2359 2415 2525 2467 Filius
2551 2416 2615 2466 ad
2653 2415 2860 2466 Patrem
2888 2415 3016 2465 dixit
3046 2431 3056 2465 :
3096 2409 3246 2464 Nunc
3274 2417 3442 2465 anintn
3467 2428 3580 2467 mea

2009 2510 2207 2560 turbata
2239 2517 2330 2570 est,
2376 2515 2425 2559 et
2455 2507 2577 2573 quid
2621 2507 2786 2556 dicam
2813 2547 2825 2566 ,
2861 2503 3064 2556 Pater?
3111 2502 3356 2568 Salvi/ica
3402 2519 3480 2556 me
3511 2517 3579 2556 ca:

2010 2603 2104 2655 hac
2133 2600 2299 2668 hora;
2329 2598 2416 2651 sed
2455 2607 2720 2664 propterea
2749 2597 2860 2648 rem‘
2900 2598 2950 2646 in
2989 2595 3163 2646 horum
3199 2597 3348 2644 hanc.
3400 2593 3576 2658 l'ater,

2009 2691 2236 2754 clari/ica
2265 2699 2408 2740 tuum
2430 2703 2627 2737 nomen.
2673 2685 2808 2736 Venit
2839 2700 2955 2750 ergo
2985 2701 3079 2736 vox
3103 2685 3165 2735 de
3193 2686 3314 2736 caelo
3338 2698 3354 2734 :
3374 2679 3436 2735 Et
3466 2682 3574 2736 cla-

2009 2780 2225 2846 riﬁruvi,
2248 2788 2294 2830 et
2315 2778 2499 2828 iterum
2522 2775 2834 2839 clari/icabo.
2861 2772 3028 2824 Turba
3050 2788 3167 2841 ergo
3189 2788 3300 2838 qua:
3319 2775 3500 2834 stabat,
3527 2781 3575 2824 et

2009 2872 2262 2931 audierat,
2290 2867 2486 2919 dicebat
2508 2867 2784 2916 tonitruum
2807 2863 2997 2932 factum
3021 2878 3128 2915 esse
3149 2860 3328 2928 (Joan.
3362 2877 3434 2924 ss,
3455 2859 3574 2928 ‘27).

2011 2961 2112 3014 Sed
2142 2958 2268 3025 quid
2298 2968 2381 3011 est
2408 2959 2546 3023 quod
2581 2956 2651 3008 ibi
2686 2958 2973 3006 tonitruum
3005 2954 3256 3017 audiens,
3292 2952 3438 3007 tut-ba
3469 2941 3573 3005 nim

2008 3051 2168 3114 cadit,
2196 3050 2280 3103 hic
2308 3057 2481 3101 autem
2515 3049 2760 3112 dl:ClpU|l
2790 3047 2840 3099 in
2871 3045 3056 3098 facient
3085 3047 3295 3109 cadunt,
3327 3044 3423 3099 nisi
3452 3043 3575 3111 quia

2006 3143 2080 3196 iui
2123 3143 2398 3211 superbia,
2449 3141 2534 3194 hic
2577 3154 2751 3192 autem
2785 3140 3050 3192 humilitas
3097 3138 3299 3206 pavet?
3335 3152 3430 3191 nec
3458 3137 3572 3189 sine

2006 3246 2164 3284 causa
2216 3239 2389 3298 pavet,
2435 3244 2554 3296 qna:
2599 3230 2866 3292 prannium
2909 3228 3038 3279 tanti
3090 3229 3301 3293 pavoris
3344 3225 3569 3293 accepit.

2009 3317 2155 3372 Unde
2181 3329 2233 3371 et
2261 3320 2513 3370 Dominus
2544 3321 2782 3392 protinus
2807 3320 3030 3381 accedit,
3058 3318 3346 3386 diStripulos
3375 3315 3558 3382 tangit,

2005 3418 2061 3460 ttt
2091 3418 2305 3476 surgant
2353 3409 2612 3472 imperat,
2647 3423 2712 3460 ne
2754 3410 2970 3459 timeant
3012 3408 3161 3473 jubet
3195 3426 3206 3457 :
3238 3424 3354 3474 qua:
3395 3419 3571 3461 tamen

2005 3496 2326 3550 charismata
2360 3499 2555 3564 aliquid
2604 3498 2754 3550 nobis
2786 3501 3073 3564 spiritualis
3112 3499 3295 3563 gratiis:
3327 3499 3566 3551 innuunt.

2005 3590 2079 3640 Ac
2115 3588 2158 3640 si
2200 3599 2384 3654 aperte
2426 3587 2677 3638 Dominus
2723 3586 2996 3652 discipulis
3027 3589 3166 3637 dicat
3211 3583 3567 3639 :‘l‘itnendum

2005 3688 2140 3744 erat,
2172 3680 2216 3730 si
2247 3678 2460 3745 Moysen
2509 3675 2829 3730 audiendum
2861 3690 2960 3728 vox
3000 3677 3297 3740 clamaret;
3328 3674 3372 3728 si
3402 3675 3568 3729 Etiam

2007 3769 2318 3821 imitandum
2351 3777 2610 3828 moneret,
2642 3783 2868 3834 quorum
2905 3782 3041 3820 unus
3071 3767 3253 3834 viginti
3280 3766 3374 3818 tria
3407 3765 3571 3819 millia

2007 3855 2331 3926 peccantium
2379 3874 2480 3910 una
2512 3859 2597 3910 die
2631 3857 2932 3918 interfecit,
2987 3871 3084 3910 nec
3114 3857 3390 3926 pepercit;
3434 3855 3570 3909 alter

2007 3951 2132 4004 Baal
2160 3954 2449 4018 prophetas
2473 3953 2587 4002 sine
2611 3952 2714 4002 ulla
2743 3949 3083 4002 miseratione
3109 3950 3381 4016 jugulavit,
3411 3947 3564 4000 duos-

2003 4055 2106 4110 que
2134 4038 2614 4109 qninquageuarios
2637 4055 2756 4092 eum
2787 4038 3165 4107 quinquaginta
3198 4038 3330 4103 suis,
3354 4047 3566 4091 centum

2003 4132 2207 4186 scilicet
2239 4133 2400 4193 viros,
2433 4131 2637 4184 cmtesti
2666 4130 2912 4184 incendio
2937 4131 3315 4182 concremavit.
3348 4130 3414 4180 At
3441 4129 3566 4198 quia

2001 4238 2096 4290 ego
2127 4222 2414 4274 audiendus
2466 4221 2743 4289 przedicor,
2783 4222 2870 4288 qui
2905 4219 3241 4286 publicanum
3283 4220 3334 4270 in
3367 4219 3570 4282 templo

332 4299 485 4369 jubet
514 4300 762 4354 aediﬁcari
795 4300 1102 4354 Eeclesiam.
1136 4301 1307 4368 Ipsum
1340 4316 1466 4371 ergo
1494 4302 1638 4367 audi,
1671 4317 1892 4356 venera-

2009 4298 2353 4371 coniitentctn
2375 4316 2604 4382 juSIilico
2626 4355 2638 4376 ,
2672 4315 2762 4382 qui
2791 4315 3088 4380 apostolum
3121 4321 3397 4379 negantem
3429 4310 3566 4363 reci-

335 4389 455 4445 bilis
491 4389 669 4455 Petre,
701 4392 786 4458 qui
816 4402 865 4443 te
896 4407 998 4444 non
1028 4391 1482 4446 tabernaculorum
1515 4394 1772 4455 lictorem,
1799 4395 1891 4448 sed

334 4482 514 4534 ovium
545 4494 759 4533 suarum
786 4481 1056 4534 constituit
1080 4493 1366 4549 pastorem.
1389 4483 1523 4548 Quid
1545 4493 1718 4536 autem
1747 4493 1896 4548 puta-

335 4584 478 4644 mus,
517 4569 728 4635 fratres,
759 4571 981 4638 exprimi
1014 4585 1106 4639 per
1133 4573 1323 4626 nubem
1352 4572 1600 4640 lucidam,
1634 4578 1732 4630 nisi
1766 4579 1893 4632 Novi

331 4662 660 4717 Testamenti
704 4665 923 4732 gratiam
945 4704 960 4729 ,
991 4676 1042 4718 et
1072 4665 1285 4733 quidem
1317 4677 1439 4720 ante
1478 4669 1754 4722 adventum
1791 4673 1894 4725 Mc-

329 4754 583 4820 diatoris,
637 4765 694 4808 ut
731 4758 984 4823 scriptum
1031 4766 1147 4821 est,
1181 4759 1458 4812 tenebrosa
1513 4772 1625 4814 erat
1658 4778 1788 4830 aqua
1842 4767 1890 4818 in

297 4874 300 4876 η
333 4845 565 4900 nubibus
595 4846 753 4910 aeris,
785 4849 885 4900 hoc
913 4857 991 4900 est
1022 4848 1244 4902 obscura
1278 4849 1555 4902 verborum
1587 4854 1809 4908 scientia
1842 4855 1892 4909 in

329 4943 448 5011 lege
473 4953 628 5010 atque
659 4948 929 5013 prophetis
963 4964 974 4996 :
1007 4947 1100 5000 sed
1130 4949 1236 5013 jam
1283 4947 1414 5000 Novi
1443 4947 1767 5003 Testamenti
1797 4950 1892 5004 (Ιο-

330 5034 500 5087 ctrina
530 5050 650 5096 non
680 5045 760 5089 est
797 5035 850 5098 in
896 5039 1032 5090 nube
1076 5039 1390 5100 tenebrosa,
1437 5039 1532 5092 sed
1565 5057 1656 5106 per
1702 5043 1891 5096 nubem

329 5122 556 5176 lucidam
599 5133 786 5179 tonans
838 5136 1052 5194 paterna
1091 5143 1220 5181 voce
1265 5131 1558 5197 perspicua.
1595 5132 1660 5185 Et
1700 5142 1892 5188 notan-

327 5213 458 5269 dum
497 5216 635 5285 quod
681 5220 848 5272 nubes
893 5219 1062 5272 lucida
1112 5222 1321 5291 Moysen
1366 5234 1418 5276 et
1460 5224 1624 5276 Eliatn
1670 5234 1813 5280 tenet
1841 5237 1893 5281 et

327 5306 654 5375 obumbrat,
695 5310 867 5363 aufert
915 5319 968 5363 et
998 5315 1246 5365 occultat.
1305 5315 1368 5366 Et
1415 5331 1533 5368 eum
1582 5315 1793 5385 Moysen
1839 5329 1894 5372 et

329 5397 501 5451 Eliam
536 5406 709 5454 teneat
737 5412 786 5454 et
817 5402 1046 5456 occultet
1069 5443 1084 5467 ,
1119 5419 1220 5457 non
1255 5412 1436 5458 tamen
1465 5408 1571 5472 jam
1606 5407 1811 5476 Moyses
1839 5419 1890 5463 et

329 5485 480 5542 Elias
506 5491 571 5542 de
601 5491 738 5544 nube
766 5501 976 5556 sonant,
1008 5494 1059 5546 in
1091 5509 1188 5562 qua
1219 5494 1400 5548 latent.
1435 5495 1538 5550 Sed
1568 5497 1709 5551 solus
1739 5498 1890 5553 Pater

330 5593 427 5648 per
452 5580 643 5636 nubem
666 5582 915 5650 loquitur.
945 5583 1066 5638 Sola
1095 5585 1260 5640 nubes
1294 5586 1460 5640 lucida
1495 5599 1764 5656 paternam
1798 5605 1884 5644 vo-

2003 4407 2107 4474 pio,
2132 4409 2218 4475 qtti
2251 4401 2582 4457 meretricem
2611 4403 2943 4471 lapidandam
2974 4403 3161 4464 libero,
3183 4401 3271 4467 qui
3303 4401 3562 4452 latronem

2003 4497 2053 4547 in
2081 4511 2236 4548 cruce
2267 4496 2605 4561 pmnitentem
2634 4493 2906 4545 sanctilico
2931 4510 2940 4543 :
2970 4507 3062 4543 cur
3092 4491 3291 4558 pavetis
3318 4491 3571 4543 insolito?

2000 4587 2078 4640 Sit
2112 4589 2282 4650 itaque
2322 4587 2370 4638 itt
2409 4589 2521 4654 lege
2565 4601 2745 4652 pavor,
2779 4586 2828 4637 itt
2876 4581 3157 4652 Evangelio
3187 4598 3353 4637 amor.
3386 4583 3566 4634 Timor

2001 4679 2138 4730 enim
2172 4692 2274 4729 non
2302 4687 2382 4728 est
2412 4679 2461 4726 in
2493 4676 2750 4728 t-liaritate
2770 4717 2783 4737 ,
2817 4679 2906 4726 sed
2944 4676 3162 4743 perfecta
3191 4674 3411 4726 c/taritas
3431 4673 3568 4741 .{oris

2002 4771 2149 4822 mittit
2179 4771 2406 4820 timorem
2439 4767 2486 4834 (Ι
2519 4767 2672 4818 Jotm.
2708 4783 2777 4830 tv,
2816 4767 2928 4834 18).
2960 4768 3245 4834 Sequitur:

2068 4859 2158 4911 20.
2193 4856 2253 4908 Et
2285 4857 2693 4907 descendentibus
2729 4858 2790 4908 de
2818 4867 2983 4908 ntonte
3005 4895 3019 4919 ,
3051 4857 3285 4925 prwcepit
3313 4855 3384 4906 eis
3412 4852 3561 4905 Jesats

1999 4949 2168 5000 dicens
2200 4947 2443 4999 :Nemini
2470 4948 2696 4997 dixeritis
2727 4948 2994 5013 visionem,
3025 4949 3184 4997 donec
3209 4943 3373 4996 Filius
3396 4945 3557 4994 homi-

1999 5041 2076 5090 nis
2107 5056 2138 5090 α
2167 5041 2373 5090 mortuis
2410 5049 2635 5106 resurgat
2665 5038 2812 5105 (Luc.
2853 5053 2956 5089 xvtt
2983 5079 2997 5101 ,
3032 5040 3105 5102 8).
3139 5036 3251 5088 Non
3297 5035 3470 5086 statim
3503 5044 3558 5083 ut

1999 5130 2202 5197 Moyses
2233 5141 2286 5181 et
2315 5130 2453 5181 Elius
2477 5129 2540 5181 de
2571 5137 2858 5195 conspectu
2883 5128 3087 5180 Domini
3117 5136 3168 5180 et
3197 5127 3554 5192 apostolot'uttt

1998 5220 2190 5270 Sublati
2222 5228 2361 5281 sunt,
2397 5218 2461 5269 de
2493 5227 2669 5268 monte
2691 5218 3073 5271 descenderunt
3105 5232 3118 5278 ;
3152 5215 3240 5268 sed
3269 5217 3401 5265 sicut
3425 5213 3560 5264 alius

1998 5312 2316 5380 evangelista
2342 5320 2533 5374 narrat,
2563 5311 2747 5363 eadem
2774 5319 2924 5363 nocte
2952 5311 3018 5360 ibi
3043 5315 3366 5369 mmsernut,
3392 5314 3554 5372 atque

1996 5405 2048 5456 in
2074 5404 2309 5470 sequenti
2334 5403 2416 5454 die
2449 5402 2611 5454 turbis
2641 5400 3087 5470 exspectantibus,
3116 5398 3178 5449 ad
3211 5399 3358 5464 plana
3396 5408 3558 5446 vene-

1995 5504 2134 5548 runt.
2169 5494 2270 5546 Sed
2303 5495 2502 5554 nescio,
2536 5479 2723 5545 fratres
2750 5532 2762 5555 ,
2794 5502 2968 5545 utrum
3016 5499 3218 5541 noctem
3251 5494 3552 5544 senserunt,

1995 5587 2080 5654 qui
2109 5588 2260 5640 talem
2293 5586 2459 5639 lucem
2494 5585 2670 5637 videre
2697 5593 2994 5639 meruerunt
3030 5601 3039 5632 :
3069 5595 3183 5647 quae
3214 5579 3311 5634 etsi
3340 5577 3404 5632 ab
3433 5588 3554 5627 oeu-
