  <div class='ocr_page' id='page_1' title='image "/cluster/home/n/w/nwhite01/storage/ocr_20150623/89/uva.x000827074/666.png"; bbox 0 0 3910 6234; ppageno 0'>
   <div class='ocr_carea' id='block_1_1' title="bbox 250 205 375 261">
    <p class='ocr_par' dir='ltr' id='par_1_1' title="bbox 250 205 375 261">
     <span class='ocr_line' id='line_1_1' title="bbox 250 205 375 261; baseline 0 0"><span class='ocrx_word' id='word_1_1' title='bbox 250 205 375 261; x_wconf 70' lang='grc'><strong>1311</strong></span> 
     </span>
    </p>
   </div>
   <div class='ocr_carea' id='block_1_2' title="bbox 1112 201 2611 272">
    <p class='ocr_par' dir='ltr' id='par_1_2' title="bbox 1112 201 2611 272">
     <span class='ocr_line' id='line_1_2' title="bbox 1112 201 2611 272; baseline 0.005 -18"><span class='ocrx_word' id='word_1_2' title='bbox 1112 201 1271 258; x_wconf 76' lang='lat' dir='ltr'><strong>VITA</strong></span> <span class='ocrx_word' id='word_1_3' title='bbox 1306 201 1407 260; x_wconf 85' lang='lat' dir='ltr'><strong>SS.</strong></span> <span class='ocrx_word' id='word_1_4' title='bbox 1449 203 1806 272; x_wconf 79' lang='lat' dir='ltr'><strong>PALDONIS,</strong></span> <span class='ocrx_word' id='word_1_5' title='bbox 1846 204 2133 262; x_wconf 78' lang='lat' dir='ltr'><strong>TASONIS</strong></span> <span class='ocrx_word' id='word_1_6' title='bbox 2174 207 2259 262; x_wconf 81' lang='lat' dir='ltr'><strong>ET</strong></span> <span class='ocrx_word' id='word_1_7' title='bbox 2297 207 2611 264; x_wconf 77' lang='lat' dir='ltr'><strong>TATONIS.</strong></span> 
     </span>
    </p>
   </div>
   <div class='ocr_carea' id='block_1_3' title="bbox 3340 214 3479 271">
    <p class='ocr_par' dir='ltr' id='par_1_3' title="bbox 3340 214 3479 271">
     <span class='ocr_line' id='line_1_3' title="bbox 3340 214 3479 271; baseline 0.022 -3"><span class='ocrx_word' id='word_1_8' title='bbox 3340 214 3479 271; x_wconf 66' lang='grc' dir='ltr'><strong>13Ξῖ</strong></span> 
     </span>
    </p>
   </div>
   <div class='ocr_carea' id='block_1_4' title="bbox 246 310 3469 387">
    <p class='ocr_par' dir='ltr' id='par_1_4' title="bbox 246 310 3469 387">
     <span class='ocr_line' id='line_1_4' title="bbox 246 310 3469 387; baseline 0.001 -17"><span class='ocrx_word' id='word_1_9' title='bbox 246 314 317 372; x_wconf 78' lang='lat' dir='ltr'><strong>illi</strong></span> <span class='ocrx_word' id='word_1_10' title='bbox 346 323 504 381; x_wconf 83' lang='lat' dir='ltr'><strong>atque</strong></span> <span class='ocrx_word' id='word_1_11' title='bbox 532 324 650 382; x_wconf 61' lang='lat' dir='ltr'><strong>eius</strong></span> <span class='ocrx_word' id='word_1_12' title='bbox 681 326 833 368; x_wconf 76' lang='lat' dir='ltr'><strong>uxori</strong></span> <span class='ocrx_word' id='word_1_13' title='bbox 864 330 877 365; x_wconf 89' lang='lat'><strong>:</strong></span> <span class='ocrx_word' id='word_1_14' title='bbox 910 310 975 365; x_wconf 84' lang='lat' dir='ltr'><strong>In</strong></span> <span class='ocrx_word' id='word_1_15' title='bbox 1000 329 1299 383; x_wconf 80' lang='lat' dir='ltr'><strong>quacunque</strong></span> <span class='ocrx_word' id='word_1_16' title='bbox 1328 314 1409 368; x_wconf 85' lang='lat' dir='ltr'><strong>die</strong></span> <span class='ocrx_word' id='word_1_17' title='bbox 1446 315 1715 368; x_wconf 77' lang='lat' dir='ltr'><strong>comedetis</strong></span> <span class='ocrx_word' id='word_1_18' title='bbox 1744 315 1807 368; x_wconf 84' lang='lat' dir='ltr'><strong>de</strong></span> <span class='ocrx_word' id='word_1_19' title='bbox 1837 322 1886 377; x_wconf 75' lang='grc' dir='ltr'><strong>Α</strong></span> <span class='ocrx_word' id='word_1_20' title='bbox 1916 313 2138 381; x_wconf 85' lang='lat' dir='ltr'><strong>tionem,</strong></span> <span class='ocrx_word' id='word_1_21' title='bbox 2162 317 2228 369; x_wconf 92' lang='lat' dir='ltr'><strong>de</strong></span> <span class='ocrx_word' id='word_1_22' title='bbox 2251 318 2628 385; x_wconf 73' lang='lat' dir='ltr'><strong>prmdicatione</strong></span> <span class='ocrx_word' id='word_1_23' title='bbox 2653 317 2719 369; x_wconf 88' lang='lat' dir='ltr'><strong>ad</strong></span> <span class='ocrx_word' id='word_1_24' title='bbox 2742 317 3050 385; x_wconf 87' lang='lat' dir='ltr'><strong>opprobria,</strong></span> <span class='ocrx_word' id='word_1_25' title='bbox 3075 316 3144 371; x_wconf 88' lang='lat' dir='ltr'><strong>de</strong></span> <span class='ocrx_word' id='word_1_26' title='bbox 3167 319 3469 387; x_wconf 80' lang='lat' dir='ltr'><strong>opprobriis</strong></span> 
     </span>
    </p>
   </div>
   <div class='ocr_carea' id='block_1_5' title="bbox 246 403 1811 477">
    <p class='ocr_par' dir='ltr' id='par_1_5' title="bbox 246 403 1811 477">
     <span class='ocr_line' id='line_1_5' title="bbox 246 403 1811 477; baseline -0.002 -17"><span class='ocrx_word' id='word_1_27' title='bbox 246 409 380 477; x_wconf 73' lang='lat' dir='ltr'><strong>ligato</strong></span> <span class='ocrx_word' id='word_1_28' title='bbox 404 405 628 458; x_wconf 71' lang='lat' dir='ltr'><strong>scientia:</strong></span> <span class='ocrx_word' id='word_1_29' title='bbox 651 403 771 457; x_wconf 86' lang='lat' dir='ltr'><strong>boni</strong></span> <span class='ocrx_word' id='word_1_30' title='bbox 798 412 847 456; x_wconf 84' lang='lat' dir='ltr'><strong>et</strong></span> <span class='ocrx_word' id='word_1_31' title='bbox 876 404 998 456; x_wconf 84' lang='lat' dir='ltr'><strong>mali</strong></span> <span class='ocrx_word' id='word_1_32' title='bbox 1017 444 1033 469; x_wconf 96' lang='lat'><strong>,</strong></span> <span class='ocrx_word' id='word_1_33' title='bbox 1058 416 1220 459; x_wconf 86' lang='lat' dir='ltr'><strong>morte</strong></span> <span class='ocrx_word' id='word_1_34' title='bbox 1248 406 1533 458; x_wconf 76' lang='lat' dir='ltr'><strong>moriemini</strong></span> <span class='ocrx_word' id='word_1_35' title='bbox 1560 404 1711 473; x_wconf 84' lang='lat' dir='ltr'><strong>(Gen.</strong></span> <span class='ocrx_word' id='word_1_36' title='bbox 1738 420 1811 471; x_wconf 86' lang='lat' dir='ltr'><strong>ll,</strong></span> 
     </span>
    </p>
   </div>
   <div class='ocr_carea' id='block_1_6' title="bbox 247 492 1811 563">
    <p class='ocr_par' dir='ltr' id='par_1_6' title="bbox 247 492 1811 563">
     <span class='ocr_line' id='line_1_6' title="bbox 247 492 1811 563; baseline -0.001 -14"><span class='ocrx_word' id='word_1_37' title='bbox 247 493 357 562; x_wconf 75' lang='grc' dir='ltr'><strong>Π).</strong></span> <span class='ocrx_word' id='word_1_38' title='bbox 379 492 511 559; x_wconf 72' lang='lat' dir='ltr'><strong>Qua:</strong></span> <span class='ocrx_word' id='word_1_39' title='bbox 532 493 781 550; x_wconf 71' lang='lat' dir='ltr'><strong>videlicet</strong></span> <span class='ocrx_word' id='word_1_40' title='bbox 800 493 1065 548; x_wconf 72' lang='lat' dir='ltr'><strong>sententia</strong></span> <span class='ocrx_word' id='word_1_41' title='bbox 1086 509 1191 549; x_wconf 90' lang='lat' dir='ltr'><strong>non</strong></span> <span class='ocrx_word' id='word_1_42' title='bbox 1222 496 1392 549; x_wconf 89' lang='lat' dir='ltr'><strong>solum</strong></span> <span class='ocrx_word' id='word_1_43' title='bbox 1421 496 1684 563; x_wconf 90' lang='lat' dir='ltr'><strong>corporis,</strong></span> <span class='ocrx_word' id='word_1_44' title='bbox 1715 493 1811 549; x_wconf 88' lang='lat' dir='ltr'><strong>sed</strong></span> 
     </span>
    </p>
   </div>
   <div class='ocr_carea' id='block_1_7' title="bbox 246 584 1815 654">
    <p class='ocr_par' dir='ltr' id='par_1_7' title="bbox 246 584 1815 654">
     <span class='ocr_line' id='line_1_7' title="bbox 246 584 1815 654; baseline 0.001 -15"><span class='ocrx_word' id='word_1_45' title='bbox 246 595 299 639; x_wconf 81' lang='lat' dir='ltr'><strong>es</strong></span> <span class='ocrx_word' id='word_1_46' title='bbox 336 584 530 639; x_wconf 78' lang='lat' dir='ltr'><strong>animat</strong></span> <span class='ocrx_word' id='word_1_47' title='bbox 559 592 787 639; x_wconf 84' lang='lat' dir='ltr'><strong>mortem</strong></span> <span class='ocrx_word' id='word_1_48' title='bbox 826 584 1076 639; x_wconf 75' lang='lat' dir='ltr'><strong>ostendit.</strong></span> <span class='ocrx_word' id='word_1_49' title='bbox 1118 585 1225 639; x_wconf 89' lang='lat' dir='ltr'><strong>Sed</strong></span> <span class='ocrx_word' id='word_1_50' title='bbox 1255 586 1373 652; x_wconf 79' lang='lat' dir='ltr'><strong>quia</strong></span> <span class='ocrx_word' id='word_1_51' title='bbox 1404 587 1815 654; x_wconf 77' lang='lat' dir='ltr'><strong>benignissimus</strong></span> 
     </span>
    </p>
   </div>
   <div class='ocr_carea' id='block_1_8' title="bbox 248 674 1813 744">
    <p class='ocr_par' dir='ltr' id='par_1_8' title="bbox 248 674 1813 744">
     <span class='ocr_line' id='line_1_8' title="bbox 248 674 1813 744; baseline -0.002 -13"><span class='ocrx_word' id='word_1_52' title='bbox 248 674 393 731; x_wconf 83' lang='lat' dir='ltr'><strong>Deus</strong></span> <span class='ocrx_word' id='word_1_53' title='bbox 419 675 689 744; x_wconf 86' lang='lat' dir='ltr'><strong>serpentis</strong></span> <span class='ocrx_word' id='word_1_54' title='bbox 718 674 1055 729; x_wconf 72' lang='lat' dir='ltr'><strong>suasionibus</strong></span> <span class='ocrx_word' id='word_1_55' title='bbox 1081 675 1452 731; x_wconf 87' lang='lat' dir='ltr'><strong>miserabiliter</strong></span> <span class='ocrx_word' id='word_1_56' title='bbox 1478 676 1611 729; x_wconf 82' lang='lat' dir='ltr'><strong>vidit</strong></span> <span class='ocrx_word' id='word_1_57' title='bbox 1641 674 1813 728; x_wconf 84' lang='lat' dir='ltr'><strong>homi-</strong></span> 
     </span>
    </p>
   </div>
   <div class='ocr_carea' id='block_1_9' title="bbox 248 763 1816 835">
    <p class='ocr_par' dir='ltr' id='par_1_9' title="bbox 248 763 1816 835">
     <span class='ocr_line' id='line_1_9' title="bbox 248 763 1816 835; baseline 0.001 -17"><span class='ocrx_word' id='word_1_58' title='bbox 248 779 367 819; x_wconf 89' lang='lat' dir='ltr'><strong>nem</strong></span> <span class='ocrx_word' id='word_1_59' title='bbox 398 764 683 833; x_wconf 91' lang='lat' dir='ltr'><strong>deceptum</strong></span> <span class='ocrx_word' id='word_1_60' title='bbox 703 807 717 831; x_wconf 88' lang='lat'><strong>,</strong></span> <span class='ocrx_word' id='word_1_61' title='bbox 750 763 1144 833; x_wconf 76' lang='lat' dir='ltr'><strong>lragiliorisque</strong></span> <span class='ocrx_word' id='word_1_62' title='bbox 1176 781 1295 821; x_wconf 86' lang='lat' dir='ltr'><strong>esse</strong></span> <span class='ocrx_word' id='word_1_63' title='bbox 1324 764 1561 820; x_wconf 71' lang='lat' dir='ltr'><strong>materiae</strong></span> <span class='ocrx_word' id='word_1_64' title='bbox 1594 765 1816 835; x_wconf 75' lang='lat' dir='ltr'><strong>figmen-</strong></span> 
     </span>
    </p>
   </div>
   <div class='ocr_carea' id='block_1_10' title="bbox 249 854 1813 920">
    <p class='ocr_par' dir='ltr' id='par_1_10' title="bbox 249 854 1813 920">
     <span class='ocr_line' id='line_1_10' title="bbox 249 854 1813 920; baseline 0.003 -13"><span class='ocrx_word' id='word_1_65' title='bbox 249 864 385 920; x_wconf 89' lang='lat' dir='ltr'><strong>tum,</strong></span> <span class='ocrx_word' id='word_1_66' title='bbox 418 854 591 908; x_wconf 89' lang='lat' dir='ltr'><strong>noluit</strong></span> <span class='ocrx_word' id='word_1_67' title='bbox 620 855 761 908; x_wconf 89' lang='lat' dir='ltr'><strong>hunc</strong></span> <span class='ocrx_word' id='word_1_68' title='bbox 793 868 916 909; x_wconf 87' lang='lat' dir='ltr'><strong>esse</strong></span> <span class='ocrx_word' id='word_1_69' title='bbox 944 855 996 909; x_wconf 89' lang='lat' dir='ltr'><strong>in</strong></span> <span class='ocrx_word' id='word_1_70' title='bbox 1033 865 1289 911; x_wconf 69' lang='lat' dir='ltr'><strong>attentum</strong></span> <span class='ocrx_word' id='word_1_71' title='bbox 1318 857 1649 909; x_wconf 88' lang='lat' dir='ltr'><strong>damnatum.</strong></span> <span class='ocrx_word' id='word_1_72' title='bbox 1684 855 1813 911; x_wconf 87' lang='lat' dir='ltr'><strong>Hinc</strong></span> 
     </span>
    </p>
   </div>
   <div class='ocr_carea' id='block_1_11' title="bbox 250 942 1811 1011">
    <p class='ocr_par' dir='ltr' id='par_1_11' title="bbox 250 942 1811 1011">
     <span class='ocr_line' id='line_1_11' title="bbox 250 942 1811 1011; baseline 0.001 -15"><span class='ocrx_word' id='word_1_73' title='bbox 250 942 389 996; x_wconf 88' lang='lat' dir='ltr'><strong>enim</strong></span> <span class='ocrx_word' id='word_1_74' title='bbox 437 948 611 995; x_wconf 89' lang='lat' dir='ltr'><strong>actum</strong></span> <span class='ocrx_word' id='word_1_75' title='bbox 656 952 773 1008; x_wconf 84' lang='lat' dir='ltr'><strong>est,</strong></span> <span class='ocrx_word' id='word_1_76' title='bbox 822 954 882 995; x_wconf 91' lang='lat' dir='ltr'><strong>ut</strong></span> <span class='ocrx_word' id='word_1_77' title='bbox 924 944 1228 1011; x_wconf 74' lang='lat' dir='ltr'><strong>unigenitns</strong></span> <span class='ocrx_word' id='word_1_78' title='bbox 1261 944 1353 998; x_wconf 88' lang='lat' dir='ltr'><strong>Dei</strong></span> <span class='ocrx_word' id='word_1_79' title='bbox 1385 944 1552 998; x_wconf 82' lang='lat' dir='ltr'><strong>Filius</strong></span> <span class='ocrx_word' id='word_1_80' title='bbox 1594 958 1811 999; x_wconf 83' lang='lat' dir='ltr'><strong>carnem</strong></span> 
     </span>
    </p>
   </div>
   <div class='ocr_carea' id='block_1_12' title="bbox 248 1036 1809 1102">
    <p class='ocr_par' dir='ltr' id='par_1_12' title="bbox 248 1036 1809 1102">
     <span class='ocr_line' id='line_1_12' title="bbox 248 1036 1809 1102; baseline 0.001 -15"><span class='ocrx_word' id='word_1_81' title='bbox 248 1045 461 1087; x_wconf 82' lang='lat' dir='ltr'><strong>stimens</strong></span> <span class='ocrx_word' id='word_1_82' title='bbox 491 1043 787 1089; x_wconf 80' lang='lat' dir='ltr'><strong>moreretur</strong></span> <span class='ocrx_word' id='word_1_83' title='bbox 814 1048 911 1102; x_wconf 87' lang='lat' dir='ltr'><strong>pro</strong></span> <span class='ocrx_word' id='word_1_84' title='bbox 938 1036 1090 1090; x_wconf 83' lang='lat' dir='ltr'><strong>nobis</strong></span> <span class='ocrx_word' id='word_1_85' title='bbox 1110 1077 1126 1101; x_wconf 93' lang='lat'><strong>,</strong></span> <span class='ocrx_word' id='word_1_86' title='bbox 1164 1052 1230 1090; x_wconf 91' lang='lat' dir='ltr'><strong>ue</strong></span> <span class='ocrx_word' id='word_1_87' title='bbox 1260 1050 1405 1090; x_wconf 87' lang='lat' dir='ltr'><strong>mors</strong></span> <span class='ocrx_word' id='word_1_88' title='bbox 1438 1036 1639 1089; x_wconf 78' lang='lat' dir='ltr'><strong>anima:</strong></span> <span class='ocrx_word' id='word_1_89' title='bbox 1675 1036 1809 1090; x_wconf 87' lang='lat' dir='ltr'><strong>ultra</strong></span> 
     </span>
    </p>
   </div>
   <div class='ocr_carea' id='block_1_13' title="bbox 249 1124 1805 1195">
    <p class='ocr_par' dir='ltr' id='par_1_13' title="bbox 249 1124 1805 1195">
     <span class='ocr_line' id='line_1_13' title="bbox 249 1124 1805 1195; baseline 0.002 -19"><span class='ocrx_word' id='word_1_90' title='bbox 249 1132 497 1192; x_wconf 75' lang='lat' dir='ltr'><strong>regnaret</strong></span> <span class='ocrx_word' id='word_1_91' title='bbox 524 1124 577 1177; x_wconf 91' lang='lat' dir='ltr'><strong>in</strong></span> <span class='ocrx_word' id='word_1_92' title='bbox 609 1126 795 1191; x_wconf 86' lang='lat' dir='ltr'><strong>nobis,</strong></span> <span class='ocrx_word' id='word_1_93' title='bbox 827 1134 885 1179; x_wconf 91' lang='lat' dir='ltr'><strong>ut</strong></span> <span class='ocrx_word' id='word_1_94' title='bbox 911 1127 1049 1195; x_wconf 91' lang='lat' dir='ltr'><strong>quod</strong></span> <span class='ocrx_word' id='word_1_95' title='bbox 1079 1126 1133 1180; x_wconf 88' lang='lat' dir='ltr'><strong>in</strong></span> <span class='ocrx_word' id='word_1_96' title='bbox 1162 1127 1330 1181; x_wconf 83' lang='lat' dir='ltr'><strong>Adam</strong></span> <span class='ocrx_word' id='word_1_97' title='bbox 1361 1127 1760 1195; x_wconf 82' lang='lat' dir='ltr'><strong>perdideramus</strong></span> <span class='ocrx_word' id='word_1_98' title='bbox 1791 1169 1805 1191; x_wconf 89' lang='lat'><strong>,</strong></span> 
     </span>
    </p>
   </div>
   <div class='ocr_carea' id='block_1_14' title="bbox 250 1212 1807 1285">
    <p class='ocr_par' dir='ltr' id='par_1_14' title="bbox 250 1212 1807 1285">
     <span class='ocr_line' id='line_1_14' title="bbox 250 1212 1807 1285; baseline 0.002 -20"><span class='ocrx_word' id='word_1_99' title='bbox 250 1227 302 1266; x_wconf 87' lang='grc' dir='ltr'><strong>ιιι</strong></span> <span class='ocrx_word' id='word_1_100' title='bbox 333 1212 543 1267; x_wconf 82' lang='lat' dir='ltr'><strong>Christo</strong></span> <span class='ocrx_word' id='word_1_101' title='bbox 586 1214 966 1281; x_wconf 88' lang='lat' dir='ltr'><strong>reciperemus.</strong></span> <span class='ocrx_word' id='word_1_102' title='bbox 1015 1214 1147 1268; x_wconf 88' lang='lat' dir='ltr'><strong>lline</strong></span> <span class='ocrx_word' id='word_1_103' title='bbox 1193 1216 1335 1269; x_wconf 87' lang='lat' dir='ltr'><strong>enim</strong></span> <span class='ocrx_word' id='word_1_104' title='bbox 1381 1214 1636 1285; x_wconf 87' lang='lat' dir='ltr'><strong>scrlptum</strong></span> <span class='ocrx_word' id='word_1_105' title='bbox 1684 1224 1807 1269; x_wconf 88' lang='lat' dir='ltr'><strong>est:</strong></span> 
     </span>
    </p>
   </div>
   <div class='ocr_carea' id='block_1_15' title="bbox 247 1302 1811 1373">
    <p class='ocr_par' dir='ltr' id='par_1_15' title="bbox 247 1302 1811 1373">
     <span class='ocr_line' id='line_1_15' title="bbox 247 1302 1811 1373; baseline -0.001 -17"><span class='ocrx_word' id='word_1_106' title='bbox 247 1302 374 1356; x_wconf 75' lang='lat' dir='ltr'><strong>Cum</strong></span> <span class='ocrx_word' id='word_1_107' title='bbox 403 1312 534 1357; x_wconf 70' lang='lat' dir='ltr'><strong>venit</strong></span> <span class='ocrx_word' id='word_1_108' title='bbox 561 1303 820 1373; x_wconf 80' lang='lat' dir='ltr'><strong>plenitudo</strong></span> <span class='ocrx_word' id='word_1_109' title='bbox 850 1306 1107 1371; x_wconf 81' lang='lat' dir='ltr'><strong>temporis,</strong></span> <span class='ocrx_word' id='word_1_110' title='bbox 1127 1305 1260 1357; x_wconf 72' lang='lat' dir='ltr'><strong>misit</strong></span> <span class='ocrx_word' id='word_1_111' title='bbox 1279 1304 1413 1359; x_wconf 87' lang='lat' dir='ltr'><strong>Deus</strong></span> <span class='ocrx_word' id='word_1_112' title='bbox 1442 1303 1637 1358; x_wconf 83' lang='lat' dir='ltr'><strong>Filium</strong></span> <span class='ocrx_word' id='word_1_113' title='bbox 1664 1320 1811 1357; x_wconf 86' lang='lat' dir='ltr'><strong>suum</strong></span> 
     </span>
    </p>
   </div>
   <div class='ocr_carea' id='block_1_16' title="bbox 247 1391 1811 1463">
    <p class='ocr_par' dir='ltr' id='par_1_16' title="bbox 247 1391 1811 1463">
     <span class='ocr_line' id='line_1_16' title="bbox 247 1391 1811 1463; baseline 0.001 -20"><span class='ocrx_word' id='word_1_114' title='bbox 247 1392 433 1458; x_wconf 73' lang='lat' dir='ltr'><strong>factum</strong></span> <span class='ocrx_word' id='word_1_115' title='bbox 458 1406 527 1445; x_wconf 75' lang='lat' dir='ltr'><strong>ea:</strong></span> <span class='ocrx_word' id='word_1_116' title='bbox 555 1391 794 1457; x_wconf 77' lang='lat' dir='ltr'><strong>muliere,</strong></span> <span class='ocrx_word' id='word_1_117' title='bbox 836 1394 1028 1462; x_wconf 77' lang='lat' dir='ltr'><strong>factum</strong></span> <span class='ocrx_word' id='word_1_118' title='bbox 1067 1393 1159 1446; x_wconf 96' lang='lat' dir='ltr'><strong>sub</strong></span> <span class='ocrx_word' id='word_1_119' title='bbox 1200 1393 1345 1463; x_wconf 83' lang='lat' dir='ltr'><strong>lege,</strong></span> <span class='ocrx_word' id='word_1_120' title='bbox 1376 1404 1429 1447; x_wconf 88' lang='lat' dir='ltr'><strong>ut</strong></span> <span class='ocrx_word' id='word_1_121' title='bbox 1471 1410 1554 1447; x_wconf 91' lang='lat' dir='ltr'><strong>eos</strong></span> <span class='ocrx_word' id='word_1_122' title='bbox 1593 1394 1682 1461; x_wconf 83' lang='lat' dir='ltr'><strong>qui</strong></span> <span class='ocrx_word' id='word_1_123' title='bbox 1721 1393 1811 1445; x_wconf 86' lang='lat' dir='ltr'><strong>sub</strong></span> 
     </span>
    </p>
   </div>
   <div class='ocr_carea' id='block_1_17' title="bbox 248 1480 1811 1551">
    <p class='ocr_par' dir='ltr' id='par_1_17' title="bbox 248 1480 1811 1551">
     <span class='ocr_line' id='line_1_17' title="bbox 248 1480 1811 1551; baseline 0.001 -20"><span class='ocrx_word' id='word_1_124' title='bbox 248 1480 354 1549; x_wconf 84' lang='lat' dir='ltr'><strong>lege</strong></span> <span class='ocrx_word' id='word_1_125' title='bbox 378 1489 519 1534; x_wconf 82' lang='lat' dir='ltr'><strong>erant</strong></span> <span class='ocrx_word' id='word_1_126' title='bbox 543 1481 842 1546; x_wconf 86' lang='lat' dir='ltr'><strong>redimeret,</strong></span> <span class='ocrx_word' id='word_1_127' title='bbox 872 1491 926 1535; x_wconf 75' lang='lat' dir='ltr'><strong>ut</strong></span> <span class='ocrx_word' id='word_1_128' title='bbox 955 1484 1278 1551; x_wconf 80' lang='lat' dir='ltr'><strong>adoptionem</strong></span> <span class='ocrx_word' id='word_1_129' title='bbox 1308 1484 1534 1546; x_wconf 80' lang='lat' dir='ltr'><strong>ﬁliorum</strong></span> <span class='ocrx_word' id='word_1_130' title='bbox 1562 1482 1811 1549; x_wconf 75' lang='lat' dir='ltr'><strong>recipere—</strong></span> 
     </span>
    </p>
   </div>
   <div class='ocr_carea' id='block_1_18' title="bbox 247 1569 1809 1641">
    <p class='ocr_par' dir='ltr' id='par_1_18' title="bbox 247 1569 1809 1641">
     <span class='ocr_line' id='line_1_18' title="bbox 247 1569 1809 1641; baseline 0.001 -18"><span class='ocrx_word' id='word_1_131' title='bbox 247 1586 357 1624; x_wconf 81' lang='lat' dir='ltr'><strong>arus</strong></span> <span class='ocrx_word' id='word_1_132' title='bbox 404 1569 601 1639; x_wconf 84' lang='lat' dir='ltr'><strong>(Galat.</strong></span> <span class='ocrx_word' id='word_1_133' title='bbox 631 1586 701 1635; x_wconf 84' lang='lat' dir='ltr'><strong>tv,</strong></span> <span class='ocrx_word' id='word_1_134' title='bbox 732 1569 813 1641; x_wconf 77' lang='grc'><strong>4).</strong></span> <span class='ocrx_word' id='word_1_135' title='bbox 842 1572 947 1625; x_wconf 90' lang='lat' dir='ltr'><strong>Sed</strong></span> <span class='ocrx_word' id='word_1_136' title='bbox 980 1588 1089 1637; x_wconf 82' lang='lat' dir='ltr'><strong>quo</strong></span> <span class='ocrx_word' id='word_1_137' title='bbox 1112 1571 1389 1624; x_wconf 86' lang='lat' dir='ltr'><strong>cbaritatis</strong></span> <span class='ocrx_word' id='word_1_138' title='bbox 1429 1570 1622 1624; x_wconf 90' lang='lat' dir='ltr'><strong>ardore</strong></span> <span class='ocrx_word' id='word_1_139' title='bbox 1650 1570 1700 1624; x_wconf 92' lang='lat' dir='ltr'><strong>id</strong></span> <span class='ocrx_word' id='word_1_140' title='bbox 1732 1570 1809 1624; x_wconf 78' lang='lat' dir='ltr'><strong>le~</strong></span> 
     </span>
    </p>
   </div>
   <div class='ocr_carea' id='block_1_19' title="bbox 1914 404 3473 476">
    <p class='ocr_par' dir='ltr' id='par_1_19' title="bbox 1914 404 3473 476">
     <span class='ocr_line' id='line_1_19' title="bbox 1914 404 3473 476; baseline 0.005 -19"><span class='ocrx_word' id='word_1_141' title='bbox 1914 404 1981 457; x_wconf 89' lang='lat' dir='ltr'><strong>ad</strong></span> <span class='ocrx_word' id='word_1_142' title='bbox 2014 404 2221 473; x_wconf 80' lang='lat' dir='ltr'><strong>ﬂagella</strong></span> <span class='ocrx_word' id='word_1_143' title='bbox 2242 445 2257 470; x_wconf 94' lang='lat'><strong>,</strong></span> <span class='ocrx_word' id='word_1_144' title='bbox 2287 408 2353 460; x_wconf 91' lang='lat' dir='ltr'><strong>de</strong></span> <span class='ocrx_word' id='word_1_145' title='bbox 2382 409 2605 476; x_wconf 71' lang='lat' dir='ltr'><strong>ﬂagellis</strong></span> <span class='ocrx_word' id='word_1_146' title='bbox 2634 408 2700 461; x_wconf 92' lang='lat' dir='ltr'><strong>ad</strong></span> <span class='ocrx_word' id='word_1_147' title='bbox 2729 416 2884 473; x_wconf 82' lang='lat' dir='ltr'><strong>sputa</strong></span> <span class='ocrx_word' id='word_1_148' title='bbox 2904 452 2916 473; x_wconf 90' lang='lat'><strong>,</strong></span> <span class='ocrx_word' id='word_1_149' title='bbox 2949 407 3017 462; x_wconf 91' lang='lat' dir='ltr'><strong>de</strong></span> <span class='ocrx_word' id='word_1_150' title='bbox 3047 408 3217 475; x_wconf 77' lang='lat' dir='ltr'><strong>sputis</strong></span> <span class='ocrx_word' id='word_1_151' title='bbox 3246 409 3309 462; x_wconf 91' lang='lat' dir='ltr'><strong>ad</strong></span> <span class='ocrx_word' id='word_1_152' title='bbox 3352 426 3473 465; x_wconf 80' lang='lat' dir='ltr'><strong>cru-</strong></span> 
     </span>
    </p>
   </div>
   <div class='ocr_carea' id='block_1_20' title="bbox 1913 491 3475 564">
    <p class='ocr_par' dir='ltr' id='par_1_20' title="bbox 1913 491 3475 564">
     <span class='ocr_line' id='line_1_20' title="bbox 1913 491 3475 564; baseline 0.005 -21"><span class='ocrx_word' id='word_1_153' title='bbox 1913 504 2073 555; x_wconf 87' lang='lat' dir='ltr'><strong>cem,</strong></span> <span class='ocrx_word' id='word_1_154' title='bbox 2120 491 2188 546; x_wconf 92' lang='lat' dir='ltr'><strong>de</strong></span> <span class='ocrx_word' id='word_1_155' title='bbox 2230 506 2390 545; x_wconf 87' lang='lat' dir='ltr'><strong>cruce</strong></span> <span class='ocrx_word' id='word_1_156' title='bbox 2435 496 2501 547; x_wconf 89' lang='lat' dir='ltr'><strong>ad</strong></span> <span class='ocrx_word' id='word_1_157' title='bbox 2545 496 2867 563; x_wconf 86' lang='lat' dir='ltr'><strong>sepulturam</strong></span> <span class='ocrx_word' id='word_1_158' title='bbox 2910 497 3170 564; x_wconf 82' lang='lat' dir='ltr'><strong>pervenit.</strong></span> <span class='ocrx_word' id='word_1_159' title='bbox 3216 495 3251 549; x_wconf 92' lang='lat' dir='ltr'><strong>li</strong></span> <span class='ocrx_word' id='word_1_160' title='bbox 3280 499 3475 551; x_wconf 89' lang='lat' dir='ltr'><strong>etenim</strong></span> 
     </span>
    </p>
   </div>
   <div class='ocr_carea' id='block_1_21' title="bbox 1913 581 3472 654">
    <p class='ocr_par' dir='ltr' id='par_1_21' title="bbox 1913 581 3472 654">
     <span class='ocr_line' id='line_1_21' title="bbox 1913 581 3472 654; baseline 0.004 -20"><span class='ocrx_word' id='word_1_161' title='bbox 1913 588 2039 635; x_wconf 85' lang='lat' dir='ltr'><strong>sunt</strong></span> <span class='ocrx_word' id='word_1_162' title='bbox 2063 595 2282 650; x_wconf 71' lang='lat' dir='ltr'><strong>gressus</strong></span> <span class='ocrx_word' id='word_1_163' title='bbox 2315 581 2407 637; x_wconf 89' lang='lat' dir='ltr'><strong>Dei</strong></span> <span class='ocrx_word' id='word_1_164' title='bbox 2439 582 2659 641; x_wconf 79' lang='lat' dir='ltr'><strong>interra</strong></span> <span class='ocrx_word' id='word_1_165' title='bbox 2679 626 2697 651; x_wconf 90' lang='lat'><strong>,</strong></span> <span class='ocrx_word' id='word_1_166' title='bbox 2729 585 2795 639; x_wconf 91' lang='lat' dir='ltr'><strong>de</strong></span> <span class='ocrx_word' id='word_1_167' title='bbox 2822 587 3013 654; x_wconf 81' lang='lat' dir='ltr'><strong>quibus</strong></span> <span class='ocrx_word' id='word_1_168' title='bbox 3046 585 3328 639; x_wconf 79' lang='lat' dir='ltr'><strong>PSulmisfa</strong></span> <span class='ocrx_word' id='word_1_169' title='bbox 3360 588 3434 641; x_wconf 92' lang='lat' dir='ltr'><strong>ait</strong></span> <span class='ocrx_word' id='word_1_170' title='bbox 3461 606 3472 640; x_wconf 90' lang='lat'>:</span> 
     </span>
    </p>
   </div>
   <div class='ocr_carea' id='block_1_22' title="bbox 1924 660 3477 747">
    <p class='ocr_par' dir='ltr' id='par_1_22' title="bbox 1924 660 3477 747">
     <span class='ocr_line' id='line_1_22' title="bbox 1924 660 3477 747; baseline 0.005 -26"><span class='ocrx_word' id='word_1_171' title='bbox 1924 668 2029 722; x_wconf 84' lang='lat' dir='ltr'><strong>Visi</strong></span> <span class='ocrx_word' id='word_1_172' title='bbox 2069 678 2187 723; x_wconf 86' lang='lat' dir='ltr'><strong>sunt</strong></span> <span class='ocrx_word' id='word_1_173' title='bbox 2230 672 2563 747; x_wconf 84' lang='lat' dir='ltr'><strong>gressustui,</strong></span> <span class='ocrx_word' id='word_1_174' title='bbox 2598 672 2760 737; x_wconf 79' lang='lat' dir='ltr'><strong>Deus,</strong></span> <span class='ocrx_word' id='word_1_175' title='bbox 2788 660 3041 742; x_wconf 84' lang='lat' dir='ltr'><strong>ingressus</strong></span> <span class='ocrx_word' id='word_1_176' title='bbox 3073 674 3167 727; x_wconf 79' lang='lat' dir='ltr'><strong>Dei</strong></span> <span class='ocrx_word' id='word_1_177' title='bbox 3198 676 3295 727; x_wconf 69' lang='lat' dir='ltr'><strong>mei</strong></span> <span class='ocrx_word' id='word_1_178' title='bbox 3322 673 3477 745; x_wconf 86' lang='lat' dir='ltr'><strong>Regis</strong></span> 
     </span>
    </p>
   </div>
   <div class='ocr_carea' id='block_1_23' title="bbox 1913 758 3478 827">
    <p class='ocr_par' dir='ltr' id='par_1_23' title="bbox 1913 758 3478 827">
     <span class='ocr_line' id='line_1_23' title="bbox 1913 758 3478 827; baseline 0.004 -16"><span class='ocrx_word' id='word_1_179' title='bbox 1913 758 2106 827; x_wconf 59' lang='lat' dir='ltr'><strong>(Ptol.</strong></span> <span class='ocrx_word' id='word_1_180' title='bbox 2139 776 2285 814; x_wconf 80' lang='lat' dir='ltr'><strong>van</strong></span> <span class='ocrx_word' id='word_1_181' title='bbox 2306 799 2321 823; x_wconf 86' lang='lat'><strong>,</strong></span> <span class='ocrx_word' id='word_1_182' title='bbox 2352 759 2422 812; x_wconf 75' lang='lat'><strong>25</strong></span> <span class='ocrx_word' id='word_1_183' title='bbox 2438 759 2485 827; x_wconf 83' lang='lat'><strong>).</strong></span> <span class='ocrx_word' id='word_1_184' title='bbox 2538 760 2645 814; x_wconf 81' lang='lat' dir='ltr'><strong>llos</strong></span> <span class='ocrx_word' id='word_1_185' title='bbox 2689 761 2973 817; x_wconf 82' lang='lat' dir='ltr'><strong>imitandos</strong></span> <span class='ocrx_word' id='word_1_186' title='bbox 3006 778 3126 818; x_wconf 84' lang='lat' dir='ltr'><strong>esse</strong></span> <span class='ocrx_word' id='word_1_187' title='bbox 3158 764 3478 820; x_wconf 80' lang='lat' dir='ltr'><strong>denuntians</strong></span> 
     </span>
    </p>
   </div>
   <div class='ocr_carea' id='block_1_24' title="bbox 1916 849 3475 941">
    <p class='ocr_par' dir='ltr' id='par_1_24' title="bbox 1916 849 3475 941">
     <span class='ocr_line' id='line_1_24' title="bbox 1916 849 3475 941; baseline 0 -35"><span class='ocrx_word' id='word_1_188' title='bbox 1916 852 2105 941; x_wconf 61' lang='lat' dir='ltr'><strong>Petrus</strong></span> <span class='ocrx_word' id='word_1_189' title='bbox 2131 852 2208 905; x_wconf 88' lang='lat' dir='ltr'><strong>ait</strong></span> <span class='ocrx_word' id='word_1_190' title='bbox 2240 850 2485 906; x_wconf 87' lang='lat' dir='ltr'><strong>lidelibus</strong></span> <span class='ocrx_word' id='word_1_191' title='bbox 2515 868 2527 903; x_wconf 92' lang='lat'>:</span> <span class='ocrx_word' id='word_1_192' title='bbox 2560 849 2791 905; x_wconf 84' lang='lat' dir='ltr'><strong>Christus</strong></span> <span class='ocrx_word' id='word_1_193' title='bbox 2819 869 3002 921; x_wconf 83' lang='lat' dir='ltr'><strong>passus</strong></span> <span class='ocrx_word' id='word_1_194' title='bbox 3035 863 3112 907; x_wconf 84' lang='lat' dir='ltr'><strong>est</strong></span> <span class='ocrx_word' id='word_1_195' title='bbox 3156 870 3249 921; x_wconf 84' lang='lat' dir='ltr'><strong>pro</strong></span> <span class='ocrx_word' id='word_1_196' title='bbox 3294 855 3436 908; x_wconf 85' lang='lat' dir='ltr'><strong>nobis</strong></span> <span class='ocrx_word' id='word_1_197' title='bbox 3459 894 3475 919; x_wconf 97' lang='lat'><strong>,</strong></span> 
     </span>
    </p>
   </div>
   <div class='ocr_carea' id='block_1_25' title="bbox 1911 944 3475 1019">
    <p class='ocr_par' dir='ltr' id='par_1_25' title="bbox 1911 944 3475 1019">
     <span class='ocr_line' id='line_1_25' title="bbox 1911 944 3475 1019; baseline 0.003 -21"><span class='ocrx_word' id='word_1_198' title='bbox 1911 946 2050 999; x_wconf 76' lang='lat' dir='ltr'><strong>vobis</strong></span> <span class='ocrx_word' id='word_1_199' title='bbox 2094 944 2380 1012; x_wconf 86' lang='lat' dir='ltr'><strong>relinquens</strong></span> <span class='ocrx_word' id='word_1_200' title='bbox 2408 946 2694 1011; x_wconf 66' lang='lat' dir='ltr'><strong>exemplum</strong></span> <span class='ocrx_word' id='word_1_201' title='bbox 2725 952 2777 995; x_wconf 89' lang='lat' dir='ltr'><strong>ut</strong></span> <span class='ocrx_word' id='word_1_202' title='bbox 2806 947 3086 1009; x_wconf 70' lang='lat' dir='ltr'><strong>sequamini</strong></span> <span class='ocrx_word' id='word_1_203' title='bbox 3126 950 3335 1017; x_wconf 81' lang='lat' dir='ltr'><strong>vestigia</strong></span> <span class='ocrx_word' id='word_1_204' title='bbox 3361 953 3475 1019; x_wconf 83' lang='lat' dir='ltr'><strong>ejus</strong></span> 
     </span>
    </p>
   </div>
   <div class='ocr_carea' id='block_1_26' title="bbox 1912 1032 3476 1108">
    <p class='ocr_par' dir='ltr' id='par_1_26' title="bbox 1912 1032 3476 1108">
     <span class='ocr_line' id='line_1_26' title="bbox 1912 1032 3476 1108; baseline 0.004 -20"><span class='ocrx_word' id='word_1_205' title='bbox 1912 1034 1982 1106; x_wconf 88' lang='grc'><strong>(1</strong></span> <span class='ocrx_word' id='word_1_206' title='bbox 2016 1033 2133 1087; x_wconf 85' lang='lat' dir='ltr'><strong>Pet.</strong></span> <span class='ocrx_word' id='word_1_207' title='bbox 2164 1050 2237 1099; x_wconf 85' lang='grc' dir='ltr'>ιι,</span> <span class='ocrx_word' id='word_1_208' title='bbox 2266 1036 2327 1089; x_wconf 68' lang='lat' dir='ltr'><strong>2i</strong></span> <span class='ocrx_word' id='word_1_209' title='bbox 2357 1032 2398 1104; x_wconf 91' lang='lat'><strong>).</strong></span> <span class='ocrx_word' id='word_1_210' title='bbox 2450 1034 2539 1087; x_wconf 85' lang='lat' dir='ltr'><strong>llis</strong></span> <span class='ocrx_word' id='word_1_211' title='bbox 2585 1049 2644 1089; x_wconf 87' lang='lat' dir='ltr'><strong>se</strong></span> <span class='ocrx_word' id='word_1_212' title='bbox 2678 1035 3011 1103; x_wconf 86' lang='lat' dir='ltr'><strong>passionibus</strong></span> <span class='ocrx_word' id='word_1_213' title='bbox 3051 1039 3195 1106; x_wconf 84' lang='lat' dir='ltr'><strong>sequi</strong></span> <span class='ocrx_word' id='word_1_214' title='bbox 3238 1041 3348 1108; x_wconf 88' lang='lat' dir='ltr'><strong>ipsa</strong></span> <span class='ocrx_word' id='word_1_215' title='bbox 3381 1041 3476 1096; x_wconf 80' lang='lat' dir='ltr'><strong>Via</strong></span> 
     </span>
    </p>
   </div>
   <div class='ocr_carea' id='block_1_27' title="bbox 1919 1128 3477 1203">
    <p class='ocr_par' dir='ltr' id='par_1_27' title="bbox 1919 1128 3477 1203">
     <span class='ocr_line' id='line_1_27' title="bbox 1919 1128 3477 1203; baseline 0.001 -19"><span class='ocrx_word' id='word_1_216' title='bbox 1919 1130 2159 1185; x_wconf 85' lang='lat' dir='ltr'><strong>insinuat</strong></span> <span class='ocrx_word' id='word_1_217' title='bbox 2191 1129 2375 1182; x_wconf 87' lang='lat' dir='ltr'><strong>dicens</strong></span> <span class='ocrx_word' id='word_1_218' title='bbox 2408 1148 2419 1180; x_wconf 93' lang='lat'>:</span> <span class='ocrx_word' id='word_1_219' title='bbox 2452 1128 2509 1180; x_wconf 81' lang='lat' dir='ltr'><strong>Si</strong></span> <span class='ocrx_word' id='word_1_220' title='bbox 2536 1129 2648 1197; x_wconf 89' lang='lat' dir='ltr'><strong>quis</strong></span> <span class='ocrx_word' id='word_1_221' title='bbox 2678 1129 2786 1181; x_wconf 82' lang='lat' dir='ltr'><strong>vult</strong></span> <span class='ocrx_word' id='word_1_222' title='bbox 2814 1137 2926 1198; x_wconf 82' lang='lat' dir='ltr'><strong>post</strong></span> <span class='ocrx_word' id='word_1_223' title='bbox 2948 1144 3031 1195; x_wconf 65' lang='lat' dir='ltr'><strong>[ne</strong></span> <span class='ocrx_word' id='word_1_224' title='bbox 3057 1132 3242 1195; x_wconf 76' lang='lat' dir='ltr'><strong>venire,</strong></span> <span class='ocrx_word' id='word_1_225' title='bbox 3270 1134 3477 1203; x_wconf 80' lang='lat' dir='ltr'><strong>abneget</strong></span> 
     </span>
    </p>
   </div>
   <div class='ocr_carea' id='block_1_28' title="bbox 1913 1218 3477 1289">
    <p class='ocr_par' dir='ltr' id='par_1_28' title="bbox 1913 1218 3477 1289">
     <span class='ocr_line' id='line_1_28' title="bbox 1913 1218 3477 1289; baseline 0 -16"><span class='ocrx_word' id='word_1_226' title='bbox 1913 1220 2272 1287; x_wconf 79' lang='lat' dir='ltr'><strong>semetipsum,</strong></span> <span class='ocrx_word' id='word_1_227' title='bbox 2301 1228 2345 1271; x_wconf 89' lang='lat' dir='ltr'><strong>et</strong></span> <span class='ocrx_word' id='word_1_228' title='bbox 2374 1219 2520 1271; x_wconf 88' lang='lat' dir='ltr'><strong>tollat</strong></span> <span class='ocrx_word' id='word_1_229' title='bbox 2548 1232 2745 1271; x_wconf 83' lang='lat' dir='ltr'><strong>crucem</strong></span> <span class='ocrx_word' id='word_1_230' title='bbox 2775 1233 2918 1270; x_wconf 87' lang='lat' dir='ltr'><strong>suam</strong></span> <span class='ocrx_word' id='word_1_231' title='bbox 2949 1218 3194 1287; x_wconf 83' lang='lat' dir='ltr'><strong>quotidie,</strong></span> <span class='ocrx_word' id='word_1_232' title='bbox 3224 1230 3272 1272; x_wconf 84' lang='lat' dir='ltr'><strong>et</strong></span> <span class='ocrx_word' id='word_1_233' title='bbox 3300 1237 3477 1289; x_wconf 83' lang='lat' dir='ltr'><strong>sequa-</strong></span> 
     </span>
    </p>
   </div>
   <div class='ocr_carea' id='block_1_29' title="bbox 1911 1307 3476 1376">
    <p class='ocr_par' dir='ltr' id='par_1_29' title="bbox 1911 1307 3476 1376">
     <span class='ocr_line' id='line_1_29' title="bbox 1911 1307 3476 1376; baseline 0.003 -16"><span class='ocrx_word' id='word_1_234' title='bbox 1911 1316 1999 1360; x_wconf 86' lang='lat' dir='ltr'><strong>tur</strong></span> <span class='ocrx_word' id='word_1_235' title='bbox 2023 1324 2103 1360; x_wconf 88' lang='lat' dir='ltr'><strong>me</strong></span> <span class='ocrx_word' id='word_1_236' title='bbox 2132 1307 2301 1376; x_wconf 87' lang='lat' dir='ltr'><strong>(Luc.</strong></span> <span class='ocrx_word' id='word_1_237' title='bbox 2334 1324 2384 1361; x_wconf 73' lang='grc' dir='ltr'><strong>ιι</strong></span> <span class='ocrx_word' id='word_1_238' title='bbox 2408 1352 2421 1375; x_wconf 84' lang='grc'><em>,</em></span> <span class='ocrx_word' id='word_1_239' title='bbox 2450 1307 2519 1359; x_wconf 70' lang='grc'><strong>25</strong></span> <span class='ocrx_word' id='word_1_240' title='bbox 2544 1307 2584 1375; x_wconf 90' lang='grc'><strong>).</strong></span> <span class='ocrx_word' id='word_1_241' title='bbox 2636 1308 2703 1361; x_wconf 86' lang='lat' dir='ltr'><strong>Et</strong></span> <span class='ocrx_word' id='word_1_242' title='bbox 2751 1307 2944 1361; x_wconf 83' lang='lat' dir='ltr'><strong>Paulus</strong></span> <span class='ocrx_word' id='word_1_243' title='bbox 2991 1309 3064 1362; x_wconf 88' lang='lat' dir='ltr'><strong>ait</strong></span> <span class='ocrx_word' id='word_1_244' title='bbox 3094 1308 3127 1359; x_wconf 45' lang='lat'><strong>:&#39;</strong></span> <span class='ocrx_word' id='word_1_245' title='bbox 3153 1308 3476 1365; x_wconf 67' lang='lat' dir='ltr'><strong>Mitridatem</strong></span> 
     </span>
    </p>
   </div>
   <div class='ocr_carea' id='block_1_30' title="bbox 1912 1396 3477 1467">
    <p class='ocr_par' dir='ltr' id='par_1_30' title="bbox 1912 1396 3477 1467">
     <span class='ocr_line' id='line_1_30' title="bbox 1912 1396 3477 1467; baseline -0.001 -16"><span class='ocrx_word' id='word_1_246' title='bbox 1912 1399 2039 1451; x_wconf 90' lang='lat' dir='ltr'><strong>absit</strong></span> <span class='ocrx_word' id='word_1_247' title='bbox 2066 1399 2276 1467; x_wconf 86' lang='lat' dir='ltr'><strong>gloriari</strong></span> <span class='ocrx_word' id='word_1_248' title='bbox 2296 1438 2309 1459; x_wconf 94' lang='lat'><strong>,</strong></span> <span class='ocrx_word' id='word_1_249' title='bbox 2338 1399 2434 1451; x_wconf 86' lang='lat' dir='ltr'><strong>nisi</strong></span> <span class='ocrx_word' id='word_1_250' title='bbox 2465 1398 2517 1451; x_wconf 86' lang='lat' dir='ltr'><strong>in</strong></span> <span class='ocrx_word' id='word_1_251' title='bbox 2546 1414 2691 1451; x_wconf 84' lang='lat' dir='ltr'><strong>cruce</strong></span> <span class='ocrx_word' id='word_1_252' title='bbox 2735 1396 2943 1451; x_wconf 80' lang='lat' dir='ltr'><strong>Domini</strong></span> <span class='ocrx_word' id='word_1_253' title='bbox 2987 1399 3145 1450; x_wconf 79' lang='lat' dir='ltr'><strong>nostri</strong></span> <span class='ocrx_word' id='word_1_254' title='bbox 3172 1396 3299 1451; x_wconf 86' lang='lat' dir='ltr'><strong>Jesu</strong></span> <span class='ocrx_word' id='word_1_255' title='bbox 3326 1397 3477 1452; x_wconf 86' lang='lat' dir='ltr'><strong>Chri-</strong></span> 
     </span>
    </p>
   </div>
   <div class='ocr_carea' id='block_1_31' title="bbox 1912 1485 3478 1554">
    <p class='ocr_par' dir='ltr' id='par_1_31' title="bbox 1912 1485 3478 1554">
     <span class='ocr_line' id='line_1_31' title="bbox 1912 1485 3478 1554; baseline -0.001 -15"><span class='ocrx_word' id='word_1_256' title='bbox 1912 1488 2007 1551; x_wconf 89' lang='lat' dir='ltr'><strong>sti,</strong></span> <span class='ocrx_word' id='word_1_257' title='bbox 2056 1502 2147 1554; x_wconf 80' lang='lat' dir='ltr'><strong>per</strong></span> <span class='ocrx_word' id='word_1_258' title='bbox 2188 1501 2339 1553; x_wconf 86' lang='lat' dir='ltr'><strong>quem</strong></span> <span class='ocrx_word' id='word_1_259' title='bbox 2383 1485 2505 1539; x_wconf 84' lang='lat' dir='ltr'><strong>mihi</strong></span> <span class='ocrx_word' id='word_1_260' title='bbox 2554 1488 2770 1538; x_wconf 88' lang='lat' dir='ltr'><strong>mundus</strong></span> <span class='ocrx_word' id='word_1_261' title='bbox 2820 1487 3089 1552; x_wconf 71' lang='lat' dir='ltr'><strong>cruciﬁxus</strong></span> <span class='ocrx_word' id='word_1_262' title='bbox 3136 1497 3246 1550; x_wconf 86' lang='lat' dir='ltr'><strong>est,</strong></span> <span class='ocrx_word' id='word_1_263' title='bbox 3293 1497 3338 1538; x_wconf 82' lang='lat' dir='ltr'><strong>et</strong></span> <span class='ocrx_word' id='word_1_264' title='bbox 3386 1504 3478 1554; x_wconf 86' lang='lat' dir='ltr'><strong>ego</strong></span> 
     </span>
    </p>
   </div>
   <div class='ocr_carea' id='block_1_32' title="bbox 1914 1573 3479 1646">
    <p class='ocr_par' dir='ltr' id='par_1_32' title="bbox 1914 1573 3479 1646">
     <span class='ocr_line' id='line_1_32' title="bbox 1914 1573 3479 1646; baseline 0.001 -20"><span class='ocrx_word' id='word_1_265' title='bbox 1914 1575 2107 1629; x_wconf 82' lang='lat' dir='ltr'><strong>mundo</strong></span> <span class='ocrx_word' id='word_1_266' title='bbox 2140 1573 2356 1646; x_wconf 84' lang='lat' dir='ltr'><strong>(Galal.</strong></span> <span class='ocrx_word' id='word_1_267' title='bbox 2391 1588 2471 1640; x_wconf 80' lang='lat' dir='ltr'><strong>vt,</strong></span> <span class='ocrx_word' id='word_1_268' title='bbox 2507 1575 2573 1628; x_wconf 70' lang='lat' dir='ltr'><strong>l4</strong></span> <span class='ocrx_word' id='word_1_269' title='bbox 2597 1574 2636 1643; x_wconf 93' lang='lat'><strong>).</strong></span> <span class='ocrx_word' id='word_1_270' title='bbox 2688 1574 2729 1626; x_wconf 90' lang='lat' dir='ltr'><strong>li</strong></span> <span class='ocrx_word' id='word_1_271' title='bbox 2776 1587 2989 1641; x_wconf 81' lang='lat' dir='ltr'><strong>gressus</strong></span> <span class='ocrx_word' id='word_1_272' title='bbox 3034 1576 3211 1626; x_wconf 85' lang='lat' dir='ltr'><strong>autem</strong></span> <span class='ocrx_word' id='word_1_273' title='bbox 3236 1582 3290 1627; x_wconf 89' lang='lat' dir='ltr'><strong>et</strong></span> <span class='ocrx_word' id='word_1_274' title='bbox 3316 1588 3479 1643; x_wconf 73' lang='lat' dir='ltr'><strong>angu-</strong></span> 
     </span>
    </p>
   </div>
   <div class='ocr_carea' id='block_1_33' title="bbox 254 1652 3481 1732">
    <p class='ocr_par' dir='ltr' id='par_1_33' title="bbox 254 1652 3481 1732">
     <span class='ocr_line' id='line_1_33' title="bbox 254 1652 3481 1732; baseline 0.002 -20"><span class='ocrx_word' id='word_1_275' title='bbox 254 1658 386 1712; x_wconf 85' lang='lat' dir='ltr'><strong>cerit</strong></span> <span class='ocrx_word' id='word_1_276' title='bbox 416 1673 513 1725; x_wconf 91' lang='lat' dir='ltr'><strong>pro</strong></span> <span class='ocrx_word' id='word_1_277' title='bbox 537 1661 715 1722; x_wconf 88' lang='lat' dir='ltr'><strong>nobis,</strong></span> <span class='ocrx_word' id='word_1_278' title='bbox 746 1658 921 1712; x_wconf 85' lang='lat' dir='ltr'><strong>nullus</strong></span> <span class='ocrx_word' id='word_1_279' title='bbox 952 1660 1125 1713; x_wconf 88' lang='lat' dir='ltr'><strong>verbis</strong></span> <span class='ocrx_word' id='word_1_280' title='bbox 1154 1662 1387 1729; x_wconf 78' lang='lat' dir='ltr'><strong>explicat</strong></span> <span class='ocrx_word' id='word_1_281' title='bbox 1410 1674 1475 1715; x_wconf 81' lang='lat' dir='ltr'><strong>ex</strong></span> <span class='ocrx_word' id='word_1_282' title='bbox 1509 1660 1661 1714; x_wconf 88' lang='lat' dir='ltr'><strong>nobis</strong></span> <span class='ocrx_word' id='word_1_283' title='bbox 1685 1677 1701 1723; x_wconf 90' lang='lat'><strong>;</strong></span> <span class='ocrx_word' id='word_1_284' title='bbox 1729 1664 1805 1713; x_wconf 88' lang='lat' dir='ltr'><strong>ait</strong></span> <span class='ocrx_word' id='word_1_285' title='bbox 1837 1652 1883 1712; x_wconf 83' lang='grc' dir='ltr'><strong>Β</strong></span> <span class='ocrx_word' id='word_1_286' title='bbox 1910 1675 2049 1717; x_wconf 83' lang='lat' dir='ltr'><strong>stam</strong></span> <span class='ocrx_word' id='word_1_287' title='bbox 2081 1663 2451 1732; x_wconf 72' lang='lat' dir='ltr'><strong>ingrediuntur</strong></span> <span class='ocrx_word' id='word_1_288' title='bbox 2476 1664 2649 1729; x_wconf 88' lang='lat' dir='ltr'><strong>viam,</strong></span> <span class='ocrx_word' id='word_1_289' title='bbox 2677 1675 2795 1730; x_wconf 63' lang='lat' dir='ltr'><strong>qua:</strong></span> <span class='ocrx_word' id='word_1_290' title='bbox 2819 1652 2966 1715; x_wconf 87' lang='lat' dir='ltr'><strong>ducit</strong></span> <span class='ocrx_word' id='word_1_291' title='bbox 2987 1660 3053 1715; x_wconf 87' lang='lat' dir='ltr'><strong>ad</strong></span> <span class='ocrx_word' id='word_1_292' title='bbox 3082 1654 3263 1716; x_wconf 86' lang='lat' dir='ltr'><strong>vitam.</strong></span> <span class='ocrx_word' id='word_1_293' title='bbox 3296 1660 3333 1715; x_wconf 90' lang='lat' dir='ltr'><strong>li</strong></span> <span class='ocrx_word' id='word_1_294' title='bbox 3363 1677 3481 1717; x_wconf 87' lang='lat' dir='ltr'><strong>am-</strong></span> 
     </span>
    </p>
   </div>
   <div class='ocr_carea' id='block_1_34' title="bbox 246 1746 1806 1815">
    <p class='ocr_par' dir='ltr' id='par_1_34' title="bbox 246 1746 1806 1815">
     <span class='ocr_line' id='line_1_34' title="bbox 246 1746 1806 1815; baseline 0.001 -16"><span class='ocrx_word' id='word_1_295' title='bbox 246 1746 385 1800; x_wconf 82' lang='lat' dir='ltr'><strong>enim</strong></span> <span class='ocrx_word' id='word_1_296' title='bbox 418 1747 532 1815; x_wconf 89' lang='lat' dir='ltr'><strong>ipse</strong></span> <span class='ocrx_word' id='word_1_297' title='bbox 560 1746 652 1801; x_wconf 86' lang='lat' dir='ltr'><strong>Dei</strong></span> <span class='ocrx_word' id='word_1_298' title='bbox 683 1746 849 1802; x_wconf 79' lang='lat' dir='ltr'><strong>Filius</strong></span> <span class='ocrx_word' id='word_1_299' title='bbox 878 1765 890 1799; x_wconf 88' lang='lat'><strong>:</strong></span> <span class='ocrx_word' id='word_1_300' title='bbox 924 1747 1015 1803; x_wconf 86' lang='lat' dir='ltr'><strong>Sic</strong></span> <span class='ocrx_word' id='word_1_301' title='bbox 1045 1747 1180 1801; x_wconf 88' lang='lat' dir='ltr'><strong>Deus</strong></span> <span class='ocrx_word' id='word_1_302' title='bbox 1219 1749 1397 1801; x_wconf 76' lang='lat' dir='ltr'><strong>dilexit</strong></span> <span class='ocrx_word' id='word_1_303' title='bbox 1442 1750 1720 1812; x_wconf 83' lang='lat' dir='ltr'><strong>mundum,</strong></span> <span class='ocrx_word' id='word_1_304' title='bbox 1752 1756 1806 1801; x_wconf 85' lang='lat' dir='ltr'><strong>ut</strong></span> 
     </span>
    </p>
   </div>
   <div class='ocr_carea' id='block_1_35' title="bbox 248 1830 1807 1905">
    <p class='ocr_par' dir='ltr' id='par_1_35' title="bbox 248 1830 1807 1905">
     <span class='ocr_line' id='line_1_35' title="bbox 248 1830 1807 1905; baseline 0.004 -19"><span class='ocrx_word' id='word_1_305' title='bbox 248 1830 444 1887; x_wconf 71' lang='lat' dir='ltr'><strong>Filium</strong></span> <span class='ocrx_word' id='word_1_306' title='bbox 470 1850 619 1888; x_wconf 82' lang='lat' dir='ltr'><strong>suum</strong></span> <span class='ocrx_word' id='word_1_307' title='bbox 648 1836 957 1905; x_wconf 83' lang='lat' dir='ltr'><strong>unigenitum</strong></span> <span class='ocrx_word' id='word_1_308' title='bbox 987 1837 1129 1888; x_wconf 85' lang='lat' dir='ltr'><strong>daret</strong></span> <span class='ocrx_word' id='word_1_309' title='bbox 1157 1834 1351 1905; x_wconf 82' lang='lat' dir='ltr'><strong>(Joan.</strong></span> <span class='ocrx_word' id='word_1_310' title='bbox 1386 1852 1441 1891; x_wconf 83' lang='grc' dir='ltr'><strong>ιιι</strong></span> <span class='ocrx_word' id='word_1_311' title='bbox 1461 1876 1476 1900; x_wconf 84' lang='grc'><strong><em>,</em></strong></span> <span class='ocrx_word' id='word_1_312' title='bbox 1512 1837 1579 1889; x_wconf 79' lang='grc'><strong>16</strong></span> <span class='ocrx_word' id='word_1_313' title='bbox 1601 1838 1641 1903; x_wconf 79' lang='lat'><strong>).</strong></span> <span class='ocrx_word' id='word_1_314' title='bbox 1673 1837 1807 1892; x_wconf 77' lang='lat' dir='ltr'><strong>[Iino</strong></span> 
     </span>
    </p>
   </div>
   <div class='ocr_carea' id='block_1_36' title="bbox 247 1921 1806 1990">
    <p class='ocr_par' dir='ltr' id='par_1_36' title="bbox 247 1921 1806 1990">
     <span class='ocr_line' id='line_1_36' title="bbox 247 1921 1806 1990; baseline 0.004 -15"><span class='ocrx_word' id='word_1_315' title='bbox 247 1922 438 1976; x_wconf 83' lang='lat' dir='ltr'><strong>iterum</strong></span> <span class='ocrx_word' id='word_1_316' title='bbox 469 1921 667 1978; x_wconf 83' lang='lat' dir='ltr'><strong>Paulus</strong></span> <span class='ocrx_word' id='word_1_317' title='bbox 695 1924 825 1978; x_wconf 83' lang='lat' dir='ltr'><strong>dicit</strong></span> <span class='ocrx_word' id='word_1_318' title='bbox 854 1942 866 1976; x_wconf 87' lang='lat'><strong>:</strong></span> <span class='ocrx_word' id='word_1_319' title='bbox 912 1925 1014 1989; x_wconf 83' lang='lat' dir='ltr'><strong>Qui</strong></span> <span class='ocrx_word' id='word_1_320' title='bbox 1042 1926 1218 1979; x_wconf 64' lang='lat' dir='ltr'><strong>ditarit</strong></span> <span class='ocrx_word' id='word_1_321' title='bbox 1250 1943 1327 1979; x_wconf 91' lang='lat' dir='ltr'><strong>me</strong></span> <span class='ocrx_word' id='word_1_322' title='bbox 1347 1967 1360 1990; x_wconf 91' lang='lat'><strong>,</strong></span> <span class='ocrx_word' id='word_1_323' title='bbox 1391 1938 1438 1979; x_wconf 90' lang='lat' dir='ltr'><strong>et</strong></span> <span class='ocrx_word' id='word_1_324' title='bbox 1481 1928 1695 1980; x_wconf 81' lang='lat' dir='ltr'><strong>tradidit</strong></span> <span class='ocrx_word' id='word_1_325' title='bbox 1729 1944 1806 1982; x_wconf 89' lang='lat' dir='ltr'><strong>se-</strong></span> 
     </span>
    </p>
   </div>
   <div class='ocr_carea' id='block_1_37' title="bbox 244 2012 1805 2085">
    <p class='ocr_par' dir='ltr' id='par_1_37' title="bbox 244 2012 1805 2085">
     <span class='ocr_line' id='line_1_37' title="bbox 244 2012 1805 2085; baseline 0.004 -20"><span class='ocrx_word' id='word_1_326' title='bbox 244 2012 413 2081; x_wconf 70' lang='lat' dir='ltr'><strong>ipsuttt</strong></span> <span class='ocrx_word' id='word_1_327' title='bbox 441 2029 535 2082; x_wconf 78' lang='lat' dir='ltr'><strong>pro</strong></span> <span class='ocrx_word' id='word_1_328' title='bbox 559 2030 657 2069; x_wconf 84' lang='lat' dir='ltr'><strong>me.</strong></span> <span class='ocrx_word' id='word_1_329' title='bbox 685 2013 759 2069; x_wconf 89' lang='lat' dir='ltr'><strong>De</strong></span> <span class='ocrx_word' id='word_1_330' title='bbox 789 2029 893 2085; x_wconf 90' lang='lat' dir='ltr'><strong>quo</strong></span> <span class='ocrx_word' id='word_1_331' title='bbox 924 2031 1108 2070; x_wconf 88' lang='lat' dir='ltr'><strong>rursus</strong></span> <span class='ocrx_word' id='word_1_332' title='bbox 1136 2018 1208 2070; x_wconf 87' lang='lat' dir='ltr'><strong>ait</strong></span> <span class='ocrx_word' id='word_1_333' title='bbox 1233 2036 1245 2069; x_wconf 88' lang='lat'>:</span> <span class='ocrx_word' id='word_1_334' title='bbox 1272 2016 1400 2070; x_wconf 84' lang='lat' dir='ltr'><strong>Cum</strong></span> <span class='ocrx_word' id='word_1_335' title='bbox 1428 2020 1482 2070; x_wconf 86' lang='lat' dir='ltr'><strong>in</strong></span> <span class='ocrx_word' id='word_1_336' title='bbox 1501 2018 1679 2084; x_wconf 62' lang='lat' dir='ltr'><strong>forma</strong></span> <span class='ocrx_word' id='word_1_337' title='bbox 1710 2017 1805 2071; x_wconf 88' lang='lat' dir='ltr'><strong>Dei</strong></span> 
     </span>
    </p>
   </div>
   <div class='ocr_carea' id='block_1_38' title="bbox 246 2106 1805 2175">
    <p class='ocr_par' dir='ltr' id='par_1_38' title="bbox 246 2106 1805 2175">
     <span class='ocr_line' id='line_1_38' title="bbox 246 2106 1805 2175; baseline 0 -16"><span class='ocrx_word' id='word_1_338' title='bbox 246 2109 371 2159; x_wconf 72' lang='lat' dir='ltr'><strong>esset</strong></span> <span class='ocrx_word' id='word_1_339' title='bbox 386 2148 401 2171; x_wconf 95' lang='lat'><strong>,</strong></span> <span class='ocrx_word' id='word_1_340' title='bbox 423 2120 526 2158; x_wconf 78' lang='lat' dir='ltr'><strong>non</strong></span> <span class='ocrx_word' id='word_1_341' title='bbox 545 2106 781 2175; x_wconf 67' lang='lat' dir='ltr'><strong>rapinam</strong></span> <span class='ocrx_word' id='word_1_342' title='bbox 806 2106 1075 2157; x_wconf 80' lang='lat' dir='ltr'><strong>arbitratus</strong></span> <span class='ocrx_word' id='word_1_343' title='bbox 1100 2115 1171 2160; x_wconf 85' lang='lat' dir='ltr'><strong>est</strong></span> <span class='ocrx_word' id='word_1_344' title='bbox 1195 2123 1303 2160; x_wconf 83' lang='lat' dir='ltr'><strong>esse</strong></span> <span class='ocrx_word' id='word_1_345' title='bbox 1324 2123 1378 2160; x_wconf 85' lang='lat' dir='ltr'><strong>se</strong></span> <span class='ocrx_word' id='word_1_346' title='bbox 1399 2108 1646 2175; x_wconf 71' lang='lat' dir='ltr'><strong>aqualem</strong></span> <span class='ocrx_word' id='word_1_347' title='bbox 1668 2107 1773 2160; x_wconf 73' lang='lat' dir='ltr'><strong>Deo</strong></span> <span class='ocrx_word' id='word_1_348' title='bbox 1788 2124 1805 2159; x_wconf 90' lang='lat'><strong><em>:</em></strong></span> 
     </span>
    </p>
   </div>
   <div class='ocr_carea' id='block_1_39' title="bbox 245 2191 1809 2263">
    <p class='ocr_par' dir='ltr' id='par_1_39' title="bbox 245 2191 1809 2263">
     <span class='ocr_line' id='line_1_39' title="bbox 245 2191 1809 2263; baseline 0.003 -19"><span class='ocrx_word' id='word_1_349' title='bbox 245 2192 336 2244; x_wconf 79' lang='lat' dir='ltr'><strong>sed</strong></span> <span class='ocrx_word' id='word_1_350' title='bbox 377 2191 696 2263; x_wconf 82' lang='lat' dir='ltr'><strong>semetipsum</strong></span> <span class='ocrx_word' id='word_1_351' title='bbox 740 2195 1015 2247; x_wconf 68' lang='lat' dir='ltr'><strong>exinanivit</strong></span> <span class='ocrx_word' id='word_1_352' title='bbox 1064 2196 1284 2263; x_wconf 80' lang='lat' dir='ltr'><strong>formam</strong></span> <span class='ocrx_word' id='word_1_353' title='bbox 1325 2197 1451 2248; x_wconf 83' lang='lat' dir='ltr'><strong>servi</strong></span> <span class='ocrx_word' id='word_1_354' title='bbox 1477 2197 1727 2263; x_wconf 77' lang='lat' dir='ltr'><strong>accipiens</strong></span> <span class='ocrx_word' id='word_1_355' title='bbox 1755 2198 1809 2249; x_wconf 85' lang='lat' dir='ltr'><strong>in</strong></span> 
     </span>
    </p>
   </div>
   <div class='ocr_carea' id='block_1_40' title="bbox 247 2280 1809 2353">
    <p class='ocr_par' dir='ltr' id='par_1_40' title="bbox 247 2280 1809 2353">
     <span class='ocr_line' id='line_1_40' title="bbox 247 2280 1809 2353; baseline 0.002 -19"><span class='ocrx_word' id='word_1_356' title='bbox 247 2280 632 2335; x_wconf 70' lang='lat' dir='ltr'><strong>similitudinem</strong></span> <span class='ocrx_word' id='word_1_357' title='bbox 674 2283 933 2337; x_wconf 79' lang='lat' dir='ltr'><strong>hominum</strong></span> <span class='ocrx_word' id='word_1_358' title='bbox 976 2286 1164 2353; x_wconf 78' lang='lat' dir='ltr'><strong>factus,</strong></span> <span class='ocrx_word' id='word_1_359' title='bbox 1207 2295 1255 2338; x_wconf 91' lang='lat' dir='ltr'><strong>et</strong></span> <span class='ocrx_word' id='word_1_360' title='bbox 1296 2285 1469 2337; x_wconf 81' lang='lat' dir='ltr'><strong>habitu</strong></span> <span class='ocrx_word' id='word_1_361' title='bbox 1496 2286 1727 2338; x_wconf 78' lang='lat' dir='ltr'><strong>iuventus</strong></span> <span class='ocrx_word' id='word_1_362' title='bbox 1757 2296 1809 2339; x_wconf 90' lang='lat' dir='ltr'><strong>ut</strong></span> 
     </span>
    </p>
   </div>
   <div class='ocr_carea' id='block_1_41' title="bbox 251 2374 1811 2449">
    <p class='ocr_par' dir='ltr' id='par_1_41' title="bbox 251 2374 1811 2449">
     <span class='ocr_line' id='line_1_41' title="bbox 251 2374 1811 2449; baseline 0.003 -21"><span class='ocrx_word' id='word_1_363' title='bbox 251 2376 417 2429; x_wconf 81' lang='lat' dir='ltr'><strong>homo.</strong></span> <span class='ocrx_word' id='word_1_364' title='bbox 465 2374 767 2430; x_wconf 80' lang='lat' dir='ltr'><strong>Humiliavit</strong></span> <span class='ocrx_word' id='word_1_365' title='bbox 804 2380 1146 2447; x_wconf 82' lang='lat' dir='ltr'><strong>semetipsum,</strong></span> <span class='ocrx_word' id='word_1_366' title='bbox 1186 2380 1354 2449; x_wconf 74' lang='lat' dir='ltr'><strong>factus</strong></span> <span class='ocrx_word' id='word_1_367' title='bbox 1384 2379 1615 2433; x_wconf 77' lang='lat' dir='ltr'><strong>obedieus</strong></span> <span class='ocrx_word' id='word_1_368' title='bbox 1656 2396 1811 2449; x_wconf 87' lang='lat' dir='ltr'><strong>usque</strong></span> 
     </span>
    </p>
   </div>
   <div class='ocr_carea' id='block_1_42' title="bbox 248 2454 1809 2540">
    <p class='ocr_par' dir='ltr' id='par_1_42' title="bbox 248 2454 1809 2540">
     <span class='ocr_line' id='line_1_42' title="bbox 248 2454 1809 2540; baseline 0.002 -19"><span class='ocrx_word' id='word_1_369' title='bbox 248 2469 319 2521; x_wconf 75' lang='lat' dir='ltr'><strong>ad</strong></span> <span class='ocrx_word' id='word_1_370' title='bbox 349 2478 558 2522; x_wconf 79' lang='lat' dir='ltr'><strong>mortem</strong></span> <span class='ocrx_word' id='word_1_371' title='bbox 576 2508 591 2534; x_wconf 92' lang='lat'><strong>,</strong></span> <span class='ocrx_word' id='word_1_372' title='bbox 624 2479 835 2525; x_wconf 82' lang='lat' dir='ltr'><strong>mortem</strong></span> <span class='ocrx_word' id='word_1_373' title='bbox 861 2478 1031 2525; x_wconf 81' lang='lat' dir='ltr'><strong>autem</strong></span> <span class='ocrx_word' id='word_1_374' title='bbox 1058 2454 1511 2540; x_wconf 35' lang='lat' dir='ltr'><strong>crucis-(Philipp.</strong></span> <span class='ocrx_word' id='word_1_375' title='bbox 1540 2486 1576 2525; x_wconf 91' lang='grc' dir='ltr'><strong>ιι</strong></span> <span class='ocrx_word' id='word_1_376' title='bbox 1597 2510 1611 2534; x_wconf 88' lang='grc'><em>,</em></span> <span class='ocrx_word' id='word_1_377' title='bbox 1640 2472 1719 2535; x_wconf 84' lang='grc'><strong>6).</strong></span> <span class='ocrx_word' id='word_1_378' title='bbox 1754 2470 1809 2524; x_wconf 90' lang='lat' dir='ltr'><strong>In</strong></span> 
     </span>
    </p>
   </div>
   <div class='ocr_carea' id='block_1_43' title="bbox 249 2559 1811 2627">
    <p class='ocr_par' dir='ltr' id='par_1_43' title="bbox 249 2559 1811 2627">
     <span class='ocr_line' id='line_1_43' title="bbox 249 2559 1811 2627; baseline 0.001 -16"><span class='ocrx_word' id='word_1_379' title='bbox 249 2573 354 2627; x_wconf 85' lang='lat' dir='ltr'><strong>qua</strong></span> <span class='ocrx_word' id='word_1_380' title='bbox 401 2559 614 2614; x_wconf 83' lang='lat' dir='ltr'><strong>scilicet</strong></span> <span class='ocrx_word' id='word_1_381' title='bbox 668 2560 1011 2615; x_wconf 87' lang='lat' dir='ltr'><strong>humanitatis</strong></span> <span class='ocrx_word' id='word_1_382' title='bbox 1066 2560 1232 2615; x_wconf 85' lang='lat' dir='ltr'><strong>forma</strong></span> <span class='ocrx_word' id='word_1_383' title='bbox 1281 2568 1627 2614; x_wconf 87' lang='lat' dir='ltr'><strong>conversatus</strong></span> <span class='ocrx_word' id='word_1_384' title='bbox 1673 2561 1811 2613; x_wconf 88' lang='lat' dir='ltr'><strong>inter</strong></span> 
     </span>
    </p>
   </div>
   <div class='ocr_carea' id='block_1_44' title="bbox 257 2647 1811 2718">
    <p class='ocr_par' dir='ltr' id='par_1_44' title="bbox 257 2647 1811 2718">
     <span class='ocr_line' id='line_1_44' title="bbox 257 2647 1811 2718; baseline 0.001 -19"><span class='ocrx_word' id='word_1_385' title='bbox 257 2647 503 2702; x_wconf 83' lang='lat' dir='ltr'><strong>homines</strong></span> <span class='ocrx_word' id='word_1_386' title='bbox 534 2662 628 2715; x_wconf 86' lang='lat' dir='ltr'><strong>per</strong></span> <span class='ocrx_word' id='word_1_387' title='bbox 657 2649 835 2702; x_wconf 83' lang='lat' dir='ltr'><strong>omnia</strong></span> <span class='ocrx_word' id='word_1_388' title='bbox 868 2656 927 2703; x_wconf 93' lang='lat' dir='ltr'><strong>ut</strong></span> <span class='ocrx_word' id='word_1_389' title='bbox 951 2650 1142 2716; x_wconf 86' lang='lat' dir='ltr'><strong>homo,</strong></span> <span class='ocrx_word' id='word_1_390' title='bbox 1174 2660 1397 2718; x_wconf 80' lang='lat' dir='ltr'><strong>excepto</strong></span> <span class='ocrx_word' id='word_1_391' title='bbox 1428 2658 1644 2716; x_wconf 89' lang='lat' dir='ltr'><strong>peccato</strong></span> <span class='ocrx_word' id='word_1_392' title='bbox 1665 2688 1679 2713; x_wconf 95' lang='lat'><strong>,</strong></span> <span class='ocrx_word' id='word_1_393' title='bbox 1711 2649 1811 2701; x_wconf 83' lang='lat' dir='ltr'><strong>iter</strong></span> 
     </span>
    </p>
   </div>
   <div class='ocr_carea' id='block_1_45' title="bbox 252 2734 1807 2805">
    <p class='ocr_par' dir='ltr' id='par_1_45' title="bbox 252 2734 1807 2805">
     <span class='ocr_line' id='line_1_45' title="bbox 252 2734 1807 2805; baseline 0.002 -18"><span class='ocrx_word' id='word_1_394' title='bbox 252 2736 334 2788; x_wconf 89' lang='lat' dir='ltr'><strong>eis</strong></span> <span class='ocrx_word' id='word_1_395' title='bbox 359 2734 597 2787; x_wconf 77' lang='lat' dir='ltr'><strong>ostendit</strong></span> <span class='ocrx_word' id='word_1_396' title='bbox 624 2748 731 2803; x_wconf 92' lang='lat' dir='ltr'><strong>quo</strong></span> <span class='ocrx_word' id='word_1_397' title='bbox 765 2736 830 2790; x_wconf 89' lang='lat' dir='ltr'><strong>ad</strong></span> <span class='ocrx_word' id='word_1_398' title='bbox 861 2734 1115 2791; x_wconf 88' lang='lat' dir='ltr'><strong>derelicta</strong></span> <span class='ocrx_word' id='word_1_399' title='bbox 1153 2737 1342 2805; x_wconf 73' lang='lat' dir='ltr'><strong>gaudia</strong></span> <span class='ocrx_word' id='word_1_400' title='bbox 1385 2736 1643 2804; x_wconf 85' lang='lat' dir='ltr'><strong>repedare</strong></span> <span class='ocrx_word' id='word_1_401' title='bbox 1688 2749 1807 2804; x_wconf 84' lang='lat' dir='ltr'><strong>pos-</strong></span> 
     </span>
    </p>
   </div>
   <div class='ocr_carea' id='block_1_46' title="bbox 251 2821 1813 2893">
    <p class='ocr_par' dir='ltr' id='par_1_46' title="bbox 251 2821 1813 2893">
     <span class='ocr_line' id='line_1_46' title="bbox 251 2821 1813 2893; baseline 0 -17"><span class='ocrx_word' id='word_1_402' title='bbox 251 2822 383 2876; x_wconf 84' lang='lat' dir='ltr'><strong>sint.</strong></span> <span class='ocrx_word' id='word_1_403' title='bbox 416 2821 473 2877; x_wconf 86' lang='lat' dir='ltr'><strong>Si</strong></span> <span class='ocrx_word' id='word_1_404' title='bbox 504 2830 681 2877; x_wconf 88' lang='lat' dir='ltr'><strong>autem</strong></span> <span class='ocrx_word' id='word_1_405' title='bbox 713 2824 852 2893; x_wconf 88' lang='lat' dir='ltr'><strong>quod</strong></span> <span class='ocrx_word' id='word_1_406' title='bbox 880 2826 949 2878; x_wconf 86' lang='lat' dir='ltr'><strong>sit</strong></span> <span class='ocrx_word' id='word_1_407' title='bbox 979 2824 1079 2879; x_wconf 88' lang='lat' dir='ltr'><strong>hoc</strong></span> <span class='ocrx_word' id='word_1_408' title='bbox 1110 2827 1209 2879; x_wconf 89' lang='lat' dir='ltr'><strong>iter</strong></span> <span class='ocrx_word' id='word_1_409' title='bbox 1254 2825 1602 2892; x_wconf 82' lang='lat' dir='ltr'><strong>inquirimus,</strong></span> <span class='ocrx_word' id='word_1_410' title='bbox 1633 2823 1813 2877; x_wconf 88' lang='lat' dir='ltr'><strong>Domi-</strong></span> 
     </span>
    </p>
   </div>
   <div class='ocr_carea' id='block_1_47' title="bbox 252 2912 1810 2983">
    <p class='ocr_par' dir='ltr' id='par_1_47' title="bbox 252 2912 1810 2983">
     <span class='ocr_line' id='line_1_47' title="bbox 252 2912 1810 2983; baseline 0 -20"><span class='ocrx_word' id='word_1_411' title='bbox 252 2926 381 2964; x_wconf 88' lang='lat' dir='ltr'><strong>num</strong></span> <span class='ocrx_word' id='word_1_412' title='bbox 413 2912 465 2965; x_wconf 92' lang='lat' dir='ltr'><strong>in</strong></span> <span class='ocrx_word' id='word_1_413' title='bbox 500 2913 785 2983; x_wconf 76' lang='lat' dir='ltr'><strong>Evangelia</strong></span> <span class='ocrx_word' id='word_1_414' title='bbox 814 2913 1082 2983; x_wconf 85' lang='lat' dir='ltr'><strong>dicentem</strong></span> <span class='ocrx_word' id='word_1_415' title='bbox 1124 2912 1490 2979; x_wconf 83' lang='lat' dir='ltr'><strong>attendamus,</strong></span> <span class='ocrx_word' id='word_1_416' title='bbox 1521 2912 1595 2964; x_wconf 85' lang='lat' dir='ltr'><strong>ait</strong></span> <span class='ocrx_word' id='word_1_417' title='bbox 1622 2912 1762 2965; x_wconf 89' lang='lat' dir='ltr'><strong>enim</strong></span> <span class='ocrx_word' id='word_1_418' title='bbox 1796 2928 1810 2963; x_wconf 92' lang='lat'><strong>:</strong></span> 
     </span>
    </p>
   </div>
   <div class='ocr_carea' id='block_1_48' title="bbox 1918 1739 3478 1823">
    <p class='ocr_par' dir='ltr' id='par_1_48' title="bbox 1918 1739 3478 1823">
     <span class='ocr_line' id='line_1_48' title="bbox 1918 1739 3478 1823; baseline -0.003 -14"><span class='ocrx_word' id='word_1_419' title='bbox 1918 1755 2104 1809; x_wconf 87' lang='lat' dir='ltr'><strong>bulam</strong></span> <span class='ocrx_word' id='word_1_420' title='bbox 2133 1769 2295 1823; x_wconf 75' lang='lat' dir='ltr'><strong>super</strong></span> <span class='ocrx_word' id='word_1_421' title='bbox 2324 1755 2564 1822; x_wconf 87' lang='lat' dir='ltr'><strong>aspidem</strong></span> <span class='ocrx_word' id='word_1_422' title='bbox 2594 1762 2647 1807; x_wconf 90' lang='lat' dir='ltr'><strong>et</strong></span> <span class='ocrx_word' id='word_1_423' title='bbox 2677 1750 2980 1805; x_wconf 87' lang='lat' dir='ltr'><strong>basiliscum</strong></span> <span class='ocrx_word' id='word_1_424' title='bbox 3004 1794 3019 1820; x_wconf 90' lang='lat'><strong>,</strong></span> <span class='ocrx_word' id='word_1_425' title='bbox 3066 1758 3121 1805; x_wconf 89' lang='lat' dir='ltr'><strong>et</strong></span> <span class='ocrx_word' id='word_1_426' title='bbox 3164 1739 3478 1805; x_wconf 82' lang='lat' dir='ltr'><strong>eouculcant</strong></span> 
     </span>
    </p>
   </div>
   <div class='ocr_carea' id='block_1_49' title="bbox 1911 1841 3467 1910">
    <p class='ocr_par' dir='ltr' id='par_1_49' title="bbox 1911 1841 3467 1910">
     <span class='ocr_line' id='line_1_49' title="bbox 1911 1841 3467 1910; baseline -0.005 -9"><span class='ocrx_word' id='word_1_427' title='bbox 1911 1846 2121 1901; x_wconf 89' lang='lat' dir='ltr'><strong>leonem</strong></span> <span class='ocrx_word' id='word_1_428' title='bbox 2150 1855 2205 1899; x_wconf 89' lang='lat' dir='ltr'><strong>et</strong></span> <span class='ocrx_word' id='word_1_429' title='bbox 2233 1845 2521 1899; x_wconf 87' lang='lat' dir='ltr'><strong>draconem</strong></span> <span class='ocrx_word' id='word_1_430' title='bbox 2550 1863 2561 1896; x_wconf 90' lang='lat'><strong><em>:</em></strong></span> <span class='ocrx_word' id='word_1_431' title='bbox 2588 1845 2639 1895; x_wconf 90' lang='lat' dir='ltr'><strong>in</strong></span> <span class='ocrx_word' id='word_1_432' title='bbox 2672 1842 2756 1896; x_wconf 86' lang='lat' dir='ltr'><strong>his</strong></span> <span class='ocrx_word' id='word_1_433' title='bbox 2783 1842 3187 1897; x_wconf 84' lang='lat' dir='ltr'><strong>ambulaverunt</strong></span> <span class='ocrx_word' id='word_1_434' title='bbox 3216 1841 3467 1910; x_wconf 82' lang='lat' dir='ltr'><strong>apostoli,</strong></span> 
     </span>
    </p>
   </div>
   <div class='ocr_carea' id='block_1_50' title="bbox 1910 1932 3474 2005">
    <p class='ocr_par' dir='ltr' id='par_1_50' title="bbox 1910 1932 3474 2005">
     <span class='ocr_line' id='line_1_50' title="bbox 1910 1932 3474 2005; baseline -0.003 -15"><span class='ocrx_word' id='word_1_435' title='bbox 1910 1936 2006 1991; x_wconf 89' lang='lat' dir='ltr'><strong>hos</strong></span> <span class='ocrx_word' id='word_1_436' title='bbox 2034 1945 2302 2005; x_wconf 85' lang='lat' dir='ltr'><strong>martyres</strong></span> <span class='ocrx_word' id='word_1_437' title='bbox 2328 1944 2381 1988; x_wconf 87' lang='lat' dir='ltr'><strong>et</strong></span> <span class='ocrx_word' id='word_1_438' title='bbox 2410 1932 2745 1988; x_wconf 76' lang='lat' dir='ltr'><strong>coitl‘essores</strong></span> <span class='ocrx_word' id='word_1_439' title='bbox 2774 1943 2896 1986; x_wconf 87' lang='lat' dir='ltr'><strong>sunt</strong></span> <span class='ocrx_word' id='word_1_440' title='bbox 2922 1932 3215 1986; x_wconf 86' lang='lat' dir='ltr'><strong>subsecuti.</strong></span> <span class='ocrx_word' id='word_1_441' title='bbox 3244 1933 3349 1987; x_wconf 81' lang='lat' dir='ltr'><strong>llos</strong></span> <span class='ocrx_word' id='word_1_442' title='bbox 3379 1946 3474 2001; x_wconf 89' lang='lat' dir='ltr'><strong>per</strong></span> 
     </span>
    </p>
   </div>
   <div class='ocr_carea' id='block_1_51' title="bbox 1906 2020 3473 2093">
    <p class='ocr_par' dir='ltr' id='par_1_51' title="bbox 1906 2020 3473 2093">
     <span class='ocr_line' id='line_1_51' title="bbox 1906 2020 3473 2093; baseline -0.002 -15"><span class='ocrx_word' id='word_1_443' title='bbox 1906 2038 2132 2092; x_wconf 75' lang='lat' dir='ltr'><strong>gressus</strong></span> <span class='ocrx_word' id='word_1_444' title='bbox 2180 2023 2400 2093; x_wconf 77' lang='lat' dir='ltr'><strong>perfecti</strong></span> <span class='ocrx_word' id='word_1_445' title='bbox 2445 2024 2777 2078; x_wconf 86' lang='lat' dir='ltr'><strong>incesserunt</strong></span> <span class='ocrx_word' id='word_1_446' title='bbox 2822 2020 3101 2087; x_wconf 78' lang='lat' dir='ltr'><strong>monachi,</strong></span> <span class='ocrx_word' id='word_1_447' title='bbox 3133 2022 3322 2090; x_wconf 88' lang='lat' dir='ltr'><strong>quibus</strong></span> <span class='ocrx_word' id='word_1_448' title='bbox 3350 2035 3473 2090; x_wconf 85' lang='lat' dir='ltr'><strong>spe-</strong></span> 
     </span>
    </p>
   </div>
   <div class='ocr_carea' id='block_1_52' title="bbox 1908 2110 3474 2183">
    <p class='ocr_par' dir='ltr' id='par_1_52' title="bbox 1908 2110 3474 2183">
     <span class='ocr_line' id='line_1_52' title="bbox 1908 2110 3474 2183; baseline -0.003 -16"><span class='ocrx_word' id='word_1_449' title='bbox 1908 2113 2117 2167; x_wconf 85' lang='lat' dir='ltr'><strong>cialiter</strong></span> <span class='ocrx_word' id='word_1_450' title='bbox 2136 2128 2165 2165; x_wconf 88' lang='lat' dir='ltr'><strong>a</strong></span> <span class='ocrx_word' id='word_1_451' title='bbox 2192 2112 2414 2166; x_wconf 90' lang='lat' dir='ltr'><strong>Domino</strong></span> <span class='ocrx_word' id='word_1_452' title='bbox 2444 2112 2635 2165; x_wconf 89' lang='lat' dir='ltr'><strong>dicitur</strong></span> <span class='ocrx_word' id='word_1_453' title='bbox 2664 2129 2675 2162; x_wconf 91' lang='lat'>:</span> <span class='ocrx_word' id='word_1_454' title='bbox 2706 2110 2891 2163; x_wconf 87' lang='lat' dir='ltr'><strong>Tollite</strong></span> <span class='ocrx_word' id='word_1_455' title='bbox 2916 2111 3097 2179; x_wconf 86' lang='lat' dir='ltr'><strong>jugum</strong></span> <span class='ocrx_word' id='word_1_456' title='bbox 3126 2126 3291 2183; x_wconf 73' lang='lat' dir='ltr'><strong>meum</strong></span> <span class='ocrx_word' id='word_1_457' title='bbox 3319 2126 3474 2178; x_wconf 85' lang='lat' dir='ltr'><strong>super</strong></span> 
     </span>
    </p>
   </div>
   <div class='ocr_carea' id='block_1_53' title="bbox 1908 2199 3476 2269">
    <p class='ocr_par' dir='ltr' id='par_1_53' title="bbox 1908 2199 3476 2269">
     <span class='ocr_line' id='line_1_53' title="bbox 1908 2199 3476 2269; baseline -0.003 -14"><span class='ocrx_word' id='word_1_458' title='bbox 1908 2217 2025 2264; x_wconf 71' lang='lat' dir='ltr'><strong>vos,</strong></span> <span class='ocrx_word' id='word_1_459' title='bbox 2057 2211 2105 2254; x_wconf 92' lang='lat' dir='ltr'><strong>et</strong></span> <span class='ocrx_word' id='word_1_460' title='bbox 2134 2203 2312 2254; x_wconf 87' lang='lat' dir='ltr'><strong>discite</strong></span> <span class='ocrx_word' id='word_1_461' title='bbox 2351 2217 2383 2253; x_wconf 89' lang='lat' dir='ltr'><strong>a</strong></span> <span class='ocrx_word' id='word_1_462' title='bbox 2412 2216 2491 2253; x_wconf 87' lang='lat' dir='ltr'><strong>me</strong></span> <span class='ocrx_word' id='word_1_463' title='bbox 2519 2203 2640 2269; x_wconf 85' lang='lat' dir='ltr'><strong>quia</strong></span> <span class='ocrx_word' id='word_1_464' title='bbox 2669 2201 2803 2252; x_wconf 85' lang='lat' dir='ltr'><strong>mitis</strong></span> <span class='ocrx_word' id='word_1_465' title='bbox 2835 2215 2948 2252; x_wconf 86' lang='lat' dir='ltr'><strong>sum</strong></span> <span class='ocrx_word' id='word_1_466' title='bbox 2974 2208 3017 2252; x_wconf 91' lang='lat' dir='ltr'><strong>et</strong></span> <span class='ocrx_word' id='word_1_467' title='bbox 3047 2199 3251 2251; x_wconf 79' lang='lat' dir='ltr'><strong>humilis</strong></span> <span class='ocrx_word' id='word_1_468' title='bbox 3292 2200 3476 2264; x_wconf 85' lang='lat' dir='ltr'><strong>corde,</strong></span> 
     </span>
    </p>
   </div>
   <div class='ocr_carea' id='block_1_54' title="bbox 1911 2287 3470 2358">
    <p class='ocr_par' dir='ltr' id='par_1_54' title="bbox 1911 2287 3470 2358">
     <span class='ocr_line' id='line_1_54' title="bbox 1911 2287 3470 2358; baseline -0.003 -14"><span class='ocrx_word' id='word_1_469' title='bbox 1911 2300 1958 2344; x_wconf 90' lang='lat' dir='ltr'><strong>et</strong></span> <span class='ocrx_word' id='word_1_470' title='bbox 1985 2291 2244 2343; x_wconf 81' lang='lat' dir='ltr'><strong>invenietis</strong></span> <span class='ocrx_word' id='word_1_471' title='bbox 2274 2290 2492 2358; x_wconf 87' lang='lat' dir='ltr'><strong>requiem</strong></span> <span class='ocrx_word' id='word_1_472' title='bbox 2522 2289 2787 2341; x_wconf 85' lang='lat' dir='ltr'><strong>animabus</strong></span> <span class='ocrx_word' id='word_1_473' title='bbox 2814 2288 2988 2341; x_wconf 84' lang='lat' dir='ltr'><strong>uestris</strong></span> <span class='ocrx_word' id='word_1_474' title='bbox 3019 2288 3240 2356; x_wconf 74' lang='lat' dir='ltr'><strong>(Matth.</strong></span> <span class='ocrx_word' id='word_1_475' title='bbox 3264 2287 3470 2356; x_wconf 67' lang='lat'><strong>11,29).</strong></span> 
     </span>
    </p>
   </div>
   <div class='ocr_carea' id='block_1_55' title="bbox 1979 2376 3465 2449">
    <p class='ocr_par' dir='ltr' id='par_1_55' title="bbox 1979 2376 3465 2449">
     <span class='ocr_line' id='line_1_55' title="bbox 1979 2376 3465 2449; baseline 0 -17"><span class='ocrx_word' id='word_1_476' title='bbox 1979 2379 2035 2433; x_wconf 78' lang='lat'><strong>2.</strong></span> <span class='ocrx_word' id='word_1_477' title='bbox 2067 2380 2169 2436; x_wconf 90' lang='lat' dir='ltr'><strong>Sed</strong></span> <span class='ocrx_word' id='word_1_478' title='bbox 2199 2381 2320 2449; x_wconf 81' lang='lat' dir='ltr'><strong>quia</strong></span> <span class='ocrx_word' id='word_1_479' title='bbox 2347 2394 2442 2433; x_wconf 90' lang='lat' dir='ltr'><strong>nos</strong></span> <span class='ocrx_word' id='word_1_480' title='bbox 2472 2376 2523 2433; x_wconf 89' lang='lat' dir='ltr'><strong>in</strong></span> <span class='ocrx_word' id='word_1_481' title='bbox 2552 2379 2760 2433; x_wconf 90' lang='lat' dir='ltr'><strong>illorum</strong></span> <span class='ocrx_word' id='word_1_482' title='bbox 2787 2388 2993 2443; x_wconf 85' lang='lat' dir='ltr'><strong>tempus</strong></span> <span class='ocrx_word' id='word_1_483' title='bbox 3032 2376 3367 2441; x_wconf 87' lang='lat' dir='ltr'><strong>devenimus,</strong></span> <span class='ocrx_word' id='word_1_484' title='bbox 3395 2377 3465 2432; x_wconf 90' lang='lat' dir='ltr'><strong>de</strong></span> 
     </span>
    </p>
   </div>
   <div class='ocr_carea' id='block_1_56' title="bbox 1909 2469 3471 2542">
    <p class='ocr_par' dir='ltr' id='par_1_56' title="bbox 1909 2469 3471 2542">
     <span class='ocr_line' id='line_1_56' title="bbox 1909 2469 3471 2542; baseline -0.004 -15"><span class='ocrx_word' id='word_1_485' title='bbox 1909 2488 2015 2542; x_wconf 92' lang='lat' dir='ltr'><strong>quo</strong></span> <span class='ocrx_word' id='word_1_486' title='bbox 2049 2472 2305 2526; x_wconf 90' lang='lat' dir='ltr'><strong>Dominus</strong></span> <span class='ocrx_word' id='word_1_487' title='bbox 2337 2472 2389 2525; x_wconf 92' lang='lat' dir='ltr'><strong>in</strong></span> <span class='ocrx_word' id='word_1_488' title='bbox 2418 2470 2705 2540; x_wconf 78' lang='lat' dir='ltr'><strong>Evangelia</strong></span> <span class='ocrx_word' id='word_1_489' title='bbox 2733 2470 2808 2523; x_wconf 84' lang='lat' dir='ltr'><strong>ait</strong></span> <span class='ocrx_word' id='word_1_490' title='bbox 2838 2469 3111 2537; x_wconf 86' lang='lat' dir='ltr'><strong>discipulis</strong></span> <span class='ocrx_word' id='word_1_491' title='bbox 3156 2470 3288 2535; x_wconf 85' lang='lat' dir='ltr'><strong>suis,</strong></span> <span class='ocrx_word' id='word_1_492' title='bbox 3345 2469 3471 2537; x_wconf 88' lang='lat' dir='ltr'><strong>quia</strong></span> 
     </span>
    </p>
   </div>
   <div class='ocr_carea' id='block_1_57' title="bbox 1910 2560 3475 2631">
    <p class='ocr_par' dir='ltr' id='par_1_57' title="bbox 1910 2560 3475 2631">
     <span class='ocr_line' id='line_1_57' title="bbox 1910 2560 3475 2631; baseline -0.003 -16"><span class='ocrx_word' id='word_1_493' title='bbox 1910 2562 2186 2615; x_wconf 84' lang='lat' dir='ltr'><strong>abundabit</strong></span> <span class='ocrx_word' id='word_1_494' title='bbox 2235 2561 2494 2631; x_wconf 82' lang='lat' dir='ltr'><strong>iniquitas,</strong></span> <span class='ocrx_word' id='word_1_495' title='bbox 2570 2561 2861 2629; x_wconf 76' lang='lat' dir='ltr'><strong>refrigescet</strong></span> <span class='ocrx_word' id='word_1_496' title='bbox 2914 2560 3135 2613; x_wconf 87' lang='lat' dir='ltr'><strong>charitas</strong></span> <span class='ocrx_word' id='word_1_497' title='bbox 3197 2560 3475 2613; x_wconf 87' lang='lat' dir='ltr'><strong>multorum</strong></span> 
     </span>
    </p>
   </div>
   <div class='ocr_carea' id='block_1_58' title="bbox 1911 2648 3471 2721">
    <p class='ocr_par' dir='ltr' id='par_1_58' title="bbox 1911 2648 3471 2721">
     <span class='ocr_line' id='line_1_58' title="bbox 1911 2648 3471 2721; baseline -0.003 -16"><span class='ocrx_word' id='word_1_498' title='bbox 1911 2650 2144 2721; x_wconf 83' lang='lat' dir='ltr'><strong>(Matth.</strong></span> <span class='ocrx_word' id='word_1_499' title='bbox 2195 2667 2341 2717; x_wconf 80' lang='lat' dir='ltr'><strong>xxrv,</strong></span> <span class='ocrx_word' id='word_1_500' title='bbox 2370 2651 2433 2704; x_wconf 71' lang='lat' dir='ltr'><strong>l2</strong></span> <span class='ocrx_word' id='word_1_501' title='bbox 2455 2652 2507 2719; x_wconf 90' lang='lat'><strong>);</strong></span> <span class='ocrx_word' id='word_1_502' title='bbox 2537 2663 2599 2702; x_wconf 89' lang='lat' dir='ltr'><strong>ac</strong></span> <span class='ocrx_word' id='word_1_503' title='bbox 2623 2649 2915 2703; x_wconf 89' lang='lat' dir='ltr'><strong>secundum</strong></span> <span class='ocrx_word' id='word_1_504' title='bbox 2948 2648 3292 2718; x_wconf 84' lang='lat' dir='ltr'><strong>Apocalypsis</strong></span> <span class='ocrx_word' id='word_1_505' title='bbox 3345 2662 3471 2702; x_wconf 85' lang='lat' dir='ltr'><strong>sen-</strong></span> 
     </span>
    </p>
   </div>
   <div class='ocr_carea' id='block_1_59' title="bbox 1911 2736 3565 2809">
    <p class='ocr_par' dir='ltr' id='par_1_59' title="bbox 1911 2736 3565 2809">
     <span class='ocr_line' id='line_1_59' title="bbox 1911 2736 3565 2809; baseline -0.004 -14"><span class='ocrx_word' id='word_1_506' title='bbox 1911 2741 2147 2805; x_wconf 88' lang='lat' dir='ltr'><strong>tentiam,</strong></span> <span class='ocrx_word' id='word_1_507' title='bbox 2181 2754 2508 2809; x_wconf 87' lang='lat' dir='ltr'><strong>nequaquam</strong></span> <span class='ocrx_word' id='word_1_508' title='bbox 2541 2738 2824 2801; x_wconf 81' lang='lat' dir='ltr'><strong>ferventes,</strong></span> <span class='ocrx_word' id='word_1_509' title='bbox 2868 2738 2961 2791; x_wconf 78' lang='lat' dir='ltr'><strong>sed</strong></span> <span class='ocrx_word' id='word_1_510' title='bbox 3008 2736 3194 2807; x_wconf 92' lang='lat' dir='ltr'><strong>(quod</strong></span> <span class='ocrx_word' id='word_1_511' title='bbox 3245 2750 3471 2804; x_wconf 76' lang='lat' dir='ltr'><strong>gemen-</strong></span> <span class='ocrx_word' id='word_1_512' title='bbox 3564 2756 3565 2759; x_wconf 48' lang='grc' dir='ltr'><strong>η</strong></span> 
     </span>
    </p>
   </div>
   <div class='ocr_carea' id='block_1_60' title="bbox 1911 2825 3470 2897">
    <p class='ocr_par' dir='ltr' id='par_1_60' title="bbox 1911 2825 3470 2897">
     <span class='ocr_line' id='line_1_60' title="bbox 1911 2825 3470 2897; baseline -0.004 -12"><span class='ocrx_word' id='word_1_513' title='bbox 1911 2833 2037 2886; x_wconf 90' lang='lat' dir='ltr'><strong>dum</strong></span> <span class='ocrx_word' id='word_1_514' title='bbox 2094 2832 2207 2896; x_wconf 85' lang='lat' dir='ltr'><strong>est)</strong></span> <span class='ocrx_word' id='word_1_515' title='bbox 2265 2829 2469 2897; x_wconf 87' lang='lat' dir='ltr'><strong>tepidos</strong></span> <span class='ocrx_word' id='word_1_516' title='bbox 2523 2829 2808 2897; x_wconf 77' lang='lat' dir='ltr'><strong>sapicimus</strong></span> <span class='ocrx_word' id='word_1_517' title='bbox 2858 2827 3176 2890; x_wconf 86' lang='lat' dir='ltr'><strong>monachos;</strong></span> <span class='ocrx_word' id='word_1_518' title='bbox 3218 2826 3286 2879; x_wconf 75' lang='lat' dir='ltr'><strong>ad</strong></span> <span class='ocrx_word' id='word_1_519' title='bbox 3334 2825 3470 2880; x_wconf 85' lang='lat' dir='ltr'><strong>inci-</strong></span> 
     </span>
    </p>
   </div>
   <div class='ocr_carea' id='block_1_61' title="bbox 1917 2915 3465 2987">
    <p class='ocr_par' dir='ltr' id='par_1_61' title="bbox 1917 2915 3465 2987">
     <span class='ocr_line' id='line_1_61' title="bbox 1917 2915 3465 2987; baseline -0.005 -12"><span class='ocrx_word' id='word_1_520' title='bbox 1917 2922 2105 2976; x_wconf 89' lang='lat' dir='ltr'><strong>tandos</strong></span> <span class='ocrx_word' id='word_1_521' title='bbox 2132 2921 2339 2974; x_wconf 86' lang='lat' dir='ltr'><strong>animos</strong></span> <span class='ocrx_word' id='word_1_522' title='bbox 2365 2934 2573 2985; x_wconf 91' lang='lat' dir='ltr'><strong>eorum,</strong></span> <span class='ocrx_word' id='word_1_523' title='bbox 2608 2928 2713 2973; x_wconf 88' lang='lat' dir='ltr'><strong>tres</strong></span> <span class='ocrx_word' id='word_1_524' title='bbox 2742 2931 2909 2987; x_wconf 90' lang='lat' dir='ltr'><strong>nuper</strong></span> <span class='ocrx_word' id='word_1_525' title='bbox 2935 2916 2997 2969; x_wconf 86' lang='lat' dir='ltr'><strong>ad</strong></span> <span class='ocrx_word' id='word_1_526' title='bbox 3030 2915 3297 2970; x_wconf 87' lang='lat' dir='ltr'><strong>Christum</strong></span> <span class='ocrx_word' id='word_1_527' title='bbox 3342 2930 3465 2971; x_wconf 91' lang='lat' dir='ltr'><strong>con-</strong></span> 
     </span>
    </p>
   </div>
   <div class='ocr_carea' id='block_1_62' title="bbox 250 2974 1825 3078">
    <p class='ocr_par' dir='ltr' id='par_1_62' title="bbox 250 2978 1813 3070">
     <span class='ocr_line' id='line_1_62' title="bbox 250 2978 1813 3070; baseline 0.001 -18"><span class='ocrx_word' id='word_1_528' title='bbox 250 2998 366 3070; x_wconf 80' lang='lat' dir='ltr'><strong>Ego</strong></span> <span class='ocrx_word' id='word_1_529' title='bbox 392 3017 504 3054; x_wconf 88' lang='lat' dir='ltr'><strong>sunt</strong></span> <span class='ocrx_word' id='word_1_530' title='bbox 531 3002 612 3055; x_wconf 76' lang='lat' dir='ltr'><strong>sia</strong></span> <span class='ocrx_word' id='word_1_531' title='bbox 632 3042 647 3066; x_wconf 93' lang='lat'><strong>,</strong></span> <span class='ocrx_word' id='word_1_532' title='bbox 679 3012 727 3055; x_wconf 88' lang='lat' dir='ltr'><strong>et</strong></span> <span class='ocrx_word' id='word_1_533' title='bbox 755 3016 899 3055; x_wconf 83' lang='lat' dir='ltr'><strong>nemo</strong></span> <span class='ocrx_word' id='word_1_534' title='bbox 923 2978 1058 3055; x_wconf 79' lang='lat' dir='ltr'><strong>venit</strong></span> <span class='ocrx_word' id='word_1_535' title='bbox 1095 3002 1162 3054; x_wconf 84' lang='lat' dir='ltr'><strong>ad</strong></span> <span class='ocrx_word' id='word_1_536' title='bbox 1195 3001 1435 3065; x_wconf 81' lang='lat' dir='ltr'><strong>Patrem,</strong></span> <span class='ocrx_word' id='word_1_537' title='bbox 1476 3000 1573 3053; x_wconf 85' lang='lat' dir='ltr'><strong>nisi</strong></span> <span class='ocrx_word' id='word_1_538' title='bbox 1608 3016 1696 3068; x_wconf 86' lang='lat' dir='ltr'><strong>per</strong></span> <span class='ocrx_word' id='word_1_539' title='bbox 1734 3016 1813 3054; x_wconf 89' lang='lat' dir='ltr'><strong>me</strong></span> 
     </span>
    </p>
   </div>
   <div class='ocr_carea' id='block_1_63' title="bbox 1915 2974 3469 3078">
    <p class='ocr_par' dir='ltr' id='par_1_63' title="bbox 1918 3006 3469 3078">
     <span class='ocr_line' id='line_1_63' title="bbox 1918 3006 3469 3078; baseline -0.001 -15"><span class='ocrx_word' id='word_1_540' title='bbox 1918 3024 2101 3065; x_wconf 88' lang='lat' dir='ltr'><strong>versos</strong></span> <span class='ocrx_word' id='word_1_541' title='bbox 2129 3009 2432 3078; x_wconf 79' lang='lat' dir='ltr'><strong>evangelica</strong></span> <span class='ocrx_word' id='word_1_542' title='bbox 2489 3008 2818 3076; x_wconf 87' lang='lat' dir='ltr'><strong>perfectione</strong></span> <span class='ocrx_word' id='word_1_543' title='bbox 2874 3006 3469 3075; x_wconf 62' lang='lat' dir='ltr'><strong>prohatosauditorum</strong></span> 
     </span>
    </p>
   </div>
   <div class='ocr_carea' id='block_1_64' title="bbox 248 3076 1810 3165">
    <p class='ocr_par' dir='ltr' id='par_1_64' title="bbox 248 3076 1810 3165">
     <span class='ocr_line' id='line_1_64' title="bbox 248 3076 1810 3165; baseline 0.003 -21"><span class='ocrx_word' id='word_1_544' title='bbox 248 3090 445 3163; x_wconf 81' lang='lat' dir='ltr'><strong>(Joan.</strong></span> <span class='ocrx_word' id='word_1_545' title='bbox 477 3108 569 3146; x_wconf 82' lang='lat' dir='ltr'><strong>stv</strong></span> <span class='ocrx_word' id='word_1_546' title='bbox 590 3134 605 3160; x_wconf 97' lang='lat'><strong>,</strong></span> <span class='ocrx_word' id='word_1_547' title='bbox 633 3095 667 3148; x_wconf 80' lang='lat'><strong>6</strong></span> <span class='ocrx_word' id='word_1_548' title='bbox 688 3094 729 3165; x_wconf 94' lang='lat'><strong>).</strong></span> <span class='ocrx_word' id='word_1_549' title='bbox 762 3094 899 3150; x_wconf 82' lang='lat' dir='ltr'><strong>Ecce</strong></span> <span class='ocrx_word' id='word_1_550' title='bbox 924 3076 1223 3149; x_wconf 80' lang='lat' dir='ltr'><strong>audivimus</strong></span> <span class='ocrx_word' id='word_1_551' title='bbox 1264 3094 1366 3146; x_wconf 89' lang='lat' dir='ltr'><strong>iter</strong></span> <span class='ocrx_word' id='word_1_552' title='bbox 1396 3109 1491 3161; x_wconf 90' lang='lat' dir='ltr'><strong>per</strong></span> <span class='ocrx_word' id='word_1_553' title='bbox 1532 3094 1673 3162; x_wconf 89' lang='lat' dir='ltr'><strong>quod</strong></span> <span class='ocrx_word' id='word_1_554' title='bbox 1715 3110 1810 3163; x_wconf 88' lang='lat' dir='ltr'><strong>pa-</strong></span> 
     </span>
    </p>
   </div>
   <div class='ocr_carea' id='block_1_65' title="bbox 258 3182 1809 3250">
    <p class='ocr_par' dir='ltr' id='par_1_65' title="bbox 258 3182 1809 3250">
     <span class='ocr_line' id='line_1_65' title="bbox 258 3182 1809 3250; baseline 0.003 -17"><span class='ocrx_word' id='word_1_555' title='bbox 258 3182 417 3234; x_wconf 89' lang='lat' dir='ltr'><strong>triam</strong></span> <span class='ocrx_word' id='word_1_556' title='bbox 450 3193 779 3250; x_wconf 89' lang='lat' dir='ltr'><strong>repetamus,</strong></span> <span class='ocrx_word' id='word_1_557' title='bbox 812 3184 1082 3236; x_wconf 81' lang='lat' dir='ltr'><strong>videamus</strong></span> <span class='ocrx_word' id='word_1_558' title='bbox 1126 3196 1265 3236; x_wconf 88' lang='lat' dir='ltr'><strong>nunc</strong></span> <span class='ocrx_word' id='word_1_559' title='bbox 1307 3182 1500 3250; x_wconf 89' lang='lat' dir='ltr'><strong>quibus</strong></span> <span class='ocrx_word' id='word_1_560' title='bbox 1542 3184 1713 3239; x_wconf 88' lang='lat' dir='ltr'><strong>modis</strong></span> <span class='ocrx_word' id='word_1_561' title='bbox 1742 3186 1809 3238; x_wconf 90' lang='lat' dir='ltr'><strong>ad</strong></span> 
     </span>
    </p>
   </div>
   <div class='ocr_carea' id='block_1_66' title="bbox 251 3272 1807 3347">
    <p class='ocr_par' dir='ltr' id='par_1_66' title="bbox 251 3272 1807 3347">
     <span class='ocr_line' id='line_1_66' title="bbox 251 3272 1807 3347; baseline 0.003 -23"><span class='ocrx_word' id='word_1_562' title='bbox 251 3272 635 3326; x_wconf 80' lang='lat' dir='ltr'><strong>ambulandum</strong></span> <span class='ocrx_word' id='word_1_563' title='bbox 668 3288 886 3341; x_wconf 77' lang='lat' dir='ltr'><strong>gressus</strong></span> <span class='ocrx_word' id='word_1_564' title='bbox 915 3273 1225 3343; x_wconf 76' lang='lat' dir='ltr'><strong>dirigamus.</strong></span> <span class='ocrx_word' id='word_1_565' title='bbox 1274 3272 1373 3339; x_wconf 87' lang='lat' dir='ltr'><strong>Qui</strong></span> <span class='ocrx_word' id='word_1_566' title='bbox 1406 3274 1618 3347; x_wconf 82' lang='lat' dir='ltr'><strong>(inquit</strong></span> <span class='ocrx_word' id='word_1_567' title='bbox 1645 3274 1807 3328; x_wconf 78' lang='lat' dir='ltr'><strong>Joan-</strong></span> 
     </span>
    </p>
   </div>
   <div class='ocr_carea' id='block_1_67' title="bbox 248 3363 1807 3431">
    <p class='ocr_par' dir='ltr' id='par_1_67' title="bbox 248 3363 1807 3431">
     <span class='ocr_line' id='line_1_67' title="bbox 248 3363 1807 3431; baseline 0 -14"><span class='ocrx_word' id='word_1_568' title='bbox 248 3363 368 3431; x_wconf 79' lang='lat' dir='ltr'><strong>nes)</strong></span> <span class='ocrx_word' id='word_1_569' title='bbox 398 3365 517 3416; x_wconf 85' lang='lat' dir='ltr'><strong>dicit</strong></span> <span class='ocrx_word' id='word_1_570' title='bbox 547 3380 599 3418; x_wconf 92' lang='lat' dir='ltr'><strong>se</strong></span> <span class='ocrx_word' id='word_1_571' title='bbox 625 3365 677 3417; x_wconf 87' lang='lat' dir='ltr'><strong>in</strong></span> <span class='ocrx_word' id='word_1_572' title='bbox 709 3365 906 3417; x_wconf 79' lang='lat' dir='ltr'><strong>Christo</strong></span> <span class='ocrx_word' id='word_1_573' title='bbox 932 3381 1150 3429; x_wconf 82' lang='lat' dir='ltr'><strong>manere,</strong></span> <span class='ocrx_word' id='word_1_574' title='bbox 1180 3365 1324 3418; x_wconf 88' lang='lat' dir='ltr'><strong>debet</strong></span> <span class='ocrx_word' id='word_1_575' title='bbox 1361 3366 1485 3419; x_wconf 85' lang='lat' dir='ltr'><strong>sicut</strong></span> <span class='ocrx_word' id='word_1_576' title='bbox 1512 3368 1596 3418; x_wconf 88' lang='lat' dir='ltr'><strong>ille</strong></span> <span class='ocrx_word' id='word_1_577' title='bbox 1624 3366 1807 3418; x_wconf 87' lang='lat' dir='ltr'><strong>ambu-</strong></span> 
     </span>
    </p>
   </div>
   <div class='ocr_carea' id='block_1_68' title="bbox 250 3442 1807 3526">
    <p class='ocr_par' dir='ltr' id='par_1_68' title="bbox 250 3442 1807 3526">
     <span class='ocr_line' id='line_1_68' title="bbox 250 3442 1807 3526; baseline 0.001 -17"><span class='ocrx_word' id='word_1_578' title='bbox 250 3455 376 3509; x_wconf 74' lang='lat' dir='ltr'><strong>lavit</strong></span> <span class='ocrx_word' id='word_1_579' title='bbox 402 3464 449 3507; x_wconf 92' lang='lat' dir='ltr'><strong>et</strong></span> <span class='ocrx_word' id='word_1_580' title='bbox 476 3457 581 3524; x_wconf 84' lang='lat' dir='ltr'><strong>ipse</strong></span> <span class='ocrx_word' id='word_1_581' title='bbox 609 3455 867 3508; x_wconf 86' lang='lat' dir='ltr'><strong>ambulare</strong></span> <span class='ocrx_word' id='word_1_582' title='bbox 894 3455 945 3526; x_wconf 91' lang='lat' dir='ltr'><strong>(l</strong></span> <span class='ocrx_word' id='word_1_583' title='bbox 969 3454 1123 3510; x_wconf 84' lang='lat' dir='ltr'><strong>Joan.</strong></span> <span class='ocrx_word' id='word_1_584' title='bbox 1154 3472 1214 3519; x_wconf 92' lang='grc' dir='ltr'>ιι,</span> <span class='ocrx_word' id='word_1_585' title='bbox 1244 3456 1321 3525; x_wconf 88' lang='grc'><strong>6).</strong></span> <span class='ocrx_word' id='word_1_586' title='bbox 1342 3454 1490 3509; x_wconf 90' lang='lat' dir='ltr'><strong>Libet</strong></span> <span class='ocrx_word' id='word_1_587' title='bbox 1519 3442 1693 3510; x_wconf 84' lang='lat' dir='ltr'><strong>autem</strong></span> <span class='ocrx_word' id='word_1_588' title='bbox 1726 3458 1807 3510; x_wconf 83' lang='lat' dir='ltr'><strong>in-</strong></span> 
     </span>
    </p>
   </div>
   <div class='ocr_carea' id='block_1_69' title="bbox 245 3544 1805 3621">
    <p class='ocr_par' dir='ltr' id='par_1_69' title="bbox 245 3544 1805 3621">
     <span class='ocr_line' id='line_1_69' title="bbox 245 3544 1805 3621; baseline 0.001 -25"><span class='ocrx_word' id='word_1_589' title='bbox 245 3544 385 3597; x_wconf 88' lang='lat' dir='ltr'><strong>tueri</strong></span> <span class='ocrx_word' id='word_1_590' title='bbox 404 3559 520 3613; x_wconf 61' lang='lat' dir='ltr'><strong>quae</strong></span> <span class='ocrx_word' id='word_1_591' title='bbox 539 3546 646 3599; x_wconf 85' lang='lat' dir='ltr'><strong>sint</strong></span> <span class='ocrx_word' id='word_1_592' title='bbox 674 3546 785 3621; x_wconf 65' lang='lat' dir='ltr'><strong>haec</strong></span> <span class='ocrx_word' id='word_1_593' title='bbox 814 3546 1005 3601; x_wconf 79' lang='lat' dir='ltr'><strong>Christi</strong></span> <span class='ocrx_word' id='word_1_594' title='bbox 1032 3546 1274 3615; x_wconf 75' lang='lat' dir='ltr'><strong>veStigia,</strong></span> <span class='ocrx_word' id='word_1_595' title='bbox 1303 3546 1393 3615; x_wconf 87' lang='lat' dir='ltr'><strong>qui</strong></span> <span class='ocrx_word' id='word_1_596' title='bbox 1422 3561 1656 3614; x_wconf 80' lang='lat' dir='ltr'><strong>gressus,</strong></span> <span class='ocrx_word' id='word_1_597' title='bbox 1681 3547 1805 3615; x_wconf 91' lang='lat' dir='ltr'><strong>qui-</strong></span> 
     </span>
    </p>
   </div>
   <div class='ocr_carea' id='block_1_70' title="bbox 246 3630 1809 3704">
    <p class='ocr_par' dir='ltr' id='par_1_70' title="bbox 246 3630 1809 3704">
     <span class='ocr_line' id='line_1_70' title="bbox 246 3630 1809 3704; baseline 0.001 -19"><span class='ocrx_word' id='word_1_598' title='bbox 246 3630 350 3685; x_wconf 86' lang='lat' dir='ltr'><strong>bus</strong></span> <span class='ocrx_word' id='word_1_599' title='bbox 388 3632 439 3684; x_wconf 92' lang='lat' dir='ltr'><strong>in</strong></span> <span class='ocrx_word' id='word_1_600' title='bbox 469 3646 630 3686; x_wconf 90' lang='lat' dir='ltr'><strong>carne</strong></span> <span class='ocrx_word' id='word_1_601' title='bbox 656 3635 944 3689; x_wconf 87' lang='lat' dir='ltr'><strong>ambulavit</strong></span> <span class='ocrx_word' id='word_1_602' title='bbox 974 3651 1067 3704; x_wconf 89' lang='lat' dir='ltr'><strong>pro</strong></span> <span class='ocrx_word' id='word_1_603' title='bbox 1096 3636 1266 3689; x_wconf 89' lang='lat' dir='ltr'><strong>nobis.</strong></span> <span class='ocrx_word' id='word_1_604' title='bbox 1296 3635 1359 3690; x_wconf 88' lang='lat' dir='ltr'><strong>Ut</strong></span> <span class='ocrx_word' id='word_1_605' title='bbox 1388 3644 1579 3689; x_wconf 65' lang='lat' dir='ltr'><strong>caetera</strong></span> <span class='ocrx_word' id='word_1_606' title='bbox 1604 3644 1809 3690; x_wconf 85' lang='lat' dir='ltr'><strong>taceam</strong></span> 
     </span>
    </p>
   </div>
   <div class='ocr_carea' id='block_1_71' title="bbox 244 3721 1809 3792">
    <p class='ocr_par' dir='ltr' id='par_1_71' title="bbox 244 3721 1809 3792">
     <span class='ocr_line' id='line_1_71' title="bbox 244 3721 1809 3792; baseline 0.006 -22"><span class='ocrx_word' id='word_1_607' title='bbox 244 3732 367 3785; x_wconf 67' lang='lat' dir='ltr'><strong>quae</strong></span> <span class='ocrx_word' id='word_1_608' title='bbox 407 3721 708 3789; x_wconf 77' lang='lat' dir='ltr'><strong>evangelica</strong></span> <span class='ocrx_word' id='word_1_609' title='bbox 759 3723 1080 3791; x_wconf 87' lang='lat' dir='ltr'><strong>plenitudine</strong></span> <span class='ocrx_word' id='word_1_610' title='bbox 1118 3733 1398 3777; x_wconf 89' lang='lat' dir='ltr'><strong>narrantur</strong></span> <span class='ocrx_word' id='word_1_611' title='bbox 1439 3724 1505 3777; x_wconf 89' lang='lat' dir='ltr'><strong>de</strong></span> <span class='ocrx_word' id='word_1_612' title='bbox 1547 3723 1809 3792; x_wconf 87' lang='lat' dir='ltr'><strong>baptismo</strong></span> 
     </span>
    </p>
   </div>
   <div class='ocr_carea' id='block_1_72' title="bbox 244 3809 1806 3883">
    <p class='ocr_par' dir='ltr' id='par_1_72' title="bbox 244 3809 1806 3883">
     <span class='ocr_line' id='line_1_72' title="bbox 244 3809 1806 3883; baseline 0.003 -22"><span class='ocrx_word' id='word_1_613' title='bbox 244 3809 310 3862; x_wconf 88' lang='lat' dir='ltr'><strong>ad</strong></span> <span class='ocrx_word' id='word_1_614' title='bbox 343 3812 684 3866; x_wconf 86' lang='lat' dir='ltr'><strong>tentationem</strong></span> <span class='ocrx_word' id='word_1_615' title='bbox 716 3827 778 3867; x_wconf 90' lang='lat' dir='ltr'><strong>ac</strong></span> <span class='ocrx_word' id='word_1_616' title='bbox 800 3814 1095 3881; x_wconf 75' lang='lat' dir='ltr'><strong>ieiunium,</strong></span> <span class='ocrx_word' id='word_1_617' title='bbox 1128 3815 1194 3869; x_wconf 90' lang='lat' dir='ltr'><strong>de</strong></span> <span class='ocrx_word' id='word_1_618' title='bbox 1217 3814 1423 3883; x_wconf 84' lang='lat' dir='ltr'><strong>jejunio</strong></span> <span class='ocrx_word' id='word_1_619' title='bbox 1449 3814 1515 3868; x_wconf 83' lang='lat' dir='ltr'><strong>ad</strong></span> <span class='ocrx_word' id='word_1_620' title='bbox 1546 3815 1806 3882; x_wconf 63' lang='lat' dir='ltr'><strong>praedico-</strong></span> 
     </span>
    </p>
   </div>
   <div class='ocr_carea' id='block_1_73' title="bbox 1916 3094 3475 3169">
    <p class='ocr_par' dir='ltr' id='par_1_73' title="bbox 1916 3094 3475 3169">
     <span class='ocr_line' id='line_1_73' title="bbox 1916 3094 3475 3169; baseline -0.003 -16"><span class='ocrx_word' id='word_1_621' title='bbox 1916 3100 2438 3169; x_wconf 71' lang='lat' dir='ltr'><strong>animisingerimus,</strong></span> <span class='ocrx_word' id='word_1_622' title='bbox 2457 3098 2746 3151; x_wconf 84' lang='lat' dir='ltr'><strong>Paldonem</strong></span> <span class='ocrx_word' id='word_1_623' title='bbox 2764 3096 2985 3159; x_wconf 87' lang='lat' dir='ltr'><strong>scilicet,</strong></span> <span class='ocrx_word' id='word_1_624' title='bbox 3026 3094 3288 3149; x_wconf 87' lang='lat' dir='ltr'><strong>Tasonem</strong></span> <span class='ocrx_word' id='word_1_625' title='bbox 3317 3104 3475 3163; x_wconf 87' lang='lat' dir='ltr'><strong>atque</strong></span> 
     </span>
    </p>
   </div>
   <div class='ocr_carea' id='block_1_74' title="bbox 1916 3184 3473 3255">
    <p class='ocr_par' dir='ltr' id='par_1_74' title="bbox 1916 3184 3473 3255">
     <span class='ocr_line' id='line_1_74' title="bbox 1916 3184 3473 3255; baseline -0.003 -13"><span class='ocrx_word' id='word_1_626' title='bbox 1916 3190 2198 3255; x_wconf 86' lang='lat' dir='ltr'><strong>Tatonem,</strong></span> <span class='ocrx_word' id='word_1_627' title='bbox 2232 3194 2536 3242; x_wconf 89' lang='lat' dir='ltr'><strong>sanctorum</strong></span> <span class='ocrx_word' id='word_1_628' title='bbox 2558 3186 2772 3240; x_wconf 84' lang='lat' dir='ltr'><strong>Patrum</strong></span> <span class='ocrx_word' id='word_1_629' title='bbox 2805 3184 3088 3239; x_wconf 87' lang='lat' dir='ltr'><strong>sudoribus</strong></span> <span class='ocrx_word' id='word_1_630' title='bbox 3109 3198 3171 3239; x_wconf 89' lang='lat' dir='ltr'><strong>ac</strong></span> <span class='ocrx_word' id='word_1_631' title='bbox 3202 3184 3473 3238; x_wconf 87' lang='lat' dir='ltr'><strong>laboribus</strong></span> 
     </span>
    </p>
   </div>
   <div class='ocr_carea' id='block_1_75' title="bbox 1913 3272 3477 3346">
    <p class='ocr_par' dir='ltr' id='par_1_75' title="bbox 1913 3272 3477 3346">
     <span class='ocr_line' id='line_1_75' title="bbox 1913 3272 3477 3346; baseline -0.004 -15"><span class='ocrx_word' id='word_1_632' title='bbox 1913 3278 2304 3346; x_wconf 66' lang='lat' dir='ltr'><strong>coaequandos;</strong></span> <span class='ocrx_word' id='word_1_633' title='bbox 2340 3276 2509 3345; x_wconf 88' lang='lat' dir='ltr'><strong>utqui</strong></span> <span class='ocrx_word' id='word_1_634' title='bbox 2555 3274 2806 3328; x_wconf 90' lang='lat' dir='ltr'><strong>desidiosi</strong></span> <span class='ocrx_word' id='word_1_635' title='bbox 2840 3288 2903 3325; x_wconf 89' lang='lat' dir='ltr'><strong>ac</strong></span> <span class='ocrx_word' id='word_1_636' title='bbox 2953 3273 3183 3340; x_wconf 75' lang='lat' dir='ltr'><strong>languidi</strong></span> <span class='ocrx_word' id='word_1_637' title='bbox 3231 3272 3477 3339; x_wconf 87' lang='lat' dir='ltr'><strong>antiquos</strong></span> 
     </span>
    </p>
   </div>
   <div class='ocr_carea' id='block_1_76' title="bbox 1915 3361 3474 3430">
    <p class='ocr_par' dir='ltr' id='par_1_76' title="bbox 1915 3361 3474 3430">
     <span class='ocr_line' id='line_1_76' title="bbox 1915 3361 3474 3430; baseline -0.005 -10"><span class='ocrx_word' id='word_1_638' title='bbox 1915 3368 2104 3422; x_wconf 79' lang='lat' dir='ltr'><strong>Patres</strong></span> <span class='ocrx_word' id='word_1_639' title='bbox 2130 3377 2341 3421; x_wconf 87' lang='lat' dir='ltr'><strong>nostros</strong></span> <span class='ocrx_word' id='word_1_640' title='bbox 2370 3379 2465 3417; x_wconf 85' lang='lat' dir='ltr'><strong>nos</strong></span> <span class='ocrx_word' id='word_1_641' title='bbox 2495 3364 2690 3417; x_wconf 87' lang='lat' dir='ltr'><strong>imitari</strong></span> <span class='ocrx_word' id='word_1_642' title='bbox 2724 3377 2828 3415; x_wconf 90' lang='lat' dir='ltr'><strong>non</strong></span> <span class='ocrx_word' id='word_1_643' title='bbox 2854 3376 3011 3430; x_wconf 88' lang='lat' dir='ltr'><strong>posse</strong></span> <span class='ocrx_word' id='word_1_644' title='bbox 3040 3374 3343 3424; x_wconf 81' lang='lat' dir='ltr'><strong>causamur,</strong></span> <span class='ocrx_word' id='word_1_645' title='bbox 3380 3361 3474 3412; x_wconf 82' lang='lat' dir='ltr'><strong>ho-</strong></span> 
     </span>
    </p>
   </div>
   <div class='ocr_carea' id='block_1_77' title="bbox 1894 3450 3475 3535">
    <p class='ocr_par' dir='ltr' id='par_1_77' title="bbox 1894 3450 3475 3535">
     <span class='ocr_line' id='line_1_77' title="bbox 1894 3450 3475 3535; baseline -0.006 -24"><span class='ocrx_word' id='word_1_646' title='bbox 1894 3458 2036 3511; x_wconf 78' lang='lat' dir='ltr'><strong>rum</strong></span> <span class='ocrx_word' id='word_1_647' title='bbox 2067 3472 2233 3527; x_wconf 90' lang='lat' dir='ltr'><strong>nuper</strong></span> <span class='ocrx_word' id='word_1_648' title='bbox 2278 3468 2662 3535; x_wconf 76' lang='lat' dir='ltr'><strong>c0nversot‘um</strong></span> <span class='ocrx_word' id='word_1_649' title='bbox 2692 3453 2854 3506; x_wconf 87' lang='lat' dir='ltr'><strong>vitam</strong></span> <span class='ocrx_word' id='word_1_650' title='bbox 2912 3452 3211 3505; x_wconf 86' lang='lat' dir='ltr'><strong>recolentes</strong></span> <span class='ocrx_word' id='word_1_651' title='bbox 3258 3450 3475 3504; x_wconf 87' lang='lat' dir='ltr'><strong>erubes-</strong></span> 
     </span>
    </p>
   </div>
   <div class='ocr_carea' id='block_1_78' title="bbox 1914 3536 3471 3616">
    <p class='ocr_par' dir='ltr' id='par_1_78' title="bbox 1914 3536 3471 3616">
     <span class='ocr_line' id='line_1_78' title="bbox 1914 3536 3471 3616; baseline -0.004 -14"><span class='ocrx_word' id='word_1_652' title='bbox 1914 3563 2116 3602; x_wconf 87' lang='lat' dir='ltr'><strong>camus.</strong></span> <span class='ocrx_word' id='word_1_653' title='bbox 2151 3547 2259 3601; x_wconf 84' lang='lat' dir='ltr'><strong>llos</strong></span> <span class='ocrx_word' id='word_1_654' title='bbox 2287 3560 2414 3616; x_wconf 77' lang='lat' dir='ltr'><strong>ergo</strong></span> <span class='ocrx_word' id='word_1_655' title='bbox 2440 3536 2544 3599; x_wconf 89' lang='lat' dir='ltr'><strong>non</strong></span> <span class='ocrx_word' id='word_1_656' title='bbox 2574 3544 2887 3597; x_wconf 87' lang='lat' dir='ltr'><strong>temeritatis</strong></span> <span class='ocrx_word' id='word_1_657' title='bbox 2917 3557 3048 3596; x_wconf 90' lang='lat' dir='ltr'><strong>ausu</strong></span> <span class='ocrx_word' id='word_1_658' title='bbox 3072 3542 3345 3610; x_wconf 88' lang='lat' dir='ltr'><strong>impulsus,</strong></span> <span class='ocrx_word' id='word_1_659' title='bbox 3376 3542 3471 3595; x_wconf 85' lang='lat' dir='ltr'><strong>sed</strong></span> 
     </span>
    </p>
   </div>
   <div class='ocr_carea' id='block_1_79' title="bbox 1914 3630 3470 3698">
    <p class='ocr_par' dir='ltr' id='par_1_79' title="bbox 1914 3630 3470 3698">
     <span class='ocr_line' id='line_1_79' title="bbox 1914 3630 3470 3698; baseline -0.004 -10"><span class='ocrx_word' id='word_1_660' title='bbox 1914 3636 2121 3690; x_wconf 87' lang='lat' dir='ltr'><strong>abbatis</strong></span> <span class='ocrx_word' id='word_1_661' title='bbox 2144 3634 2247 3688; x_wconf 89' lang='lat' dir='ltr'><strong>mei</strong></span> <span class='ocrx_word' id='word_1_662' title='bbox 2275 3635 2475 3687; x_wconf 89' lang='lat' dir='ltr'><strong>monita</strong></span> <span class='ocrx_word' id='word_1_663' title='bbox 2505 3643 2741 3696; x_wconf 87' lang='lat' dir='ltr'><strong>secutus,</strong></span> <span class='ocrx_word' id='word_1_664' title='bbox 2769 3646 2938 3698; x_wconf 86' lang='lat' dir='ltr'><strong>eaque</strong></span> <span class='ocrx_word' id='word_1_665' title='bbox 2969 3631 3128 3685; x_wconf 89' lang='lat' dir='ltr'><strong>modo</strong></span> <span class='ocrx_word' id='word_1_666' title='bbox 3156 3630 3294 3697; x_wconf 85' lang='lat' dir='ltr'><strong>stylo</strong></span> <span class='ocrx_word' id='word_1_667' title='bbox 3349 3645 3470 3697; x_wconf 82' lang='lat' dir='ltr'><strong>pro-</strong></span> 
     </span>
    </p>
   </div>
   <div class='ocr_carea' id='block_1_80' title="bbox 1914 3721 3471 3793">
    <p class='ocr_par' dir='ltr' id='par_1_80' title="bbox 1914 3721 3471 3793">
     <span class='ocr_line' id='line_1_80' title="bbox 1914 3721 3471 3793; baseline -0.004 -14"><span class='ocrx_word' id='word_1_668' title='bbox 1914 3739 2130 3793; x_wconf 88' lang='lat' dir='ltr'><strong>sequor,</strong></span> <span class='ocrx_word' id='word_1_669' title='bbox 2161 3724 2229 3777; x_wconf 81' lang='lat' dir='ltr'><strong>de</strong></span> <span class='ocrx_word' id='word_1_670' title='bbox 2257 3725 2447 3792; x_wconf 89' lang='lat' dir='ltr'><strong>quibus</strong></span> <span class='ocrx_word' id='word_1_671' title='bbox 2474 3722 2646 3775; x_wconf 84' lang='lat' dir='ltr'><strong>adhuc</strong></span> <span class='ocrx_word' id='word_1_672' title='bbox 2668 3730 2834 3775; x_wconf 88' lang='lat' dir='ltr'><strong>testes</strong></span> <span class='ocrx_word' id='word_1_673' title='bbox 2864 3722 3102 3773; x_wconf 82' lang='lat' dir='ltr'><strong>existunt</strong></span> <span class='ocrx_word' id='word_1_674' title='bbox 3125 3721 3213 3788; x_wconf 89' lang='lat' dir='ltr'><strong>qui</strong></span> <span class='ocrx_word' id='word_1_675' title='bbox 3252 3734 3311 3773; x_wconf 89' lang='lat' dir='ltr'><strong>se</strong></span> <span class='ocrx_word' id='word_1_676' title='bbox 3357 3721 3471 3773; x_wconf 65' lang='lat' dir='ltr'><strong>haec</strong></span> 
     </span>
    </p>
   </div>
   <div class='ocr_carea' id='block_1_81' title="bbox 1914 3811 2700 3868">
    <p class='ocr_par' dir='ltr' id='par_1_81' title="bbox 1914 3811 2700 3868">
     <span class='ocr_line' id='line_1_81' title="bbox 1914 3811 2700 3868; baseline -0.004 -3"><span class='ocrx_word' id='word_1_677' title='bbox 1914 3814 1982 3866; x_wconf 86' lang='lat' dir='ltr'><strong>ab</strong></span> <span class='ocrx_word' id='word_1_678' title='bbox 2011 3814 2092 3868; x_wconf 84' lang='lat' dir='ltr'><strong>his</strong></span> <span class='ocrx_word' id='word_1_679' title='bbox 2131 3812 2345 3866; x_wconf 88' lang='lat' dir='ltr'><strong>audisse</strong></span> <span class='ocrx_word' id='word_1_680' title='bbox 2365 3811 2700 3865; x_wconf 87' lang='lat' dir='ltr'><strong>confirmant.</strong></span> 
     </span>
    </p>
   </div>
   <div class='ocr_carea' id='block_1_82' title="bbox 1504 4142 2223 4217">
    <p class='ocr_par' dir='ltr' id='par_1_82' title="bbox 1504 4142 2223 4217">
     <span class='ocr_line' id='line_1_82' title="bbox 1504 4142 2223 4217; baseline -0.004 -2"><span class='ocrx_word' id='word_1_681' title='bbox 1504 4142 1898 4217; x_wconf 83' lang='lat' dir='ltr'><strong>INCIPIT</strong></span> <span class='ocrx_word' id='word_1_682' title='bbox 1958 4142 2223 4216; x_wconf 83' lang='lat' dir='ltr'><strong>VITA.</strong></span> 
     </span>
    </p>
   </div>
   <div class='ocr_carea' id='block_1_83' title="bbox 321 4302 3477 4398">
    <p class='ocr_par' dir='ltr' id='par_1_83' title="bbox 321 4302 3477 4398">
     <span class='ocr_line' id='line_1_83' title="bbox 321 4302 3477 4398; baseline -0.005 -15"><span class='ocrx_word' id='word_1_683' title='bbox 321 4332 374 4385; x_wconf 79' lang='grc'><strong>5.</strong></span> <span class='ocrx_word' id='word_1_684' title='bbox 405 4331 536 4384; x_wconf 84' lang='lat' dir='ltr'><strong>&#39;lres</strong></span> <span class='ocrx_word' id='word_1_685' title='bbox 566 4340 725 4398; x_wconf 76' lang='lat' dir='ltr'><strong>igitur</strong></span> <span class='ocrx_word' id='word_1_686' title='bbox 747 4342 814 4382; x_wconf 78' lang='lat' dir='ltr'><strong>ex</strong></span> <span class='ocrx_word' id='word_1_687' title='bbox 842 4327 1002 4381; x_wconf 88' lang='lat' dir='ltr'><strong>nooili</strong></span> <span class='ocrx_word' id='word_1_688' title='bbox 1026 4340 1219 4395; x_wconf 77' lang='lat' dir='ltr'><strong>genere</strong></span> <span class='ocrx_word' id='word_1_689' title='bbox 1247 4335 1369 4390; x_wconf 80' lang='lat' dir='ltr'><strong>orti,</strong></span> <span class='ocrx_word' id='word_1_690' title='bbox 1417 4340 1537 4393; x_wconf 58' lang='lat' dir='ltr'><strong>iure</strong></span> <span class='ocrx_word' id='word_1_691' title='bbox 1580 4340 1808 4379; x_wconf 86' lang='lat' dir='ltr'><strong>consan-</strong></span> <span class='ocrx_word' id='word_1_692' title='bbox 1839 4302 1888 4361; x_wconf 74' lang='grc' dir='ltr'><strong>θ</strong></span> <span class='ocrx_word' id='word_1_693' title='bbox 1914 4320 2085 4373; x_wconf 82' lang='lat' dir='ltr'><strong>sionis</strong></span> <span class='ocrx_word' id='word_1_694' title='bbox 2109 4316 2465 4383; x_wconf 80' lang='lat' dir='ltr'><strong>corporaliter</strong></span> <span class='ocrx_word' id='word_1_695' title='bbox 2492 4314 2814 4368; x_wconf 81' lang='lat' dir='ltr'><strong>fruerentur.</strong></span> <span class='ocrx_word' id='word_1_696' title='bbox 2841 4313 2979 4379; x_wconf 87' lang='lat' dir='ltr'><strong>Quid</strong></span> <span class='ocrx_word' id='word_1_697' title='bbox 3012 4313 3193 4381; x_wconf 78' lang='lat' dir='ltr'><strong>plura?</strong></span> <span class='ocrx_word' id='word_1_698' title='bbox 3224 4324 3280 4366; x_wconf 87' lang='lat' dir='ltr'><strong>ut</strong></span> <span class='ocrx_word' id='word_1_699' title='bbox 3299 4312 3477 4366; x_wconf 87' lang='lat' dir='ltr'><strong>animo</strong></span> 
     </span>
    </p>
   </div>
   <div class='ocr_carea' id='block_1_84' title="bbox 245 4402 1818 4495">
    <p class='ocr_par' dir='ltr' id='par_1_84' title="bbox 245 4402 1818 4495">
     <span class='ocr_line' id='line_1_84' title="bbox 245 4402 1818 4495; baseline -0.006 -18"><span class='ocrx_word' id='word_1_700' title='bbox 245 4422 525 4495; x_wconf 75' lang='lat' dir='ltr'><strong>guinitatis</strong></span> <span class='ocrx_word' id='word_1_701' title='bbox 548 4420 849 4491; x_wconf 83' lang='lat' dir='ltr'><strong>prepinqni,</strong></span> <span class='ocrx_word' id='word_1_702' title='bbox 900 4418 1085 4484; x_wconf 85' lang='lat' dir='ltr'><strong>Paldo,</strong></span> <span class='ocrx_word' id='word_1_703' title='bbox 1118 4417 1255 4470; x_wconf 90' lang='lat' dir='ltr'><strong>Taso</strong></span> <span class='ocrx_word' id='word_1_704' title='bbox 1283 4426 1336 4470; x_wconf 88' lang='lat' dir='ltr'><strong>et</strong></span> <span class='ocrx_word' id='word_1_705' title='bbox 1385 4416 1539 4477; x_wconf 88' lang='lat' dir='ltr'><strong>Tato,</strong></span> <span class='ocrx_word' id='word_1_706' title='bbox 1598 4402 1818 4467; x_wconf 30' lang='lat' dir='ltr'><strong>fuerunt.</strong></span> 
     </span>
    </p>
   </div>
   <div class='ocr_carea' id='block_1_85' title="bbox 249 4505 1808 4574">
    <p class='ocr_par' dir='ltr' id='par_1_85' title="bbox 249 4505 1808 4574">
     <span class='ocr_line' id='line_1_85' title="bbox 249 4505 1808 4574; baseline -0.006 -8"><span class='ocrx_word' id='word_1_707' title='bbox 249 4512 355 4567; x_wconf 85' lang='lat' dir='ltr'><strong>viri</strong></span> <span class='ocrx_word' id='word_1_708' title='bbox 410 4509 809 4565; x_wconf 87' lang='lat' dir='ltr'><strong>Beneventani:</strong></span> <span class='ocrx_word' id='word_1_709' title='bbox 861 4522 927 4561; x_wconf 83' lang='lat' dir='ltr'><strong>ex</strong></span> <span class='ocrx_word' id='word_1_710' title='bbox 984 4510 1176 4574; x_wconf 89' lang='lat' dir='ltr'><strong>quibus</strong></span> <span class='ocrx_word' id='word_1_711' title='bbox 1229 4508 1474 4573; x_wconf 88' lang='lat' dir='ltr'><strong>superior</strong></span> <span class='ocrx_word' id='word_1_712' title='bbox 1532 4505 1693 4558; x_wconf 84' lang='lat' dir='ltr'><strong>Paldo</strong></span> <span class='ocrx_word' id='word_1_713' title='bbox 1744 4520 1808 4557; x_wconf 81' lang='lat' dir='ltr'><strong>ex</strong></span> 
     </span>
    </p>
   </div>
   <div class='ocr_carea' id='block_1_86' title="bbox 248 4594 1807 4665">
    <p class='ocr_par' dir='ltr' id='par_1_86' title="bbox 248 4594 1807 4665">
     <span class='ocr_line' id='line_1_86' title="bbox 248 4594 1807 4665; baseline -0.004 -10"><span class='ocrx_word' id='word_1_714' title='bbox 248 4594 535 4665; x_wconf 81' lang='lat' dir='ltr'><strong>uno,Taso</strong></span> <span class='ocrx_word' id='word_1_715' title='bbox 557 4612 681 4653; x_wconf 89' lang='lat' dir='ltr'><strong>vero</strong></span> <span class='ocrx_word' id='word_1_716' title='bbox 695 4604 749 4651; x_wconf 88' lang='lat' dir='ltr'><strong>et</strong></span> <span class='ocrx_word' id='word_1_717' title='bbox 768 4595 894 4649; x_wconf 86' lang='lat' dir='ltr'><strong>Tato</strong></span> <span class='ocrx_word' id='word_1_718' title='bbox 918 4611 981 4649; x_wconf 82' lang='lat' dir='ltr'><strong>ex</strong></span> <span class='ocrx_word' id='word_1_719' title='bbox 1006 4598 1175 4649; x_wconf 89' lang='lat' dir='ltr'><strong>altero</strong></span> <span class='ocrx_word' id='word_1_720' title='bbox 1205 4600 1361 4648; x_wconf 86' lang='lat' dir='ltr'><strong>fratre</strong></span> <span class='ocrx_word' id='word_1_721' title='bbox 1382 4604 1506 4649; x_wconf 87' lang='lat' dir='ltr'><strong>sunt</strong></span> <span class='ocrx_word' id='word_1_722' title='bbox 1524 4597 1807 4665; x_wconf 81' lang='lat' dir='ltr'><strong>procreati.</strong></span> 
     </span>
    </p>
   </div>
   <div class='ocr_carea' id='block_1_87' title="bbox 246 4685 1807 4758">
    <p class='ocr_par' dir='ltr' id='par_1_87' title="bbox 246 4685 1807 4758">
     <span class='ocr_line' id='line_1_87' title="bbox 246 4685 1807 4758; baseline -0.008 -11"><span class='ocrx_word' id='word_1_723' title='bbox 246 4694 291 4747; x_wconf 89' lang='lat' dir='ltr'><strong>li</strong></span> <span class='ocrx_word' id='word_1_724' title='bbox 314 4690 613 4758; x_wconf 81' lang='lat' dir='ltr'><strong>evangelica</strong></span> <span class='ocrx_word' id='word_1_725' title='bbox 646 4702 775 4741; x_wconf 90' lang='lat' dir='ltr'><strong>voce</strong></span> <span class='ocrx_word' id='word_1_726' title='bbox 799 4686 1335 4753; x_wconf 78' lang='lat' dir='ltr'><strong>escrtati,divinoque</strong></span> <span class='ocrx_word' id='word_1_727' title='bbox 1373 4700 1557 4738; x_wconf 85' lang='lat' dir='ltr'><strong>amore</strong></span> <span class='ocrx_word' id='word_1_728' title='bbox 1596 4685 1807 4739; x_wconf 82' lang='lat' dir='ltr'><strong>inﬂatu-</strong></span> 
     </span>
    </p>
   </div>
   <div class='ocr_carea' id='block_1_88' title="bbox 248 4773 1808 4845">
    <p class='ocr_par' dir='ltr' id='par_1_88' title="bbox 248 4773 1808 4845">
     <span class='ocr_line' id='line_1_88' title="bbox 248 4773 1808 4845; baseline -0.007 -8"><span class='ocrx_word' id='word_1_729' title='bbox 248 4783 405 4845; x_wconf 82' lang='lat' dir='ltr'><strong>mati,</strong></span> <span class='ocrx_word' id='word_1_730' title='bbox 429 4795 531 4835; x_wconf 91' lang='lat' dir='ltr'><strong>una</strong></span> <span class='ocrx_word' id='word_1_731' title='bbox 554 4781 630 4833; x_wconf 87' lang='lat' dir='ltr'><strong>eis</strong></span> <span class='ocrx_word' id='word_1_732' title='bbox 657 4776 939 4839; x_wconf 88' lang='lat' dir='ltr'><strong>sententia,</strong></span> <span class='ocrx_word' id='word_1_733' title='bbox 972 4791 1129 4828; x_wconf 89' lang='lat' dir='ltr'><strong>unum</strong></span> <span class='ocrx_word' id='word_1_734' title='bbox 1157 4773 1437 4827; x_wconf 86' lang='lat' dir='ltr'><strong>consilium</strong></span> <span class='ocrx_word' id='word_1_735' title='bbox 1464 4774 1581 4839; x_wconf 89' lang='lat' dir='ltr'><strong>fuit,</strong></span> <span class='ocrx_word' id='word_1_736' title='bbox 1615 4791 1808 4827; x_wconf 88' lang='lat' dir='ltr'><strong>unum-</strong></span> 
     </span>
    </p>
   </div>
   <div class='ocr_carea' id='block_1_89' title="bbox 246 4863 1811 4941">
    <p class='ocr_par' dir='ltr' id='par_1_89' title="bbox 246 4863 1811 4941">
     <span class='ocr_line' id='line_1_89' title="bbox 246 4863 1811 4941; baseline -0.004 -18"><span class='ocrx_word' id='word_1_737' title='bbox 246 4885 358 4941; x_wconf 87' lang='lat' dir='ltr'><strong>qtte</strong></span> <span class='ocrx_word' id='word_1_738' title='bbox 384 4869 589 4923; x_wconf 79' lang='lat' dir='ltr'><strong>exstitit</strong></span> <span class='ocrx_word' id='word_1_739' title='bbox 611 4877 815 4930; x_wconf 85' lang='lat' dir='ltr'><strong>votum,</strong></span> <span class='ocrx_word' id='word_1_740' title='bbox 842 4864 1023 4933; x_wconf 70' lang='lat' dir='ltr'><strong>patrim</strong></span> <span class='ocrx_word' id='word_1_741' title='bbox 1052 4864 1247 4926; x_wconf 88' lang='lat' dir='ltr'><strong>solum,</strong></span> <span class='ocrx_word' id='word_1_742' title='bbox 1276 4863 1486 4915; x_wconf 83' lang='lat' dir='ltr'><strong>divitias</strong></span> <span class='ocrx_word' id='word_1_743' title='bbox 1536 4874 1811 4930; x_wconf 86' lang='lat' dir='ltr'><strong>parentes-</strong></span> 
     </span>
    </p>
   </div>
   <div class='ocr_carea' id='block_1_90' title="bbox 246 4952 1810 5027">
    <p class='ocr_par' dir='ltr' id='par_1_90' title="bbox 246 4952 1810 5027">
     <span class='ocr_line' id='line_1_90' title="bbox 246 4952 1810 5027; baseline -0.008 -11"><span class='ocrx_word' id='word_1_744' title='bbox 246 4975 356 5027; x_wconf 80' lang='lat' dir='ltr'><strong>que</strong></span> <span class='ocrx_word' id='word_1_745' title='bbox 412 4960 734 5027; x_wconf 86' lang='lat' dir='ltr'><strong>relinquere,</strong></span> <span class='ocrx_word' id='word_1_746' title='bbox 790 4966 844 5011; x_wconf 84' lang='lat' dir='ltr'><strong>et</strong></span> <span class='ocrx_word' id='word_1_747' title='bbox 890 4957 1059 5009; x_wconf 84' lang='lat' dir='ltr'><strong>nudos</strong></span> <span class='ocrx_word' id='word_1_748' title='bbox 1092 4957 1287 5007; x_wconf 87' lang='lat' dir='ltr'><strong>nudum</strong></span> <span class='ocrx_word' id='word_1_749' title='bbox 1318 4955 1587 5007; x_wconf 82' lang='lat' dir='ltr'><strong>Christum</strong></span> <span class='ocrx_word' id='word_1_750' title='bbox 1637 4952 1810 5020; x_wconf 85' lang='lat' dir='ltr'><strong>sequi,</strong></span> 
     </span>
    </p>
   </div>
   <div class='ocr_carea' id='block_1_91' title="bbox 248 5043 1811 5113">
    <p class='ocr_par' dir='ltr' id='par_1_91' title="bbox 248 5043 1811 5113">
     <span class='ocr_line' id='line_1_91' title="bbox 248 5043 1811 5113; baseline -0.004 -10"><span class='ocrx_word' id='word_1_751' title='bbox 248 5050 426 5104; x_wconf 86' lang='lat' dir='ltr'><strong>nudos</strong></span> <span class='ocrx_word' id='word_1_752' title='bbox 452 5062 571 5101; x_wconf 88' lang='lat' dir='ltr'><strong>cum</strong></span> <span class='ocrx_word' id='word_1_753' title='bbox 611 5046 751 5100; x_wconf 89' lang='lat' dir='ltr'><strong>nudo</strong></span> <span class='ocrx_word' id='word_1_754' title='bbox 804 5046 1103 5100; x_wconf 87' lang='lat' dir='ltr'><strong>adversario</strong></span> <span class='ocrx_word' id='word_1_755' title='bbox 1134 5059 1387 5113; x_wconf 76' lang='lat' dir='ltr'><strong>pugnare,</strong></span> <span class='ocrx_word' id='word_1_756' title='bbox 1417 5043 1811 5111; x_wconf 86' lang='lat' dir='ltr'><strong>Galliarumque</strong></span> 
     </span>
    </p>
   </div>
   <div class='ocr_carea' id='block_1_92' title="bbox 251 5134 1806 5210">
    <p class='ocr_par' dir='ltr' id='par_1_92' title="bbox 251 5134 1806 5210">
     <span class='ocr_line' id='line_1_92' title="bbox 251 5134 1806 5210; baseline -0.005 -18"><span class='ocrx_word' id='word_1_757' title='bbox 251 5140 582 5210; x_wconf 85' lang='lat' dir='ltr'><strong>provinciam</strong></span> <span class='ocrx_word' id='word_1_758' title='bbox 608 5152 704 5205; x_wconf 87' lang='lat' dir='ltr'><strong>pro</strong></span> <span class='ocrx_word' id='word_1_759' title='bbox 735 5146 857 5189; x_wconf 91' lang='lat' dir='ltr'><strong>voto</strong></span> <span class='ocrx_word' id='word_1_760' title='bbox 883 5147 1167 5202; x_wconf 81' lang='lat' dir='ltr'><strong>expetere:</strong></span> <span class='ocrx_word' id='word_1_761' title='bbox 1197 5144 1355 5203; x_wconf 88' lang='lat' dir='ltr'><strong>atque</strong></span> <span class='ocrx_word' id='word_1_762' title='bbox 1385 5134 1533 5199; x_wconf 91' lang='lat' dir='ltr'><strong>inibi,</strong></span> <span class='ocrx_word' id='word_1_763' title='bbox 1562 5148 1806 5200; x_wconf 86' lang='lat' dir='ltr'><strong>corpore,</strong></span> 
     </span>
    </p>
   </div>
   <div class='ocr_carea' id='block_1_93' title="bbox 248 5225 1810 5293">
    <p class='ocr_par' dir='ltr' id='par_1_93' title="bbox 248 5225 1810 5293">
     <span class='ocr_line' id='line_1_93' title="bbox 248 5225 1810 5293; baseline -0.003 -11"><span class='ocrx_word' id='word_1_764' title='bbox 248 5245 362 5284; x_wconf 89' lang='lat' dir='ltr'><strong>non</strong></span> <span class='ocrx_word' id='word_1_765' title='bbox 392 5240 573 5282; x_wconf 89' lang='lat' dir='ltr'><strong>mente</strong></span> <span class='ocrx_word' id='word_1_766' title='bbox 600 5228 809 5289; x_wconf 88' lang='lat' dir='ltr'><strong>ductos,</strong></span> <span class='ocrx_word' id='word_1_767' title='bbox 833 5226 1039 5279; x_wconf 85' lang='lat' dir='ltr'><strong>diversa</strong></span> <span class='ocrx_word' id='word_1_768' title='bbox 1070 5226 1386 5280; x_wconf 83' lang='lat' dir='ltr'><strong>monasteria</strong></span> <span class='ocrx_word' id='word_1_769' title='bbox 1412 5225 1701 5293; x_wconf 91' lang='lat' dir='ltr'><strong>inquirere,</strong></span> <span class='ocrx_word' id='word_1_770' title='bbox 1732 5226 1810 5278; x_wconf 79' lang='lat' dir='ltr'><strong>le-</strong></span> 
     </span>
    </p>
   </div>
   <div class='ocr_carea' id='block_1_94' title="bbox 252 5314 1809 5389">
    <p class='ocr_par' dir='ltr' id='par_1_94' title="bbox 252 5314 1809 5389">
     <span class='ocr_line' id='line_1_94' title="bbox 252 5314 1809 5389; baseline -0.006 -15"><span class='ocrx_word' id='word_1_771' title='bbox 252 5320 418 5389; x_wconf 87' lang='lat' dir='ltr'><strong>nique</strong></span> <span class='ocrx_word' id='word_1_772' title='bbox 441 5318 569 5385; x_wconf 78' lang='lat' dir='ltr'><strong>jugo</strong></span> <span class='ocrx_word' id='word_1_773' title='bbox 598 5316 792 5370; x_wconf 87' lang='lat' dir='ltr'><strong>Christi</strong></span> <span class='ocrx_word' id='word_1_774' title='bbox 817 5314 951 5368; x_wconf 89' lang='lat' dir='ltr'><strong>colla</strong></span> <span class='ocrx_word' id='word_1_775' title='bbox 979 5316 1173 5369; x_wconf 89' lang='lat' dir='ltr'><strong>mentis</strong></span> <span class='ocrx_word' id='word_1_776' title='bbox 1204 5314 1534 5368; x_wconf 76' lang='lat' dir='ltr'><strong>submittere.</strong></span> <span class='ocrx_word' id='word_1_777' title='bbox 1569 5315 1679 5368; x_wconf 91' lang='lat' dir='ltr'><strong>Hoc</strong></span> <span class='ocrx_word' id='word_1_778' title='bbox 1705 5329 1809 5366; x_wconf 88' lang='lat' dir='ltr'><strong>au-</strong></span> 
     </span>
    </p>
   </div>
   <div class='ocr_carea' id='block_1_95' title="bbox 248 5405 1811 5475">
    <p class='ocr_par' dir='ltr' id='par_1_95' title="bbox 248 5405 1811 5475">
     <span class='ocr_line' id='line_1_95' title="bbox 248 5405 1811 5475; baseline -0.004 -12"><span class='ocrx_word' id='word_1_779' title='bbox 248 5421 359 5464; x_wconf 71' lang='lat' dir='ltr'><strong>tem</strong></span> <span class='ocrx_word' id='word_1_780' title='bbox 420 5407 615 5461; x_wconf 80' lang='lat' dir='ltr'><strong>idcirco</strong></span> <span class='ocrx_word' id='word_1_781' title='bbox 644 5406 879 5460; x_wconf 88' lang='lat' dir='ltr'><strong>studiose</strong></span> <span class='ocrx_word' id='word_1_782' title='bbox 910 5405 1084 5460; x_wconf 83' lang='lat' dir='ltr'><strong>facere</strong></span> <span class='ocrx_word' id='word_1_783' title='bbox 1110 5406 1490 5474; x_wconf 62' lang='lat' dir='ltr'><strong>praevidebant,</strong></span> <span class='ocrx_word' id='word_1_784' title='bbox 1518 5416 1574 5458; x_wconf 88' lang='lat' dir='ltr'><strong>ut</strong></span> <span class='ocrx_word' id='word_1_785' title='bbox 1596 5415 1811 5475; x_wconf 88' lang='lat' dir='ltr'><strong>propter</strong></span> 
     </span>
    </p>
   </div>
   <div class='ocr_carea' id='block_1_96' title="bbox 255 5496 1812 5563">
    <p class='ocr_par' dir='ltr' id='par_1_96' title="bbox 255 5496 1812 5563">
     <span class='ocr_line' id='line_1_96' title="bbox 255 5496 1812 5563; baseline -0.006 -8"><span class='ocrx_word' id='word_1_786' title='bbox 255 5499 524 5555; x_wconf 79' lang='lat' dir='ltr'><strong>Christum</strong></span> <span class='ocrx_word' id='word_1_787' title='bbox 563 5512 629 5551; x_wconf 88' lang='lat' dir='ltr'><strong>ne</strong></span> <span class='ocrx_word' id='word_1_788' title='bbox 659 5510 762 5550; x_wconf 88' lang='lat' dir='ltr'><strong>uno</strong></span> <span class='ocrx_word' id='word_1_789' title='bbox 786 5496 873 5563; x_wconf 86' lang='lat' dir='ltr'><strong>qui</strong></span> <span class='ocrx_word' id='word_1_790' title='bbox 902 5509 1181 5563; x_wconf 82' lang='lat' dir='ltr'><strong>superesse</strong></span> <span class='ocrx_word' id='word_1_791' title='bbox 1205 5504 1412 5563; x_wconf 69' lang='lat' dir='ltr'><strong>poterat</strong></span> <span class='ocrx_word' id='word_1_792' title='bbox 1466 5505 1681 5563; x_wconf 82' lang='lat' dir='ltr'><strong>aspectu</strong></span> <span class='ocrx_word' id='word_1_793' title='bbox 1734 5496 1812 5547; x_wconf 73' lang='lat' dir='ltr'><strong>vi-</strong></span> 
     </span>
    </p>
   </div>
   <div class='ocr_carea' id='block_1_97' title="bbox 655 5627 1317 5695">
    <p class='ocr_par' dir='ltr' id='par_1_97' title="bbox 655 5627 1317 5695">
     <span class='ocr_line' id='line_1_97' title="bbox 655 5627 1317 5695; baseline -0.006 -7"><span class='ocrx_word' id='word_1_794' title='bbox 655 5631 917 5689; x_wconf 74' lang='lat' dir='ltr'><strong>PATROL.</strong></span> <span class='ocrx_word' id='word_1_795' title='bbox 966 5627 1317 5695; x_wconf 75' lang='lat' dir='ltr'>LXXXIX.</span> 
     </span>
    </p>
   </div>
   <div class='ocr_carea' id='block_1_98' title="bbox 1919 4405 3478 4472">
    <p class='ocr_par' dir='ltr' id='par_1_98' title="bbox 1919 4405 3478 4472">
     <span class='ocr_line' id='line_1_98' title="bbox 1919 4405 3478 4472; baseline -0.005 -11"><span class='ocrx_word' id='word_1_796' title='bbox 1919 4418 1970 4461; x_wconf 86' lang='lat' dir='ltr'><strong>et</strong></span> <span class='ocrx_word' id='word_1_797' title='bbox 1999 4414 2176 4460; x_wconf 89' lang='lat' dir='ltr'><strong>mente</strong></span> <span class='ocrx_word' id='word_1_798' title='bbox 2200 4415 2574 4472; x_wconf 87' lang='lat' dir='ltr'><strong>conceperant,</strong></span> <span class='ocrx_word' id='word_1_799' title='bbox 2628 4405 2726 4457; x_wconf 88' lang='lat' dir='ltr'><strong>iter</strong></span> <span class='ocrx_word' id='word_1_800' title='bbox 2756 4412 3074 4470; x_wconf 62' lang='lat' dir='ltr'><strong>praeparant,</strong></span> <span class='ocrx_word' id='word_1_801' title='bbox 3126 4416 3222 4455; x_wconf 89' lang='lat' dir='ltr'><strong>nec</strong></span> <span class='ocrx_word' id='word_1_802' title='bbox 3274 4418 3478 4455; x_wconf 83' lang='lat' dir='ltr'><strong>moram</strong></span> 
     </span>
    </p>
   </div>
   <div class='ocr_carea' id='block_1_99' title="bbox 1919 4493 3477 4561">
    <p class='ocr_par' dir='ltr' id='par_1_99' title="bbox 1919 4493 3477 4561">
     <span class='ocr_line' id='line_1_99' title="bbox 1919 4493 3477 4561; baseline -0.001 -14"><span class='ocrx_word' id='word_1_803' title='bbox 1919 4495 2143 4559; x_wconf 81' lang='lat' dir='ltr'><strong>faciunt,</strong></span> <span class='ocrx_word' id='word_1_804' title='bbox 2171 4510 2269 4549; x_wconf 91' lang='lat' dir='ltr'><strong>nec</strong></span> <span class='ocrx_word' id='word_1_805' title='bbox 2294 4494 2604 4548; x_wconf 87' lang='lat' dir='ltr'><strong>dilationem</strong></span> <span class='ocrx_word' id='word_1_806' title='bbox 2637 4493 2990 4561; x_wconf 73' lang='lat' dir='ltr'><strong>prmtendunt.</strong></span> <span class='ocrx_word' id='word_1_807' title='bbox 3043 4494 3145 4545; x_wconf 89' lang='lat' dir='ltr'><strong>Sed</strong></span> <span class='ocrx_word' id='word_1_808' title='bbox 3188 4495 3477 4545; x_wconf 82' lang='lat' dir='ltr'><strong>carnalium</strong></span> 
     </span>
    </p>
   </div>
   <div class='ocr_carea' id='block_1_100' title="bbox 1919 4581 3473 4653">
    <p class='ocr_par' dir='ltr' id='par_1_100' title="bbox 1919 4581 3473 4653">
     <span class='ocr_line' id='line_1_100' title="bbox 1919 4581 3473 4653; baseline -0.005 -13"><span class='ocrx_word' id='word_1_809' title='bbox 1919 4598 2195 4653; x_wconf 83' lang='lat' dir='ltr'><strong>parentum</strong></span> <span class='ocrx_word' id='word_1_810' title='bbox 2230 4600 2394 4639; x_wconf 85' lang='lat' dir='ltr'><strong>nexus</strong></span> <span class='ocrx_word' id='word_1_811' title='bbox 2424 4584 2879 4651; x_wconf 87' lang='lat' dir='ltr'><strong>pertimescentes,</strong></span> <span class='ocrx_word' id='word_1_812' title='bbox 2914 4582 3002 4647; x_wconf 90' lang='lat' dir='ltr'><strong>qui</strong></span> <span class='ocrx_word' id='word_1_813' title='bbox 3035 4595 3245 4646; x_wconf 85' lang='lat' dir='ltr'><strong>semper</strong></span> <span class='ocrx_word' id='word_1_814' title='bbox 3303 4581 3473 4647; x_wconf 75' lang='lat' dir='ltr'><strong>impe~</strong></span> 
     </span>
    </p>
   </div>
   <div class='ocr_carea' id='block_1_101' title="bbox 1918 4671 3480 4734">
    <p class='ocr_par' dir='ltr' id='par_1_101' title="bbox 1918 4671 3480 4734">
     <span class='ocr_line' id='line_1_101' title="bbox 1918 4671 3480 4734; baseline -0.004 -5"><span class='ocrx_word' id='word_1_815' title='bbox 1918 4678 2211 4730; x_wconf 89' lang='lat' dir='ltr'><strong>dimentum</strong></span> <span class='ocrx_word' id='word_1_816' title='bbox 2269 4675 2398 4726; x_wconf 89' lang='lat' dir='ltr'><strong>fiunt</strong></span> <span class='ocrx_word' id='word_1_817' title='bbox 2463 4672 2527 4725; x_wconf 88' lang='lat' dir='ltr'><strong>ad</strong></span> <span class='ocrx_word' id='word_1_818' title='bbox 2606 4672 2869 4724; x_wconf 86' lang='lat' dir='ltr'><strong>Christum</strong></span> <span class='ocrx_word' id='word_1_819' title='bbox 2939 4671 3237 4734; x_wconf 87' lang='lat' dir='ltr'><strong>conversis,</strong></span> <span class='ocrx_word' id='word_1_820' title='bbox 3295 4683 3480 4723; x_wconf 86' lang='lat' dir='ltr'><strong>eorum</strong></span> 
     </span>
    </p>
   </div>
   <div class='ocr_carea' id='block_1_102' title="bbox 1918 4760 3480 4833">
    <p class='ocr_par' dir='ltr' id='par_1_102' title="bbox 1918 4760 3480 4833">
     <span class='ocr_line' id='line_1_102' title="bbox 1918 4760 3480 4833; baseline -0.006 -13"><span class='ocrx_word' id='word_1_821' title='bbox 1918 4768 2101 4821; x_wconf 85' lang='lat' dir='ltr'><strong>oculos</strong></span> <span class='ocrx_word' id='word_1_822' title='bbox 2126 4768 2203 4833; x_wconf 88' lang='lat' dir='ltr'><strong>pia</strong></span> <span class='ocrx_word' id='word_1_823' title='bbox 2232 4763 2569 4819; x_wconf 83' lang='lat' dir='ltr'><strong>simulatione</strong></span> <span class='ocrx_word' id='word_1_824' title='bbox 2595 4760 2873 4826; x_wconf 80' lang='lat' dir='ltr'><strong>deludunt,</strong></span> <span class='ocrx_word' id='word_1_825' title='bbox 2902 4760 2971 4813; x_wconf 90' lang='lat' dir='ltr'><strong>ita</strong></span> <span class='ocrx_word' id='word_1_826' title='bbox 3026 4769 3199 4812; x_wconf 85' lang='lat' dir='ltr'><strong>tamen</strong></span> <span class='ocrx_word' id='word_1_827' title='bbox 3248 4770 3304 4812; x_wconf 88' lang='lat' dir='ltr'><strong>ut</strong></span> <span class='ocrx_word' id='word_1_828' title='bbox 3331 4774 3480 4813; x_wconf 85' lang='lat' dir='ltr'><strong>tnen-</strong></span> 
     </span>
    </p>
   </div>
   <div class='ocr_carea' id='block_1_103' title="bbox 1917 4850 3479 4921">
    <p class='ocr_par' dir='ltr' id='par_1_103' title="bbox 1917 4850 3479 4921">
     <span class='ocr_line' id='line_1_103' title="bbox 1917 4850 3479 4921; baseline -0.008 -10"><span class='ocrx_word' id='word_1_829' title='bbox 1917 4856 2055 4911; x_wconf 87' lang='lat' dir='ltr'><strong>dacii</strong></span> <span class='ocrx_word' id='word_1_830' title='bbox 2114 4857 2312 4909; x_wconf 86' lang='lat' dir='ltr'><strong>crimen</strong></span> <span class='ocrx_word' id='word_1_831' title='bbox 2368 4867 2696 4921; x_wconf 84' lang='lat' dir='ltr'><strong>nequaquam</strong></span> <span class='ocrx_word' id='word_1_832' title='bbox 2754 4851 3050 4903; x_wconf 86' lang='lat' dir='ltr'><strong>incurrant.</strong></span> <span class='ocrx_word' id='word_1_833' title='bbox 3101 4850 3290 4901; x_wconf 77' lang='lat' dir='ltr'><strong>Dicunt</strong></span> <span class='ocrx_word' id='word_1_834' title='bbox 3338 4850 3479 4901; x_wconf 84' lang='lat' dir='ltr'><strong>enim</strong></span> 
     </span>
    </p>
   </div>
   <div class='ocr_carea' id='block_1_104' title="bbox 1918 4938 3478 5012">
    <p class='ocr_par' dir='ltr' id='par_1_104' title="bbox 1918 4938 3478 5012">
     <span class='ocr_line' id='line_1_104' title="bbox 1918 4938 3478 5012; baseline -0.006 -13"><span class='ocrx_word' id='word_1_835' title='bbox 1918 4962 1975 5001; x_wconf 89' lang='lat' dir='ltr'><strong>se</strong></span> <span class='ocrx_word' id='word_1_836' title='bbox 2006 4950 2225 5000; x_wconf 75' lang='lat' dir='ltr'><strong>Romam</strong></span> <span class='ocrx_word' id='word_1_837' title='bbox 2251 4958 2467 5012; x_wconf 81' lang='lat' dir='ltr'><strong>pergere</strong></span> <span class='ocrx_word' id='word_1_838' title='bbox 2489 4944 2644 5006; x_wconf 87' lang='lat' dir='ltr'><strong>velle,</strong></span> <span class='ocrx_word' id='word_1_839' title='bbox 2668 4941 3029 5009; x_wconf 74' lang='lat' dir='ltr'><strong>apostolorum</strong></span> <span class='ocrx_word' id='word_1_840' title='bbox 3057 4938 3313 5006; x_wconf 88' lang='lat' dir='ltr'><strong>principis</strong></span> <span class='ocrx_word' id='word_1_841' title='bbox 3337 4938 3478 4990; x_wconf 76' lang='lat' dir='ltr'><strong>l’etri</strong></span> 
     </span>
    </p>
   </div>
   <div class='ocr_carea' id='block_1_105' title="bbox 1915 5028 3480 5104">
    <p class='ocr_par' dir='ltr' id='par_1_105' title="bbox 1915 5028 3480 5104">
     <span class='ocr_line' id='line_1_105' title="bbox 1915 5028 3480 5104; baseline -0.01 -12"><span class='ocrx_word' id='word_1_842' title='bbox 1915 5052 1975 5092; x_wconf 89' lang='lat' dir='ltr'><strong>se</strong></span> <span class='ocrx_word' id='word_1_843' title='bbox 1997 5038 2258 5104; x_wconf 67' lang='lat' dir='ltr'><strong>suﬂragiis</strong></span> <span class='ocrx_word' id='word_1_844' title='bbox 2296 5033 2689 5095; x_wconf 86' lang='lat' dir='ltr'><strong>commendare,</strong></span> <span class='ocrx_word' id='word_1_845' title='bbox 2724 5030 2943 5097; x_wconf 78' lang='lat' dir='ltr'><strong>ejusque</strong></span> <span class='ocrx_word' id='word_1_846' title='bbox 2970 5028 3270 5081; x_wconf 86' lang='lat' dir='ltr'><strong>desiderata</strong></span> <span class='ocrx_word' id='word_1_847' title='bbox 3301 5028 3480 5079; x_wconf 78' lang='lat' dir='ltr'><strong>limina</strong></span> 
     </span>
    </p>
   </div>
   <div class='ocr_carea' id='block_1_106' title="bbox 1916 5115 3480 5191">
    <p class='ocr_par' dir='ltr' id='par_1_106' title="bbox 1916 5115 3480 5191">
     <span class='ocr_line' id='line_1_106' title="bbox 1916 5115 3480 5191; baseline -0.012 -9"><span class='ocrx_word' id='word_1_848' title='bbox 1916 5127 2145 5182; x_wconf 86' lang='lat' dir='ltr'><strong>osculari</strong></span> <span class='ocrx_word' id='word_1_849' title='bbox 2202 5144 2212 5175; x_wconf 92' lang='lat'><strong>:</strong></span> <span class='ocrx_word' id='word_1_850' title='bbox 2265 5125 2406 5191; x_wconf 80' lang='lat' dir='ltr'><strong>quod</strong></span> <span class='ocrx_word' id='word_1_851' title='bbox 2453 5136 2504 5177; x_wconf 86' lang='lat' dir='ltr'><strong>et</strong></span> <span class='ocrx_word' id='word_1_852' title='bbox 2547 5121 2807 5176; x_wconf 80' lang='lat' dir='ltr'><strong>fecerunt.</strong></span> <span class='ocrx_word' id='word_1_853' title='bbox 2838 5119 3004 5173; x_wconf 88' lang='lat' dir='ltr'><strong>Sicuti</strong></span> <span class='ocrx_word' id='word_1_854' title='bbox 3046 5126 3221 5171; x_wconf 80' lang='lat' dir='ltr'><strong>autem</strong></span> <span class='ocrx_word' id='word_1_855' title='bbox 3277 5115 3480 5169; x_wconf 85' lang='lat' dir='ltr'><strong>nobiles</strong></span> 
     </span>
    </p>
   </div>
   <div class='ocr_carea' id='block_1_107' title="bbox 1914 5203 3475 5279">
    <p class='ocr_par' dir='ltr' id='par_1_107' title="bbox 1914 5203 3475 5279">
     <span class='ocr_line' id='line_1_107' title="bbox 1914 5203 3475 5279; baseline -0.01 -9"><span class='ocrx_word' id='word_1_856' title='bbox 1914 5218 2088 5279; x_wconf 89' lang='lat' dir='ltr'><strong>decet,</strong></span> <span class='ocrx_word' id='word_1_857' title='bbox 2110 5216 2347 5267; x_wconf 86' lang='lat' dir='ltr'><strong>oneratis</strong></span> <span class='ocrx_word' id='word_1_858' title='bbox 2376 5213 2691 5266; x_wconf 88' lang='lat' dir='ltr'><strong>animalibus</strong></span> <span class='ocrx_word' id='word_1_859' title='bbox 2737 5208 3040 5275; x_wconf 85' lang='lat' dir='ltr'><strong>stipendiis,</strong></span> <span class='ocrx_word' id='word_1_860' title='bbox 3067 5206 3371 5275; x_wconf 67' lang='lat' dir='ltr'><strong>praeparatis</strong></span> <span class='ocrx_word' id='word_1_861' title='bbox 3410 5203 3475 5255; x_wconf 63' lang='lat' dir='ltr'><strong>ad</strong></span> 
     </span>
    </p>
   </div>
   <div class='ocr_carea' id='block_1_108' title="bbox 1915 5293 3468 5373">
    <p class='ocr_par' dir='ltr' id='par_1_108' title="bbox 1915 5293 3468 5373">
     <span class='ocr_line' id='line_1_108' title="bbox 1915 5293 3468 5373; baseline -0.013 -10"><span class='ocrx_word' id='word_1_862' title='bbox 1915 5309 2204 5364; x_wconf 82' lang='lat' dir='ltr'><strong>sedendum</strong></span> <span class='ocrx_word' id='word_1_863' title='bbox 2236 5305 2407 5373; x_wconf 88' lang='lat' dir='ltr'><strong>equis,</strong></span> <span class='ocrx_word' id='word_1_864' title='bbox 2436 5303 2749 5357; x_wconf 86' lang='lat' dir='ltr'><strong>famulorum</strong></span> <span class='ocrx_word' id='word_1_865' title='bbox 2784 5300 2897 5354; x_wconf 83' lang='lat' dir='ltr'><strong>fulti</strong></span> <span class='ocrx_word' id='word_1_866' title='bbox 2926 5296 3215 5365; x_wconf 90' lang='lat' dir='ltr'><strong>obsequiis,</strong></span> <span class='ocrx_word' id='word_1_867' title='bbox 3245 5293 3348 5346; x_wconf 88' lang='lat' dir='ltr'><strong>sibi</strong></span> <span class='ocrx_word' id='word_1_868' title='bbox 3386 5306 3468 5345; x_wconf 85' lang='lat' dir='ltr'><strong>so-</strong></span> 
     </span>
    </p>
   </div>
   <div class='ocr_carea' id='block_1_109' title="bbox 1916 5384 3477 5469">
    <p class='ocr_par' dir='ltr' id='par_1_109' title="bbox 1916 5384 3477 5469">
     <span class='ocr_line' id='line_1_109' title="bbox 1916 5384 3477 5469; baseline -0.012 -15"><span class='ocrx_word' id='word_1_869' title='bbox 1916 5401 2061 5469; x_wconf 85' lang='lat' dir='ltr'><strong>lique</strong></span> <span class='ocrx_word' id='word_1_870' title='bbox 2092 5399 2199 5453; x_wconf 88' lang='lat' dir='ltr'><strong>Deo</strong></span> <span class='ocrx_word' id='word_1_871' title='bbox 2227 5397 2350 5465; x_wconf 86' lang='lat' dir='ltr'><strong>quid</strong></span> <span class='ocrx_word' id='word_1_872' title='bbox 2371 5410 2530 5464; x_wconf 77' lang='lat' dir='ltr'><strong>agere</strong></span> <span class='ocrx_word' id='word_1_873' title='bbox 2560 5395 2755 5450; x_wconf 90' lang='lat' dir='ltr'><strong>vellent</strong></span> <span class='ocrx_word' id='word_1_874' title='bbox 2787 5392 2978 5464; x_wconf 77' lang='lat' dir='ltr'><strong>[suppL</strong></span> <span class='ocrx_word' id='word_1_875' title='bbox 3003 5384 3244 5452; x_wconf 75' lang='lat' dir='ltr'><strong>conscii],</strong></span> <span class='ocrx_word' id='word_1_876' title='bbox 3296 5396 3477 5437; x_wconf 87' lang='lat' dir='ltr'><strong>ressus</strong></span> 
     </span>
    </p>
   </div>
   <div class='ocr_carea' id='block_1_110' title="bbox 1917 5484 2639 5548">
    <p class='ocr_par' dir='ltr' id='par_1_110' title="bbox 1917 5484 2639 5548">
     <span class='ocr_line' id='line_1_110' title="bbox 1917 5484 2639 5548; baseline -0.014 0"><span class='ocrx_word' id='word_1_877' title='bbox 1917 5495 1982 5548; x_wconf 86' lang='lat' dir='ltr'><strong>ad</strong></span> <span class='ocrx_word' id='word_1_878' title='bbox 2004 5484 2377 5547; x_wconf 79' lang='lat' dir='ltr'><strong>ambulandum</strong></span> <span class='ocrx_word' id='word_1_879' title='bbox 2406 5498 2639 5543; x_wconf 79' lang='lat' dir='ltr'><strong>movent.</strong></span> 
     </span>
    </p>
   </div>
   <div class='ocr_carea' id='block_1_111' title="bbox 2890 5614 2965 5672">
    <p class='ocr_par' dir='ltr' id='par_1_111' title="bbox 2890 5614 2965 5672">
     <span class='ocr_line' id='line_1_111' title="bbox 2890 5614 2965 5672; baseline -0.013 0"><span class='ocrx_word' id='word_1_880' title='bbox 2890 5614 2965 5672; x_wconf 61' lang='grc' dir='ltr'>ιε</span> 
     </span>
    </p>
   </div>
  </div>
