3908 6358
391 273 521 325 I323

1252 287 1395 339 VITA
1437 289 1531 342 SS.
1575 290 1925 357 P.\l.l)0NlS,
1970 295 2252 353 TASONIS
2292 298 2379 351 ET
2419 299 2733 355 TATONIS.

3460 318 3591 371 13·ὶῦ
3648 356 3649 363 η

386 384 602 436 domant
631 385 889 442 venirent.
925 390 1069 454 Quos
1100 394 1221 448 dum
1252 397 1487 450 studiose
1522 411 1844 467 quairercnt,
1874 417 1933 454 ac
1968 410 2010 460 Α
2041 405 2245 465 dantes,
2286 405 2452 461 Nolite
2492 427 2716 476 quwrere
2759 429 2873 477 qua:
2912 425 3068 466 restra‘t
3113 431 3226 470 sum
3267 423 3476 490 singuli,
3506 432 3593 479 sed

388 488 711 542 nequaquam
742 478 865 532 inibi
910 482 1238 549 invenirent;
1288 488 1509 540 audiunt
1558 503 1585 539 a
1636 491 1930 543 dicentibus

385 561 617 625 Sabinis,
642 580 734 619 eos
759 582 877 622 esse
918 569 970 623 in
997 575 1317 627 monasterio
1346 576 1593 644 gloriosa:
1648 578 1735 632 Dei
1782 579 1931 644 geni-

388 652 531 707 tricis
558 654 752 710 Maria.
782 657 930 713 'l‘unc
960 662 1032 714 illi
1064 662 1283 732 majoris
1328 670 1522 719 amoris
1568 668 1794 722 stimulis
1825 672 1933 733 agi-

388 745 479 796 tati
522 747 747 813 spatium
792 750 995 803 itineris
1042 753 1181 808 illius
1225 759 1370 823 quasi
1426 759 1829 811 transvolantes.
1871 761 1934 810 :nl

390 836 696 900 praedictum
750 844 1122 896 monasterium
1177 859 1571 911 pervenerunt:
1603 864 1631 901 a
1686 851 1935 916 pranlicto

386 930 690 981 monasterii
744 930 898 986 Patre
946 936 1227 1001 petierunt,
1276 949 1331 991 ut
1370 942 1673 1005 aSpectibus
1723 943 1928 994 illorum

386 1027 843 1083 praesentarentnr.
887 1025 1212 1082 Venerabilis
1260 1042 1437 1085 autem
1488 1048 1675 1097 senex,
1722 1046 1776 1086 ut
1821 1046 1937 1087 erat

386 1108 658 1167 suadibi'lis
684 1113 912 1182 eloquio,
940 1118 1216 1171 admonuit
1259 1134 1314 1173 ut
1341 1125 1571 1177 exirent.
1608 1126 1710 1176 Illis
1758 1136 1933 1180 autem

386 1198 731 1254 renitentibus
759 1206 1009 1267 compulit
1035 1222 1146 1269 eos,
1175 1220 1229 1261 ut
1273 1212 1372 1264 sibi
1424 1212 1704 1280 imperanti
1736 1215 1937 1268 obedi-

384 1294 520 1339 rent‘.
552 1289 616 1343 Ut
662 1307 789 1345 vero
828 1298 1026 1363 egressi
1069 1310 1207 1361 sunt,
1243 1313 1595 1371 parentesque
1643 1320 1735 1356 eos
1786 1306 1930 1359 vide-

382 1385 523 1439 rttnt,
549 1380 889 1436 vehementer
935 1385 1061 1439 ﬂere
1108 1402 1410 1457 co'perunt,
1442 1395 1753 1464 elevataqne
1803 1413 1936 1451 voce

381 1468 444 1517 ad
475 1484 565 1521 eos
594 1470 839 1526 dixerunt
863 1493 874 1526 :
900 1478 1013 1529 Cur
1038 1495 1132 1533 nos
1151 1513 1155 1521 ι
1176 1494 1482 1548 peccatores
1513 1496 1758 1553 tanquam
1793 1503 1936 1539 mor-

383 1566 501 1608 tuos
530 1562 844 1627 reliquisds?
866 1575 922 1618 ut
945 1570 1068 1636 quid
1102 1554 1281 1623 curaui
1311 1573 1601 1625 animarum
1636 1584 1935 1626 nostrarum

381 1648 723 1703 deseruistis?
766 1656 1011 1709 nullusne
1057 1660 1203 1710 vobis
1256 1662 1390 1715 inest
1422 1662 1632 1724 pietatis
1680 1663 1931 1728 allectus,

382 1738 525 1790 nulla
566 1747 1037 1811 consanguinitatis
1086 1751 1417 1814 compassio?
1446 1752 1811 1817 obsecramus,
1858 1757 1939 1808 in-
1975 1764 2016 1820 Β

382 1826 585 1892 quiunt,
630 1828 989 1895 obsecramus,
1020 1845 1073 1888 et
1105 1851 1197 1904 per
1229 1832 1388 1903 Debui
1441 1824 1790 1895 eonditoremi
1815 1845 1935 1897 creti

386 1927 440 1967 et
488 1925 641 1972 terra:
694 1921 1061 1989 deprecamur,
1107 1943 1172 1980 ne
1223 1945 1320 1983 nos
1363 1931 1665 1985 deseratis:
1707 1933 1824 2001 quia
1872 1938 1936 1987 ad

384 2003 647 2060 Christum
689 2013 948 2073 converti.
975 2024 1028 2067 et
1059 2018 1308 2071 sa'cnlum
1361 2020 1593 2076 funditus
1635 2025 1938 2091 relinquere

382 2109 563 2149 sumus
608 2101 796 2163 parati.
842 2100 933 2155 Sin
982 2116 1179 2167 autem,
1224 2119 1589 2162 contestamur
1637 2112 1834 2165 coelum
1885 2122 1940 2166 et

383 2193 624 2251 ti-rrram,
656 2190 962 2256 sanguinem
995 2204 1229 2246 nostrum
1264 2197 1329 2248 de
1371 2214 1527 2249 manu
1562 2211 1731 2251 vestra
1766 2217 1793 2252 a
1828 2202 1937 2254 Deo

388 2271 500 2325 fore
541 2277 902 2340 qumrendmn.
944 2280 1023 2331 Ad
1074 2298 1295 2349 quorum
1350 2286 1505 2337 verba
1576 2278 1941 2358 laérymasque

385 2360 542 2427 atqe’e
569 2364 823 2428 singultus
852 2366 974 2419 dum
1027 2370 1096 2419 illi
1132 2372 1325 2436 pietate
1372 2368 1701 2443 nequaquam
1755 2394 1938 2432 move.

386 2464 588 2516 rentur,
631 2470 809 2521 seque,
836 2470 893 2511 ut
943 2461 1049 2513 Deo
1096 2465 1468 2529 promiserant,
1502 2468 1696 2521 Gallias
1748 2480 1931 2536 petere

390 2541 653 2608 dicerent;
705 2556 1001 2612 propterea,
1048 2562 1101 2603 ut
1128 2542 1315 2618 aperte
1359 2570 1497 2609 nunc
1537 2560 1927 2619 cognoscimus,

388 2630 558 2684 fertur
596 2648 752 2689 senex
786 2636 848 2688 ad
877 2652 970 2690 eos
996 2655 1124 2693 voce
1165 2640 1400 2695 dixisse:
1433 2642 1727 2709 Conlidite,‘
1748 2647 1935 2714 inquit,

385 2720 499 2785 lilii,
530 2723 795 2785 conlidiie,
827 2737 879 2777 et
928 2727 994 2779 de
1042 2729 1133 2780 Dci
1186 2731 1546 2785 misericordia
1600 2736 1944 2799 praesumite;

385 2810 503 2877 quia
530 2811 571 2862 si
604 2812 760 2864 modo
790 2815 919 2868 meis
945 2818 1157 2871 monitis
1182 2834 1358 2872 aurem
1385 2822 1699 2874 oliedientize
1725 2838 1938 2882 accom-

386 2899 744 2966 modaveritis,
794 2904 942 2957 inulti
994 2922 1084 2970 per
1127 2917 1316 2960 vestrae
1362 2911 1585 2963 actionis
1628 2905 1928 2980 exemplum

384 2988 601 3041 cteleste
648 2984 1004 3061 ingredientur
1048 3010 1289 3065 regnum.
1335 2998 1547 3061 Audite,
1593 3001 1790 3067 inquit,
1847 3001 1935 3054 lilii

386 3074 680 3145 hominum,
713 3081 891 3135 audite
929 3085 1204 3138 consilium
1255 3089 1417 3154 patris
1445 3090 1628 3154 vestri,

386 3181 568 3232 preces
604 3182 856 3237 spernere
898 3170 1077 3227 nolite.
1122 3176 1405 3229 Ostendam
1458 3181 1625 3244 Vobis,
1660 3180 1704 3232 si
1753 3182 1934 3245 vultis,

385 3270 414 3307 a
478 3255 584 3309 Deo
635 3260 779 3312 vobis
838 3262 1006 3313 locum
1054 3274 1425 3330 praeparatum.
1470 3252 1648 3333 'Spero
1693 3271 1832 3321 enim
1887 3271 1935 3323 in

387 3345 624 3412 DOHIIIIO,
668 3352 916 3417 quoniam
948 3353 1053 3405 illic
1080 3355 1389 3422 adimplebit
1440 3360 1574 3411 Deus
1604 3361 1930 3414 desiderium

385 3445 640 3501 vestrum,
670 3439 841 3506 ibique
871 3440 1027 3495 faciet
1072 3444 1178 3497 Deo
1207 3445 1427 3499 fructum
1456 3460 1753 3518 aer-cptum.
1795 3452 1939 3503 lndi-

383 3524 519 3577 cium
568 3536 741 3580 autem
782 3530 882 3582 loci
935 3533 1223 3599 percipitc,
1267 3546 1315 3587 et
1356 3537 1419 3588 ad
1460 3553 1578 3590 eum
1626 3544 1939 3607 quantocius

384 3627 681 3681 properate.

532 3723 634 3794 lion
656 3725 799 3794 Pater
824 3727 909 3773 hos
930 3731 1138 3787 monitis,
1160 3733 1344 3791 gemitu
1381 3746 1578 3783 movere
1598 3744 1841 3794 parentes.

534 3785 855 3856 aed-patriam
877 3799 1077 3843 gentem
1102 3785 1416 3856 ceiit_emnere
1443 3798 1534 3842 rite
1560 3785 1788 3856 fatentes,

539 3845 696 3893 Mollia
719 3855 1030 3908 spernentes,
1059 3864 1143 3910 pro
1168 3851 1361 3902 Christo
1381 3854 1498 3903 dura
1519 3856 1751 3904 lci-entes.

448 3947 501 4001 9.
537 3947 629 4001 Est
652 3958 847 4012 autem,
874 3950 1227 4015 dilectissimi,
1259 3955 1404 4008 locus
1433 3957 1496 4008 ad
1527 3973 1681 4024 quem
1726 3974 1819 4011 vos
1852 3960 1927 4011 ire

378 4038 626 4092 desidero
668 4039 718 4091 in
766 4040 963 4093 Samnii
997 4042 1231 4108 partibus
1278 4058 1439 4109 super
1486 4047 1651 4114 ripam
1686 4048 1930 4101 Vulturni

377 4128 634 4193 ﬂuminis,
667 4128 752 4180 ubi
784 4128 990 4182 initium
1018 4132 1180 4183 sumit
1206 4146 1236 4184 a
1268 4134 1413 4187 mille
1444 4134 1552 4189 fere
1594 4134 1853 4201 passibus.
1885 4142 1932 4189 in

378 4234 487 4286 quo
538 4219 782 4271 videlicet
821 4203 947 4272 loco
994 4221 1151 4273 situm
1206 4232 1288 4275 est
1336 4212 1629 4277 loratorium
1689 4233 1932 4295 martyris

379 4309 577 4362 Christi
632 4300 890 4363 Vincentii
955 4313 1169 4366 nomine
1215 4312 1556 4367 dedicatum:
1596 4332 1660 4367 ex
1713 4327 1933 4384 utraque

376 4412 505 4450 vero
535 4407 680 4465 parte
716 4398 943 4451 ﬂuminis
971 4400 1099 4451 silva
1132 4400 1470 4465 densissima,
1496 4418 1612 4470 qua:
1643 4404 1925 4456 habitatio-
1964 4418 2010 4471 ι)

378 4502 500 4539 nem
531 4494 730 4539 tantum
750 4497 975 4555 prastat
1002 4488 1256 4554 ferarum,
1292 4491 1613 4558 latibulaque
1645 4496 1926 4550 latronum.

378 4574 725 4642 Omnipotens
782 4585 955 4628 autem
1025 4577 1277 4631 Dominus
1333 4580 1415 4631 cui
1481 4597 1572 4632 vos
1631 4584 1933 4634 latntilatniu

376 4665 631 4718 exhibere
658 4664 988 4725 desideratis,
1022 4675 1074 4718 et
1112 4682 1203 4718 vos
1236 4671 1283 4718 in
1319 4670 1503 4721 eodem
1560 4670 1673 4721 loco
1741 4672 1937 4724 illzcsos

377 4756 633 4819 servabit,
656 4764 708 4808 et
734 4756 935 4808 cunctis
965 4758 1064 4809 iter
1090 4760 1364 4822 agentibus
1392 4775 1419 4811 a
1450 4760 1640 4813 timore
1668 4761 1931 4814 latronum

381 4853 620 4909 pacatum
653 4851 809 4910 atque
838 4859 1082 4897 securum
1115 4848 1421 4910 constituet,
1457 4864 1657 4900 necnon
1700 4863 1752 4901 ut
1781 4865 1931 4903 ceru-

378 4935 475 4995 sis,
507 4933 698 4995 dumis,
740 4948 802 4987 ac
850 4936 1105 4997 sentibus,
1139 4937 1289 5003 lignis
1332 4937 1617 4990 frm-tileris
1668 4940 1935 4991 abundare

378 5023 554 5076 l’aciet.
586 5022 675 5087 Ite,
708 5025 800 5086 ait,
835 5024 945 5085 lilii,
976 5035 1028 5076 et
1058 5030 1106 5075 iu
1137 5026 1319 5078 eodem
1354 5028 1468 5077 loco
1516 5043 1630 5078 suie
1665 5040 1807 5079 metu
1844 5044 1933 5078 cn-

376 5115 672 5181 juscunque
704 5125 1026 5181 perinanete.

532 5223 631 5272 Hos
654 5232 789 5284 pater
814 5224 885 5271 ire
904 5230 1087 5285 monet,
1116 5225 1214 5271 loca
1240 5231 1467 5271 monstrat
1488 5229 1653 5283 pervia
1680 5225 1839 5285 nullis,

532 5286 797 5332 Arboribus
818 5284 998 5341 multis,
1024 5297 1129 5344 (piae
1152 5292 1336 5331 comunt
1361 5286 1554 5345 tiumiua
1580 5287 1807 5345 pulchris,

531 5345 799 5403 Montibus,
824 5350 873 5392 et
899 5343 1074 5399 ventis,
1103 5348 1293 5391 nivibus
1315 5356 1427 5391 sunt
1451 5343 1621 5403 frigida
1645 5343 1827 5393 mustis

454 5446 538 5500 10.
570 5446 662 5498 llis
691 5447 845 5515 igitur
867 5456 920 5500 et
949 5446 1308 5515 hujuscemodi
1351 5448 1525 5501 verbis
1555 5464 1579 5500 a
1615 5450 1785 5518 rigore
1836 5452 1926 5501 oli-

378 5538 676 5591 stinationis
720 5538 960 5601 emolliti,
1008 5547 1252 5605 tanquam
1302 5539 1567 5592 Christum
1622 5542 1672 5591 in
1720 5544 1933 5593 seniore

376 5631 680 5696 loquentem
730 5630 1079 5696 attendentes,
1118 5632 1460 5698 Apostnliquc
1508 5632 1702 5683 dictum
1742 5648 1923 5686 recor-

2039 512 2150 557 quae
2177 497 2379 547 alterius
2409 497 2459 565 (1
2481 498 2596 552 Cur.
2624 518 2674 563 x,
2700 500 2821 568 25);
2854 504 2918 555 ab
2950 505 3027 558 his
3066 522 3181 573 qua:
3212 521 3486 576 cmpcrant
3512 533 3593 567 re-

2041 592 2231 636 vocant
2284 588 2508 647 animos,
2539 601 2695 654 atque
2741 592 2807 644 ab
2839 593 3026 647 eodem
3079 595 3447 653 benedictione
3481 617 3597 668 per-

2040 680 2185 738 cepta
2221 674 2318 725 iter
2343 676 2626 741 arripiunt,
2651 690 2702 730 et
2730 681 2793 758 ad
2825 681 2964 734 hunc
2994 697 3151 748 quem
3184 684 3462 741 incolimus
3492 704 3602 756 per.

2042 767 2252 817 veniunt
2300 768 2494 833 locum,
2540 768 2668 822 nihil
2714 787 2894 825 secum
2944 775 2992 827 iu
3046 776 3314 830 alimoniis
3358 782 3597 847 corporis

2041 863 2232 921 prmter
2262 857 2505 908 viaticum
2536 858 2586 909 in
2618 860 2867 924 sportella
2901 862 3153 928 ferentes,
3184 868 3289 928 iam
3324 876 3449 920 tunc
3482 883 3585 919 non

2042 948 2376 999 immemores
2406 948 2544 1000 illius
2574 949 2824 1014 prmcepli
2866 952 3088 1005 dicentis
3124 975 3130 983 ·
3174 948 3348 1008 Nolite
3390 958 3602 1010 solliciti

2040 1052 2143 1088 esse
2165 1037 2291 1102 quid
2321 1038 2652 1099 manducetis,
2676 1048 2763 1090 aut
2788 1041 2911 1106 quid
2937 1040 3112 1094 bibatis
3142 1043 3354 1111 (Matth.
3383 1061 3451 1106 vr,
3476 1044 3598 1109 5t);

2040 1135 2114 1190 et,
2135 1123 2307 1177 Nolite
2327 1124 2533 1198 solliciti
2556 1143 2664 1179 esse
2682 1128 2733 1178 in
2758 1130 3032 1181 crastinum
3058 1117 3241 1195 (ιδίας,
3259 1132 3369 1198 si).
3388 1133 3490 1187 Sed
3518 1134 3602 1186 illo

2038 1214 2127 1279 qui
2157 1192 2368 1280 propter
2397 1214 2663 1265 miseriam
2697 1214 2908 1280 inopum
2948 1225 2999 1267 et
3028 1217 3275 1277 gemitum
3307 1233 3594 1286 pauperum

2040 1309 2096 1351 ut
2128 1300 2243 1366 pius
2269 1311 2417 1364 pater
2436 1303 2689 1370 exsurgit,
2721 1303 2805 1365 qui
2835 1302 2953 1355 talia
2980 1305 3251 1371 agentibus
3276 1308 3596 1373 repromittit

2040 1390 2219 1444 dicens
2262 1410 2271 1441 :
2320 1391 2542 1455 Quwrite
2585 1394 2800 1461 primum
2846 1410 3055 1459 regnum
3114 1393 3209 1446 Dei
3255 1406 3302 1449 et
3343 1397 3599 1465 justitiam

2038 1481 2174 1546 ejus.
2214 1492 2259 1533 ct
2312 1484 2420 1534 Itan:
2468 1483 2634 1534 omnia
2664 1482 2981 1547 adjiciantur
3034 1486 3168 1549 vobis
3209 1484 3599 1556 (Ibid.):~hanc

2039 1583 2221 1621 eorum
2309 1571 2462 1622 ﬁdem
2525 1572 2822 1638 aspiciens,
2887 1576 2992 1627 cito
3064 1576 3253 1641 stipem
3328 1577 3598 1646 largiendo

2040 1657 2221 1710 adluit.
2532 1664 2535 1669 ’
3491 1662 3494 1667 ’

2166 1747 2291 1811 Tres
2314 1750 2409 1811 iter
2430 1757 2696 1811 assumunt,
2716 1749 2831 1799 nihil
2858 1752 2949 1799 huc
2970 1754 3057 1801 uisi
3079 1765 3276 1811 corpora
3290 1754 3503 1802 ducunt.

2164 1808 2249 1870 [ist
2270 1810 2512 1869 regimen,
2540 1808 2710 1867 victus,
2737 1818 2957 1869 tegmen,
2981 1808 3245 1870 miseratio,
3268 1815 3498 1864 Christus.

2166 1867 2268 1916 Lex
2293 1867 2486 1930 quoque
2501 1867 2639 1917 sacra
2665 1872 2777 1931 Dei,
2793 1867 2885 1919 lux
2908 1867 3061 1921 nectis
3084 1876 3185 1921 sive
3209 1867 3325 1922 diei.
3410 1930 3413 1933 _

2113 1953 2195 2004 ll.
2226 1949 2354 2004 Nam
2383 1966 2500 2003 cuin
2529 1952 2593 2005 ad
2645 1954 2781 2005 hunc
2827 1956 2875 2007 in
2920 1971 3026 2023 quo
3068 1959 3380 2018 I'CSltlem’lS,
3414 1970 3466 2011 ut
3512 1960 3598 2011 di-

2039 2050 2182 2091 ctum
2227 2050 2329 2105 est,
2382 2042 2693 2107 perveniunt
2745 2044 2941 2106 locum,
2970 2048 3088 2110 quia
3132 2058 3318 2100 cuncta
3370 2042 3499 2114 qua!
3529 2050 3594 2101 ad

2043 2144 2167 2183 usus
2196 2130 2436 2195 corporis
2462 2141 2582 2184 sunt
2613 2134 2906 2185 necessaria
2937 2135 3180 2202 deerant,
3207 2136 3271 2188 ad
3306 2137 3450 2190 illum
3482 2154 3601 2201 pro-

2044 2217 2183 2269 tinus
2216 2226 2447 2270 mentem
2480 2228 2788 2282 erexerunt,
2820 2223 2869 2273 in
2900 2237 3002 2288 quo
3028 2232 3080 2275 ct
3109 2239 3201 2289 per
3228 2240 3381 2290 quem
3426 2230 3601 2277 omnia

2044 2308 2247 2358 vivunt.
2279 2307 2650 2375 lngrediuntur
2670 2309 2902 2376 denique
2925 2311 3233 2374 oratorium,
3267 2324 3519 2382 peragunt
3549 2316 3599 2367 in

2046 2398 2139 2450 Dei
2197 2397 2442 2449 laudibus
2492 2396 2743 2459 ofﬁcium,
2788 2408 2945 2466 atque
2998 2403 3404 2467 superveniente
3452 2414 3604 2457 nocte

2042 2489 2205 2555 quieti
2264 2488 2498 2541 membra
2555 2489 2848 2556 deponunt.
2903 2491 3007 2543 Sed
3063 2508 3157 2544 cur
3210 2492 3350 2558 dico,
3406 2497 3603 2562 quieti?

2045 2591 2165 2628 cum
2215 2587 2510 2628 terrateuus
2563 2586 2762 2629 tantum
2812 2588 2956 2630 artus
3002 2579 3252 2641 locantes,
3290 2581 3601 2637 adimerem

2045 2666 2355 2731 patriarcha:
2406 2665 2571 2718 Jacoh
2632 2666 2833 2732 lapides
2891 2667 3153 2734 capitibus
3204 2675 3599 2737 supposuerint.

2044 2756 2167 2807 Dico
2194 2763 2388 2816 tamen,
2414 2755 2641 2821 quietem
2668 2770 2787 2809 esse
2816 2774 2826 2806 :
2859 2755 2909 2808 in
2940 2774 3043 2823 quo
3069 2760 3163 2811 etsi
3192 2774 3315 2811 caro
3348 2764 3594 2823 tabescit.

2043 2842 2250 2910 spiritus
2280 2843 2595 2911 pinguescit.
2634 2844 2696 2897 Et
2742 2859 2866 2898 ecce
2901 2846 3037 2901 laeto
3085 2850 3590 2914 parvointervallo,

2043 2933 2182 2986 venit
2209 2933 2275 2985 ad
2303 2948 2394 2986 eos
2414 2933 2625 2998 quidam
2657 2934 2813 2987 homo
2840 2934 3050 3001 ignotus
3075 2946 3336 2990 nocturno
3359 2938 3597 2999 silentio,

2044 3024 2344 3089 regiamque
2366 3022 2440 3092 [id
2461 3032 2531 3074 est
2560 3021 2785 3091 portam]
2814 3024 3029 3075 oratorii
3063 3025 3281 3091 pulsans
3305 3023 3377 3076 ait
3403 3043 3414 3075 :
3443 3026 3597 3087 Quis-

1655 3099 1709 3141 θῑ
1750 3089 1937 3143 δοτυῖη
1970 3091 2015 3153 C
2049 3126 2168 3164 nam
2203 3112 2301 3164 hoc
2328 3089 2382 3164 in
2412 3114 2524 3166 loco
2563 3111 2824 3180 quiescit?
2854 3113 2934 3166 Ad
2963 3127 3144 3165 vocem
3184 3113 3437 3166 exsiliens
3467 3116 3596 3169 taci-

2046 3213 2127 3255 tus
2158 3201 2302 3256 venit
2330 3202 2391 3255 ad
2420 3217 2539 3256 eum
2572 3203 2885 3257 venerabilis
2907 3200 3062 3258 Taso.
3096 3202 3189 3258 Cui
3223 3204 3310 3267 ille
3342 3221 3354 3255 :
3385 3206 3599 3271 Audivi,

2042 3293 2229 3358 inquit,
2271 3308 2299 3343 a
2348 3291 2661 3355 dicentibus,
2705 3293 2953 3360 quoniam
2993 3293 3080 3348 hic
3121 3295 3389 3362 peregrini
3448 3297 3603 3348 ades-

2042 3389 2191 3440 sent,
2225 3388 2275 3431 et
2312 3392 2587 3446 propterea
2634 3396 2663 3434 a
2714 3381 3015 3449 pastoribus
3058 3382 3188 3437 meis
3241 3385 3477 3447 veniens,
3509 3385 3602 3437 dc-

2042 3466 2130 3519 titli
2164 3466 2396 3519 modium
2444 3466 2625 3520 farina:
2652 3483 2712 3521 ac
2758 3469 2889 3533 vini,
2922 3467 2966 3522 si
3000 3470 3160 3523 habes
3202 3470 3287 3522 ubi
3325 3471 3423 3523 hoc
3456 3475 3598 3539 quod

2040 3554 2189 3606 attuli
2239 3555 2521 3608 recondas.
2568 3556 2847 3617 Tuucille
2894 3556 3132 3621 quaadam
3186 3561 3397 3612 vascula
3448 3575 3597 3626 repe~

2042 3643 2204 3704 riens,
2239 3653 2485 3710 tanquam
2515 3659 2543 3694 a
2578 3645 2684 3697 Deo
2711 3646 2809 3697 sibi
2845 3646 3014 3697 oblata
3059 3648 3291 3713 suscepit
3320 3663 3435 3714 quze
3464 3648 3594 3702 olfe—

2041 3732 2327 3785 reliautur:
2360 3749 2460 3799 quo
2507 3733 2820 3789 abscedente
2854 3738 3029 3790 nullus
3058 3738 3309 3806 deinceps
3354 3753 3598 3808 comper-

2045 3829 2127 3872 tus
2156 3818 2248 3872 luit
2273 3824 2511 3888 quisnam
2540 3824 2627 3876 ille
2661 3824 2840 3876 fuisset
2872 3825 2956 3893 qui
2991 3826 3087 3879 hoc
3116 3842 3302 3881 munus
3328 3840 3597 3896 gratanter

2042 3912 2336 3964 obtulisset.
2374 3912 2464 3964 llis
2515 3914 2671 3980 igitur
2715 3914 2919 3967 indiciis
2970 3916 3130 3968 claret
3172 3934 3195 3965 ιι
3236 3926 3431 3983 quanta
3479 3932 3600 3984 per-

2044 4000 2271 4053 lectione
2300 4012 2572 4067 ιτωμιτιιηι
2604 4004 2657 4065 ii,
2692 4019 2782 4067 pt-r
2806 4018 2939 4071 quos
2971 4004 3108 4056 hunc
3140 4007 3309 4057 lucum
3339 4009 3403 4058 ad
3437 4017 3593 4059 tanta:

2045 4090 2418 4155 magnitudinis
2462 4091 2831 4143 excellentium
2887 4094 3172 4159 perducere
3224 4097 3471 4163 dignatus
3514 4113 3592 4149 ρει

2042 4181 2377 4245 omnipotens
2410 4180 2571 4251 Deus.
2780 4256 2783 4257 ν

2164 4269 2378 4355 angelus
2400 4293 2619 4355 accessit,
2644 4292 2867 4355 dixitque
2884 4309 2902 4355 Δ;
2931 4294 3048 4350 Quis
3070 4296 3146 4342 hic
3171 4297 3433 4355 requiescit
3454 4299 3476 4346 τ

2166 4350 2334 4415 Exszlit
2358 4352 2466 4415 inde
2490 4351 2614 4398 'l'as.)
2642 4350 2952 4413 tacito’pede,
2977 4364 3173 4413 pectore
3198 4350 3337 4415 grato
3358 4371 3367 4403 :

2160 4412 2359 4459 Munera
2380 4412 2454 4458 cui
2482 4422 2714 4470 prastaus
2736 4415 2912 4471 vinum,
2939 4412 3157 4470 similam,
3186 4412 3311 4464 redit
3332 4420 3486 4464 extra.

2113 4517 2197 4565 19..
2254 4517 2308 4568 ln
2361 4516 2456 4567 liac
2501 4518 2727 4595 donique
2774 4519 2968 4570 Christi
3009 4529 3315 4585 paupertate
3364 4502 3585 4573 sollicite

2042 4608 2402 4674 persiSLCItteS,
2448 4623 2629 4659 eorum
2690 4612 2791 4658 vita
2844 4623 3003 4673 quam
3035 4610 3167 4660 Deus
3199 4612 3260 4659 ad
3292 4612 3590 4673 exi-inpium

2042 4697 2387 4761 plurimorum
2416 4694 2695 4747 ostendere
2725 4695 3005 4760 disposuit,
3047 4697 3196 4763 longe
3232 4698 3439 4764 lateque
3473 4716 3593 4765 pi-r-

2040 4788 2230 4844 sonuit.
2281 4796 2432 4851 atque
2480 4788 2687 4836 lucerna
2746 4801 2903 4849 super
2969 4787 3347 4842 candelabrum
3426 4792 3595 4856 posita

2039 4878 2235 4930 diutius
2262 4876 2425 4925 latere
2449 4890 2549 4926 non
2584 4876 2786 4940 potuit:
2816 4883 2867 4927 et
2891 4892 3009 4927 cum
3039 4877 3183 4927 multi
3217 4892 3403 4930 eorum
3433 4883 3586 4930 vitam

2040 4964 2228 5013 imitari
2278 4965 2531 5027 cupiunt,
2572 4964 2852 5015 multitudo
2882 4964 3224 5016 fraternitatis
3258 4967 3319 5016 ad
3350 4982 3440 5017 eos
3467 4982 3592 5018 con-

2037 5071 2118 5106 cut
2135 5070 2250 5104 rere
2280 5065 2457 5116 capit.

2162 5165 2325 5223 Longe
2353 5178 2438 5222 per
2466 5165 2564 5223 [F.,
2592 5165 2683 5223 ter]
2706 5170 2898 5213 rentum
2928 5166 3066 5210 sociis
3087 5164 3333 5213 moderare
3362 5165 3592 5215 talentum

2159 5222 2350 5273 Fainiua
2372 5237 2502 5272 sacra
2528 5222 2703 5279 ferunt,
2728 5224 2929 5281 palrnztm
2954 5225 3166 5282 bellique
3196 5224 3413 5272 tulerunt
3439 5242 3447 5271 :

2162 5288 2217 5333 lit
2242 5288 2432 5343 capiunt
2456 5288 2627 5332 inuitos
2650 5286 2801 5330 Vitlld')
2826 5288 2886 5330 de
2912 5288 3108 5341 gurgite
3130 5286 3314 5331 ductos.

2113 5371 2195 5418 l5.
2232 5366 2434 5417 l‘rimus
2482 5368 2657 5431 itaque
2708 5365 2915 5429 praefuit
2946 5382 3096 5416 sacro
3126 5366 3269 5432 gregi
3306 5365 3466 5436 i’aldo
3501 5366 3586 5414 [lci

2038 5457 2281 5515 lamulus,
2314 5453 2401 5519 qui
2445 5465 2557 5505 erat
2601 5454 2817 5505 omnino
2870 5456 3199 5516 mitissimus,
3250 5454 3443 5519 quique
3499 5466 3588 5517 per

2034 5545 2330 5597 omniahoc
2363 5546 2411 5595 in
2447 5546 2553 5596 suis
2576 5546 2777 5596 actibus
2802 5546 3128 5607 oateuiluhit,
3162 5545 3298 5609 quod
3326 5544 3435 5595 suis
3463 5546 3581 5595 δυ’..

2031 5636 2183 5702 jecti<
2220 5649 2344 5687 voce
2376 5624 2735 5700 pranlicabat,
2779 5637 2843 5683 ita
2895 5650 2973 5683 :ini
2998 5644 3093 5684 ~tor
3133 5633 3325 5686 lilirisli
3359 5650 3590 5702 panper-
