4022 6300
483 267 546 332 27
1844 273 1995 333 JAC.
2032 272 2414 355 GRETSERI
3674 259 3749 321 518

486 492 3743 540 ww

1589 756 1999 878 MARCO
2073 756 2619 886 VELSEBO

966 1060 1519 1123 REIPUBLIC‘A‘I
1583 1057 2143 1120 AUGUSTAN/E
2220 1051 2705 1118 DUUMVIBO
2763 1057 3301 1117 AMPLISSIMO

1436 1351 1808 1416 JACOBUS
1834 1354 2343 1435 GRETSERUS
2382 1354 2559 1417 SOC.
2592 1355 2829 1417 JESU.

448 1850 450 1852 τ
560 1774 739 1837 Venit
788 1778 1064 1853 tandem,
1108 1779 1509 1845 Nobilissime
1541 1784 1772 1862 Marce,
1806 1790 2170 1854 Anastasius
2197 1788 2455 1851 Sinaita.
2487 1789 2683 1860 Tuus,
2719 1802 2799 1847 an
2842 1781 3070 1846 meus?
3122 1783 3186 1844 Si
3250 1782 3494 1855 serius;
3557 1780 3748 1858 igno-

482 1895 644 1941 sces.
689 1881 1127 1959 Longum'iter
1158 1890 1252 1946 est
1280 1903 1316 1948 a
1368 1893 1584 1950 monte
1650 1890 1818 1953 Sinai
1859 1893 1938 1956 ad
1970 1892 2083 1955 has
2106 1897 2357 1953 nostras
2387 1905 2553 1962 oras,
2587 1903 2798 1967 neque
2826 1885 3039 1958 unius,
3077 1883 3186 1946 sed
3221 1881 3495 1963 plurium
3555 1898 3744 1942 men-

482 1983 642 2043 sium
669 2001 686 2058 ;
718 2001 925 2066 neque
961 1987 1070 2048 tibi
1118 1993 1371 2071 tuaique
1427 1991 1829 2057 bibliothecae
1867 2012 2008 2058 sese
2046 1996 2270 2058 sistere
2298 1993 2494 2056 voluit
2522 1989 2905 2062 Anastasius,
2945 1987 3060 2049 nisi
3090 1987 3219 2067 jam
3262 1984 3497 2056 Latine,
3531 1983 3580 2044 si
3613 2000 3747 2044 non

484 2082 824 2162 eleganter,
868 2096 1037 2152 certe
1071 2091 1358 2166 ﬁdeliter,
1387 2093 1454 2156 in
1504 2093 1627 2158 hoc
1650 2114 1766 2159 suo
1804 2104 2152 2180 nostroque
2192 2105 2402 2176 Ὀδηγῷ
2436 2094 2612 2174 loqui
2640 2093 2884 2155 doctus.
2919 2088 3093 2164 Quod
3123 2095 3193 2150 ut
3244 2092 3752 2164 consequeretur

482 2201 657 2248 mora
689 2193 992 2271 temporis
1031 2211 1160 2256 non
1188 2196 1432 2273 modica
1465 2215 1628 2277 opus
1655 2199 1814 2273 fuit;
1850 2201 2225 2281 praesertim,
2279 2216 2423 2262 cum
2460 2198 2527 2260 in
2598 2212 2743 2259 eum
2805 2195 3039 2257 Latinae
3096 2192 3327 2271 lingua)
3379 2191 3751 2269 magistrum

480 2290 826 2368 incidisset,
868 2313 1055 2374 quem
1086 2298 1223 2359 alite
1262 2303 1713 2381 occupationes
1738 2304 1825 2366 ita
1855 2304 2180 2380 distinent,
2210 2310 2281 2366 ut
2315 2302 2503 2365 horas
2534 2300 2837 2362 duntaxat
2884 2303 3180 2377 exceptas
3237 2301 3299 2357 et
3329 2293 3510 2374 quasi
3559 2292 3749 2353 furti-

481 2409 589 2452 vas
625 2394 856 2456 Grazcis
887 2398 1215 2461 Latinitate
1244 2400 1602 2465 imbuendis
1630 2403 2001 2484 impendere
2032 2412 2244 2485 queat.
2276 2404 2455 2465 Nunc
2517 2401 2709 2480 igitur
2755 2402 3037 2463 Romana
3095 2397 3284 2458 verba
3353 2394 3623 2456 formare
3691 2399 3754 2453 et

484 2512 709 2558 sonare
764 2500 998 2578 peritus
1030 2504 1410 2573 Anastasius.
1460 2512 1800 2587 Augustam
1851 2511 1928 2574 ad
1983 2519 2047 2573 te
2085 2510 2267 2573 ltetus
2328 2506 2770 2590 proﬁciscitur,
2819 2510 3125 2581 tuumque
3184 2513 3419 2559 nomen
3478 2496 3617 2575 ipsa
3684 2492 3754 2554 in

483 2601 692 2662 fronte
751 2606 1189 2685 praescriptum
1221 2608 1401 2686 gerit,
1434 2620 1504 2673 ut
1546 2614 1754 2694 palam
1785 2621 2066 2689 testetur,
2100 2614 2200 2677 cui
2242 2630 2423 2678 sacer
2452 2612 2531 2673 sit
2558 2629 2630 2674 ac
2662 2610 2950 2677 devotus,
2984 2611 3046 2668 et
3074 2619 3199 2682 qua
3236 2597 3524 2663 clientela
3554 2597 3755 2658 fretus

483 2703 549 2767 in
580 2705 901 2783 publicum
935 2711 1256 2789 procedat,
1290 2716 1700 2793 certissimus,
1764 2737 1831 2782 se
1865 2721 2160 2785 universo
2199 2720 2586 2785 eruditorum
2641 2716 2836 2779 choro
2873 2712 2969 2775 vel
3013 2711 3132 2774 hac
3170 2710 3250 2771 de
3291 2724 3477 2770 causa
3508 2710 3756 2781 gratum

486 2815 946 2894 acceptumque
977 2813 1137 2889 fore,
1180 2817 1353 2896 quod
1391 2818 1739 2884 clarissimo
1773 2824 2029 2887 nomine
2076 2830 2187 2887 tuo
2227 2821 2564 2902 insignitus
2615 2818 2808 2881 venit.
2869 2815 3019 2889 Quis
3074 2813 3245 2874 enim
3290 2811 3359 2871 in
3419 2806 3758 2869 Germania

486 2923 724 2990 nostra,
792 2919 1034 3015 Belgio,
1065 2921 1261 2998 Italia,
1292 2923 1511 2998 Gallia,
1553 2934 1614 2988 et
1651 2926 1823 3003 alibi,
1857 2931 1965 3010 qui
2003 2931 2193 2992 Musis
2241 2936 2303 2993 et
2332 2926 2554 2992 litteris
2584 2942 2714 2988 non
2744 2922 2935 2985 modo
2969 2915 3439 2986 amoenioribus,
3475 2918 3537 2973 et
3579 2908 3746 3015 hila-

486 3017 783 3094 rioribus,
816 3009 930 3083 Sed
959 3027 1021 3084 et
1050 3024 1472 3087 severioribus
1511 3025 1634 3088 illis
1683 3027 1838 3103 litet,
1884 3009 1986 3092 cui
2040 3029 2333 3093 Velserus
2385 3028 2483 3091 vel
2543 3045 2624 3090 ex
2667 3023 2941 3107 prOpriis
2992 3016 3458 3088 monumentis,
3524 3009 3624 3072 vel
3677 3024 3756 3070 ex

484 3122 754 3185 aliorum
787 3125 1088 3190 relatione
1118 3128 1482 3211 celebrique
1547 3130 1754 3207 fama;
1808 3133 1900 3196 vel
1945 3135 2131 3197 etiam
2191 3152 2270 3197 ex
2322 3133 2489 3197 ultro
2543 3132 2832 3212 citroque
2888 3126 3094 3190 missis
3154 3119 3435 3201 epistolis
3490 3126 3620 3179 non
3680 3114 3759 3177 sit

488 3228 957 3305 cognitissimus
977 3230 1009 3293 ‘P

564 3359 634 3420 In
673 3359 941 3438 Origene
971 3362 1338 3426 Adamantio
1391 3365 1509 3427 tria
1532 3367 1933 3430 commendat
1972 3367 2282 3431 Eusebius
2330 3368 2457 3449 (a):
2500 3366 2801 3447 primum,
2857 3359 3031 3442 quod
3068 3359 3431 3419 Graecorum
3467 3347 3758 3432 philoso-

486 3465 599 3545 phi
631 3466 715 3545 (et
740 3465 802 3527 in
836 3464 934 3528 his
960 3464 1450 3532 Christianorum
1513 3470 1714 3533 hostis
1755 3477 1815 3534 et
1849 3472 2191 3535 insectator
2211 3472 2557 3535 acerrimus
2583 3465 3028 3549 Porphyrius),
3058 3461 3202 3524 licet
3227 3474 3423 3522 avera
3449 3453 3756 3532 religione

488 3564 701 3640 alieni,
741 3566 1103 3629 incredibili
1132 3569 1417 3648 Origenis
1449 3570 1804 3634 eruditione
1835 3572 2157 3645 commoti,
2194 3571 2477 3652 ejusdem
2509 3570 2795 3632 crebram
2832 3564 3222 3626 mentionem
3256 3557 3429 3619 libris
3472 3554 3600 3618 suis
3647 3556 3754 3617 in-

490 3675 880 3747 sperserunt,
914 3687 992 3733 eo
1019 3670 1164 3746 ﬁne,
1208 3679 1276 3734 ut
1318 3669 1793 3737 lucubrationes
1825 3692 1972 3737 suas
2011 3675 2244 3738 illustri
2299 3675 2421 3738 hoc
2459 3674 2593 3738 sole
2659 3672 3065 3735 illustrarent.
3130 3664 3516 3737 Secundum,
3583 3662 3757 3741 quod

491 3768 786 3830 nonnulli
814 3770 1156 3850 aliquando
1188 3772 1383 3835 libros
1412 3773 1525 3835 abs
1559 3792 1625 3836 se
1657 3761 2009 3839 elaboratos
2038 3777 2097 3838 ei
2151 3775 2546 3837 dedicarunt.
2587 3772 2891 3846 Tertium,
2929 3767 3101 3850 quod
3149 3765 3469 3828 interdum
3518 3764 3758 3842 vigilias

478 3864 634 3933 'suas
674 3872 902 3967 eidem,
938 3882 1233 3954 tanquam
1256 3876 1475 3956 judici,
1508 3877 1743 3940 arbitro
1801 3885 1864 3941 et
1898 3878 2145 3943 doctori
2188 3876 2563 3951 censendas,
2600 3871 3027 3938 emendandas
3092 3866 3550 3949 poliendasque
3604 3865 3757 3926 sub-

442 4002 450 4008 -
487 3972 798 4052 jecerunt.
856 3978 1004 4038 Haec
1054 3978 1284 4058 triplex
1313 3980 1598 4060 Origenis
1633 3981 1772 4044 laus
1802 4000 1930 4045 non
1966 3982 2176 4044 minus
2204 3982 2271 4043 in
2310 3988 2395 4053 te,
2429 3981 2551 4043 nisi
2585 3996 2689 4042 me
2723 3977 2882 4041 fallit
2909 3976 3179 4048 animus,
3211 3971 3533 4053 competit.
3566 3971 3756 4042 Quam

491 4078 795 4158 frequens
823 4081 993 4142 enim
1031 4066 1402 4144 nominis’et
1429 4083 1734 4147 doctrinae
1763 4092 1888 4146 tum
1922 4087 2441 4149 commemoratio
2500 4091 2563 4146 et
2603 4080 2969 4163 praedicatio
2996 4079 3062 4140 in
3117 4092 3338 4139 eorum
3365 4079 3758 4164 commenta-

494 4176 623 4250 riis,
683 4178 793 4257 qui
823 4177 945 4240 hoc
978 4184 1267 4260 tempore
1296 4182 1362 4243 in
1393 4190 1616 4245 senatu
1674 4183 1977 4245 litterario
2009 4184 2101 4246 vel
2160 4185 2366 4264 prima
2401 4182 2724 4256 subsellia,
2777 4179 2874 4242 vol
2904 4196 2940 4240 a
2986 4178 3206 4259 primis
3270 4173 3600 4255 proxima,
3663 4171 3755 4231 vel

494 4281 717 4343 saltem
770 4299 899 4344 non
939 4285 1153 4348 intima
1182 4293 1443 4362 tenent;
1478 4304 1753 4367 quorum
1790 4286 1985 4366 aliqui
2017 4287 2208 4367 paulo
2252 4284 2530 4369 plus,’si
2570 4294 2783 4348 tamen
2826 4284 2991 4365 plus,
3054 4282 3133 4344 in‘
3190 4279 3439 4362 pietatis
3499 4278 3758 4339 sincera)

498 4371 688 4443 sensu
718 4391 1035 4464 gustuque
1064 4394 1271 4448 tecum
1312 4388 1756 4459 consentiunt,
1789 4405 1861 4449 ac
1898 4404 2045 4449 cum
2083 4388 2349 4467 Origene
2397 4385 2811 4467 Porphyrius,
2844 4389 2905 4446 et
2933 4381 3176 4462 reliqua
3224 4398 3261 4443 a
3317 4378 3597 4457 legitimo
3650 4377 3756 4439 Dei

495 4482 668 4545 cultu
697 4484 1047 4548 abhorrens
1090 4486 1620 4568 phiIOSOphorum
1651 4487 1930 4550 caterva!
1970 4490 2270 4551 Nimirum
2300 4489 2436 4554 haec
2464 4488 2682 4551 solidae
2717 4486 3088 4549 eruditionis
3116 4491 3333 4546 natura
3366 4488 3485 4553 est,
3536 4486 3598 4542 et
3659 4479 3761 4542 hic

496 4582 741 4663 genius,
780 4593 849 4648 ut
890 4585 954 4646 in
980 4586 1077 4648 sui
1111 4605 1392 4650 amorem
1428 4595 1488 4650 et
1545 4569 2026 4651 admirationem
2058 4588 2243 4652 facile
2272 4589 2529 4670 quosvis
2560 4587 2781 4668 rapiat,
2813 4584 3161 4666 praesertim
3206 4584 3279 4657 si,
3309 4587 3379 4644 ut
3414 4581 3480 4642 in
3510 4586 3592 4655 te,
3615 4598 3756 4642 cum

496 4701 745 4747 morum
776 4685 1168 4750 humanitate
1206 4696 1268 4750 et
1298 4687 1659 4750 affabilitate
1696 4686 2053 4768 copuletur,
2077 4690 2454 4769 generisque
2484 4687 2847 4769 splendore,
2886 4692 2947 4748 et
2973 4684 3317 4747 functionis
3344 4682 3411 4744 in
3439 4680 3761 4762 republica

495 4788 988 4853 administranda
1023 4792 1438 4873 amplitudine
1469 4800 1831 4854 exornetur.
1866 4795 2000 4856 Jam
2038 4812 2183 4857 vero
2214 4794 2267 4856 si
2305 4794 2467 4869 libri,
2509 4792 2657 4856 olim
2702 4791 2953 4870 Origeni
2996 4808 3032 4852 a
3084 4787 3484 4869 philosophis
3512 4803 3759 4849 nuncu-

498 4889 628 4968 pati
654 4889 1088 4973 inscriptique,
1135 4901 1580 4974 comparentur
1643 4911 1785 4956 cum
1814 4894 1937 4956 illis
1990 4894 2101 4974 qui
2132 4894 2245 4957 tibi
2289 4895 2447 4957 sacri
2483 4893 2795 4966 et.dicati,
2841 4892 2908 4954 in
2934 4893 3250 4954 Musarum
3280 4889 3750 4966 Memorimque,

497 4999 566 5053 ut
594 4995 682 5056 sic
723 4994 972 5075 loquar,
1012 5000 1276 5077 templo,
1307 4993 1597 5077 suspensi
1633 4998 1951 5073 visuntur,
2016 4999 2230 5062 forsan
2262 5000 2542 5080 paucitas
2578 4999 2829 5061 illorum
2889 5014 3019 5078 prae
3068 4996 3297 5058 horum
3359 4992 3761 5057 multitudine

499 5116 628 5161 non
662 5100 891 5181 injuria
923 5100 1107 5163 nobis
1149 5099 1498 5163 vilesceret.
1543 5100 1701 5164 Novi
1734 5101 2031 5183 insuper,
2058 5121 2184 5166 non
2235 5103 2457 5167 deesse
2522 5104 2691 5164 viros
2749 5101 3043 5163 omnibus
3109 5097 3457 5178 disciplinis
3512 5093 3761 5175 egregie

503 5204 809 5274 excultos,
844 5202 1077 5283 quibus
1132 5202 1354 5281 religio
1423 5204 1501 5266 sit
1557 5204 1815 5286 publico
1854 5223 1922 5269 se
1981 5215 2042 5269 et
2096 5208 2363 5287 cogitata
2436 5224 2571 5280 sua,
2631 5206 2682 5267 si
2718 5221 2860 5285 quae
2912 5204 2979 5264 in
3043 5201 3319 5264 chartam
3386 5200 3757 5267 retulerunt,

500 5306 891 5370 committere
917 5351 933 5378 ,
976 5304 1094 5367 nisi
1149 5303 1322 5384 prius
1358 5305 1654 5385 suffragio
1710 5312 1773 5368 et
1817 5306 2183 5386 gravissimo
2222 5313 2331 5369 tuo
2380 5305 2623 5385 judicio
2653 5304 2729 5366 ad
2783 5301 3142 5367 audendum
3224 5302 3543 5380 erigantur
3570 5297 3760 5361 etin-

502 5411 799 5473 citcntur.
840 5411 911 5470 Et
965 5427 1086 5488 qua
1119 5409 1235 5471 alia
1286 5409 1523 5472 ratione
1559 5409 1887 5472 doctorum
1946 5409 2277 5473 hominum
2332 5409 2682 5473 voluntates
2715 5414 2776 5470 et
2804 5407 3007 5471 studia
3069 5406 3229 5469 adeo
3291 5405 3396 5467 tibi
3461 5401 3759 5472 devincis,

588 5687 666 5759 (ιι)
708 5686 927 5758 Ιέιιευι).³
964 5690 1056 5745 lib.
1093 5706 1141 5745 \‘l
1178 5689 1319 5747 Hist.
1353 5696 1562 5761 crclcs.,
1591 5710 1706 5763 mp.
1751 5693 1832 5745 l5.
