4078 6302
452 286 515 354 31
1842 274 2325 338 BREVIARIUM
3635 256 3702 320 3’2

457 400 761 457 successori
811 399 976 469 hujus
1023 399 1195 454 nostri
1260 394 1531 451 Anastasii
1580 391 1788 448 tribuit.
1842 390 2031 443 Potius

458 494 790 550 credendum
828 492 1029 564 Glycae,
1059 500 1115 546 et
1152 491 1293 555 aliis,
1323 487 1416 557 qui
1448 485 1665 539 nomine
1704 481 1926 536 Siuaitse
1953 479 2032 534 ci-

458 596 595 642 tant.
656 586 895 639 llabetnr
939 584 1126 639 Graece
1175 583 1229 636 in
1257 579 1585 635 bibliotheca
1620 574 1877 630 Bavarica
1907 571 2031 627 cod.

459 680 587 737 20:2,
617 691 669 731 et
707 679 830 732 cod.
882 677 1009 731 2M.
1047 676 1112 729 ll.
1148 674 1226 728 De
1260 674 1415 726 rectis
1451 668 1580 740 ﬁdei
1625 667 1912 724 Catholij
1944 663 2037 717 do-

463 772 724 842 gmatibus
752 770 895 833 libri,
917 785 1011 823 seu
1038 768 1315 820 orationes
1340 780 1394 829 ν,
1422 764 1718 831 interprete
1747 757 2040 814 Godel'rido

466 861 772 916 Tihnauno.
804 850 1187 914 Easdem'olim
1228 856 1524 910 Latinitate
1555 852 1781 906 donavit
1814 845 2041 902 Franci-

468 970 594 1008 scns
615 953 938 1006 Turrianus.
963 949 1069 1004 Sed
1090 949 1267 1003 versio
1285 947 1407 1017 ejus
1428 944 1657 1000 necdum
1680 942 1816 996 vidit
1844 941 2038 993 lucem.

468 1045 682 1099 Videbit
711 1044 1007 1114 aliquando
1034 1057 1156 1097 eum
1182 1039 1474 1093 Theodoro
1511 1036 1828 1107 presbytero
1856 1031 2045 1083 Lauraa

414 1163 422 1173 -
471 1140 692 1203 liaithn,
731 1140 890 1207 cujus
943 1133 1410 1207 προπαρασκευὴν
1449 1131 1711 1184 adversus
1762 1124 2047 1180 hiereticos

469 1233 610 1285 idem
646 1226 1292 1283 Turrianus.Latinitate
1339 1222 1579 1278 donavit.
1625 1219 1712 1275 lll.
1768 1216 1956 1271 Oratio
1987 1219 2048 1266 de

471 1340 625 1377 sacra
660 1320 1006 1375 Eucharistia
1041 1328 1089 1372 et
1122 1317 1185 1371 de
1223 1333 1329 1371 non
1356 1313 1672 1380 iudicando,
1724 1309 1887 1379 deque
1916 1306 2050 1360 obli—

472 1415 619 1467 vioue
647 1412 994 1480 injuriarum.
1036 1407 1123 1462 IV.
1163 1407 1351 1462 Oratio
1386 1422 1475 1459 seu
1509 1401 1744 1456 Humilia
1768 1400 1819 1453 in
1846 1406 2050 1451 sextum

475 1503 779 1564 Psalmum,
807 1502 965 1570 cujus
992 1499 1239 1554 meminit
1266 1496 1604 1565 Nicephorns
1635 1492 1726 1546 lib.
1750 1506 1879 1543 xvm
1905 1489 2050 1542 Hist.

477 1595 800 1655 ecclesiast.,
848 1608 969 1661 cap.
1023 1592 1110 1646 44.
1175 1588 1472 1657 Utramque
1538 1583 1709 1639 edidit
1772 1579 1957 1635 Graece
2002 1584 2056 1631 et

484 1684 678 1739 Latine
711 1684 770 1737 Ι).
801 1681 1070 1737 Henricus
1096 1680 1352 1735 Canisius
1381 1690 1530 1730 tomo
1561 1672 1622 1727 lll
1653 1673 1826 1740 Antiq.
1859 1666 2003 1722 Lect.

557 1780 603 1830 Α
643 1776 932 1829 rollectore
979 1772 1325 1827 Bibliotheca:
1382 1768 1481 1822 SS.
1536 1756 1759 1821 Patrum
1815 1774 2057 1816 comme-

484 1882 771 1927 morantur
797 1869 912 1923 ha:c
950 1866 1310 1921 Anastasiana
1347 1863 1569 1916 inedita.
1603 1857 1791 1912 Oratio
1839 1854 1907 1908 ad
1946 1854 2059 1908 An-

487 1968 780 2029 tiochenos,
815 1965 867 2018 in
900 1963 1153 2033 ingressu
1185 1975 1288 2015 suo
1324 1958 1391 2013 ad
1430 1957 1802 2025 episcopatum
1837 1951 2058 2021 scripta,

486 2061 551 2113 de
580 2073 687 2128 qua
725 2055 1085 2124 Nicephorus.
1121 2051 1307 2107 Oratio
1334 2047 1723 2120 paciﬁcatoria,
1768 2058 1930 2112 quam
1965 2042 2065 2095 tri-

488 2151 696 2220 gosimo
721 2148 882 2202 tertio
907 2161 1051 2200 anno
1079 2145 1134 2198 in
1159 2144 1339 2199 sedem
1363 2156 1517 2196 suam
1542 2140 1828 2195 restitutus
1853 2136 2064 2191 habuit.

392 2292 397 2297 .
494 2244 568 2298 De
601 2257 708 2312 qua
744 2242 883 2296 idem
922 2238 1282 2308 Nicephorus.
1326 2235 1403 2289 Ad
1439 2236 1770 2303 interrogata
1801 2240 2068 2285 monaste-

491 2339 697 2390 riorum
754 2333 939 2404 prima
989 2339 1037 2384 et
1072 2329 1315 2383 secunda:
1361 2325 1533 2397 Syriae
1573 2324 1955 2394 responsiones.
1990 2320 2070 2373 Ad

491 2427 841 2482 Antiochenos
886 2423 1305 2491 συντακτήριον,
1358 2435 1478 2482 seu,
1543 2418 1606 2470 de
1652 2414 1960 2481 disciplina.
1995 2412 2072 2464 De

495 2516 888 2575 constructione
906 2514 1137 2567 hominis
1161 2512 1285 2565 libri
1305 2512 1430 2564 duo.
1450 2507 1834 2577 Contemplatio
1853 2504 2072 2576 mystica

494 2612 801 2684 passionum
829 2606 1054 2663 Christi.
1091 2604 1409 2658 Encomium
1437 2600 1676 2671 Egypli.
1709 2597 1949 2665 Quaestio
1976 2595 2076 2648 ad-

497 2721 675 2761 versus
703 2720 789 2758 eos
814 2702 904 2772 qui
932 2702 987 2755 in
1014 2700 1204 2754 divinis
1240 2698 1421 2750 dicunt
1461 2704 1564 2748 tres
1589 2689 1866 2747 essentias.
1892 2687 2077 2744 Oratio

499 2799 563 2851 de
592 2795 1016 2859 Resurrectione,
1049 2807 1213 2862 quam
1247 2803 1389 2858 saepe
1422 2787 1549 2841 citat
1582 2784 1797 2855 Glycas.
1847 2780 1958 2835 Nec
1996 2787 2080 2832 est

503 2891 592 2945 illa
651 2905 771 2960 qua:
818 2888 1069 2958 quintum
1119 2884 1316 2938 librum
1364 2881 1431 2935 de
1471 2878 1634 2933 rectis
1687 2875 1807 2931 ﬁdei
1849 2875 2077 2944 dogma-

505 2984 651 3038 tibus
684 2980 931 3045 conlicit;
995 2992 1115 3033 cum
1163 2976 1280 3029 loca
1328 2987 1448 3043 qua:
1489 2970 1685 3041 Glycas
1724 2969 1857 3023 citat
1900 2967 1953 3020 in
2014 2980 2079 3019 ea

504 3094 612 3133 non
640 3077 1006 3131 inveniantur.
1043 3071 1231 3127 Oratio
1261 3070 1322 3123 de
1346 3066 1817 3135 trausﬁguratione
1845 3060 2077 3115 Domini.

509 3169 723 3223 Citatur
755 3167 1047 3235 aliquoties
1071 3178 1103 3218 a
1126 3160 1335 3217 Joanne
1368 3156 1743 3230 Cyparissioto
1775 3153 1983 3209 Decade
2008 3169 2081 3214 vr,

508 3278 629 3331 cap.
664 3260 719 3326 4,
756 3260 809 3322 5,
844 3258 899 3312 7.
928 3255 1189 3326 Ejusdem
1217 3251 1521 3306 orationem
1547 3249 1603 3300 in
1633 3262 1817 3300 novam
1848 3244 2085 3298 Domini-

2134 404 2256 444 nem
2288 386 2602 459 quamdam,
2633 399 2699 440 ex
2722 397 2831 453 qua
2854 379 3096 451 expediri
3126 376 3398 447 cupiebat.
3426 371 3706 427 Sermonis

2133 484 2197 538 de
2258 480 2494 537 Sabbato
2540 476 2787 533 meminit
2841 475 3009 530 etiam
3048 471 3420 526 Damascenus
3462 466 3710 521 oratione

2136 579 2313 635 tertia.

2209 694 2268 749 In
2304 691 2491 747 codice
2515 689 2858 758 Augustano,
2889 698 3050 754 quem
3078 695 3247 751 supra
3274 677 3512 740 laudavi,
3555 683 3611 729 et
3658 674 3711 726 in

2140 803 2251 859 quo
2297 783 2520 854 Ὀδηγὺς
2577 781 2750 842 inest,
2815 774 3126 832 continetur
3191 771 3356 826 etiam
3421 768 3524 822 sub
3567 766 3716 819 Ana-

2143 856 2293 933 stasii
2314 874 2552 944 episcopi
2570 867 2973 938 Theopolitani,
2999 881 3093 919 seu
3113 859 3463 923 Antiocheni,
3496 856 3718 910 nomine

2155 970 2444 1039 Ἐξήγησις
2477 962 2732 1035 περὶτῶν
2763 962 2821 1013 ἐν
2844 957 3066 1030 Περσίδι
3100 951 3485 1025 πραχθέντων*
3510 947 3721 1002 Relatio

2145 1063 2208 1115 de
2242 1070 2394 1113 rebus
2444 1056 2598 1126 gestis
2650 1055 2706 1106 in
2760 1050 2982 1114 Persia,
3029 1046 3286 1101 nimirum
3338 1042 3405 1096 de
3449 1040 3722 1108 discepta-

2149 1154 2295 1207 tione
2324 1146 2764 1205 Christiauorurn
2803 1140 3095 1212 praesulum
3136 1152 3260 1191 cum
3296 1133 3549 1197 ethnicis,
3575 1128 3726 1213 Graec

2148 1245 2229 1299 cis
2251 1283 2266 1308 ,
2289 1249 2345 1295 et
2371 1238 2593 1303 Iudaeis,
2615 1235 2797 1307 judice
2815 1227 3238 1301 Aphrodiasino,
3266 1222 3409 1291 regis
3434 1220 3725 1275 Persarum

2149 1330 2546 1401 archimagiro;
2596 1328 2684 1383 cui
2734 1328 2896 1380 etiam
2934 1337 2992 1376 se
3030 1316 3354 1372 Anastasius
3409 1310 3731 1367 interfuisse

2151 1428 2323 1491 dicit;
2368 1434 2422 1478 et
2464 1420 2687 1492 quidem
2734 1417 2911 1472 solum
2956 1427 3023 1467 ex
3061 1407 3294 1464 Romani
3356 1404 3569 1474 imperii
3613 1402 3732 1470 epi-

2155 1518 2357 1587 scopis.
2395 1514 2500 1569 Sed
2536 1511 2714 1567 oratio
2748 1508 2842 1563 illa
2874 1506 2982 1559 olet
3014 1502 3203 1556 nescio
3233 1500 3366 1569 quid
3399 1496 3730 1558 fabularum,

2159 1618 2218 1663 ut
2246 1583 2462 1662 diﬂicile
2494 1600 2701 1655 credito
2731 1598 2822 1662 sit,
2871 1610 2936 1649 ex
2973 1588 3261 1647 'Anastasii
3311 1587 3485 1642 nostri
3519 1583 3733 1638 oﬂicina

2159 1698 2446 1769 prodiisse.
2466 1690 2895 1747 Exscribendum
2913 1685 3129 1755 quidem
3150 1682 3397 1738 Graecum
3418 1686 3732 1733 contextum

2161 1806 2224 1845 ex
2268 1787 2594 1856 Augustano
2619 1778 2916 1849 exemplari
2948 1789 3290 1835 curaveram,
3337 1781 3391 1825 et
3436 1770 3502 1822 ad
3531 1763 3739 1822 versio-

2165 1896 2286 1934 nem
2324 1893 2409 1931 me
2445 1875 2827 1937 accinxeram;
2880 1868 2975 1925 sed
3018 1866 3363 1921 multitudine
3411 1860 3737 1916 mendorum

2164 1983 2219 2029 et
2261 1971 2567 2028 fabularum
2616 1966 2878 2030 offensus,
2933 1962 3091 2019 retuli
3132 1958 3363 2029 pedem;
3416 1967 3592 2023 neque
3642 1950 3740 2003 ulli

2165 2068 2486 2150 putoOhanc
2523 2063 2773 2135 διήγησιν
2800 2059 2916 2115 fore
2951 2055 3217 2129 perviam,
3259 2050 3363 2104 nisi
3404 2044 3745 2102 emendatio-

2167 2137 2327 2224 rem,‘
2348 2170 2445 2213 aut
2477 2157 2664 2228 plures
2687 2150 3094 2220 manuscriptos
3124 2144 3340 2202 codices
3364 2137 3631 2208 acquirat.

2243 2270 2473 2340 Scripsit
2519 2269 2659 2324 idem
2730 2261 3051 2320 Anastasius
3110 2257 3351 2319 librum,
3406 2266 3472 2305 an
3539 2244 3753 2301 libros?

2173 2339 2379 2419 contra,
2404 2357 2672 2413 Joannem
2698 2354 3060 2422 Philoponum
3082 2390 3098 2415 ,
3125 2347 3218 2417 qui
3255 2358 3353 2415 pro
3387 2339 3571 2395 Severi
3597 2344 3752 2391 secta

2151 2463 2229 2513 let
2260 2451 2474 2522 placitis
2512 2447 2831 2516 vulgaverat
2868 2442 3068 2496 librum
3096 2440 3281 2493 decem
3311 2431 3566 2502 capitulis
3594 2443 3758 2482 com-

2174 2545 2529 2617 prehensum,
2573 2547 2710 2594 teste
2735 2534 3045 2604 Nicephoro
3076 2530 3170 2585 lib.
3200 2543 3333 2582 xvnr
3362 2524 3504 2578 Hist.
3540 2521 3757 2582 eccles.,

2179 2616 2299 2705 cap.
2328 2634 2418 2699 47,
2453 2644 2614 2701 quem
2643 2626 3030 2695 indigitaverat
3056 2617 3358 2689 διαιτητὴν,
3389 2616 3492 2670 hoc
3530 2624 3633 2678 eSt,
3662 2628 3761 2665 ar-

2181 2729 2377 2781 bitrum
2410 2724 2494 2778 vel
2511 2721 2784 2793 judicem;
2814 2717 2866 2770 in
2901 2728 3008 2785 quo
3036 2711 3370 2780 Philoponus
3390 2706 3756 2760 Palaemonem

2181 2820 2471 2894 quemdam
2496 2817 2724 2888 agebat,
2756 2821 2809 2866 et
2831 2818 3014 2881 partes
3043 2801 3421 2859 discordantes
3449 2797 3505 2849 in
3530 2807 3761 2849 concor-

2185 2896 2331 2970 diam
2380 2911 2626 2980 redigere
2667 2904 2887 2960 volcbat
2926 2898 3082 2954 irrito
3123 2902 3351 2957 conatu;
3400 2902 3574 2957 neque
3610 2884 3760 2938 enim

2184 3007 2418 3061 haereses
2457 3016 2554 3071 per
2593 2999 2849 3059 haereses,
2901 3001 3226 3054 erroresque
3263 2997 3359 3052 per
3404 2991 3619 3033 errores
3670 2990 3762 3026 se-

2184 3098 2419 3160 dantur;
2457 3066 2669 3162 quodet
2693 3086 2798 3140 hoc
2831 3092 3073 3149 tempore
3103 3091 3134 3129 a
3163 3071 3440 3128 nonnullis
3460 3066 3768 3135 διαιτηταῖς

2190 3197 2454 3244 tentatum
2477 3159 2742 3244 vidimus,
2778 3189 2885 3229 non
2903 3170 3113 3240 majore
3141 3178 3419 3222 successu.
3447 3159 3584 3214 Hinc
3605 3172 3765 3209 euin—

2190 3282 2314 3337 dem
2339 3279 2534 3332 lihrum
2556 3275 2720 3327 etiam
2742 3269 2868 3340 περὶ
2886 3264 3152 3326 ὲνώσεως,
3175 3260 3238 3313 de
3259 3258 3452 3312 unione
3469 3252 3769 3318 inscripse-

2190 3384 2295 3438 rat,
2323 3381 2458 3427 teste
2490 3366 2815 3437 Nicephoro.
2858 3361 3015 3415 Hunc
3042 3357 3242 3411 librum
3269 3366 3392 3406 cum
3432 3348 3522 3401 alii
3560 3342 3770 3398 refuta-

2193 3478 2363 3531 runt,
2416 3473 2530 3518 tum
2577 3459 2900 3516 Anastasius
2955 3460 3172 3513 noster;
3233 3449 3390 3518 cujus
3447 3434 3773 3496 lucubratio

2198 3529 2450 3625 utinam,
2506 3556 2555 3611 si
2594 3554 2811 3625 penitus
2869 3564 2977 3605 non
3032 3545 3224 3619 periit,
3286 3556 3353 3596 ex
3417 3533 3655 3592 tenebris
3716 3529 3772 3580 in

2198 3656 2374 3711 lucem
2427 3642 2772 3705 educeretur.

511 3371 628 3407 tam
645 3363 697 3406 et
716 3353 767 3404 in
785 3348 1094 3419 Apostolum
1112 3346 1400 3407 Thomam,
1419 3341 1551 3401 citat
1569 3339 1941 3393 Damascenus
1963 3349 2088 3390 ora-

517 3448 662 3499 tione
689 3443 847 3496 tertia
871 3442 936 3494 de
954 3424 1316 3507 Imaginibus.
1348 3435 1407 3487 ιη
1425 3429 1660 3487 concilio
1680 3428 1850 3482 altero
1872 3423 2091 3479 Nicazno

516 3545 622 3591 act.
657 3536 713 3597 4,
750 3533 958 3588 mentio
994 3530 1053 3585 lit
1101 3526 1371 3583 sermonis
1418 3524 1482 3578 de
1532 3521 1785 3586 Sab'bato,
1821 3517 1883 3572 B.
1920 3515 2094 3571 Patris

517 3624 796 3680 Anastasii
848 3622 915 3677 ad
951 3619 1262 3675 Simeonem
1291 3617 1612 3686 episc0pum
1643 3609 2006 3672 Bostrorum;
2041 3612 2099 3660 et

518 3718 774 3789 epistolae,
811 3730 907 3787 per
940 3729 1101 3785 quam
1136 3709 1428 3782 respondet
1453 3705 1669 3763 cuidam
1697 3702 1766 3758 ad
1802 3698 2101 3757 dubitatio-

528 3985 3759 4073 -ΜΜ--Μ

1317 4291 1810 4358 BREVIARIUM
1870 4286 2068 4349 VIT/E
2120 4283 2218 4343 ET
2269 4277 2547 4340 RERUM
2590 4267 3002 4333 GESTARUM
3064 4278 3067 4281 ‘

1387 4488 1448 4547 S.
1495 4478 1798 4545 Anastasii
1840 4473 2089 4537 Sinaitae
2127 4463 2498 4551 patriarchas
2537 4454 2935 4522 Antiocheni.

1764 4663 2034 4727 (Gretser.,
2058 4658 2187 4720 Opp.
2204 4661 2242 4705 t.
2281 4652 2405 4713 XIV,
2445 4648 2577 4706 161.)

621 4906 671 4965 Ι.
717 4901 811 4962 Fit
850 4898 1189 4980 episcopus
1217 4885 1642 4952 Antiochenus
1670 4893 1839 4941 anno
1876 4872 2102 4936 Christi
2156 4886 2331 4932 anr.

621 5032 699 5092 II.
745 4978 1081 5107 Repugnat
1105 5014 1419 5096 intrepide
1447 5007 1746 5074 haeretieo
1776 5004 1982 5067 edicto
2016 4995 2350 5062 Iustiniani
2383 4989 2785 5075 imperatoris
2818 5003 2986 5052 anno
3034 4981 3257 5048 Christi
3304 4996 3517 5043 anm.
3549 4978 3635 5039 De
3671 4993 3805 5055 quo

551 5133 693 5208 lege
736 5125 1069 5203 Evagrium
1105 5120 1217 5181 lib.
1260 5134 1348 5190 Iv,
1395 5129 1534 5192 cap.
1575 5107 1673 5170 38.
2538 5172 2543 5177 ι

627 5260 732 5320 ΙΙΙ.
775 5255 867 5317 Ab
896 5253 1033 5331 ejus
1082 5244 1321 5328 judicio
1379 5238 1589 5304 caeteri
1633 5231 1967 5299 orthodoxi
2010 5226 2407 5311 pendebant,
2468 5228 2628 5285 teste
2665 5216 2929 5295 Evagrio
2955 5262 2970 5287 ,
3030 5211 3177 5292 quia
3216 5213 3277 5268 et
3321 5199 3695 5267 sanctissimi
3739 5206 3805 5258 et

552 5353 901 5422 doctissimi
948 5352 1112 5413 fama
1161 5342 1610 5407 celebrabatur.

634 5479 734 5538 IV.
786 5476 851 5535 In
882 5469 1171 5532 exsilium
1221 5462 1465 5543 ejicitur
1512 5478 1547 5523 a
1593 5457 1838 5521 Iustino
1877 5454 2258 5533 imperatore
2323 5464 2491 5509 anno
2536 5440 2756 5504 Christi
2807 5452 3055 5511 anm,
3097 5432 3291 5513 idque
3343 5425 3699 5490 invidorum
3746 5426 3811 5481 et

567 5574 1091 5641 ealumniatorum
1127 5565 1356 5628 studio.
1398 5561 1665 5627 Consule
1701 5555 2029 5635 Evagrium
2059 5554 2170 5615 lib.
2204 5570 2266 5625 v,
2309 5567 2447 5629 cap.
2484 5547 2540 5606 6.

646 5693 716 5751 v.
761 5692 1025 5750 Sanetus
1077 5683 1415 5761 Gregorius
1462 5683 1722 5759 Magnus
1765 5674 1983 5738 institit
2027 5671 2192 5751 apud
2237 5671 2709 5746 imperatorem,
2763 5670 2827 5723 ut
2863 5655 3211 5721 Anastasius
3240 5649 3372 5712 sedi
3405 5639 3813 5707 Antiochense
