4022 6300
240 271 310 331 33
1475 279 1666 339 ἩΤΛΞ
1706 281 1768 338 S.
1808 282 1828 336 ,ί

1913 280 2229 341 ASTASII.
3431 285 3501 349 34

240 388 688 463 restitueretur,
730 398 930 470 utque
958 390 1195 453 interea
1239 390 1386 452 dum
1418 408 1518 451 res
1556 392 1907 463 coniicitur,
1950 394 2167 454 Romae
2204 397 2432 455 versari
2474 395 2961 473 permitteretur.
2996 401 3175 460 Anno
3208 399 3482 460 Redem-

241 488 428 571 ptoris
455 508 604 552 ωε.
634 491 793 553 Vide
824 492 1151 569 epistolam
1186 492 1219 553 6
1245 492 1386 554 libri
1415 492 1602 571 primi
1623 491 1818 571 Epist.
1842 494 2038 555 sancti
2058 495 2365 573 Gregorii,
2392 496 2499 574 qui
2527 498 2801 577 acceptis
2829 500 2907 560 ab
2927 498 3248 560 Anastasio
3278 498 3500 562 litteris

242 589 492 652 miriﬁce
520 608 589 653 se
621 590 1002 654 oblectatum
1036 598 1316 655 testatur.
1348 590 1722 671 Epistolam,
1768 592 1996 672 inquit,
2040 592 2446 655 beatitudinis
2478 605 2696 656 vestra
2724 605 2793 655 ut
2821 598 3022 676 fessus
3061 597 3361 677 requiem,
3393 616 3495 657 sa-

242 690 418 752 lutem
456 711 643 773 (τρεῖ,
671 695 913 772 fontem
943 696 1183 769 sitiens,
1220 712 1382 774 aeger
1414 702 1682 753 wstuans
1710 695 1944 773 accepi,
1983 701 2102 756 etc.

312 818 408 878 VI.
455 818 816 898 Becuperat
853 817 1071 879 sedem
1100 834 1277 879 suam
1308 814 1764 878 Antiochenam
1801 832 1969 877 anno
2000 816 2214 878 salutis
2257 834 2454 878 Dxcv.

312 945 438 1005 VII.
486 940 842 1003 Gratulatur
870 940 963 1003 illi
998 946 1249 1003 sanctus
1276 937 1614 1016 Gregorius
1643 939 1925 1015 Magnus.
1964 938 2118 999 Vide
2153 938 2262 1000 lib.
2294 956 2360 999 Iv
2389 939 2681 1018 Itegistri,
2714 939 2899 1019 epist.
2947 939 3045 1000 37.

314 1067 467 1126 VIII.
510 1061 868 1124 Anastasius
901 1068 1136 1124 rectam
1165 1063 1537 1126 sententiam
1568 1062 1648 1124 de
1676 1064 2086 1143 processione
2123 1063 2390 1143 Spiritus
2419 1064 2617 1125 sancti
2648 1080 2725 1124 ex
2762 1064 2943 1124 Patre
2986 1072 3047 1125 et
3071 1064 3229 1127 Filio
3261 1071 3491 1129 tuetur.

241 1166 389 1229 Vide
431 1166 662 1225 Baron.
712 1178 881 1224 anno
909 1179 1132 1237 nxcm,
1179 1180 1245 1224 n.
1290 1161 1385 1223 47.

308 1287 414 1349 IX.
457 1284 725 1364 Scripsit
752 1284 829 1346 ad
873 1292 1158 1348 sanctum
1194 1287 1565 1365 Gregorium
1593 1289 1909 1364 Magnum,
1944 1292 2007 1349 et
2037 1287 2526 1351 controversiam
2560 1286 2639 1349 de
2671 1287 2928 1349 nomine
2961 1287 3334 1351 universalis
3362 1306 3495 1352 non

239 1390 389 1452 adeo
430 1386 645 1465 magni
679 1388 969 1450 mstimat.
1015 1391 1197 1451 Anno
1231 1390 1444 1468 gratiae
1479 1408 1718 1452 nxcvn.

312 1518 387 1575 Χ.
420 1517 709 1576 Morietur
737 1517 1094 1605 Anastasius
1129 1534 1164 1579 a
1210 1524 1426 1580 sancto
1463 1519 1767 1596 Gregorio
1846 1520 1924 1582 de
1970 1538 2154 1582 causa
2199 1518 2457 1584 Joannis
2509 1515 2878 1599 patriarchae
2920 1514 3492 1594 ConstantinOpoli-

238 1618 397 1689 tani,
451 1617 563 1695 qui
614 1617 734 1678 sibi
785 1617 1159 1679 universalis
1202 1618 1694 1698 appellationem
1743 1621 2094 1696 arrogabat.

310 1742 422 1802 XI.
461 1741 716 1802 Librum
755 1741 956 1803 sancti
988 1741 1294 1820 Gregorii,
1326 1741 1436 1821 qui
1472 1742 1798 1804 Pastorale
1828 1740 2213 1843 inscribitur,
2286 1738 2601 1802 transtulit
2642 1739 3000 1801 Anastasius
3047 1755 3124 1801 ex
3170 1736 3386 1799 Latino
3414 1735 3483 1800 in

237 1844 512 1903 Graecum
551 1857 939 1902 sermonem.
980 1842 1243 1904 Sanctus
1286 1842 1625 1920 Gregorius
1666 1842 1777 1903 lib.
1830 1861 1900 1917 x,
1953 1840 2279 1921 epistf22.

308 1962 435 2021 XII.
476 1962 643 2023 Obiit
701 1963 1061 2028 Anastasius
1133 1980 1301 2025 anno
1350 1963 1596 2025 Domini
1640 1980 1881 2035 nxcrx,
1929 1964 2033 2026 cui
2082 1964 2150 2024 in
2207 1962 2653 2043 Martyrologio
2694 1964 2982 2024 Romano
3040 1959 3162 2025 hoc
3211 1956 3488 2035 elogium

236 2059 482 2141 ponitur
527 2060 604 2121 ad
653 2059 823 2121 diem
859 2078 970 2121 xxr
999 2061 1221 2141 Aprilis
1263 2085 1277 2124 :
1310 2061 1677 2138 Antiochiae,
1718 2064 1922 2125 sancti
1964 2063 2287 2125 Anastasii
2317 2064 2601 2137 Sinaitw,
2637 2062 2932 2141 episcopi.
