4022 6300
558 307 628 371 35
1765 277 1825 337 s.
1855 275 2143 335 ANASTA

2249 274 2272 333 [
2313 272 2638 333 SINAITIE
3741 263 3812 326 36

563 437 941 466 mw.“
960 433 1451 462 w-W'
1471 447 1647 455 ~—--o-—-—-
1659 420 3175 453 ..Μ

872 446 1001 448 ‘77,
1022 446 1031 447 κ
1070 446 1075 447 ,
1186 450 1194 455 _
1598 446 1711 453 ’,η-

3358 414 3797 430 ———-————-——

1741 584 1966 672 ΤΟΥ
2008 584 2153 671 ΕΝ
2198 578 2567 669 ΑΓΙΟΙΣ.

967 804 2238 927 ΑΝΑΣΤΑΣΙΟΥ
2386 796 3382 918 ΣΙΝΑῙΤΟΥθ

1541 1039 2138 1098 ΑΝΤΙΟΧΕΙΔΣ
2195 1035 2777 1104 ΕΠῘΣΚΟΠΟΥ,

1791 1210 2547 1348 ΟΔΗΓΟΣ.

1008 1687 1146 1816 S.
1281 1683 2347 1819 ANASTASII
2467 1679 3373 1833 SINAIT/E,

1743 1939 2085 2004 EPISCOPI
2139 1939 2622 2018 ANTIOCHENI,

551 2069 945 2313 vim
1018 2159 1420 2314 DUX
1508 2155 2509 2313 ADVERSUS
2621 2152 3812 2310 ACEPHALOS.

1579 2421 1868 2493 (Gretser.,
1890 2426 2028 2495 Opp.
2059 2434 2099 2479 t.
2146 2422 2288 2488 XIV,
2319 2439 2373 2495 p.
2405 2425 2431 2479 l
2461 2422 2550 2478 ed.
2617 2422 2798 2494 1740.)

1063 2727 1210 2814 1-9⁸
1242 2726 1630 2782 romano.

624 2844 901 2916 Rogamus
924 2841 1157 2900 lectores
1184 2841 1348 2911 hujus
1379 2841 1501 2895 libri
1527 2881 1543 2908 ,
1580 2849 1639 2895 ut
1671 2842 1830 2897 nobis
1856 2842 2145 2915 ignoscant

553 2936 626 2992 ob
663 2938 843 2990 varias
874 2933 1242 2989 correctiones
1276 2932 1480 3001 passim
1516 2932 1811 2996 adhibitas,
1843 2942 1897 2988 et
1926 2944 2144 3005 propter

552 3027 900 3097 tautologias,
921 3091 936 3105 _
956 3040 1246 3095 rerumque
1277 3033 1331 3078 et
1367 3025 1659 3080 verborum
1692 3026 2010 3084 iterationes
2041 3045 2144 3086 sae-

546 3119 1035 3193 piuscommissas
1068 3136 1081 3172 :
1118 3133 1242 3171 nam
1282 3115 1587 3187 frequentia
1625 3121 2012 3190 :egriludinum
2039 3138 2142 3177 no-

554 3220 792 3266 strarum
843 3223 951 3262 non
1007 3206 1234 3271 ferebat,
1290 3217 1350 3261 ιιι
1400 3207 1453 3260 ἱιι
1496 3208 1580 3263 his
1627 3224 1727 3278 pro
1766 3211 1935 3264 animi
1968 3213 2141 3266 nostri

554 3300 828 3357 sententia
872 3314 1240 3377 versaremur.
1283 3296 1388 3351 Par
1416 3299 1559 3353 enim
1595 3310 1698 3364 est,
1732 3300 1904 3371 utqui
1946 3302 2141 3373 hujus-

556 3395 703 3449 modi
737 3393 1060 3448 Christianae
1101 3391 1382 3462 religionis
1431 3392 1780 3463 dogmatibus
1805 3397 2141 3465 explicandis

554 3502 775 3556 operam
805 3495 965 3540 navat
990 3523 1007 3549 ,
1035 3485 1219 3538 omnia
1249 3485 1304 3538 in
1336 3485 1556 3540 schedis
1589 3497 1830 3550 annotet,
1867 3489 2139 3559 corrigat,

556 3581 724 3649 inque
760 3592 953 3632 versus
992 3576 1322 3647 distinguat;
1350 3585 1404 3631 et
1448 3585 1562 3630 tum
1603 3577 1845 3634 librariis
1876 3581 2143 3636 concinne

555 3678 890 3734 venusteque
947 3668 1367 3721 describendum
1426 3668 1623 3722 tradat.
1681 3667 1882 3724 Verum
1942 3678 1996 3724 et
2054 3670 2143 3723 hie

557 3760 817 3829 segnities
871 3766 926 3814 et
961 3759 1234 3812 lentitudo
1282 3774 1494 3823 eorum,
1554 3758 1649 3830 qui
1705 3776 1813 3815 una
1858 3761 2140 3816 nobiscum

556 3853 820 3915 sentiunt,
866 3852 1101 3907 debitam
1149 3851 1445 3922 diligentiae
1492 3861 1547 3908 et
1594 3853 1877 3909 industriae
1924 3855 2140 3909 laudem

556 3945 764 4000 retulit.
815 3942 1160 4013 Quapropter
1207 3943 1484 4000 schedulae
1531 3944 1652 3999 loco
1699 3944 1990 4010 tetradem,
2044 3961 2140 4001 seu

557 4035 967 4104 quaterniooem
990 4035 1462 4103 adepti,eumdem
1494 4035 1549 4090 in
1586 4036 1762 4090 lucem
1787 4036 2137 4107 proferimus.

2166 2734 2215 2792 Δ

2826 2725 3230 2781 ΠΡΟΟΙΜΙΟΝ.

2314 2839 2744 2913 Παρακαλοῦμεν
2792 2840 2918 2904 τοὺς
2966 2839 3260 2911 μέλλοντας
3305 2840 3653 2912 ἐντυγχάνειν
3702 2842 3830 2915 τῇδε

2241 2934 2310 3004 τῇ
2348 2930 2515 3002 βίϐλῳ
2537 2929 2870 3002 συγγνώμην
2897 2931 3231 3002 ποιήσασθαι
3250 2932 3344 2984 ἐπὶ
3384 2936 3502 2997 ταῖς
3546 2933 3832 2999 πλείσταις

2242 3024 2301 3078 ὲν
2320 3025 2455 3095 αὐτῇ
2474 3021 2810 3095 διορθώσεσι,
2846 3022 2878 3093 ἢ
2903 3022 3278 3091 ταυτολογίαις
3297 3039 3311 3054 ⁸
3342 3023 3403 3076 τὸ
3445 3025 3554 3096 γὰρ
3592 3024 3831 3089 esum-

2245 3134 2376 3170 πτον
2390 3118 2498 3171 τῶν
2511 3115 2874 3171 ἀσθενειῶνού
2898 3114 3251 3187 συγχώρησεν
3273 3118 3404 3187 ἡμῖν
3421 3117 3477 3170 ὲν
3499 3118 3637 3189 αὐτῇ
3657 3135 3832 3172 κατα-

2245 3209 2456 3281 θυμίως
2513 3207 2847 3280 πράξασθαι.
2896 3210 2990 3262 Δεῖ
3039 3208 3149 3278 γὰρ
3194 3206 3265 3261 τὰ
3314 3209 3540 3263 τοιαῦτα
3590 3210 3831 3281 Χριστοῦ

2241 3300 2488 3370 δόγματα
2517 3298 3016 3371 προσχιδεύσασθαι
3041 3300 3137 3354 καὶ
3180 3298 3546 3371 διορθοῦσθαι,
3583 3303 3678 3355 καὶ
3721 3320 3834 3355 στι-

2242 3390 2526 3463 χίζεσθαι,
2557 3392 2650 3444 καὶ
2695 3387 2795 3443 εἶθ’
2845 3390 3019 3454 οὕτως
3049 3390 3566 3463 καλλιγραφεῖσθαι,
3602 3392 3741 3447 ἀλλὰ
3772 3394 3834 3446 τὸ

2245 3483 2508 3557 ῥᾴθυμον,
2557 3485 2651 3538 καὶ
2694 3482 2927 3553 ὀκνηρὸν
2976 3482 3088 3536 τῶν
3139 3483 3424 3555 ἡμετέρων
3475 3484 3829 3556 συμφρόνων.

2242 3574 2412 3646 αὐτὴν
2467 3574 2787 3646 πρέπουσαν
2818 3573 3158 3642 φιλοπονίαν,
3191 3575 3284 3629 καὶ
3340 3576 3579 3647 σπουδὴν
3606 3578 3665 3629 ὲν
3714 3578 3835 3638 τοῖς

2243 3666 2506 3729 τοιούτοις
2558 3667 2846 3737 κέκτηται.
2891 3666 2985 3720 Διὸ
3025 3666 3146 3720 ἀντὶ
3188 3666 3407 3736 σχέδους
3451 3669 3551 3738 τὴν
3594 3668 3832 3738 τετράδα

2244 3758 2586 3828 κατέχοντες,
2625 3755 2799 3821 οὕτως
2821 3755 3139 3828 ὲξεθέμεθα.
3170 3757 3232 3810 El
3262 3757 3318 3809 δὲ
3345 3758 3441 3811 καὶ
3471 3757 3572 3810 οὐκ
3600 3757 3751 3831 εικὸς
3774 3756 3833 3811 ἓν

2243 3868 2350 3905 τινι
2391 3850 2556 3919 λόγῳ,
2604 3849 2639 3920 ἣ
2691 3850 2921 3921 νοήματι
2948 3851 3304 3920 ἀπρεπόντως
3345 3851 3667 3921 εἰρήκαμεν,
3701 3867 3831 3919 συγ-

2245 3942 2471 4012 γνώμην
2516 3940 2836 4011 αἰτούμεθα.
2882 3943 3061 4005 Μόνος
3096 3942 3205 4012 γὰρ
3245 3942 3540 4005 ἄπταιστος
3589 3943 3617 3994 ὁ
3672 3943 3835 4012 μόνος

2244 4035 2396 4099 Θεός.

558 4126 714 4194 Quod
748 4127 793 4179 si
827 4126 1027 4180 alicubi
1057 4126 1264 4196 aliquid
1290 4127 1653 4198 improbabile
1685 4139 1779 4183 aut
1838 4146 1868 4183 a
1933 4143 2064 4185 vero
2123 4144 2289 4185 sensu
2349 4142 2619 4187 temetum
2664 4129 2925 4195 diximus,
2973 4126 3189 4182 veniam
3229 4126 3545 4207 poscimus;
3578 4128 3832 4197 quando-

557 4218 777 4293 quidem
800 4219 951 4272 solus
986 4216 1131 4272 Deus
1156 4232 1186 4272 a
1216 4217 1371 4287 lapsu
1399 4219 1661 4274 immunis
1690 4230 1793 4274 est.

628 4307 827 4363 Adhaee
853 4308 1193 4362 obtestamur
1213 4323 1329 4375 eos,
1356 4309 1449 4379 qui
1479 4308 1680 4363 librum
1708 4310 1854 4364 hunc
1881 4309 2143 4365 transcri-

2317 4305 2463 4380 Πρὸς
2503 4305 2717 4368 τούτοις
2747 4302 3109 4376 δυσωποῢμεν
3140 4304 3232 4358 τὸν
3282 4305 3657 4376 μεταγράφειν
3704 4306 3835 4376 μὲλ-

554 4400 702 4471 pturi
751 4413 900 4465 sunt,
959 4409 1019 4455 ut
1062 4409 1119 4455 et
1160 4400 1369 4456 scholia
1412 4401 1672 4470 adjiciant
1709 4418 1722 4453 :
1776 4409 2144 4471 accentusque

556 4500 813 4547 accurate
871 4492 1187 4556 observent,
1229 4501 1286 4546 et
1327 4501 1551 4562 puncta,
1591 4502 1647 4546 et
1689 4493 2049 4562 semipuncta,
2091 4501 2147 4547 et

555 4585 675 4653 ipsa
719 4586 883 4637 etiam
933 4584 1159 4645 sormea.
1201 4597 1298 4639 seu
1344 4584 1646 4639 soloecismi
1707 4583 1981 4652 specimen
2034 4597 2146 4651 prae

556 4690 617 4729 se
645 4674 906 4741 ferentia;
934 4674 1062 4743 quia
1097 4673 1235 4728 alias
1264 4688 1485 4744 quoque
1512 4674 1747 4744 imperiti
1787 4673 2010 4744 quidam
2047 4690 2146 4727 uo-

558 4774 733 4817 strum
780 4761 1150 4832 dogmaticum
1193 4772 1401 4817 tomum
1452 4763 1806 4833 blasphemiis
1852 4764 1906 4817 in
1941 4764 2146 4820 descri-

559 4855 742 4925 ptione
761 4856 1131 4924 cppleverunt.

633 4985 877 5041 INDEX
896 4986 1183 5053 EORUM,
1218 4985 1395 5052 ΩΠΕ
1418 4985 1967 5044 CONTINENTUR
1989 4989 2077 5043 IN

560 5078 947 5145 L‘lBRO,QUI
981 5082 1281 5145 ΟΔΗΓΟΣ,
1314 5078 1457 5135 HOC
1488 5080 1624 5136 EST
1684 5081 1821 5137 VUE
1855 5081 2145 5141 DUXu'N-o

1141 5172 1573 5231 δειιιθιτιπι..

561 5270 602 5323 I.
634 5266 951 5324 Prothcoria
982 5283 1076 5322 seu
1109 5267 1591 5337 praaconsideratio
1621 5267 1821 5332 brevis,
1861 5268 1913 5321 in
1950 5268 2150 5336 quibus

630 5377 690 5417 se
710 5374 964 5415 exercere
984 5358 1180 5413 debeat
1197 5359 1284 5414 ille
1345 5360 1439 5429 qui
1460 5360 1526 5415 de
1544 5361 1724 5414 divina
1755 5359 1859 5414 lide
1892 5373 2039 5415 recte
2059 5374 2152 5415 co-

632 5452 770 5523 gitat
803 5449 1098 5504 disserere.
1140 5510 1143 5513 η

564 5542 629 5597 ll.
676 5538 1029 5595 Deﬁnitiones
1090 5533 1406 5613 degmaticae
1452 5542 1755 5599 secundum
1801 5543 2148 5600 traditionem

634 5629 1085 5690 ecclesiasticam.
1420 5621 1425 5626 ’

2247 4398 2406 4453 λοντα
2444 4397 2787 4471 παραθέσθαι
2834 4400 2929 4452 καὶ
2967 4398 3035 4450 τὰ
3065 4397 3255 4468 σχόλια
3282 4412 3298 4428 ⁸
3329 4397 3745 4468 σημειώσασθαι
3777 4398 3836 4451 δὲ

2245 4490 2525 4561 ἐπιμελῶς
2572 4491 2667 4543 καὶ
2708 4490 2836 4553 τοὺς
2871 4490 3080 4553 τόνους,
3125 4490 3220 4544 καὶ
3259 4489 3517 4559 στιγμὰς,
3566 4492 3661 4543 καὶ
3701 4491 3836 4544 ὑπο-

2248 4583 2503 4654 στιγμὰς.
2542 4582 2636 4636 καὶ
2664 4583 2737 4637 τὰ
2769 4581 3007 4635 σόλοικα.
3036 4583 3143 4634 Καὶ
3166 4581 3277 4652 γὰρ
3295 4582 3483 4635 ἄλλοτέ
3520 4599 3665 4648 τινες
3692 4583 3838 4636 ἰδιῶ-

2246 4693 2336 4728 ται
2352 4674 2805 4747 μεταγράψαντες
2818 4676 2851 4745 ἡ
2862 4674 2977 4745 μῶν
2987 4674 3316 4746 δογματικὸν
3332 4676 3516 4746 τόμον,
3537 4678 3595 4743 ἐξ
3610 4676 3835 4744 ἀγνοίας

2254 4765 2611 4838 βλασφημιῶν
2640 4766 2802 4820 αὐτὸν
2839 4766 3182 4838 ἐπλήρωσαν.

2259 4992 2431 5047 me
2473 4992 2693 5045 ΕΣΤΙΝ
2735 4991 2841 5044 EN
2885 4991 2981 5062 Τῌ
3020 4991 3239 5060 ΒΙΒΛῼ
3292 4992 3385 5062 Tu
3422 4992 3842 5062 ΛΕΙὊΜΕΝῌ

2923 5082 3176 5152 mare.

2257 5264 2334 5320 A'.
2393 5256 2711 5336 Προθεωρίά
2759 5263 2880 5317 κατ’
2914 5252 3183 5333 ἐπιτομὴν
3227 5257 3302 5317 ὧν
3328 5224 3421 5316 ⁴δεῖ
3460 5263 3711 5329 ὲξασκεῖν
3745 5265 3840 5319 τὸν

2325 5359 2455 5428 περὶ
2479 5357 2715 5421 πίστεως
2734 5355 2871 5409 Θεοῦ
2907 5357 3086 5411 λαλεῖν
3106 5357 3286 5420 καλῶς
3316 5356 3658 5428 βουλόμενον.

2258 5539 2332 5590 B'.
2365 5538 2522 5609 Ὅροι
2543 5538 2863 5608 δογματικοὶ
2892 5537 3032 5592 κατὰ
3056 5538 3153 5609 τὴν
3176 5536 3636 5611 ὲκκλησιαστικὴν
3658 5535 3839 5607 παρά-

2333 5629 2498 5682 δοσιν.
