4078 6302
275 234 335 298 37
1726 230 1875 293 VLE
1908 232 2088 294 DUX.

1888 353 1931 408 Α
1963 344 2051 401 III.
2085 346 2419 403 Prooemium
2454 345 2652 402 futurae
2683 316 3051 402 tractationis.

277 350 341 403 I".
370 348 667 421 Προοίμιον
692 346 797 420 πρὸ
824 346 924 418 τῆς
948 345 1356 418 πραγματείας.

275 444 340 491 A'.
382 438 677 509 Ἑξήγησις
700 438 821 491 κατ’
849 437 1116 508 ἐπιτομὴν
1151 437 1283 506 περὶ
1311 436 1422 490 τῶν
1450 436 1717 509 αἱρέσεων
1750 439 1850 511 τῆς

338 531 530 600 ἀρχῆς.
562 529 671 593 ἕως
703 528 1024 600 Νεστορίου,
1058 530 1154 581 καὶ
1175 529 1438 599 Σευήρου.

277 616 340 673 ε’.
371 619 506 687 Περὶ
529 618 639 672 τῶν
661 619 831 687 ἁγίων
856 619 1110 672 συνόδων.
1204 679 1210 686 _

277 711 360 777 (τ’.
392 708 574 763 ιΠόθεν
604 709 702 781 τὴν
739 709 900 781 ῥίζαν
928 710 1086 780 ἄρχει
1120 709 1180 762 τὸ
1207 708 1382 779 δόγμα
1410 709 1721 781 Εὐτυχέως,
1755 710 1850 764 καὶ

338 801 598 872 Σευήρου.
1022 864 1027 869 δ
1186 869 1191 875 _

276 895 341 948 Z'.
383 891 682 958 Ἀπόδειξις
727 893 810 945 ὅτι
847 890 1187 944 ἁπεϐάλλετο
1227 892 1466 962 Σευῆρος
1493 893 1620 954 τοὺς
1663 892 1852 962 ἁγίους

340 982 608 1053 Πατέρας,
636 983 732 1036 καὶ
754 982 1150 1053 ἐνομοθέτησεν
1170 981 1408 1054 ἀκύρους
1437 977 1577 1036 εἶναι
1599 984 1698 1047 τὰς
1717 986 1850 1057 χρή-

342 1091 456 1138 σεις
486 1073 686 1129 αὐτῶν.

278 1166 350 1223 Η’.
396 1166 698 1232 ’Δπόδειξις
726 1169 790 1221 ἐκ
817 1165 1059 1231 Παλαιάς
1084 1167 1181 1222 καὶ⁸
1206 1168 1417 1238 Καινῆς
1440 1167 1734 1242 Διαθήκης,
1756 1171 1853 1224 καὶ

338 1259 434 1312 ἀπ’
469 1259 637 1313 αὑτοῦ
675 1258 951 1323 Μωσέως,
1003 1259 1102 1313 καὶ
1154 1259 1490 1330 Σολομῶνος,
1531 1261 1615 1314 ὅτι
1657 1260 1854 1315 ταύτὸν

341 1352 375 1421 ἠ
411 1351 596 1418 φύσις,
628 1349 724 1404 καὶ
748 1349 1151 1421 τδηπρόσωπον.

278 1440 350 1494 0⁸.
395 1441 628 1511 Ὁμοίως
649 1440 996 1512 παράστασις
1021 1444 1085 1493 ἐκ
1115 1441 1214 1512 τῆς
1249 1441 1308 1494 ὲν
1330 1440 1536 1510 Νικαίᾳ
1570 1439 1732 1508 ἁγίας
1759 1456 1853 1492 συ-

343 1535 519 1598 νόδου,
544 1535 710 1590 ὅτιού
741 1535 960 1600 ταύτὸν,
999 1535 1184 1603 φύσις,
1224 1534 1394 1606 ἧγουν
1414 1536 1449 1607 ἡ
1488 1535 1668 1600 οὐσία,
1701 1535 1852 1607 καὶὴ

346 1627 662 1692 ὑπόστασις,
695 1627 772 1692 ὡς
802 1628 1039 1699 Σευῆρος
1065 1625 1299 1697 νομίζει.

3464 233 3543 298 38

1956 437 2043 494 IV.
2073 438 2260 496 Brevis
2284 438 2554 509 expositio
2580 436 2847 503 omnium,
2876 439 2971 508 qui
3004 438 3239 493 haereses
3286 436 3559 492 introdu-r

2028 538 2226 584 xerunt
2252 545 2425 601 usque
2450 530 2516 584 ad
2546 526 2856 583 Nestorium
2892 539 2947 583 et
2976 520 3257 583 Severum.

1954 618 2014 671 ν.
2053 618 2126 674 De
2156 622 2331 676 sacris
2362 622 2604 693 synodis.

1956 709 2041 765 Vl.
2072 711 2149 767 Ex
2183 729 2416 782 quanam
2447 714 2631 770 radice
2661 714 2924 785 prodierit
2953 713 3149 785 dogma
3182 712 3446 785 Eutycbis
3487 722 3542 766 et

2028 804 2239 859 Severi.

1955 891 2068 948 VII.
2098 892 2526 960 Demonstratio,
2555 884 2696 963 quod
2725 895 2961 949 Severus
2992 904 3214 950 sanctos
3235 893 3425 950 Patres
3453 907 3545 949 re-

2021 988 2210 1059 jiciat,
2242 1004 2545 1059 eorumque
2574 990 2875 1043 sententias
2902 988 3168 1059 repudiet.

1956 1165 2095 1221 VIII.
2128 1165 2534 1222 Demonstratio
2565 1183 2630 1222 ex
2661 1167 2838 1223 Veteri
2878 1176 2933 1220 et
2965 1144 3117 1221 Novo
3164 1164 3539 1231 Testamento,

2026 1273 2090 1312 ex
2122 1259 2450 1313 auctoritate
2486 1258 2687 1330 Moysis
2733 1268 2787 1314 et.
2817 1256 3151 1320 Salomonis,
3190 1270 3444 1312 tiaturam
3487 1267 3543 1312 et

2021 1366 2316 1420 personam
2353 1349 2638 1422 distingui.
2708 1417 2715 1423 _

1957 1441 2045 1496 IX.
2098 1443 2217 1496 Alia
2267 1442 2664 1496 demonstratio
2710 1456 2776 1496 ex
2820 1456 2978 1496 sacra
3024 1439 3242 1496 Nicaeus
3293 1441 3539 1511 synodo;

2026 1531 2167 1586 idem
2198 1546 2305 1586 non
2328 1549 2449 1588 esse
2469 1544 2745 1599 naturam,
2772 1549 2868 1588 seu
2892 1532 3187 1588 essentiam
3213 1541 3270 1587 et
3288 1535 3544 1603 hyposta-

2028 1625 2135 1690 sin,
2164 1623 2480 1681 ut'Sevcrtts
2509 1627 2783 1696 opinatur.
3394 1612 3395 1619 γ

281 1721 330 1773 I'.
352 1721 646 1790 Διηγήσεις
668 1719 955 1785 διαλέξεων
985 1719 1268 1790 τεσσάρων
1303 1712 1379 1772 ὧν
1419 1717 1852 1790 ὲδογματίσαμεν

1973 1715 2022 1770 Κ.
2069 1715 2281 1771 Relatio
2311 1728 2547 1787 quatuor
2599 1719 3029 1789 disputationum
3052 1762 3068 1787 ,
3103 1718 3303 1790 quibus
3344 1717 3413 1772 de
3446 1716 3546 1772 do-

341 1814 399 1865 ὲν
442 1810 822 1882 Ἀλεξανδρείᾳ
849 1810 989 1881 μετὰ
1023 1810 1134 1864 τῶν
1161 1810 1545 1876 Θεοδοσιανῶν,
1580 1813 1671 1865 καὶ
1693 1811 1855 1864 Γαῖα·

340 1900 523 1956 νιτῶν.
568 1901 657 1955 Ἐν
686 1898 776 1965 αἷς
811 1901 1117 1973 ὴλέγξαμεν
1160 1903 1388 1970 αὐτοὺς,
1422 1903 1504 1957 ὅτι
1529 1903 1627 1958 ἐὰν
1661 1901 1858 1958 ταύτόν

343 1991 460 2043 ἐστι
485 1987 650 2057 φύσις
698 1990 796 2043 καὶ
823 1991 1144 2056 ὑπόστασις,
1172 1991 1576 2064 Νεστοριανοῦς
1609 1992 1857 2048 ποιοῦσιν

344 2079 496 2144 ὅλους
532 2082 660 2145 τοὺς
703 2081 895 2150 ἁγίους
924 2083 1176 2154 Πατέρας
1195 2099 1209 2114 ο
1250 2086 1345 2138 καὶ
1385 2084 1552 2139 αὐτὸν
1581 2086 1673 2139 τὸν
1702 2086 1859 2155 ἅγιον

344 2170 633 2242 Κύριλλον,
687 2175 746 2226 ὲν
768 2165 813 2241 ᾧ
837 2173 932 2227 καὶ
959 2175 1088 2245 περὶ
1111 2173 1212 2246 τῆς
1240 2178 1368 2247 μιᾶς
1391 2175 1528 2230 Θεοῦ
1550 2176 1724 2247 Λόγου
1758 2176 1858 2248 φύ-

350 2279 487 2328 σεως
510 2264 610 2335 τῆς
626 2281 887 2339 ¹σεσαρκω
894 2266 1083 2338 μένης.

351 2438 422 2494 Τό
462 2440 740 2509 σκόλιον.
788 2441 878 2495 Ἐν
921 2440 1000 2513 τῷ
1041 2442 1255 2516 δεκάτῳ
1296 2445 1577 2518 κεφαλαίῳ
1610 2446 1862 2519 εΰρήσεις
1900 2411 1903 2415 ί

279 2531 572 2600 κεφάλαια,
601 2532 747 2604 άπερ
785 2531 891 2605 χρὴ
921 2529 1452 2609 προαναθεματίζειν
1486 2538 1634 2610 ἡμᾶς
1656 2578 1673 2605 ,
1699 2540 1864 2612 ἡνίκα

278 2625 393 2686 τοῖς
421 2624 721 2696 αίρετικοϊς
742 2625 1121 2697 διαλεγόμεθα.

2030 1809 2228 1878 gmatis
2267 1810 2546 1880 congreSsi
2575 1825 2764 1889 sumus
2805 1810 3182 1889 Alexandriae.
3212 1825 3334 1864 cum
3369 1807 3548 1882 Theo:

2028 1898 2301 1963 dosianis,
2359 1908 2414 1953 et
2463 1883 2765 1969 Gaja'nitis:
2811 1900 2902 1954 ubi
2952 1883 3333 1969 redarguimus
3388 1899 3544 1964 illos',

2028 1994 2173 2062 quod
2208 1993 2256 2048 si
2297 2003 2491 2048 natura
2545 2004 2598 2048 et
2628 1992 2932 2064 hypostasis
2981 1993 3085 2062 ιο
3117 1993 3259 2047 idem
3290 2003 3451 2059 sunt,
3490 1993 3546 2046 in

2031 2083 2478 2140 Nestoriauorum
2508 2085 2737 2141 classem
2779 2086 3067 2140 universos
3094 2093 3315 2139 sanctos
3334 2082 3545 2150 Patres,

2032 2176 2322 2246 ipsumque
2389 2183 2640 2231 sanctum
2718 2172 3382 2245 Cyrillum,conjiciant;
3450 2161 3547 2225 ubi
3652 2182 3653 2185 ‘

2032 2274 2087 2322 et
2133 2268 2200 2323 de
2239 2284 2346 2323 una
2400 2267 2568 2322 divini
2639 2267 2798 2322 Verbi
2856 2264 3126 2321 iucarnati
3181 2273 3377 2319 natura
3433 2263 3551 2334 agi—

2036 2366 2144 2410 [υτ.

2035 2447 2302 2504 Scholion.
2340 2447 2395 2503 In
2421 2448 2632 2503 decimo
2669 2449 2845 2519 capite
2875 2428 3401 2517 reperies'capitula,
3430 2458 3551 2514 qua:

1963 2541 2115 2612 prius
2155 2555 2253 2596 nos
2282 2536 2810 2610 προαναθεματίζειν
2843 2536 3263 2609 (praedamnare)
3302 2544 3547 2607 oportet,

1964 2646 2129 2701 quam
2156 2645 2279 2684 cum
2315 2629 2581 2684 hwreticis
2605 2629 2968 2698 disputemus.

283 2717 384 2769 IA’.
408 2717 869 2789 Παρασημείωσις
891 2720 1023 2791 περὶ
1041 2720 1140 2791 τῆς
1156 2720 1339 2791 φωνῆς
1360 2720 1460 2791 τῆς
1481 2721 1747 2794 λεγούσης
1766 2723 1864 2789 τὰς

1973 2720 2058 2776 XI.
2094 2721 2383 2777 Adnotatio
2411 2722 2476 2775 de
2511 2721 2816 2775 assertione
2885 2732 3005 2789 quae
3047 2718 3123 2772 ait
3176 2724 3401 2771 naturas
3431 2729 3553 2771 esse

354 2803 547 2871 φύσεις
573 2806 919 2871 ὑποστάσεις,
954 2806 1117 2861 πόθεν
1141 2807 1302 2879 αὕτη.
1396 2799 1404 2805 ’

2038 2811 2396 2881 hypos'tases;
2428 2810 2700 2865 undenam
2734 2808 3069 2878 produxerit.

278 2893 383 2949 IB’.
411 2896 548 2968 Περὶ
569 2895 663 2950 τοῦ
687 2897 955 2968 σωτηρίου
988 2899 1193 2962 πάθους
1215 2898 1311 2954 τοῦ
1333 2902 1592 2971 Χριστοῦ,
1622 2904 1716 2959 καὶ
1739 2904 1867 2977 περὶ

1973 2901 2083 2958 XII.
2111 2903 2183 2957 De
2216 2903 2439 2958 salutari
2471 2903 2726 2972 passione
2755 2900 2958 2955 Christi
2984 2917 3001 2967 ;
3035 2909 3090 2954 et
3121 2904 3189 2953 de
3217 2898 3422 2969 hymno
3455 2913 3553 2950 seu

351 3005 469 3053 του,
504 2989 718 3058 Ἄγιος,
744 2988 1044 3057 ἀθάνατος
1067 2994 1100 3044 ὀ
1133 2993 1517 3062 σταυρωθείς.

2043 3001 2196 3063 parte
2234 2992 2422 3065 hymni
2464 3010 2479 3049 :
2530 2991 3158 3056 Sanctus,immortalis,
3205 2991 3295 3061 qui
3340 2990 3554 3058 cruciﬁ-

2043 3099 2146 3139 πίω
2179 3102 2255 3140 ιε.

286 3166 383 3222 II".
412 3165 721 3238 Συζήτησις
760 3170 887 3237 περὶ
917 3169 1027 3224 τῶν
1058 3172 1310 3243 χρήσεων
1337 3172 1447 3226 τῶν
1478 3174 1759 3247 Πατέρων,
1785 3169 1868 3233 ὧν

2043 3102 2146 3139 xu:
2179 3102 2255 3140 es.

1973 3175 2107 3231 XIII.
2132 3175 2454 3247 Disquisitio
2466 3174 2534 3229 de
2555 3173 2839 3230 sententiis
2860 3172 3108 3240 Patrum,
3130 3187 3268 3244 quas
3288 3154 3557 3242 objiciunt

352 3260 724 3331 προφέρουσιν
771 3263 903 3331 ἡμῖν
939 3263 989 3315 οί
1030 3263 1272 3334 Σευήρου
1320 3265 1462 3319 κατὰ
1506 3269 1604 3338 τῆς
1649 3267 1867 3322 συνόδου

354 3353 717 3423 Χαλκηδόνος,
757 3356 851 3408 καὶ
880 3355 1125 3418 ὲπίλυσις
1157 3356 1338 3410 αὐτῶν
1373 3357 1625 3429 εὐσεϐής.

284 3440 384 3498 IA'.
430 3445 742 3514 Ἀμμωνίου
787 3444 1186 3517 Ἀλεξανδρέως
1211 3446 1354 3500 κατὰ
1385 3448 1794 3517 Μονοφυσιτῶν.

286 3536 389 3588 IE'.
429 3534 657 3607 Ἕτερον
691 3536 986 3606 κεφάλαιον
1014 3536 1157 3591 κατὰ
1178 3538 1276 3609 τῆς
1310 3538 1436 3604 νέας
1473 3538 1653 3594 αὐτῶν
1681 3542 1870 3613 ἑορταο

360 3642 575 3697 στικης.

288 3741 409 3809 Iq'.
439 3741 533 3805 Εἰς
553 3741 635 3805 τὸ,
653 3741 751 3795 Ἐν
771 3740 1006 3811 Χριστῷ
1030 3745 1331 3799 κατοικεῖν
1350 3743 1475 3802 πᾶν
1487 3745 1554 3800 τὸ
1580 3747 1876 3819 πλήρωμα

359 3832 474 3904 τῆς
501 3835 799 3902 θεότητος,
829 3835 1096 3908 ἑρμηνεία
1125 3837 1377 3909 εὐσεϐής.
1498 3828 1509 3841 ’

286 3942 390 4001 ΙΖ’.
433 3946 732 4012 Ἀπόδειξις
753 3948 836 4001 ότι
862 3949 925 4001 οὐ
952 3950 1343 4025 συνεσαρκώθη
1360 3952 1439 4024 τῷ
1472 3922 1586 4025 fit?)
1609 3957 1638 4008 ὁ
1660 3955 1872 4027 Πατὴρ,

360 4038 396 4110 ἢ
428 4038 490 4092 τὸ
520 4039 677 4110 ἆγιον
709 4039 953 4108 Πνεῦμα.
1419 4075 1427 4081 -

288 4152 404 4206 ιιιν.
449 4151 612 4206 Κατὰ
654 4151 763 4204 τῶν
803 4152 990 4217 κακῶς
1021 4154 1114 4208 ἐπὶ
1134 4154 1373 4227 Χριστοῦ
1402 4156 1792 4229 λαμϐανόντων
1814 4162 1877 4216 τὺ

361 4242 672 4314 ὑπόδειγμα
695 4243 792 4297 τοῦ
826 4244 1139 4315 ἀνθρώπου.

285 4352 397 4408 19'.
435 4353 745 4421 Κεφάλαιον
782 4354 982 4426 μιαροῦ
1017 4355 1434 4412 Παυλιανιστοῦ.

2040 3267 2320 3324 Severiani
2381 3275 2571 3322 contra
2621 3276 2864 3321 sanctam
2898 3264 3393 3321 ChaIcedonensem
3431 3279 3561 3336 syn-

2042 3361 2206 3417 odum
2233 3377 2249 3428 ;
2277 3369 2333 3415 et
2357 3360 2423 3414 ad
2454 3360 2574 3414 illas
2603 3358 2688 3429 pia
2718 3357 3022 3429 responsio.

1967 3451 2107 3509 XIV.
2143 3451 2416 3506 Ammonii
2445 3451 2799 3505 Alexandrini
2830 3459 3021 3506 eontra
3049 3446 3483 3520 Monophysitas.

1969 3539 2089 3594 XV.
2113 3541 2358 3595 Alterum
2388 3548 2554 3608 caput
2580 3547 2770 3593 contra
2804 3550 3004 3592 novam
3038 3535 3257 3591 illorum
3294 3536 3432 3592 festa
3463 3550 3556 3592 ce-

2044 3631 2290 3686 lebrandi
2328 3629 2642 3700 epistolam.

1972 3742 2115 3800 XVI.
2143 3742 2199 3798 lu
2236 3743 2364 3798 illud
2409 3762 2422 3797 :
2460 3740 2527 3797 In
2558 3741 2770 3800 Christo
2798 3740 3063 3797 inhabitat
3091 3738 3261 3796 omnis
3288 3737 3558 3810 plenitudo

2042 3836 2363 3898 divinitatis,
2398 3835 2488 3905 pia
2512 3835 2831 3905 explicatio.

1972 3947 2141 4006 XVII.
2162 3947 2585 4010 Demonstratio.
2613 3947 2758 4016 quod
2777 3947 2941 4002 Pater
2963 3956 3055 4002 aut
3078 3943 3318 4016 Spiritus
3339 3957 3565 4003 sanctus

2047 4055 2158 4096 non
2193 4043 2266 4096 sit
2290 4041 2607 4096 incarnatus
2634 4054 2758 4094 cum
2794 4038 2952 4093 Filio.

1977 4152 2166 4210 XVIII.
2198 4152 2475 4209 Adversus
2508 4153 2634 4208 illos
2692 4153 2788 4224 qui
2817 4152 2961 4207 male
3001 4150 3222 4206 Christo
3250 4150 3562 4221 exemplum

2051 4244 2291 4299 hominis
2313 4244 2607 4313 applicant.

1907 4378 1952 4435 υ
1980 4355 2122 4413 XIX.
2157 4356 2466 4427 Capitulum
2497 4354 2822 4411 exsecrandi
2844 4352 3221 4410 Paulianistaa.

291 4463 382 4519 ις’.
415 4464 704 4535 Κεφάλαια
733 4465 1121 4535 συλλογιστικά
1161 4469 1304 4523 κατὰ
1336 4470 1686 4543 Σευηριανῶν
1704 4473 1869 4548 ἀφρός

1989 4467 2107 4522 XX.
2155 4468 2348 4540 Capita
2400 4467 2731 4540 syllogistica
2782 4474 2976 4521 contra
3029 4464 3352 4537 insipientes
3401 4429 3565 4522 Sere-

364 4572 496 4608 νων.

291 4664 432 4720 KA'.
479 4663 705 4734 Ἕτερον
740 4667 1038 4735 κεφάλαιον
1097 4666 1383 4737 σύντομον,
1444 4670 1503 4723 ὲν
1555 4666 1600 4739 ᾧ
1661 4671 1882 4726 ἀπόδει-

366 4757 450 4823 ξις
489 4759 571 4811 ὃτι
597 4760 659 4811 οὐ
713 4758 791 4811 δεῖ
829 4759 998 4828 ἄλλην
1039 4757 1215 4825 ἄλλως
1242 4762 1629 4832 μεταλλάττειν
1667 4765 1736 4819 τὰ
1757 4765 1882 4835 δόγ-

366 4863 537 4916 ματα.

288 4960 427 5014 ΚΒ’.
461 4961 752 5029 Κεφάλαια
770 4962 1024 5031 Γραφικὰ
1066 4962 1412 5034 ἀπορηθέντα
1447 4966 1582 5035 ἡμῖν
1618 4965 1725 5019 ὑπὸ
1753 4968 1884 5023 ἀπί-

254 5066 267 5079 '
371 5070 515 5106 στων
542 5070 555 5083 ·
582 5053 677 5106 καὶ
709 5053 959 5123 Ἀνδρέου
987 5054 1352 5139 Νεστοριανοῦ
1375 5056 1648 5127 κεφάλαια
1676 5059 1775 5115 κδ’.

288 5160 429 5216 EI“.
459 5161 615 5216 Κατὰ
641 5161 944 5216 Γαῖανιτῶν
966 5163 1024 5217 ὲν
1054 5166 1316 5236 ἐπιτομῇ.

287 5274 427 5332 KA'.
473 5273 582 5328 Τοῦ
611 5275 769 5342 ἁγίου
814 5275 1090 5329 Διονυσίου
1134 5277 1430 5347 ἀπόφασις,
1474 5281 1762 5349 φάσκουσα
1800 5286 1883 5339 ὅτι

366 5366 492 5420 κατ’
544 5366 740 5419 οὐδένα
781 5366 982 5436 τρόπον
1022 5368 1379 5441 ἐκοινώνησεν
1411 5374 1438 5424 ὁ
1486 5372 1695 5445 Πατὴίλ
1743 5372 1775 5445 ἦ
1824 5377 1886 5428 τὸ

366 5460 526 5527 ἅγιον
549 5458 775 5528 Πνεῦμα
802 5460 865 5527 τῇ
893 5458 984 5511 τοῦ
1010 5460 1182 5529 Λόγου
1215 5463 1507 5533 σαρκώσει,
1538 5467 1587 5518 εί
1617 5466 1690 5537 μὴ
1710 5467 1778 5538 τῇ
1804 5469 1887 5519 εύ-

365 5547 525 5618 δοκίᾳ
562 5547 720 5618 μόνῃ.
754 5548 926 5600 Τοῦτο
951 5549 1006 5602 δὲ
1046 5550 1416 5621 παρεθέμεθα,
1448 5552 1536 5606 διά
1566 5554 1627 5607 τὸ
1652 5554 1885 5625 φάσκειν

367 5637 633 5709 Σευῆρον,
661 5638 1079 5708 συνσαρκῶσθαι
1104 5640 1184 5711 τῷ
1222 5640 1339 5712 Υίῷ
1371 5643 1464 5697 τὸν
1495 5645 1717 5717 Πατέρα
1743 5685 1757 5706 .
1790 5649 1885 5701 καὶ

2056 4563 2262 4615 rianos.

1986 4671 2130 4727 XXI.
2156 4672 2314 4726 Aliud
2338 4672 2786 4740 compendiosum
2811 4682 2994 4742 caput,
3020 4673 3072 4726 in
3095 4686 3206 4742 quo
3236 4670 3546 4728 ostenditur

2058 4763 2313 4834 dogmata
2350 4779 2457 4817 nou
2489 4778 2613 4819 esse
2645 4763 3018 4818 inconstanter
3044 4763 3404 4818 immutanda.
3440 4840 3448 4847 _

1987 4959 2154 5015 XXII.
2186 4960 2378 5031 Capita
2412 4975 2480 5014 ex
2515 4960 2691 5015 sacris
2719 4959 2939 5015 Litteris
2967 4959 3036 5015 ab
3065 4958 3374 5013 intideIibus
3411 4958 3571 5014 nobis

2060 5052 2297 5121 objecta.
2329 5051 2561 5107 Andreae
2584 5052 2894 5107 Nestoriani
2924 5052 3102 5121 capita
3132 5051 3223 5105 24.

1989 5161 2176 5218 XXIII.
2210 5164 2414 5220 Contra
2442 5162 2720 5235 Gajanitas
2751 5166 2930 5220 brevis
2955 5145 3287 5220 dissertatio.

1989 5276 2181 5332 XXIV.
2233 5278 2478 5333 Assertio
2507 5280 2679 5333 sancti
2720 5274 2989 5349 Dionysii,
3040 5293 3144 5347 qua
3183 5274 3423 5331 afﬁrmat
3473 5275 3574 5331 Pa-

2062 5376 2199 5422 trem
2258 5377 2312 5423 ct
2365 5369 2626 5439 Spiritum
2678 5376 2928 5423 sanctum
2988 5369 3138 5422 nullo
3190 5369 3349 5423 modo
3403 5367 3575 5424 fuisse

2059 5459 2355 5530 participes
2388 5457 3000 5529 incarnationis-Verbi,
3034 5460 3138 5514 nisi
3160 5459 3277 5513 solo
3309 5459 3575 5528 benepla-

2061 5552 2171 5606 cito
2197 5564 2247 5606 et
2276 5566 2568 5607 consensu.
2598 5550 2710 5607 Hoc
2746 5553 3196 5621 interposuimus,
3227 5552 3373 5622 quod
3412 5549 3576 5605 Seve-

2063 5663 2159 5701 rus
2208 5647 2373 5715 dicat,
2422 5636 2637 5702 Patrcm
2686 5657 2741 5701 et
2788 5648 3056 5717 Spiritum
3103 5655 3348 5702 sanctum
3411 5642 3575 5699 simul
