4078 6302
262 277 331 346 ³41
1718 270 1862 332 για

1962 269 2099 331 ΗΧέ
3452 260 3537 327 42

328 388 454 443 Ὀτι
496 388 580 442 δεῖ
621 387 773 458 ἡμᾶς
816 384 923 457 πρὸ
958 384 1157 448 παντὸς
1199 381 1358 451 λόγου
1404 378 1842 451 ἀναθεματίζειν,

2021 378 2161 431 Ante
2200 371 2605 444 congressionis
2638 370 2850 427 initium
2885 385 3077 426 omnes
3103 369 3538 441 omnino-pravae

264 476 387 542 ὅσας
410 477 710 548 ὑπολήψεις
728 476 943 546 ψευδεῖς
973 471 1344 544 ὑπολαμϐάνει
1378 472 1507 542 περὶ
1537 470 1696 542 ἡμῶν
1721 471 1749 522 ὁ
1772 468 1842 523 δι’

1960 469 2290 540 suspiciones
2316 476 2370 523 et
2403 465 2711 536 opiniones.
2746 479 2885 534 quas
2915 463 3261 519 adversarius
3285 463 3353 518 de
3380 463 3540 519 nobis

267 571 525 633 ἐναντίας.
561 566 710 633 Οἴον,
739 570 829 621 ὅτε
861 567 997 639 πρὸς
1019 565 1265 636 ’Ἄραϐας
1300 562 1568 635 μέλλομεν
1596 560 1844 631 διαλέγε-

1960 561 2230 632 :oncepit,
2271 558 2641 622 detestandae,
2692 556 2938 627 dirisque
2979 554 3308 611 devovendae
3359 565 3538 612 sunt:

271 663 408 728 σθαι,
443 656 1163 733 προαναθεματίσωμεντὸν
1191 654 1421 724 λέγοντα
1468 652 1562 706 δύο
1596 650 1775 715 θεοὺς,
1808 648 1842 721 ἢ

1960 662 2009 709 ut
2042 653 2088 707 si
2116 668 2245 708 cum
2270 652 2540 706 Arabibus
2577 649 2996 721 depugnandum
3031 649 3102 703 sit
3133 689 3147 714 ,
3205 649 3543 704 anathemati

266 754 350 808 τὸν
378 728 607 821 λέγοντα
651 728 735 804 ὅτι
763 728 1061 820 ἐγέννησεν
1084 750 1113 801 ὀ
1144 736 1278 809 Θεὸς
1314 744 1593 815 σαρκικῶς
1624 744 1773 808 Υἱὸν,
1808 742 1843 814 ἢ

1960 744 2310 815 subjiciamus
2367 760 2493 801 eum
2551 743 2644 813 qui
2679 743 2812 797 dicit
2855 758 2868 794 :
2908 742 3047 796 duos
3096 740 3250 807 deos,
3298 742 3384 796 vel
3414 756 3541 811 eum

264 844 350 898 τὸν
413 839 829 913 προσκυνοῦντα
866 838 942 900 ὡς
964 836 1121 900 Θεὸν,
1164 829 1275 887 οἷον
1309 833 1505 904 δήποτε
1547 831 1754 903 κτίσμα
1787 831 1845 885 ἐν

1960 838 2042 907 qui
2093 839 2251 892 docet
2320 835 2488 891 Deum
2529 835 2783 906 genuisse
2827 833 3024 888 Filium
3066 849 3217 890 more
3271 835 3545 905 modoque

265 932 541 1004 ούρανῷῆ
585 931 678 984 ἐπὶ
725 930 850 1001 γῆς.
894 929 1129 999 Ὁμοίως
1175 927 1269 980 καὶ
1323 925 1459 996 πρὸς
1505 923 1606 987 τὰς
1652 923 1847 987 λοιπὰς

1960 927 2100 983 carni
2135 936 2441 982 consueto:
2490 928 2573 981 vel
2613 940 2768 992 eum,
2818 926 2910 995 qui
2954 926 3174 990 adorat,
3227 934 3287 981 ut
3334 924 3541 987 deum,

267 1020 503 1096 αἱρέσεις
563 1022 669 1094 χρὴ
718 1017 1281 1094 προσαναθεματίζειν
1332 1018 1466 1079 ὅσας
1511 1016 1642 1087 περί
1688 1014 1846 1086 ἡμῶν

1960 1020 2387 1090 qualemcunque
2410 1027 2713 1074 creaturam
2747 1019 2803 1073 in
2833 1019 2973 1074 coelo
3006 1026 3102 1073 aut
3139 1019 3193 1073 in
3217 1027 3380 1075 terra.
3416 1019 3543 1073 Pari
3576 1030 3579 1033 ‘

266 1118 474 1188 ψευδεῖς
513 1115 770 1178 ὑπονοίας
817 1114 947 1183 περὶ
999 1113 1235 1175 πίστεως
1274 1110 1483 1180 έχουσι.
1513 1106 1697 1164 Ταῦτα
1737 1108 1846 1178 γὰρ

1960 1110 2121 1166 modo
2166 1119 2376 1166 extera:
2413 1109 2686 1173 hrcreses,
2738 1124 3035 1180 omnesque
3075 1108 3230 1164 falsa:
3272 1109 3547 1180 opinatio-

268 1210 573 1278 ἀκούοντες,
606 1207 1032 1279 προθυμοτέρως
1060 1205 1155 1260 καὶ
1185 1205 1256 1258 τὰ
1291 1203 1455 1258 λοιπά
1478 1203 1745 1274 δέχονται.

1960 1217 2071 1270 nes,
2100 1202 2302 1272 quibus
2341 1200 2407 1255 de
2457 1200 2619 1255 nobis
2662 1200 2854 1254 imbuti
2886 1195 3068 1267 sunt,
3124 1200 3279 1271 prius
3315 1202 3546 1257 anathe-

1949 1301 2107 1357 mate,
2134 1291 2355 1361 percelli
2402 1290 2625 1347 debent.
2666 1289 2801 1345 Nam
2834 1306 2960 1346 cum
2994 1292 3096 1360 12
3134 1292 3251 1347 haec
3271 1292 3543 1358 audiunt,

1949 1384 2182 1440 alacrius
2213 1384 2438 1455 reliquis
2469 1399 2630 1439 aures
2660 1384 2947 1453 praebent.
2986 1421 2998 1428 .

337 1477 464 1531 Ὅτι
498 1475 602 1548 χρὴ
634 1474 919 1545 προλέγειν
944 1471 1108 1525 παντὶ
1139 1470 1511 1543 Μονοφυσίτῃ,
1546 1470 1630 1525 ὅτι
1661 1471 1762 1525 οὐκ
1784 1472 1849 1525 ἐκ

267 1569 365 1639 τῆς
390 1567 611 1619 συνόδου
638 1564 978 1636 Χαλκηδόνος
1008 1562 1144 1634 πρὸς
1164 1563 1307 1632 ὑμᾶς
1329 1562 1706 1633 ἀντιλέγομεν,
1732 1561 1849 1616 ἀλλ’

2020 1475 2178 1530 Omni
2238 1474 2630 1547 Monophysitae
2668 1475 2965 1545 praedicere
2998 1484 3243 1547 oportet;
3287 1492 3389 1533 nos
3434 1493 3547 1533 non

1950 1584 2015 1624 ex
2064 1570 2499 1625 Chalcedonensi
2550 1569 2793 1641 synodo,
2851 1569 2948 1625 sed
2998 1585 3063 1625 ex
3104 1568 3400 1639 Patribus,
3450 1571 3548 1641 qui

270 1659 333 1714 ὲκ
356 1659 465 1713 τῶν
497 1658 757 1728 Πατέρων
786 1655 893 1726 πρὸ
912 1656 1011 1726 τῆς
1038 1654 1277 1719 συνόδου,
1306 1652 1401 1718 οὓς
1420 1655 1516 1708 καὶ
1540 1654 1721 1725 ὑμεῖς,
1753 1652 1848 1707 καὶ

1960 1663 2235 1735 synodum.
2263 1671 2711 1727 antecesserunt,
2754 1672 2942 1718 contra
2992 1662 3114 1718 illos
3152 1678 3305 1717 arma
3357 1678 3546 1719 sume-

268 1754 430 1826 ἡμεῖς
466 1750 783 1822 ὀρθοδόξους
805 1746 1199 1820 ὁμολογοῦμεν.

342 1842 465 1897 Ὀτι
494 1841 577 1894 δεῖ
608 1840 755 1910 ἡμᾶς
788 1835 1294 1910 προασφαλίξεσθαι
1322 1837 1414 1892 τὸν
1446 1836 1850 1909 Μονοφυσίτην,

277 1934 367 1991 καὶ
410 1933 831 2003 ἀναθεματίζειν
863 1929 1172 2002 εἰλικρινῶς
1211 1928 1303 1983 τὸν
1362 1929 1437 1999 μὴ
1490 1928 1855 2000 ὁμολογοῦντα

276 2026 404 2079 Θεὸν
431 2024 685 2094 ἀληθινὸν
718 2023 811 2077 τὸν
848 2021 1103 2091 Χριστόν.
1134 2015 1249 2074 Εἴθ’
1286 2017 1459 2082 οὕτως
1511 2022 1854 2073 οἰκειοποιεῖ-

275 2118 395 2172 σθαι
421 2115 714 2188 πρόσωπον
750 2112 1023 2180 Ἰουδαίου,
1048 2112 1081 2184 ἢ
1104 2112 1196 2165 τοῦ
1228 2111 1589 2182 Σαμοσατέως
1612 2111 1851 2176 Παύλου,

270 2206 363 2260 καὶ
408 2204 757 2275 εἰσπράττειν
815 2203 1001 2267 αὐτὸν,
1058 2202 1119 2255 τὸ
1158 2202 1321 2255 πόθεν
1363 2201 1545 2272 δῆλον,
1591 2202 1673 2255 ὅτι
1718 2203 1850 2269 Θεὸς

273 2296 492 2368 ὕψιστός
547 2299 696 2351 ἐστιν
738 2298 767 2350 ὁ
805 2295 1077 2367 Χριστός;
1135 2294 1366 2358 καθὼςὸ
1419 2294 1728 2365 Ἀμμώνιος
1757 2312 1854 2348 πε-

1887 1742 1933 1798 Β
1960 1770 2021 1811 re
2048 1770 2220 1825 :quos
2242 1763 2296 1809 ct
2326 1770 2429 1810 nos
2458 1762 2512 1809 et
2531 1754 2608 1807 illi
2632 1754 2971 1825 orthodoxos
2999 1753 3544 1810 fuissecontitentur.

2032 1822 2463 1916 Mdnophysitam
2489 1822 2819 1914 praemunire
2859 1843 3161 1910 debemus,
3215 1855 3270 1899 et
3331 1843 3549 1898 sincere

1961 1938 2251 1992 anathema
2279 1937 2603 1992 denuntiare
2629 1938 2887 1994 omnibus
2944 1938 3059 1994 illis
3102 1938 3197 2008 qui
3221 1931 3337 1992 non
3373 1937 3547 1992 conti-

1962 2035 2146 2082 tentur
2181 2028 2461 2084 Christum
2492 2043 2615 2084 esse
2645 2044 2837 2083 verum
2868 2027 3062 2083 Deum.
3117 2026 3232 2083 Hoc
3264 2026 3408 2083 facto
3448 2027 3546 2081 in-

1961 2120 2175 2175 duenda
2206 2129 2292 2176 est
2328 2136 2565 2191 persona
2604 2120 2800 2186 Judaei,
2830 2122 2917 2177 vel
2964 2120 3115 2175 Pauli
3159 2120 3547 2184 Samosateni.

1960 2213 2424 2284 quaerendumque
2447 2230 2511 2271 ex
2546 2216 2661 2283 illo,
2694 2216 2839 2271 unde
2864 2215 3070 2285 liqueat
3120 2214 3400 2270 Christum
3424 2229 3550 2269 esse

1960 2304 2130 2359 Deum
2178 2304 2543 2374 altissimum;
2568 2308 3034 2377 quemadmodum
3069 2305 3196 2361 fecit
3219 2305 3549 2359 Ammonius

270 2390 464 2460 ποίηκε
509 2390 645 2460 πρὸς
699 2386 792 2442 τὸν
856 2384 1303 2456 Ἁλικαρνασσέα,
1353 2385 1547 2456 ἥντινα
1582 2383 1851 2445 ἀντίθεσιν

1960 2404 2152 2449 contra
2170 2396 2685 2466 Ilalicarnasszeum,
2716 2414 2880 2468 quam
2895 2397 3191 2454 antithesin
3214 2397 3461 2453 invenies
3491 2397 3548 2450 in

267 2483 521 2554 εὑρήσεις
552 2484 612 2535 ὲν
639 2480 717 2552 τῷ
739 2479 1004 2550 τετραδίῳ
1035 2477 1317 2548 κειμένην.

1961 2471 2155 2557 quarta
2183 2496 2356 2557 parte.
3315 2554 3321 2563 θ

335 2573 700 2646 Σημειωτέον,
736 2573 927 2643 ὅτιπερ
950 2571 1040 2625 διὰ
1090 2569 1183 2623 τοῦ
1231 2570 1515 2642 κράματος
1556 2568 1651 2623 τοῦ
1686 2587 1849 2640 ποτη-

2031 2576 2440 2635 Observandum
2471 2587 2577 2646 est,
2619 2578 3029 2650 Menephysitas
3079 2577 3198 2648 ipsa
3240 2576 3431 2633 calicis
3461 2575 3549 2632 sui

270 2664 410 2735 ρίου,
436 2658 498 2718 οῦ
543 2661 943 2734 προσφέρουσιν
973 2663 1020 2714 οἰ
1051 2662 1442 2729 Μονοφυσῖται,
1492 2654 1632 2713 οἶνον
1679 2660 1851 2730 ἄκρα-

1960 2672 2243 2729 oblatione
2276 2671 2551 2743 redargui.
2590 2673 2793 2727 Purum
2824 2672 2972 2726 enim
3003 2684 3329 2740 merumque
3359 2670 3549 2725 vinum

267 2773 359 2810 τον
386 2758 559 2827 χωρὶς
608 2755 798 2819 ὕδατος
843 2754 1239 2826 προσάγοντες,
1284 2753 1600 2822 ἐλέγχονται
1644 2752 1849 2820 σαφῶς.

1960 2759 2213 2827 oll’erunt,
2255 2761 2464 2832 absque
2514 2762 2841 2817 admistione
2906 2776 3080 2830 aqum.
3130 2758 3258 2826 Quo
3306 2759 3553 2815 indicant

275 2849 570 2920 Ἄκρατον,
603 2846 696 2900 καί
722 2844 920 2915 ἁπλῆν,
956 2844 1052 2898 καὶ
1079 2845 1254 2915 ἀμιγῆ
1278 2845 1459 2912 πάσης
1491 2843 1686 2915 μίξεως
1724 2862 1856 2917 σαρ-

1960 2850 2271 2920 Christum,
2324 2854 2393 2908 ab
2440 2854 2593 2909 omni
2647 2854 2895 2925 corporis
2959 2863 3015 2909 et
3068 2855 3265 2909 animae
3323 2869 3551 2910 concre—

272 2943 388 3008 κὸς,
432 2940 690 3013 ἢψυχῆς,
748 2937 961 3010 γυμνὴν
994 2937 1162 3017 μόνην
1201 2936 1431 3007 θεότητα
1462 2934 1853 3008 ὁμολογοῦντες

1960 2938 2110 2996 tione
2147 2941 2376 2997 liberum
2411 2983 2425 3007 ,
2479 2959 2544 2997 ex
2605 2944 2718 2999 sola
2771 2944 3027 3015 nudaque
3077 2944 3367 3001 divinitate
3404 2960 3551 3002 'cou-

272 3029 414 3091 εῖναι
443 3034 535 3088 τὸν
564 3030 825 3105 Χριστόν.

1964 3040 2137 3087 stare.

488 3234 649 3305 Hspl'
683 3236 944 3299 πίστεως
982 3234 1225 3300 ἕκθεσις
1273 3234 1343 3288 ἐν
1379 3233 1650 3304 ἐπιτομῇ.

360 3348 577 3413 Ἰστέον,
611 3348 707 3403 καὶ
732 3347 807 3418 μὴ
834 3346 1150 3416 ἀγνοητέον,
1180 3347 1263 3401 ὅτι
1293 3347 1354 3400 ού
1385 3346 1465 3400 δεῖ
1485 3348 1633 3417 ἡμᾶς
1661 3346 1864 3401 ἀϐασα‹

278 3438 495 3502 νίστως,
529 3438 625 3490 καὶ
656 3436 1078 3507 ἀπερισκέπτως
1109 3436 1208 3507 τὴν
1261 3436 1477 3490 οίανοῦν
1525 3438 1864 3510 δογματικὴν

279 3531 465 3600 φωνὴν
488 3529 687 3597 λέγειν.
714 3529 872 3581 Ἔστι
905 3527 1013 3598 γὰρ
1036 3529 1131 3580 κα)⁸
1168 3528 1430 3593 εὐσεϐῶς,
1465 3530 1559 3583 καὶ
1587 3529 1865 3594 δυσσεϐῶς

277 3623 455 3676 εἰπεῖν
491 3622 549 3674 ὲν
585 3619 664 3690 τῷ
705 3617 929 3691 Χριστῷ
980 3617 1073 3672 δύο
1115 3620 1308 3687 φύσεις
1337 3619 1539 3690 ὁμοίως
1572 3621 1668 3674 καὶ
1700 3620 1860 3694 Θελή-

281 3728 420 3777 σεις,
453 3710 545 3764 καὶ
591 3700 894 3783 ἐνεργείας,
930 3709 1025 3763 καὶ
1066 3711 1248 3764 πᾶσαν
1284 3709 1349 3763 ἂν
1378 3706 1716 3783 δογματικὴν
1751 3729 1865 3781 φω-

279 3804 403 3874 νήν.
438 3802 668 3873 Ὁμοίως
716 3802 811 3855 καὶ
840 3801 891 3854 οἰ
927 3799 1177 3868 λέγοντες
1221 3802 1280 3855 ὲν
1319 3801 1545 3871 Χριστῴ
1573 3801 1666 3856 δύο
1700 3820 1863 3871 φυσι-

285 3895 394 3959 κάς
452 3894 746 3964 ἰδιότητας,
794 3892 1253 3967 ἑρμηνευέτωσαν
1300 3893 1384 3956 τὸ,
1434 3892 1553 3958 πῶς
1592 3893 1772 3948 νοοῦσι
1802 3895 1865 3949 τὸ

281 3987 572 4058 φυσικόν.
602 3984 838 4039 Δύναται
870 3983 976 4056 γὰρ
1006 3984 1103 4038 καὶ
1140 3983 1404 4048 εὐσεϐῶς,
1450 3984 1545 4038 καὶ
1584 3984 1865 4049 δυσσεϐῶς

280 4075 559 4144 λέγεσθαι.
598 4073 830 4144 Εἴρηται
875 4073 984 4143 γὰρ
1016 4072 1265 4142 φυσικὸν,
1322 4074 1418 4126 καὶ
1460 4073 1523 4126 τὸ
1580 4073 1724 4128 κατά
1767 4074 1868 4146 τὴν

281 4165 470 4235 κοινὴν
496 4164 787 4235 συνήθειαν
832 4162 942 4215 τῶν
985 4161 1158 4231 ψιλῶν
1203 4161 1510 4234 ἀνθρώπων
1553 4163 1866 4234 γινόμενον.

282 4259 467 4327 Ὅπερ
503 4256 626 4310 οὐδὲ
675 4256 768 4311 ἐπὶ
829 4254 1091 4327 ἰδιότητος
1136 4255 1197 4308 ὲν
1256 4253 1334 4326 τῷ
1375 4254 1599 4325 Χριστῷ
1644 4254 1871 4309 δύναται

277 4349 558 4419 λέγεσθαι.

370 4613 648 4679 Ὡσαύτως
691 4615 847 4669 καίό
887 4613 1209 4686 βουλόμενος
1255 4614 1488 4687 ἑτέραν,
1538 4617 1634 4669 καὶ
1668 4614 1864 4689 ἑτέραν

281 4700 525 4776 Θέλησιν,
562 4707 658 4759 καὶ
685 4705 969 4776 ἐνέργειαν
1008 4706 1306 4776 κηρύττειν
1334 4708 1435 4777 τῆς
1462 4705 1737 4777 θεότητος,
1769 4707 1865 4760 καὶ

274 4798 383 4870 τῆς
420 4796 841 4870 ἀνθρωπότητος
876 4797 969 4852 τοῦ
1004 4797 1264 4868 Χριστοῦ,
1294 4797 1389 4869 μὴ,
1420 4797 1496 4861 ὡς
1537 4797 1694 4869 ἔτυχε
1727 4798 1867 4853 κατά

277 4907 435 4955 τινας
474 4889 834 4953 ἀπαιδεύτους
877 4890 1290 4962 ἀθυροστόμως,
1329 4891 1423 4945 καὶ
1459 4891 1863 4957 ἀϐασανίστως,

279 4981 380 5037 καὶ
402 4982 779 5053 ἀναισχύντως
803 4980 1077 5053 κραζέτω,
1095 4979 1190 5034 δύο
1211 4980 1423 5051 φύσεις,
1443 4981 1538 5036 καὶ
1561 4982 1862 5055 θελήματα,

276 5073 382 5130 καὶ
409 5071 502 5125 δύο
565 5071 803 5142 φυσικὰς
853 5072 1159 5143 ἐνεργείας.
1236 5073 1704 5128 Εὑσκανδάλιστον
1754 5075 1865 5146 γάρ

279 5162 426 5229 ἐστι,
462 5164 559 5217 καὶ
614 5163 856 5235 μάλιστα
904 5166 1020 5228 τοῖς
1069 5165 1487 5236 ἁπλουστέροις,
1533 5164 1594 5218 τὸ
1642 5165 1864 5220 ἀκούειν

276 5254 380 5309 ἐπὶ
405 5254 643 5327 Χριστοῦ
671 5255 765 5308 δύο
790 5258 1042 5325 φυσικὰ,
1075 5257 1215 5323 τόδε,
1246 5257 1342 5311 καὶ
1369 5258 1508 5312 τόδε.
1548 5257 1706 5312 Ἀλλά
1727 5259 1866 5329 μετά

274 5345 378 5400 τοῦ
412 5344 558 5399 θείου
582 5345 771 5414 φόϐου,
807 5347 902 5401 καὶ
923 5348 1105 5417 πάσης
1148 5347 1434 5411 εὐλαϐείας
1476 5351 1591 5411 τοῖς
1633 5347 1866 5419 δυναμέ-

276 5451 399 5500 νοις
433 5439 653 5509 χωρεῖν,
708 5436 935 5505 λεγέτω,
994 5438 1088 5490 καὶ
1120 5438 1525 5509 ἀποκρινέσθω,
1563 5439 1658 5493 καὶ
1686 5440 1864 5511 ἑρμη-

274 5531 508 5595 νευέτω,
543 5529 626 5593 τὸ,
658 5528 712 5581 τί
754 5530 886 5590 νοεῖ,
913 5527 1008 5580 καὶ
1047 5528 1164 5591 πῶς
1207 5530 1319 5581 νοεῖ
1347 5529 1439 5581 ἐπὶ
1491 5528 1730 5599 Χριστοῦ
1757 5529 1865 5600 τὴν

275 5621 450 5692 φύσιν
472 5639 486 5651 ·
516 5619 663 5673 τοῦτ’
688 5618 804 5671 ἔστι
835 5618 895 5671 τὸ
927 5617 1127 5689 ἀληθὲς
1158 5620 1410 5689 πρᾶγμα.
1447 5619 1561 5673 Καὶ
1604 5619 1664 5671 οὐ
1702 5618 1866 5689 φύσιν

278 5713 685 5781 ὕποστατικὴν,
716 5710 839 5781 ἦτοι
871 5710 1254 5779 προσωπικὴν,
1302 5709 1425 5764 οὔτε
1466 5710 1697 5780 φυσικὸν
1730 5726 1867 5781 σαρ-

526 5807 802 5868 ΡΑΤιιοι..
835 5804 951 5865 Gn.
993 5804 1320 5866 LXXXIX.

2424 3242 2603 3296 Brevis
2634 3242 2905 3311 expositio
2940 3242 3089 3311 ﬁdei.

2029 3327 2330 3384 Sciendum
2429 3332 2550 3385 sine
2603 3331 2854 3385 examine
2904 3341 2957 3386 et
3008 3330 3391 3399 disquisitione
3443 3346 3555 3388 non

1965 3420 2265 3489 quamlibet
2293 3436 2478 3476 vocem
2514 3423 2582 3477 ad
2614 3422 2867 3492 dogmata
2912 3422 3273 3492 pertinentem
3341 3422 3552 3492 ample-

1963 3513 2213 3567 ctendam
2242 3529 2383 3569 esse.
2417 3514 2561 3569 Fieri
2597 3515 2740 3569 enim
2775 3523 2954 3585 potest
3012 3524 3073 3569 ut
3106 3515 3228 3585 quis
3256 3514 3344 3584 pie
3371 3524 3424 3571 et
3452 3515 3553 3571 int-

1965 3603 2054 3672 pie
2094 3604 2231 3660 duas
2273 3606 2328 3659 in
2380 3605 2602 3661 Christo
2638 3615 2864 3661 naturas
2909 3615 3154 3673 asserat;
3198 3607 3454 3662 similiter
3499 3617 3555 3662 et

1965 3695 2104 3749 duas
2132 3697 2440 3752 voluntates
2461 3737 2478 3762 ,
2514 3707 2568 3755 et
2598 3698 2943 3768 operationes
2963 3738 2978 3765 ,
3027 3707 3082 3753 et
3119 3699 3302 3754 omnia
3333 3700 3439 3755 alia
3484 3702 3553 3755 ad

1966 3782 2272 3838 doctrinam
2298 3785 2419 3840 ﬁdei
2449 3788 2770 3856 spectantia.
2807 3786 2931 3842 Pari
2960 3789 3154 3854 modo,
3181 3787 3275 3857 qui
3310 3788 3364 3842 iu
3389 3788 3553 3843 Chri—

1965 3883 2053 3930 sto
2082 3875 2218 3931 duas
2255 3878 2537 3934 naturales
2567 3880 2928 3948 proprietates
2960 3887 3245 3944 statuunt,
3283 3880 3359 3933 illi
3390 3880 3555 3935 nobis

1966 3966 2236 4035 explicent
2294 3969 2453 4023 velim
2514 3969 2785 4039 quomodo
2853 3983 3040 4024 vocem
3096 3968 3243 4023 illam
3304 3971 3555 4025 naturale

1967 4058 2258 4127 accipiant.
2292 4059 2480 4115 Potest
2506 4060 2652 4115 enim
2689 4068 2745 4116 et
2779 4061 2950 4131 probe
2984 4069 3044 4118 et
3078 4061 3323 4130 improbe
3354 4062 3547 4133 accipi.

1967 4150 2175 4206 Dicitur
2207 4152 2352 4207 enim
2385 4153 2632 4209 naturale
2662 4154 2826 4209 etiam
2868 4154 2923 4209 id
2977 4154 3122 4224 quod
3149 4154 3210 4208 lit
3248 4155 3550 4211 secundum

1969 4256 2319 4298 communem
2350 4246 2800 4301 consuetudinem
2849 4260 3038 4300 eorum
3079 4246 3174 4315 qui
3228 4246 3362 4300 nihil
3402 4246 3550 4301 aliud

1970 4338 2099 4386 sunt
2139 4348 2303 4402 quam
2344 4334 2620 4398 homines;
2667 4334 2812 4403 quod
2843 4333 3095 4403 nequein
3124 4342 3339 4398 natura,
3374 4348 3553 4403 neque

1899 4430 1943 4487 ι)
1972 4422 2026 4476 in
2061 4423 2427 4492 proprietate,
2476 4432 2637 4494 prout
2675 4424 2744 4479 de
2786 4423 3006 4480 Christo
3036 4422 3291 4479 dicuntur
3313 4462 3328 4489 ,
3370 4421 3549 4479 locum

1969 4511 2151 4566 habet.

2042 4602 2244 4657 Eodem
2291 4602 2490 4669 modo,
2537 4602 2631 4672 qui
2662 4596 2779 4657 vult
2809 4602 2974 4657 aliam
3009 4610 3063 4658 et
3095 4602 3260 4657 aliam
3301 4601 3550 4656 volunta-

1968 4701 2075 4748 tem
2121 4703 2177 4749 et
2222 4694 2597 4766 operationem
2632 4694 2934 4769 divinitatis
2982 4703 3039 4750 et
3091 4693 3453 4749 humanitatis
3492 4693 3550 4749 in

1966 4782 2187 4839 Christo
2216 4784 2511 4855 praedicare
2536 4802 2552 4852 ;
2586 4785 2634 4841 is
2657 4800 2787 4850 non,
2812 4796 2875 4840 ut
2909 4799 3030 4841 sors
3060 4783 3201 4851 fert,
3233 4802 3383 4840 more
3408 4801 3551 4856 quo-

1968 4873 2220 4929 rumdam
2262 4864 2680 4944 imperitorum,
2725 4875 2876 4931 illoto
2924 4889 3054 4940 ore,
3101 4875 3463 4946 incogitanter
3495 4888 3551 4932 et

1969 4966 2312 5037 impudenter
2345 4966 2588 5022 clamitet
2614 4968 2752 5022 duas
2782 4976 3009 5023 naturas
3034 4976 3088 5022 et
3120 4968 3464 5035 voluntates;
3494 4978 3551 5024 et

1968 5060 2105 5113 duas
2137 5059 2413 5115 naturales
2441 5059 2818 5128 operationes;
2855 5075 2980 5114 nam
3009 5060 3151 5129 apud
3185 5059 3548 5130 simpliciores

1968 5151 2287 5206 scandalum
2322 5150 2588 5207 facillime
2626 5153 2875 5223 paritur,
2910 5167 3036 5207 cum
3066 5150 3297 5206 audiunt
3335 5152 3444 5207 duo
3492 5151 3548 5207 in

1966 5243 2187 5300 Christo
2225 5245 2448 5316 physica
2489 5260 2585 5301 seu
2633 5244 2943 5310 naturaiia;
2994 5246 3100 5300 hoc
3144 5244 3403 5299 nimirum
3420 5284 3447 5311 .,
3495 5253 3550 5300 et

1969 5336 2100 5391 illud
2131 5354 2145 5392 :
2186 5337 2279 5393 sed
2322 5337 2509 5393 divino
2545 5339 2739 5393 timore
2808 5337 3068 5407 omnique
3100 5336 3401 5393 reverentia
3436 5336 3552 5407 οισι·

1968 5446 2094 5496 nus,
2131 5430 2235 5496 his,
2278 5430 2373 5500 qui
2401 5445 2630 5501 capaces
2663 5440 2811 5495 sunt,
2839 5430 3156 5502 mysterium
3174 5431 3291 5487 hoc
3322 5430 3549 5501 pandat,

1968 5531 2300 5592 rogatusque
2342 5522 2705 5591 respondeat,
2749 5531 2805 5577 et
2835 5522 3068 5592 explicet
3093 5516 3131 5588 ,’
3156 5522 3289 5593 quid
3328 5522 3552 5576 nomine

1970 5625 2217 5681 naturae;
2257 5625 2312 5669 et
2336 5616 2612 5683 quomodo
2644 5625 2856 5672 naturae
2886 5615 3213 5671 vocabulum
3249 5614 3303 5670 in
3331 5613 3553 5670 Christo

1968 5707 2236 5780 accipiat;
2270 5707 2518 5767 videlicet
2568 5724 2665 5781 pro
2712 5711 2828 5782 ipsa
2864 5710 2945 5766 rei
2988 5708 3249 5775 veritate,
3291 5722 3397 5763 non
3448 5718 3553 5775 pro

3190 5802 3239 5867 2
