4022 6300
534 340 607 406 43
900 315 910 333 ’
1735 341 1797 399 s.
1840 332 2241 399 ANASTASII
2284 328 2611 393 SINAITxE
3322 324 3325 327 '
3733 320 3803 386 tt.

539 459 731 505 natura
759 460 882 519 qua!
914 446 989 504 sit
1017 446 1332 519 hypostasis
1373 456 1467 505 aut
1506 464 1772 520 persona,
1813 464 1993 519 neque
2035 461 2132 517 pro

2239 444 2334 507 κὸς
2363 442 2551 513 μόριον
2574 455 2589 472 ⁸
2621 437 2761 493 ἀλλὰ
2778 436 2874 491 δῦο
2898 436 3153 509 ἡνωμένα
3174 433 3297 491 καθ’
3323 432 3622 488 ὑπόστασιν
3644 431 3810 508 ἀληθῆ

536 539 779 595 naturali
823 538 1010 594 carnis
1055 539 1317 609 particula
1358 558 1374 607 ;

534 633 701 688 rebus
725 646 832 688 una
864 631 921 685 in
957 630 1233 703 hypostasi
1274 631 1441 688 nnitis
1477 672 1493 698 ,
1547 632 1652 689 hoc
1697 641 1819 698 est,
1864 646 1966 702 pro
2005 646 2131 702 per-

536 724 681 781 fecta
725 723 965 788 deitate,
1009 732 1065 779 et
1105 722 1343 794 perfecta
1394 725 1772 791 humanitate,
1807 723 2128 788 inconfuse,

536 817 988 878 immulabiliter.
1044 825 1099 872 et
1140 817 1576 885 indivisibititer,
1629 819 1682 872 in
1736 833 1843 873 una
1899 830 2129 888 persona

535 911 743 967 Christi
807 910 1120 982 copulatis:
1181 925 1294 965 una
1350 911 1503 966 enim
1552 926 1788 983 persona
1840 909 2128 976 Christus,

518 988 760 1076 'unaquc
802 1002 1134 1074 hypostasis.

612 1095 714 1166 13
754 1093 1021 1151 Similiter
1051 1108 1250 1151 moneo
1304 1105 1367 1151 ut
1391 1098 1610 1152 auditor
1636 1098 1804 1152 etiam
1832 1097 1901 1153 de
1937 1095 2135 1151 volun-

538 1189 742 1245 tatibus
778 1187 1195 1258 pmmuniatur,
1250 1203 1316 1244 ac
1354 1189 1587 1261 proinde
1632 1190 1802 1246 dicito
1844 1207 1861 1244 :
1896 1202 1997 1245 nos
2028 1188 2134 1244 mi-

537 1280 688 1336 nime
717 1278 1008 1346 allirmare,
1046 1281 1103 1335 in
1132 1280 1354 1338 Christo
1380 1281 1517 1337 duas
1538 1282 1848 1338 voluntates
1875 1281 1981 1338 sibi
2007 1295 2132 1337 mu-

524 1383 656 1435 stuo,
706 1378 764 1424 ut
795 1371 1150 1440 adversarius
1196 1372 1492 1441 existimat,
1529 1380 1893 1445 repugnantes
1933 1380 1992 1429 et
2036 1372 2133 1429 ad-

418 1480 437 1491 ο
520 1472 861 1524 versantes;
915 1475 1092 1530 neque
1120 1460 1461 1519 voluntatem
1489 1465 1639 1518 carni
1672 1464 1967 1535 pravisque
1995 1462 2130 1519 οπε-

509 1551 816 1607 -τέιίοιιὶὺιιε
845 1562 899 1606 et
928 1552 1322 1623 cupiditatibus
1348 1553 1675 1623 obnoxiam;
1704 1556 1827 1629 hoc
1853 1557 2000 1611 enim
2031 1571 2132 1613 ne-

524 1633 648 1714 ~qle
674 1644 952 1700 daemones
984 1645 1050 1699 de
1079 1644 1301 1702 Christo
1333 1661 1587 1702 asserere
1617 1646 1834 1715 ausint;
1871 1649 1965 1704 scd
2003 1665 2128 1704 cum

516 1735 841 1806 .perl‘ectum
888 1736 1165 1791 hominem
1209 1739 1595 1808 assumpseril,
1648 1748 1708 1794 ut
1743 1749 1914 1795 totum
1950 1741 2130 1797 salva-

1436 545 1529 597 sed
1582 556 1682 611 pro
1734 540 1944 596 duabus
1990 539 2143 593 veris.

2236 535 2562 604 πράγματα,
2596 530 2743 585 τοῦτ’
2772 531 2911 595 ἐστι,
2945 529 3154 583 τελείαν
3178 527 3434 599 θεότητα,
3478 526 3574 581 καὶ
3608 526 3811 580 τελείαν

2234 624 2654 697 ἁνθρωπότητα,
2694 621 3039 692 άσυγχὺτως,
3071 620 3380 691 ἀτρέπτως,
3406 616 3725 687 ἀδιαιρέτως
3755 617 3810 670 ἐν

2233 717 2316 771 ἐνὶ
2341 715 2622 787 προσώπῳ
2650 713 2912 786 Χριστοῦ.
2939 714 3037 768 Ἐν
3061 711 3171 783 γὰρ
3195 709 3486 783 πρόσωπον
3505 710 3535 764 ὁ
3561 706 3807 780 Χριστὸς,

2235 809 2337 882 μία
2361 809 2418 865 δὲ
2453 808 2773 872 ὑπόστασις.

2313 1075 2550 1147 Ὀμοὶως
2579 1071 2886 1145 παρακαλῶ
2912 1069 3009 1124 κοιλ⁵
3037 1068 3167 1141 περὶ
3192 1066 3320 1138 θελη
3329 1065 3514 1136 μάτων
3536 1079 3713 1137 προοισ
3728 1079 3813 1131 ρα-

2232 1169 2478 1237 λίζεσθαι
2528 1167 2622 1222 τὸν
2672 1161 2972 1238 ἀκροατὴν,
3027 1161 3124 1215 καὶ
3175 1159 3356 1227 λέγειν
3404 1153 3574 1226 αὐτῷ,
3623 1156 3702 1208 ὅτι
3738 1152 3811 1207 0-3

2230 1264 2398 1333 λέγω,
2436 1260 2514 1333 μὴ
2542 1260 2776 1330 γένοιτο,
2806 1257 2865 1310 ἐν
2896 1252 3118 1327 Χριστῷ
3148 1251 3242 1306 δύο
3281 1249 3583 1320 Θελήματα,
3631 1244 3811 1314 ῶσπερ

2234 1358 2298 1412 σὺ
2334 1355 2579 1426 νομίζεις
2631 1352 2848 1413 ἑαυτοῖς
2901 1347 3209 1420 μαχόμενα,
3261 1344 3356 1398 καὶ
3406 1337 3812 1408 ἐναντιούμενα.

2232 1449 2368 1505 Οὐδὲ
2404 1447 2541 1510 ὅλως
2566 1444 2778 1515 θέλημα
2807 1439 3091 1513 σαρκικὸν,
3122 1437 3156 1508 ἢ
3187 1434 3454 1507 ἐμπαθὲς,
3488 1432 3522 1503 ἦ
3552 1428 3811 1500 πονηρόνο

2228 1540 2392 1595 τοῦτο
2445 1537 2555 1610 γάρ
2602 1535 2724 1590 οὐδὲ
2769 1535 2818 1588 οἱ
2868 1531 3123 1602 δαίμονες
3178 1525 3455 1596 τολμῶσιν
3506 1525 3681 1577 εἰπεῖν
3727 1521 3815 1574 ἐπὶ

2230 1631 2493 1706 Χριστοῦ.
2530 1627 2673 1684 Ἀλλ’
2701 1623 2889 1695 ἐπειδὴ
2916 1623 3121 1676 τέλειον
3151 1619 3241 1674 τὸν
3282 1618 3569 1706 ἄνθρωπον
3607 1614 3812 1706 ἐλαϐεν,

2228 1705 2298 1781 ῖν⁴
2340 1725 2461 1778 ὅλον
2511 1721 2689 1792 σώσῃ,
2737 1719 2833 1772 καὶ
2864 1713 3070 1776 τέλειός
3114 1713 3263 1764 ἐστιν
3307 1710 3366 1762 ἐν
3413 1705 3813 1777 άνθρωπότητι,

539 1838 643 1893 ret,
672 1828 945 1898 perlectus
969 1838 1023 1883 et
1044 1829 1161 1899 ipse
1189 1830 1355 1886 homo
1379 1795 1463 1893 est
1492 1831 1548 1885 in
1575 1832 1933 1888 humanitate.
1953 1824 2131 1904 Cujus

2236 1817 2426 1873 τούτου
2449 1816 2606 1887 χάριν
2637 1811 2850 1880 Θέλημα
2878 1808 2976 1880 μὲν
3007 1806 3151 1861 θεῖον
3179 1803 3415 1904 λέγομεν
3437 1800 3530 1901 ἐπὶ
3555 1799 3598 1851 Χ
3608 1795 3813 1904 ριστοῇ

514 1921 984 1992 .gratia.ilivinam
1035 1922 1255 1993 quidem
1300 1922 1639 1977 voluntatem
1692 1923 1747 1977 in
1778 1924 2001 1979 Christo
2031 1939 2128 1994 ap-

518 2015 803 2085 ..pcllamus
831 2015 941 2069 vim
968 2023 1022 2070 et
1049 2013 1334 2069 arbitrium
1366 2012 1660 2084 illud,quo
1688 2013 1836 2069 velut
1866 2013 2131 2069 Dominus

482 2104 493 2114 ’
551 2108 807 2162 mandata
837 2107 931 2162 dat
957 2115 1012 2162 et
1041 2114 1307 2176 praecepta
1341 2106 1492 2176 ﬁgit;
1544 2120 1641 2176 per
1672 2106 1969 2160 humanam
2001 2120 2131 2161 vero

530 2197 885 2253 rvoluntatem
914 2198 966 2252 in
986 2197 1226 2264 Christo,
1241 2197 1378 2251 nihil
1394 2198 1538 2251 aliud
1552 2196 1935 2270 intelligimus;
1964 2211 2129 2267 quam

538 2289 753 2345 volendi
774 2288 1107 2351 facultatem,
1125 2303 1232 2359 qua
1249 2289 1431 2343 anima
1458 2288 1687 2344 rationis
1720 2289 1988 2359 particeps
2004 2289 2120 2357 pol-

540 2383 655 2450 let;
681 2396 955 2452 quemque
991 2382 1293 2437 secundum
1320 2381 1610 2452 imaginem
1646 2389 1701 2437 et
1718 2381 2128 2439 similitudinem

420 2514 425 2523 λ
541 2473 662 2539 Dei,
693 2474 794 2530 sibi
819 2489 850 2528 a
877 2472 988 2529 Deo
1010 2488 1327 2529 concessam
1352 2482 1407 2527 et
1431 2472 1773 2542 inspiratam,
1807 2475 1911 2529 sub
1948 2475 2128 2543 ipsum

528 2562 843 2619 «crcationis
870 2577 986 2618 suae
1018 2569 1376 2639 momentum,
1407 2563 1654 2632 possidet
1684 2578 1749 2618 eo
1785 2563 1914 2629 line,
1955 2575 2014 2619 ut
2034 2579 2131 2636 per

541 2654 688 2709 hanc
734 2653 909 2725 ipsam
938 2653 1150 2709 volcndi
1178 2664 1231 2708 et
1260 2653 1672 2724 obtemperandi
1701 2655 1999 2726 potentiam
2046 2656 2132 2711 di-

541 2745 727 2800 vinam
780 2745 1111 2801 voluntatem
1167 2745 1461 2815 divinaque
1505 2746 1763 2802 mandata
1813 2746 2028 2818 expleat
2076 2756 2132 2802 et

529 2835 812 2907 ,perliciat.
859 2835 1010 2903 Quod
1044 2837 1089 2892 si
1135 2835 1320 2891 anima
1346 2834 1551 2893 Christi
1587 2837 1842 2892 rationali
1873 2837 2133 2901 facultate

546 2929 871 3001 volcndique
900 2936 1169 3000 potestate
1196 2929 1410 3000 privata
1440 2938 1558 2997 est,
1604 2929 1853 3001 sequitur
1879 2944 1999 2985 eam
2032 2946 2131 2986 ne-

544 3033 658 3089 que
690 3020 756 3074 ad
787 3018 1196 3075 similitudinem
1226 3019 1319 3074 Dei
1350 3019 1651 3086 conditam,
1677 3035 1854 3090 neque
1885 3021 2130 3091 ejusdem

544 3126 683 3166 cum
714 3112 1000 3167 animabus
1034 3110 1237 3166 nostris
1269 3111 1591 3166 substantiae
1608 3126 1764 3178 esse;
1800 3115 1897 3167 sed
1924 3127 1993 3167 ex
2025 3129 2129 3167 nu-

2230 1913 2330 1982 τὴν
2364 1906 2699 1977 Δεσποτικὴν
2728 1903 2838 1956 τῶν
2874 1895 3317 1972 προσταγμάτων
3354 1890 3541 1955 αὐτοῦ,
3585 1889 3679 1944 καὶ
3710 1887 3816 1942 τῶν

2231 1981 2463 2060 ἐντολῶν
2493 1997 2813 2072 ἐπιτροπὴν,
2836 1993 3056 2064 θέλημα
3084 1990 3141 2044 δὲ
3168 1986 3509 2060 ἀνθρώπινον
3538 1984 3700 2037 πάλιν
3732 1981 3816 2033 ἐπ’

2231 2097 2395 2152 αὑτοῦ
2425 2094 2656 2164 νοοῦμεν
2680 2090 2778 2162 τὴν
2806 2085 3096 2159 Θελητικὴν
3118 2083 3220 2153 τῆς
3247 2081 3442 2149 νοερᾶς
3469 2076 3649 2148 ψυχῆς
3671 2074 3807 2128 δύνα-

2236 2209 2350 2262 μιν,
2390 2188 2490 2258 τὴν
2516 2184 2638 2240 κατ’
2672 2181 2879 2246 εἰκόνα,
2923 2177 3016 2231 καὶ
3059 2175 3321 2245 ὁμοίωσιν
3369 2167 3507 2262 Θεοῦ
3551 2167 3690 2262 αὐτῇ
3731 2164 3813 2217 δο-

2231 2257 2552 2344 δεῖσανριαὶ
2575 2270 3060 2348 ἐμπνευι’σ]θεῖσαν
3087 2266 3193 2321 ὑπὸ
3212 2262 3373 2328 Θεοῦ,
3391 2260 3553 2333 ἡνίκα
3572 2257 3815 2348 γέγονεν,

2231 2376 2312 2437 εἰς
2340 2372 2399 2425 τὸ
2434 2370 2501 2424 δι’
2532 2346 2705 2437 αὐτῆς
2732 2364 3040 2434 δυνάμεως,
3077 2355 3390 2430 βούλεσθαι,
3438 2352 3533 2407 καὶ⁵
3573 2346 3818 2403 ὑπακού-

2232 2483 2334 2532 ειν,
2384 2463 2480 2517 καὶ
2524 2460 2699 2515 ποιεῖν
2724 2457 2786 2511 τὸ
2817 2455 2960 2508 θεῖον
2994 2452 3229 2521 Θέλημα,
3275 2445 3461 2500 καὶτὰ
3498 2443 3617 2497 θεῖα
3645 2455 3818 2510 προσ-

2231 2558 2509 2628 τάγματα.
2568 2554 2633 2606 Εί
2675 2552 2732 2605 δέ
2764 2549 3056 2619 ἐστέρηται
3089 2546 3122 2614 ἠ
3152 2541 3247 2596 τοῦ
3276 2534 3693 2628 Χριστοῦᾼψυχὴ
3722 2533 3820 2603 τῆς

2230 2624 2482 2718 λογικῆς,
2519 2645 2614 2700 καὶ
2645 2640 2954 2713 θελητικῆς,
2990 2636 3087 2690 καὶ
3123 2628 3476 2705 βουλευτικῆς
3514 2624 3818 2718 δυνάμεως.

2231 2714 2561 2803 ὅντωςνοὺτε
2593 2735 2715 2789 κατ’
2750 2732 2938 2786 εἰκόνα
2968 2725 3107 2781 Θεοῦ
3150 2727 3297 2778 ἐστιν
3328 2721 3451 2775 οὔτε
3484 2719 3593 2790 μὴν
3618 2714 3820 2788 όμοού-

2232 2849 2349 2896 σιος
2378 2829 2488 2884 τῶν
2515 2826 2801 2899 ἡμετέρων
2831 2820 3020 2894 ψυχῶν
3051 2817 3309 2888 ὑπάρχει.
3352 2812 3517 2867 Ἀλλὰ
3556 2808 3671 2899 τῶν
3694 2806 3821 2862 ἀθε-

2230 2884 2360 2987 λσᾷζ,
2388 2922 2483 2976 καὶ
2513 2884 2878 2981 άὲουλεύτων,
2904 2884 2999 2966 καὶ
3028 2884 3268 2978 ἀσόφων,
3301 2905 3396 2959 καὶ
3429 2884 3821 2971 ἀδιαλογίστων

2231 3018 2444 3086 ἀλόγων
2474 3011 2684 3084 ψυχῶν.
2714 3009 2826 3064 Καὶ
2851 3008 2952 3060 οὐκ
2981 3004 3060 3057 ἔτι
3093 3001 3325 3056 λοιπὺνό
3349 2994 3584 3067 Χριστὸς
3612 2992 3817 3052 τέλειος

2232 3113 2291 3167 ἐν
2318 3108 2417 3165 άνθ
2428 3106 2701 3182 ρωπότητι
2730 3101 2953 3156 δύναται
2981 3092 3260 3165 λέγεσθαι.

534 3218 704 3260 .mero
753 3202 969 3259 illarum
1021 3204 1147 3270 erit,
1196 3220 1317 3276 quae
1360 3206 1577 3261 volendi
1631 3208 1884 3276 potentia:
1919 3222 2146 3278 prorsus
2219 3215 2349 3265 sunt
2381 3179 2666 3276 cipertes,
2728 3197 2993 3266 omnique
3042 3189 3307 3263 sapientia
3351 3196 3406 3244 et
3455 3179 3819 3241 ratiocinandi

548 3300 749 3356 virtute
775 3308 984 3356 carent.
1024 3298 1137 3357 Nec
1162 3299 1230 3356 de
1262 3308 1460 3356 caetero
1491 3301 1689 3372 poterit
1718 3300 1971 3359 Christus
2019 3301 2295 3374 perlectus
2328 3303 2384 3356 in
2421 3296 2758 3355 humanitate
2789 3291 2997 3348 vocari.

618 3412 786 3485 Igitur
812 3410 1091 3477 Christus,
1140 3412 1234 3484 qui
1266 3413 1322 3468 in
1357 3412 1535 3469 forma
1564 3412 1657 3470 Dei
1688 3421 1793 3480 est,
1840 3414 2005 3470 habet
2041 3429 2131 3470 se-

2303 3409 2515 3466 Οὑκοῦν
2563 3409 2677 3480 ἔχει
2719 3408 2749 3460 ό
2782 3403 3021 3476 Χριστὸς
3054 3401 3112 3455 ἐν
3162 3399 3343 3471 μορφῇ
3381 3392 3519 3450 Θεοῦ
3554 3392 3823 3485 ὑπάρχων

550 3506 792 3562 cundum
824 3505 1061 3560 divinam
1086 3514 1337 3560 naturam
1367 3506 1705 3563 voluntatem
1738 3521 1996 3574 supremo
2021 3506 2130 3563 Do-

553 3599 704 3653 mino
732 3605 1196 3665 consentaneam;
1227 3612 1572 3654 communem
1603 3616 1724 3655 cum
1755 3599 1915 3656 Patre
1939 3609 1993 3655 et
2014 3599 2134 3670 ipso

546 3700 746 3749 sancto
777 3689 1008 3762 Spiritu.
1043 3687 1218 3747 Habet
1245 3690 1431 3747 itidem
1473 3682 1527 3745 in
1566 3690 1741 3746 forma
1772 3694 1937 3758 servi,
1966 3707 2131 3763 quam

553 3784 752 3851 induit,
789 3785 1167 3851 voluntatem;
1218 3784 1574 3840 intellectuali
1605 3786 1747 3855 ejus,
1782 3794 1836 3840 et
1865 3784 2134 3841 immacu-

553 3878 678 3934 lata;
705 3878 904 3934 animae
944 3885 1377 3948 competentem;
1429 3877 1701 3933 conditam
1735 3878 1802 3933 ad
1839 3878 2133 3949 imaginem

554 3978 611 4025 et
642 3965 1057 4024 similitudinem
1088 3965 1214 4032 Dei;
1264 3981 1494 4036 qumque
1535 3967 1868 4029 voluntatem
1919 3965 2131 4022 Domini

553 4060 894 4131 exsequitur.
922 4058 981 4113 Si
1004 4074 1134 4130 ergo
1153 4058 1359 4114 tollitur
1382 4059 1633 4116 voluntas
1661 4074 1727 4115 ex
1760 4067 1946 4115 sancta
1975 4069 2029 4115 et
2050 4061 2134 4113 in-

438 4182 442 4186 η
554 4150 849 4208 tellectuali
880 4149 1062 4205 anima
1088 4147 1311 4215 Christi,
1341 4164 1564 4207 necesse
1589 4151 1714 4218 erit,
1748 4159 1808 4205 ut
1835 4150 2133 4207 secundum

556 4242 920 4307 divinitatem,
955 4240 1098 4296 servi
1128 4240 1320 4310 instar,
1356 4241 1681 4312 subjiciatur
1712 4240 1880 4307 Patri,
1929 4240 2136 4296 Patris-

556 4350 665 4406 que
698 4333 1034 4390 voluntatem
1065 4333 1309 4404 impleat.
1343 4330 1437 4388 Sic
1474 4333 1621 4388 enim
1651 4331 1814 4387 Arius
1843 4340 1897 4386 et
1939 4331 2137 4385 Diodo-

555 4432 654 4484 ‘rus
702 4426 1169 4497 blasphemarunt,
1219 4425 1357 4481 duas
1409 4425 1721 4481 voluntates
1774 4423 1828 4477 in
1879 4423 2040 4479 Patre
2084 4433 2139 4479 ct

554 4520 696 4577 Filio
722 4519 1025 4577 secundum
1059 4518 1398 4573 divinitatem
1439 4517 1840 4573 constituentes
1869 4534 1882 4570 :
1912 4516 2135 4571 alteram

555 4614 738 4670 Patris
790 4624 1052 4684 tanquam
1102 4608 1359 4675 Domini,
1419 4608 1645 4665 alteram
1706 4608 1830 4663 Filii
1878 4617 2135 4680 tanquam

2234 3505 2376 3560 κατὰ
2423 3502 2522 3575 τὴν
2575 3500 2843 3571 (νεότητα,
2891 3496 3105 3567 θέλημα
3131 3488 3486 3552 Δεσποτικὸν,
3526 3487 3665 3555 ὅπερ
3692 3481 3815 3575 ἐστὶ

2233 3597 2410 3652 κοινὸν
2441 3573 2674 3666 Πατρὸς,
2704 3590 2803 3646 καὶ
2828 3587 2993 3643 αὑτοῦ
3021 3586 3114 3642 τοῦ
3148 3584 3304 3653 ἁγίου
3334 3579 3675 3650 Πνεύμαιιτος⁸
3704 3573 3819 3644 ἔχει

2232 3690 2290 3745 δὲ
2319 3689 2394 3754 ὡς
2426 3687 2641 3760 μορφὴν
2668 3684 2854 3760 δούλου
2882 3679 3064 3735 λαϐὼν
3082 3719 3099 3744 ,
3133 3678 3227 3731 καὶ
3250 3676 3310 3729 τὸ
3335 3674 3548 3743 θέλημα
3575 3672 3677 3740 τῆς
3705 3682 3824 3721 νοε-

2236 3784 2357 3855 ρᾶς,
2390 3758 2781 3851 καὶίὰχράντου
2813 3772 2980 3830 αὐτοῦ
3007 3771 3209 3842 ψυχῆς,
3239 3769 3302 3822 τὸ
3333 3764 3456 3821 κατ’
3484 3763 3695 3855 είκόνα,
3727 3760 3826 3813 καὶ

2234 3853 2493 3948 όμοίωσιν
2514 3869 2670 3936 Θεοῦ,
2696 3868 2871 3940 ἐκπλη
2881 3865 3074 3938 ροῢντα
3094 3863 3152 3916 τὸ
3174 3860 3384 3931 θέλημα
3405 3856 3498 3911 τοῦ
3521 3853 3822 3909 Δεσπότου⁶

2235 3970 2285 4022 ει
2334 3966 2390 4019 δὲ
2440 3965 2746 4034 ἀναιρεῖται
2792 3961 2854 4012 τὸ
2894 3957 3108 4028 θέλημα
3141 3954 3244 4024 τῆς
3285 3951 3445 4022 ἁγίας
3482 3951 3578 4005 καὶ
3625 3947 3828 4019 νοερᾶς

2237 4059 2401 4115 αὑτοῦ
2427 4059 2621 4130 ψυχῆς,
2646 4053 3001 4126 εὑρεθήσεται
3028 4049 3171 4103 κατὰ
3190 4048 3288 4120 τὴν
3316 4046 3543 4117 θεότητα
3562 4039 3829 4104 δουλικῶς

2238 4152 2618 4224 ὑποκείμενος,
2672 4149 2768 4204 καὶ
2819 4145 3042 4218 πληρῶν
3084 4143 3146 4197 τὸ
3192 4141 3405 4212 Θέλημα
3449 4137 3544 4192 τοῦ
3583 4134 3827 4208 Πατρός.

2232 4245 2427 4309 ῡῦτως
2468 4244 2576 4316 γὰρ
2615 4244 2643 4295 ὁ
2681 4241 2919 4310 Ἀρειος,
2966 4237 3062 4290 καὶ
3104 4235 3365 4306 Διόδωρος
3398 4231 3830 4301 ἐδυσφήμησαν,

2237 4337 2330 4392 δύο
2377 4335 2659 4405 θελήματα
2691 4330 2943 4398 λέγοντες
2977 4326 3118 4382 κατὰ
3164 4324 3262 4397 τὴν
3299 4324 3531 4393 θεότητα
3586 4319 3680 4373 ἐπὶ
3730 4317 3831 4373 τοῦ

2240 4426 2475 4498 Πατρὸς,
2512 4426 2607 4479 καὶ
2633 4421 2728 4477 τοῦ
2758 4421 2890 4476 Υίοῦ
2912 4434 2928 4450 ⁸
2960 4420 3022 4473 τὸ
3057 4419 3155 4489 μὲν
3186 4417 3281 4470 τοῦ
3315 4412 3528 4486 Πατρὸς
3563 4415 3835 4466 Δεσποτιο

2240 4520 2334 4574 κόν
2360 4536 2373 4550 ·
2411 4520 2472 4572 τὸ
2502 4517 2561 4571 δὲ
2599 4516 2693 4570 τοῦ
2723 4513 2856 4569 Υίοῠ
2891 4512 3160 4566 δουλικὸν.
3193 4509 3303 4565 Καὶ
3332 4507 3421 4562 διὰ
3449 4506 3608 4561 τοῦτο
3647 4503 3832 4572 λέγει,

2241 4617 2431 4685 φησιν,
2481 4614 2510 4666 ό
2553 4610 2703 4677 Υίδς,
2737 4607 2812 4669 ὡς
2837 4605 3022 4670 δοῦλος
3065 4605 3203 4676 πρὸς
3242 4600 3552 4670 Δεσπότην·
3596 4616 3616 4649 ι
3642 4597 3744 4668 Μὴ
3772 4595 3838 4649 τὸ

556 4709 725 4765 servi.
757 4707 896 4764 Hinc
921 4706 1076 4762 aiunt
1106 4704 1240 4760 illud
1287 4704 1562 4761 dicturum
1593 4701 1794 4758 Filium
1825 4702 1891 4758 ad
1920 4700 2132 4757 Patrem

2241 4708 2372 4780 ἐμὸν
2403 4706 2614 4777 θέλημα
2639 4702 2881 4774 γενέσθω
2908 4699 3121 4771 Πατὴρ,
3152 4696 3289 4751 ἀλλὰ
3314 4695 3376 4749 τὸ
3400 4694 3513 4748 σόν.
3545 4711 3565 4746 ι
3599 4690 3717 4746 Καὶ
3749 4691 3837 4745 ὅτι

556 4817 699 4866 esse,
730 4801 880 4856 velut
919 4798 1062 4854 servi
1096 4797 1163 4861 ad
1209 4795 1502 4852 Dominum
1540 4817 1552 4852 :
1595 4813 1613 4847 ι
1645 4791 1762 4852 Non
1796 4810 1913 4849 mea
1939 4794 2135 4873 volun-

555 4902 641 4950 tas
671 4892 787 4965 ﬁat,
812 4891 997 4957 Pater,
1032 4888 1126 4945 sed
1159 4882 1306 4943 tua‘.
1345 4905 1364 4940 ι
1403 4886 1471 4941 Et
1498 4904 1511 4942 :
1552 4885 1698 4942 «Non
1729 4901 1915 4957 quaero
1944 4886 2137 4943 volun-

556 4993 723 5042 tatem
758 4998 957 5050 meam,
993 4982 1088 5037 sed
1117 4978 1296 5035 Patris
1312 4979 1352 5033 ⁵.
1383 4997 1402 5030 ι
1435 4976 1562 5033 Haec
1591 4978 1853 5032 haeretici.

626 5081 697 5135 At
718 5078 892 5136 sancti
924 5076 1111 5131 Patres
1140 5075 1256 5130 haec
1287 5072 1588 5129 secundum
1616 5073 1907 5127 humanam
1931 5070 2135 5128 Christi

558 5183 810 5229 naturam
843 5170 1184 5240 interpretati
1234 5177 1384 5225 sunt.
1442 5168 1499 5224 Si
1534 5182 1665 5221 vero
1714 5168 1899 5221 anima
1930 5165 2136 5221 Christi

559 5262 889 5319 intellectiva
947 5261 1229 5317 voluntate
1269 5260 1480 5324 caruit,
1533 5257 1886 5314 manifestum
1933 5257 2134 5323 evadit,

558 5354 707 5426 quod
741 5352 1121 5418 involuntarie,
1152 5352 1329 5408 instar
1361 5350 1463 5418 rei,
1517 5365 1640 5422 quae
1673 5349 1883 5404 ratione
1915 5348 2137 5418 prmdita

561 5461 671 5502 non
711 5453 814 5511 est,
848 5443 1034 5499 divino
1062 5440 1243 5499 Verbo
1295 5443 1540 5514 subjecta
1594 5441 1780 5496 fuerit.
1832 5439 1937 5495 Sed
1968 5455 2140 5511 apage

560 5536 685 5592 ista.
720 5534 858 5592 Nam
892 5535 938 5592 si
985 5535 1285 5593 secundum
1316 5520 1654 5592 divinitatem
1685 5531 1961 5604 perfectus
1990 5530 2138 5602 fuit;

633 5739 656 5773 ⁸ο
684 5738 818 5797 Luc.
860 5740 1109 5810 “11,52.
1188 5741 1206 5772 '
1235 5739 1393 5796 Inazz.
1430 5756 1482 5807 v,
1517 5739 1606 5793 '30.

2248 4820 2266 4855 ι
2308 4799 2386 4856 Οὐ
2417 4798 2568 4871 ζητῶ
2595 4799 2655 4852 τὸ
2681 4797 2896 4869 θέλημα
2934 4796 2997 4850 τὸ
3027 4793 3177 4865 ἐμὸν,
3214 4789 3354 4846 ἀλλὰ
3381 4787 3476 4843 τοῦ
3522 4784 3769 4858 Πατρός.
3810 4801 3833 4835 ι

2317 5068 2507 5125 Ταῦτα
2576 5068 2759 5123 τοίνυν
2832 5064 2940 5118 τῶν
3017 5060 3312 5133 αἱρετικῶν
3388 5057 3694 5126 λεγόντων,
3788 5059 3843 5111 οι

2245 5162 2392 5233 άγιοι
2449 5160 2608 5231 ἡμῶν
2677 5157 2962 5229 Πατέρες,
3027 5153 3232 5226 μᾶλλον
3275 5150 3421 5205 κατὰ
3488 5150 3549 5203 τὸ
3611 5148 3844 5222 ἀνθρώ-

2245 5272 2399 5309 πινον
2423 5252 2516 5308 τοῦ
2541 5249 2746 5324 Κυρίου
2775 5247 2948 5303 ταῦτα
2976 5246 3350 5317 ἠρμήνευσαν.
3381 5243 3444 5296 Εἰ
3473 5241 3528 5295 δὲ
3553 5242 3675 5294 ἐστε
3686 5242 3848 5312 ρεῖτο

2245 5348 2347 5419 τῆς
2371 5346 2564 5418 νοερᾶς
2593 5344 2864 5416 θελήσεως
2893 5342 2926 5412 ὴ
2975 5339 3067 5394 τοῦ
3106 5338 3316 5409 Κυρίου
3348 5335 3517 5407 ψυχὴ,
3560 5333 3846 5406 πρόδηλον

2246 5440 2450 5504 λοιπὶν,
2500 5437 2582 5490 ὅτι
2617 5434 2885 5497 ἀκουσίως
2935 5431 3092 5504 δίκην
3120 5429 3319 5498 ἀλόγου
3370 5425 3708 5481 ὑπετάττετο
3762 5424 3851 5498 τῷ

2248 5532 2367 5605 Θεῷ
2396 5530 2574 5601 Λόγῳ.
2619 5514 2778 5586 Ἀλλὰ
2812 5525 2889 5597 μὴ
2918 5525 3146 5597 γένοιτο.
3193 5523 3257 5577 Εί
3303 5519 3411 5593 γὰρ
3441 5517 3644 5580 τέλειός
3681 5516 3851 5573 ἐστιν
