4078 6302
256 297 327 363 45

1684 282 1847 356 νΙίΕ
1874 294 2060 357 DUX.

3472 282 3544 345 dii

257 416 313 469 ἐν
336 411 577 483 θεότητι,
612 410 704 466 καὶ
730 407 932 478 ὁμοίως
967 406 1193 473 τέλειος,
1236 406 1333 462 καὶ
1374 405 1661 478 ὁμοούσιος
1693 405 1853 477 ἡμῶν

1961 403 2213 461 similiter
2240 400 2512 474 perfectus
2539 400 2808 473 nobisque
2835 396 3321 455 consubstantialis
3352 410 3553 451 secun-

260 504 399 559 κατὰ
427 503 530 574 τὴν
572 500 1011 575 ἀνθρωπότητα,
1067 497 1184 569 ἔχει
1231 498 1466 562 τελείας,
1524 497 1714 570 ὥσπερ
1752 497 1852 563 τὰς
1902 514 1905 521 ί

260 597 471 660 θεῖκὰς,
508 593 655 649 οὕτω
687 591 911 657 καὶτὰς
944 590 1068 646 καθ’
1094 592 1244 663 ἡμᾶς
1276 590 1564 662 ἰδιότητας.

327 774 486 831 Οῦτω
514 774 678 829 πάλιν
725 772 820 828 καὶ
853 773 948 827 ἐπὶ
979 771 1089 826 τῶν
1118 771 1213 825 δύο
1259 772 1551 843 ἐνεργειῶν
1607 770 1848 843 νοητῶν,

259 869 353 925 καὶ
382 865 749 940 ἐρμηνευτέον
784 864 880 919 τοῦ
906 862 1189 936 Χριστοῦ.’
1216 864 1529 936 Ἐνὲργειαν
1564 863 1664 935 μὲν
1686 862 1852 918 αὐτοῦ

261 959 359 1031 τὴν
386 958 497 1013 τῶν
527 955 850 1029 θαυμάτων,
886 955 983 1009 καὶ
1005 956 1309 1026 τεραστίων
1346 954 1587 1025 ποίησιν,
1618 955 1713 1009 καλ⁹
1745 954 1853 1024 μά-

262 1048 420 1102 λιστα
444 1049 502 1102 ἐν
529 1041 612 1111 οἷς
638 1046 702 1100 οὐ
732 1045 1142 1115 προσέψαυσεν,
1178 1044 1301 1100 οὐδὲ
1339 1044 1518 1115 ἥψατο
1547 1046 1581 1117 ή
1609 1044 1854 1113 παναγία

267 1140 428 1195 αὐτοῦ
460 1140 598 1213 σάρξ
625 1154 639 1169 ·
691 1134 782 1193 οἷα
806 1135 876 1209 ἦν
906 1140 941 1210 ἡ
972 1140 1080 1209 τῆς
1109 1138 1384 1210 θυγατρὸς
1413 1137 1516 1208 τῆς
1542 1137 1854 1201 Χαναναίας

268 1234 341 1305 μὴ
373 1232 638 1303 ἐλθούσης
687 1231 828 1304 πρὸς
870 1230 1130 1303 Χριστὸν,
1176 1231 1271 1284 καὶ
1317 1230 1352 1302 ἡ
1403 1229 1496 1284 τοῦ
1536 1230 1726 1293 παιδὸς
1758 1227 1853 1283 τοῦ

266 1323 685 1394 ἑκατοντάρχου,
718 1321 816 1376 καὶ
836 1323 870 1392 ἡ
895 1320 991 1375 τοῦ
1021 1320 1522 1393 καταπετάσματος
1544 1320 1852 1393 διάρῤηξις,

267 1415 361 1469 καὶ
388 1416 419 1468 ό
456 1414 552 1469 τοῦ
586 1414 738 1487 ἡλίου
769 1412 1088 1483 σκοτισμδς,
1124 1412 1241 1478 καὶ,
1272 1413 1307 1483 ἡ
1334 1411 1445 1466 τῶν
1492 1410 1708 1483 πετρῶν
1737 1410 1854 1465 διά-

148 1574 157 1579 ί
265 1524 468 1579 σχισις,
490 1508 588 1562 καὶ¹
613 1509 647 1578 ἡ
667 1504 777 1561 τῶν
803 1506 991 1574 τάφων
1013 1505 1292 1569 διάνοιξις,
1317 1504 1413 1559 καὶ
1439 1505 1472 1575 ἡ
1504 1504 1616 1557 τῶν
1642 1502 1855 1575 νεκρῶν

265 1600 589 1665 ἀνάστασιςο
634 1596 728 1653 τοῦ
762 1597 1033 1666 παναγίου
1066 1597 1176 1668 γὰρ
1207 1596 1462 1668 σώματος
1492 1593 1687 1669 νεκροῦ
1728 1611 1856 1667 κρε-

268 1691 538 1764 μαμένου,
589 1690 685 1744 καλ⁸
729 1688 919 1761 μηδενὶ
961 1687 1169 1742 τούτων
1208 1686 1682 1758 προσψαύσαντος,
1717 1686 1751 1757 ἡ
1796 1687 1855 1739 ἐν

265 1751 432 1836 αὐτοῦ
460 1751 556 1833 τοῦ
607 1751 743 1831 Θεοῦ
776 1751 952 1846 Ᾰόγου
995 1776 1153 1847 θεῖκὴ
1205 1751 1458 1848 ἐνέργεια
1495 1775 1631 1848 μόνη
1677 1751 1853 1829 ταῦτα
1884 1751 1931 1813 Β

264 1871 612 1942 διεπράξατο,
645 1869 740 1924 καὶ
771 1869 1093 1941 ἐνήργησεν.

346 1963 725 2036 Ἀνθρωπενην
750 1962 810 2016 δὲ
840 1962 1003 2017 πάλιν
1030 1963 1088 2015 ἐν
1114 1963 1158 2015 Χ
1167 1959 1338 2033 ριστῷ
1367 1960 1649 2033 ἐνέργειαν
1680 1959 1853 2016 καθα·

268 2056 385 2127 ραν,
415 2055 510 2110 καὶ
546 2054 732 2125 ἁγίαν,
762 2054 858 2108 καὶ
896 2053 1153 2125 ἄμωμον,
1186 2053 1280 2106 καὶ
1309 2052 1573 2118 θεόδοτον,
1611 2053 1708 2107 καὶ
1739 2050 1859 2106 θεό-

267 2141 508 2213 κτιστον,
548 2146 643 2200 καὶ
675 2145 917 2215 ζωτικὴν
950 2144 1206 2217 λέγομεν,
1232 2144 1332 2217 τὴν
1363 2144 1467 2216 τῆς
1497 2144 1663 2215 ἁγίας
1691 2144 1856 2200 αὑτοῦ

262 2238 443 2311 ψυχῆς
465 2238 731 2305 ζωοποιδν
756 2238 1062 2309 ἐνέργειαν,
1105 2237 1172 2292 δι’
1192 2232 1263 2313 ἦς
1284 2237 1605 2303 ἐξωποιεῖτο
1641 2236 1704 2290 τὺ
1729 2253 1860 2292 παν-

265 2332 619 2403 άγιονάὒτοῦ
655 2332 840 2404 σῶμα,
872 2328 942 2405 ἧς
970 2331 1339 2404 χωρισθείσης
1371 2331 1515 2385 κατὰ
1545 2330 1638 2385 τὸν
1664 2331 1859 2402 καιρὸν

264 2422 358 2477 τοῦ
386 2421 611 2487 πάθους,
641 2422 737 2476 καὶ
765 2420 1092 2491 ἐξελθούσης
1121 2421 1188 2474 ἐκ
1215 2419 1310 2474 τοῦ
1345 2418 1620 2491 σώματος,
1652 2418 1859 2483 εὐθέως

265 2515 461 2586 νεκρὸν
506 2514 568 2568 τὸ
625 2513 787 2585 σῶμα
836 2512 1050 2583 γέγονε,
1099 2512 1201 2583 τῆς
1256 2511 1407 2575 θείας
1456 2510 1741 2582 ἐνεργείας
1768 2511 1857 2582 ,μὴ

264 2603 634 2676 χωρισθείσης
666 2602 725 2669 ἐξ
752 2601 939 2657 αὐτοῦ.
974 2602 1096 2656 Ὅτι
1119 2601 1176 2655 δὲ
1205 2600 1293 2655 διὰ
1321 2601 1421 2671 τῆς
1453 2601 1735 2673 ἐνεργείας
1757 2601 1859 2671 τῆς

266 2694 530 2765 ζωτικῆς,
582 2696 682 2765 τῆς
715 2694 907 2765 νοερᾶς
935 2692 1115 2765 ψυχῆς
1160 2692 1513 2756 ζωοποιεῖται
1561 2692 1621 2746 τὸ
1675 2692 1855 2763 σῶμα,

269 2789 543 2860 μαρτυρεῖ
588 2788 624 2857 ἡ
670 2784 866 2857 Γραφὴ
908 2785 976 2838 δι’
1025 2783 1191 2839 αὐτοῦ
1253 2783 1402 2837 θείου
1461 2784 1859 2855 ἐμφυσήματος

266 2879 725 2951 δημιουργήσασα
767 2875 847 2947 τῷ
886 2873 1059 2947 χοῖκῷ
1095 2874 1256 2947 ἡμῶν
1285 2873 1499 2945 σώματι
1536 2874 1715 2945 ψυχὴν
1751 2875 1858 2939 ζω-

267 2973 450 3045 τικήν.
500 2962 636 3042 Περὶ
682 2964 751 3041 ἧς
781 2985 948 3040 φησιν
974 2970 1004 3022 ό
1033 2966 1287 3039 Σολομὼν
1326 2966 1466 3039 πρός
1494 2983 1647 3029 τινας
1682 2983 1860 3037 παρα-

1954 495 2084 551 dum
2134 493 2536 549 humanitatem
2577 491 2789 549 censeri
2839 490 3018 547 debet.
3077 487 3552 557 Quemadmodum

1953 587 2201 654 divinas,
2244 585 2327 642 sic
2356 596 2410 641 et
2438 594 2678 653 nostras,
2714 585 2820 641 hoc
2851 592 2959 651 est,
2994 583 3268 638 lmmanas
3297 581 3554 653 proprie-

1952 689 2094 737 tates
2126 678 2399 750 perfectas
2431 679 2660 734 obtinet.

2026 773 2137 846 14
2152 772 2284 826 Pari
2308 772 2473 828 modo
2499 772 2566 826 de
2587 770 2802 826 duabus
2823 766 3232 838 operationibus
3254 765 3306 819 in
3329 763 3550 820 Christe

1964 864 2321 937 cogitandum
2361 872 2416 919 et
2448 861 2887 919 ratiocinandum
2916 869 3019 916 est.
3056 858 3194 914 Nam
3225 872 3407 913 rerum
3442 857 3549 911 mi-

1955 959 2215 1015 rabilium
2276 966 2331 1014 et
2381 957 2821 1028 prodigiosarum
2879 953 3196 1011 eﬂ'ectiones
3228 995 3246 1021 ,
3312 954 3550 1008 nissime

1956 1052 2098 1118 illas,
2131 1065 2255 1121 quae
2281 1050 2490 1119 absque
2530 1056 2736 1103 attactu
2785 1046 3148 1104 sanctissimae
3176 1047 3359 1103 carnis
3388 1046 3549 1100 Chri.

1957 1144 2029 1201 sti
2061 1143 2218 1199 facite
2259 1141 2592 1214 (cujusmodi
2622 1148 2801 1205 erant,
2833 1138 3057 1209 quando
3089 1139 3156 1195 ad
3187 1153 3379 1209 preces
3404 1138 3550 1193 Cha-

1955 1250 2163 1293 nautea:
2210 1235 2455 1293 mulieris
2490 1234 2616 1289 lilia:
2657 1232 2728 1289 ad
2756 1232 3036 1287 Christum
3081 1247 3192 1288 non
3233 1231 3550 1302 profectae‘,

1956 1336 2013 1383 et
2052 1341 2221 1398 puero
2262 1325 2635 1381 centurionis'
2667 1324 2959 1379 sanitatem
3001 1320 3271 1389 contulit;
3325 1321 3552 1391 quando

1957 1420 2137 1475 velum
2193 1417 2380 1489 templi
2436 1418 2672 1474 scissum
2716 1425 2833 1482 est;
2898 1414 3121 1485 quando
3174 1413 3258 1468 sol
3310 1414 3552 1470 tenebris

1955 1512 2313 1579 obscuratus;
2355 1512 2578 1581 quando
2621 1518 2788 1581 petrae
2819 1518 3016 1578 ruptaz,
3053 1506 3306 1575 sepulcra
3339 1516 3547 1576 aperta,

1957 1612 2269 1673 mortuique
2293 1600 2587 1668 excitati";
2618 1600 2996 1658 sacratissimo
3029 1598 3151 1668 ejus
3186 1599 3549 1668 corporejam

1958 1696 2070 1753 vita
2101 1697 2238 1752 orbo
2267 1697 2323 1750 in
2352 1708 2516 1750 cruce
2546 1693 2837 1764 pendente,
2877 1689 3124 1759 nihilque
3160 1689 3353 1743 horum
3384 1689 3554 1742 attin-

1967 1786 2150 1860 gente)
2233 1786 2511 1842 ascribere
2560 1792 2775 1856 oportet
2804 1778 3128 1863 ipsi’vdivini
3157 1776 3322 1834 Verbi
3354 1780 3553 1834 dis-inae

1961 1876 2288 1949 operationi,
2318 1890 2444 1946 qua:
2478 1875 2596 1931 sola
2627 1874 2744 1929 haec
2772 1886 2938 1943 opera
2965 1871 3225 1942 patravit.

2032 1968 2248 2024 Rursus
2273 1967 2575 2022 humanam
2606 1965 2663 2019 in
2693 1964 2917 2019 Christo
2958 1964 3331 2032 operationem
3362 1960 3553 2030 appel-

1959 2062 2139 2116 lamus
2181 2058 2604 2130 puram,illam,
2652 2067 2920 2122 sanctam,
2965 2053 3323 2124 inculpatam,
3370 2067 3400 2105 a
3443 2051 3551 2104 Deo

1959 2152 2166 2217 datam,
2207 2160 2261 2206 et
2291 2158 2533 2206 creatam
2577 2147 2927 2217 vitalemque,
2969 2157 3025 2203 et
3067 2143 3337 2199 vivilicam
3381 2142 3553 2198 actio-

1957 2259 2108 2310 nem,
2139 2257 2169 2297 a
2198 2250 2552 2297 sacrosancta
2586 2238 2791 2295 Christi
2823 2236 3008 2291 anima
3060 2244 3399 2299 manantem,
3443 2248 3552 2303 qua
3594 2283 3603 2289 .

1948 2346 2207 2406 tempore
2238 2333 2512 2403 passionis
2542 2338 2815 2403 separata,
2864 2337 2920 2385 et
2961 2344 3027 2384 ex
3067 2343 3298 2398 corpore
3334 2327 3553 2393 educta,-
3646 2352 3672 2377 ,ρ

1956 2443 2163 2499 corpus
2208 2427 2499 2497 derepente
2550 2424 2808 2480 exanime
2855 2422 3080 2488 mansit,
3125 2421 3308 2476 divina
3358 2434 3555 2489 opera-

1948 2520 2110 2577 rtione
2142 2518 2368 2573 minime
2401 2518 2469 2572 ab
2499 2517 2591 2571 illo
2618 2516 2890 2586 sejuncta.
2934 2512 3204 2569 Caeterum
3238 2514 3384 2582 quod
3425 2526 3553 2566 cor-

1960 2627 2065 2684 pus
2095 2609 2360 2667 etliciatur
2392 2609 2573 2663 vivum
2613 2623 2708 2679 per
2737 2606 2912 2677 ipsam
2941 2605 3314 2677 operationem
3350 2602 3552 2664 vitalis,

1960 2713 2015 2760 et
2044 2701 2424 2759 intellectualis
2455 2699 2669 2766 animm,
2701 2707 2934 2754 testatur
2964 2695 3272 2767 Scriptura,
3303 2710 3428 2749 cum
3456 2693 3553 2759 ait,

1963 2809 2184 2853 terreno
2215 2794 2435 2866 corpori
2468 2801 2658 2848 nostro
2689 2806 2757 2847 ex
2802 2791 2925 2862 ipso
2975 2789 3067 2844 Dei
3125 2787 3405 2859 spiraculo
3434 2784 3555 2839 ani-

1961 2906 2108 2945 mam
2135 2891 2406 2945 viventem
2438 2896 2782 2958 procreatam
2818 2885 3000 2940 esse”.
3066 2881 3142 2938 De
3173 2896 3282 2952 qua
3315 2880 3556 2950 loquitur

1965 2980 2228 3037 Salomon
2284 2979 2353 3035 ad
2400 2977 2668 3050 quosdam
2718 2976 3002 3047 improbos
3060 2984 3115 3030 et
3171 2973 3489 3028 idololatras
3537 2985 3554 3026 :

269 3065 469 3137 νόμους
517 3064 615 3119 καὶ
668 3061 1066 3136 εἰδωλολάτρας
1090 3078 1106 3094 ο
1161 3079 1182 3113 ι
1225 3059 1406 3132 Πηλοῦ
1459 3059 1781 3130 ἀτιμότερος
1830 3060 1859 3112 ὁ

1971 3091 1990 3126 ι
2026 3071 2167 3131 Luto
2197 3071 2359 3127 vilior
2399 3071 2513 3125 vita
2538 3068 2694 3137 ejus;
2740 3068 3003 3139 quoniam
3042 3064 3333 3137 ignoravit,
3368 3063 3461 3131 qui
3497 3077 3558 3118 se

270 3154 386 3228 βίος
418 3154 626 3216 αὐτῶν,
659 3154 741 3206 ὅτι
773 3152 1053 3223 ἠγνόησαν
1092 3151 1185 3206 τὸν
1229 3150 1513 3206 πλάσαντα
1551 3150 1735 3217 αὐτὸν,
1766 3151 1862 3204 καὶ

1968 3164 2151 3229 ﬁnxit,
2196 3173 2252 3218 et
2277 3163 2371 3235 qui
2406 3162 2691 3234 inspiravit
2723 3161 2772 3216 ei
2801 3159 3065 3223 animam,
3114 3172 3237 3228 quae
3273 3165 3553 3227 operatur,

268 3245 360 3301 τὸν
391 3243 780 3314 ἐμπνεύσαντα
808 3240 966 3313 αὐτῷ
981 3241 1160 3314 ψυχὴν
1186 3240 1538 3313 ἐνεργοῦσαν,
1563 3240 1660 3294 καὶ
1683 3242 1863 3312 ἐμφυ-

271 3337 519 3408 σήσαντα
545 3334 698 3407 αὑτῷ
726 3332 948 3406 πνεῦμα
1002 3332 1253 3399 ζωτικόν.
1302 3352 1322 3385 ι
1382 3333 1516 3387 Ἰδοὺ
1562 3332 1752 3403 σαφῶς
1793 3332 1861 3387 δι’

271 3428 554 3499 ἐνεργείας
597 3430 700 3500 τῆς
737 3426 916 3498 ψυχῆς
974 3424 1319 3497 μανθάνομεν
1368 3424 1753 3489 ζωοποιείσθαι
1802 3427 1864 3481 τὸ

1963 3265 2020 3312 et
2045 3255 2139 3327 qui
2170 3255 2462 3311 insulﬂavit
2502 3254 2550 3310 ei
2586 3253 2828 3308 animam
2880 3250 3183 3306 vitalem“.
3228 3268 3245 3300 ι
3315 3246 3393 3301 Ειι
3430 3263 3555 3317 per-

1965 3347 2154 3419 Spicue
2193 3346 2458 3402 discimus
2506 3360 2603 3416 per
2654 3344 2852 3399 animae
2882 3340 3253 3412 operationem
3284 3338 3547 3394 viviﬁcari

1968 3452 2207 3508 corpus;
2255 3437 2401 3494 sicut
2430 3443 2485 3491 et
2521 3434 2785 3489 Dominus
2832 3433 2991 3488 docet
3028 3431 3261 3501 loquens
3291 3430 3359 3485 de
3391 3443 3558 3484 carne

270 3520 453 3590 σῶμα,
485 3516 673 3582 καθὼς
701 3518 731 3571 ό
762 3518 967 3588 Κύριος
990 3515 1120 3580 τοὺς
1143 3515 1272 3588 περὶ⁸
1307 3517 1530 3588 σαρκὸς,
1559 3517 1655 3571 καὶ
1681 3517 1863 3588 ψυχῆς

1961 3539 2020 3587 et
2048 3531 2319 3602 sanguine
2349 3547 2363 3585 :
2399 3549 2418 3583 ι
2444 3528 2686 3599 Spiritus
2715 3537 2818 3594 est,
2850 3526 2944 3598 qui
2977 3525 3251 3591 viviﬁcat;
3287 3536 3416 3578 caro
3442 3535 3558 3577 non

271 3605 508 3675 εἰσάγων
550 3604 744 3675 λόγους
812 3604 1024 3675 φησιν,
1077 3623 1097 3656 ι
1129 3605 1213 3659 ὅτι
1259 3606 1334 3660 Τὸ
1375 3605 1598 3677 πνεῦμά
1642 3608 1759 3661 ἐστι
1803 3607 1864 3679 το

1964 3620 2190 3692 prodest
2215 3619 2513 3690 quidquam
2536 3618 2603 3671 ¹¹.
2635 3637 2654 3668 ι
2684 3616 2840 3684 Quod
2868 3616 2913 3672 si
2934 3613 3282 3671 adversarius
3310 3610 3554 3681 objiciat,

273 3697 598 3765 ζωοποιοῦν,
632 3700 667 3770 ἡ
713 3697 850 3771 σὰρξ
879 3701 981 3753 οὐκ
1022 3698 1224 3768 ὠφελεῖ
1251 3699 1426 3754 οὐδέν.
1463 3719 1484 3753 ι
1528 3701 1590 3754 El
1621 3700 1680 3754 δὲ
1714 3700 1862 3771 λέγει

1965 3711 2192 3768 verbum
2215 3711 2460 3765 divinum
2494 3707 2801 3764 viviticasse
2830 3721 3050 3776 corpus,
3079 3703 3392 3760 necessario
3423 3716 3557 3758 cou-

271 3791 303 3844 ό
340 3790 410 3844 δι’
451 3791 723 3856 ἐναντίας,
749 3791 833 3846 ὅτι
869 3794 898 3846 ὁ
931 3790 1067 3856 Θεὸς
1112 3790 1286 3860 Λόγος
1320 3787 1389 3863 ἦν
1418 3793 1448 3844 ό
1488 3790 1771 3856 ζωοποιῶν
1801 3793 1864 3847 τὸ

1965 3803 2162 3861 cedere
2198 3803 2416 3857 debebit
2470 3816 2670 3871 corpus
2714 3799 2920 3855 Christi
2966 3806 3243 3852 mortuum
3300 3810 3424 3850 esse
3470 3808 3560 3848 se-

274 3882 459 3954 σῶμα,
493 3883 553 3950 ἐξ
594 3883 844 3954 ἀνάγκης
874 3884 1187 3957 εὑρίσκεται
1217 3883 1413 3952 λέγων,
1451 3884 1533 3938 ὅτι
1563 3883 1706 3938 κατὰ
1740 3883 1863 3938 στέ-

1962 3895 2249 3968 iunctione
2295 3902 2349 3948 et
2400 3892 2741 3962 separatione
2789 3889 2949 3943 Verbi
3000 3888 3168 3943 divini
3221 3903 3251 3940 a
3303 3899 3554 3953 corpore.
3618 3893 3637 3901 ‘

275 3991 461 4047 ρησιν,
487 3975 586 4029 καὶ
617 3974 899 4047 χωρισμὸν
926 3973 1092 4029 αὑτοῦ
1116 3974 1211 4029 τοῦ
1238 3975 1374 4030 Θεοῦ
1400 3976 1576 4045 Λόγου
1604 3976 1864 4048 τέθνηκεν

1967 3984 2125 4054 Quod
2156 3984 2203 4039 si
2233 3985 2305 4038 ita
2338 3988 2456 4048 est,
2508 3979 2639 4051 quid
2672 3981 2801 4049 ergo
2847 3992 2986 4048 opus
3019 3984 3159 4040 erat,
3212 3982 3272 4028 ut
3315 3971 3559 4027 animam

271 4066 440 4122 αὐτοῦ
467 4066 528 4120 τὸ
553 4066 734 4139 σῶμα.
780 4066 892 4119 Καὶ
930 4068 984 4121 εἰ
1026 4065 1204 4121 ταῦτα
1229 4067 1421 4131 οὕτως,
1460 4067 1547 4132 τίς
1584 4063 1652 4140 ἦν
1680 4070 1860 4141 χρεία,

270 4157 413 4223 ὅλως
453 4157 682 4226 λαϐεῖν,
712 4158 765 4231 ’ἢ
811 4156 959 4230 ἐχειν
1023 4158 1188 4213 αὐτὸν
1239 4160 1478 4233 ζωτικὴν
1537 4160 1718 4233 ψυχὴν
1777 4161 1867 4215 λο-

314 4268 440 4318 ικην
466 4269 482 4318 3

314 4268 369 4306 ικ
410 4269 482 4318 ν;

271 4266 310 4322 γ
344 4254 508 4407 Ἰΐίνές
526 4345 583 4399 δέ
610 4362 764 4414 φασι,
784 4346 870 4399 ὅτι
895 4343 991 4399 καὶ
1019 4346 1169 4400 πᾶσα
1198 4345 1444 4418 αὔξησις,
1472 4346 1506 4418 ἢ
1532 4346 1805 4421 ἔκκρισις,
1827 4348 1863 4420 ἢ

1965 4078 2184 4134 vitalem
2240 4087 2294 4134 ct
2323 4077 2644 4133 rationalem
2668 4084 2977 4132 assumeret
3007 4081 3103 4128 aut
3132 4069 3393 4126 haberet?

2039 4348 2272 4418 Quidam
2308 4346 2498 4402 dicunt
2532 4359 2752 4399 omnem
2803 4341 3319 4407 aceretioncm,_aut
3375 4354 3554 4397 secre-

272 4431 589 4509 ἀφαίρεσις,
618 4436 651 4507 ἢ
676 4436 874 4491 ⁴ἔνδεια
903 4440 1002 4509 τῆς
1053 4437 1215 4506 ἁγίας
1265 4439 1470 4511 σαρκὸς
1497 4439 1592 4494 τοῦ
1621 4440 1863 4513 Χριστοῦ

1970 4443 2196 4508 tionem,
2227 4448 2322 4495 aut
2350 4438 2704 4500 ablationem,
2750 4444 2843 4490 aut
2876 4433 3229 4505 indigentiam
3264 4431 3554 4488 sanctissi-

279 4530 356 4603 μὴ
387 4530 738 4602 θεωρουμένη
783 4529 1031 4600 φυσικῶς
1060 4530 1155 4583 καὶ
1196 4530 1290 4584 ἐπὶ
1324 4532 1424 4600 τῆς
1455 4530 1733 4604 θεότητος,
1776 4533 1868 4586 ἐν-

274 4620 472 4692 έργεια
512 4618 831 4691 ἀνθρωπίνη
867 4619 1088 4699 λέγεται
1123 4618 1365 4690 Χριστοῦ
1392 4637 1406 4652 ·
1454 4619 1777 4693 θεανδρικὴν
1800 4623 1868 4678 -δέ

275 4712 563 4783 ἐνέργειαν
596 4710 826 4782 νοοῦμεν
867 4713 969 4783 τὴν
1001 4711 1382 4783 κοινοπρεπῶς
1422 4731 1540 4778 πως
1589 4714 1695 4768 ὑπὸ
1730 4715 1869 4787 Χρι-

276 4804 408 4861 στοῦ
432 4805 835 4877 πραττομένην,
864 4804 960 4859 καὶ
982 4804 1384 4877 θεωρουμένην,
1415 4806 1504 4860 οἶα
1526 4801 1597 4877 ἦν
1622 4806 1709 4862 διὰ
1729 4807 1866 4862 πτύ-

280 4915 491 4971 σματος
532 4898 626 4953 τοῦ
669 4897 874 4969 τυφλοῦ
914 4897 1235 4967 ἀνάδλεψις,
1282 4900 1378 4953 καὶ
1402 4902 1436 4971 ἡ
1469 4900 1559 4955 διὰ
1594 4901 1696 4972 τῆς
1723 4902 1871 4975 ἁφῆς

276 4993 378 5062 τῆς
407 4991 570 5062 ἁγίας
602 4992 771 5046 αὐτοῦ
818 4991 1005 5064 χειρὸς
1031 4990 1134 5061 τῆς
1163 4991 1432 5064 θυγατρὸς
1481 4993 1575 5047 τοῦ
1611 4994 1871 5065 ἀρχισυν·

276 5081 501 5152 αγώγου
526 5081 825 5148 ἀνάστασις
845 5099 861 5115 ⁸
892 5084 987 5137 καὶ
1013 5084 1047 5154 ὴ
1078 5082 1197 5136 τῶν
1216 5081 1397 5153 ἄρτων
1426 5082 1670 5152 εὐλογία,
1706 5083 1803 5137 καὶ
1834 5085 1869 5156 ἡ

275 5175 367 5230 διά
388 5175 484 5229 τοῦ
517 5175 781 5229 δακτύλου
812 5176 978 5230 αὑτοῦ
1003 5175 1098 5230 τοῦ
1131 5173 1319 5245 κωφοῦ
1343 5173 1511 5242 ἴασις,
1540 5176 1634 5229 καὶ
1662 5175 1754 5229 διὰ
1771 5177 1871 5247 τῆς

275 5265 491 5330 οἰκείας
520 5267 710 5338 φωνῆς
749 5266 843 5321 τοῦ
876 5265 1130 5339 Λαζάρου
1166 5267 1408 5340 ἔγερσις,
1451 5269 1543 5322 καλ⁸
1574 5260 1679 5340 τῆς
1702 5268 1867 5322 πλευ-

282 5359 385 5429 ρᾶς
411 5358 646 5428 αἵματος
676 5358 927 5431 ἔκκρισις
957 5363 1023 5414 ἐκ
1046 5359 1241 5433 νεκροῦ
1273 5359 1549 5430 σώματος,
1587 5363 1682 5415 καὶ
1721 5363 1751 5416 ὁ
1777 5362 1871 5417 ἐπὶ

277 5450 381 5522 τῆς
408 5449 686 5523 θαλάσσης
714 5451 1041 5525 περίπατος,
1069 5454 1164 5507 καὶ
1184 5454 1226 5525 ἡ
1252 5452 1347 5507 τοῦ
1383 5452 1680 5525 θεοστόμου
1705 5455 1869 5510 αὐτοῦ

352 5606 587 5662 “Matth.
639 5623 730 5672 xv,
764 5605 836 5660 ‘22
899 5622 1052 5676 seq].
1130 5608 1148 5638 "
1193 5606 1386 5662 Matth.
1442 5625 1565 5672 vni,
1599 5611 1630 5665 8
1672 5626 1824 5682 seqq.
1903 5611 1925 5643 ⁸
1959 5612 2153 5667 Matth.
2186 5609 2576 5677 xxvn,bl-55.’
2615 5612 2749 5669 Gen.
2788 5632 2850 5673 ιι.

352 5676 561 5756 __Joan.
608 5678 935 5756 \'t,‘6i.__’_'
960 5677 1119 5733 Joan.
1148 5679 1272 5756 tx_,l
1314 5694 1469 5751 seqq.
1548 5681 1592 5713 ¹²
1628 5681 1796 5739 Marc.
1831 5699 1884 5752 v,
1923 5685 1996 5739 ‘22
2017 5699 2214 5756 seqq.;
2286 5683 2421 5742 Luc.
2484 5698 2604 5753 vin,
2635 5684 2724 5740 Ill.
2804 5687 2846 5718 η

1784 5724 1796 5738 ο
1839 5720 1884 5752 ν,
1934 5720 1996 5739 ΒΕ
2017 5720 2170 5753 ὗυιιιιι
2200 5728 2214 5753 ,
2286 5720 2421 5742 υυυο
2487 5720 2604 5753 ηιμ,
2635 5720 2724 5740 “ll.

284 5676 561 5751 ff__Joan.
608 5694 685 5740 τι,
708 5678 813 5751 76L
835 5749 871 5751 η
893 5679 935 5751 ’_’
960 5677 1119 5733 Joan.
1148 5694 1223 5751 Ix,
1252 5679 1272 5730 l
1314 5694 1469 5751 seqq.

244 5747 512 5817 ‘_“Marc.
540 5764 635 5813 vn,
661 5750 751 5804 δὲ.
832 5749 874 5779 ¹⁶
901 5745 1057 5802 Joan.
1080 5765 1153 5815 XI,
1196 5749 1218 5803 l
1250 5745 1404 5815 seqq;

1971 4549 2075 4590 mae
2104 4534 2288 4588 carnis
2321 4530 2549 4594 Christi,
2580 4544 2702 4599 quae
2742 4526 3072 4582 naturaliter
3107 4526 3159 4579 in
3178 4526 3320 4596 ,ipsa
3354 4523 3559 4580 divini-

1971 4635 2103 4694 tate,
2135 4641 2234 4682 nec
2265 4642 2342 4692 re,
2377 4640 2478 4679 nec
2506 4622 2945 4680 consideratione
2992 4620 3145 4687 insit,
3182 4618 3556 4690 operationem

1970 4720 2269 4776 humanam
2332 4718 2535 4774 Christi
2585 4716 2845 4787 appellari
2894 4729 3058 4785 posse
3113 4731 3126 4768 :
3180 4711 3557 4767 theandrieam

1974 4826 2126 4877 vero,
2157 4811 2261 4866 hoc
2290 4818 2394 4876 est,
2433 4811 2543 4863 Deo
2574 4810 2895 4879 hominique
2928 4821 3252 4871 consonam,
3282 4803 3560 4875 Operatio-

1973 4919 2095 4960 nem
2133 4902 2280 4957 illam
2328 4902 2711 4968 nominamus;
2762 4917 2884 4971 qua!
2934 4897 3306 4954 communioni
3349 4882 3603 4951 natura!

1971 4996 2168 5054 divina:
2214 5001 2269 5049 et
2314 4995 2568 5048 humanae
2616 4993 3005 5048 convenienter
3041 5006 3069 5044 a
3111 4990 3328 5045 Christo
3370 4999 3559 5058 parata

1930 5156 1937 5163 ,
1972 5098 2091 5155 est;
2140 5085 2321 5165 qualis
2349 5094 2468 5141 erat
2496 5085 2625 5140 (εειξοί
2655 5100 2750 5155 per
2791 5083 2965 5139 lutum
3003 5083 3295 5143 curatio",
3331 5088 3385 5136 et
3413 5081 3561 5134 exci-

1977 5180 2110 5235 tatio
2143 5178 2272 5234 lilia:
2326 5178 2747 5249 arehisynagOgi
2797 5186 3000 5232 attactu
3036 5186 3400 5231 sacrosancta:
3446 5190 3563 5228 ma-

1975 5289 2082 5328 nus
2119 5270 2326 5329 Christi
2358 5271 2644 5344 peracta“
2678 5286 2691 5322 :
2723 5270 3030 5325 benedictio
3064 5285 3262 5338 panum
3289 5269 3362 5335 '*;
3406 5265 3562 5322 surdi

1968 5365 2189 5422 sanatio
2226 5364 2533 5444 interventu
2569 5363 2723 5433 digiti
2746 5363 2827 5426 ¹⁸;
2860 5363 3205 5417 rcsuscitatio
3234 5360 3424 5416 Lazari
3456 5358 3563 5414 ini-

1978 5458 2206 5515 nisterio
2238 5458 2392 5515 vocis
2411 5459 2488 5524 ";
2544 5456 2828 5527 sanguinis
2853 5455 3031 5510 ﬂuxus
3079 5471 3143 5509 ex
3188 5464 3407 5510 mortuo
3434 5466 3564 5507 cor-

2892 5614 2944 5665 7.
3023 5614 3066 5646 ¹⁰
3121 5612 3251 5680 Sap.
3304 5628 3390 5674 .w,
3470 5611 3562 5665 ll.

2804 5687 2846 5718 ι’*
2895 5684 3240 5749 Μιιιιιιξιιν,
3275 5682 3341 5736 lii
3403 5695 3558 5753 seqq.
