4022 6300
411 305 478 392 i7
1075 353 1088 362 -
1632 313 1694 372 s.
1718 308 2120 373 ANASTASII
2148 313 2478 374 SINAITB
3619 307 3692 370 48

407 454 566 514 pore,
611 438 782 494 latere
829 437 1086 508 perculso
1108 435 1188 498 ";
1227 428 1528 487 ambulatio
1569 442 1736 498 supra
1769 427 2003 492 mare",

2123 429 2504 500 ἑμφυσήματος
2536 415 2826 496 μετάδοσις
2857 425 2950 481 τοῦ
2984 423 3322 495 Πνεύματος.
3348 424 3411 476 Oi
3437 421 3569 492 γοῦν
3607 423 3695 478 αι-

409 513 466 590 et
493 530 922 589 communicatio
971 527 1146 584 sancti
1177 525 1415 596 Spiritus
1444 537 1539 591 per
1575 519 1998 582 insumationem

2123 521 2316 574 :s'rzzol.
2338 521 2419 584 είς
2449 517 2655 590 ταύτην
2681 517 2778 590 τὴν
2805 516 3143 588 κοινοπρεπῆ
3180 513 3418 586 Χριστοῦ
3445 513 3694 585 θεανδριο

410 626 467 679 iu
501 622 888 694 discipulos”.
942 618 1194 674 Hmretici
1225 614 1401 671 oculis
1449 613 1505 666 in
1552 611 1694 666 banc
1753 609 2000 674 Cltristi,

412 725 477 771 ut
525 715 666 770 Deus
699 724 754 770 et
795 715 960 768 homo
992 720 1094 778 est,
1146 709 1249 780 15
1299 719 1648 763 communem
1684 711 2004 771 competen-

413 819 634 878 temque
663 806 1036 876 operationem
1083 799 1364 863 conversi,
1419 797 1670 851 abnuunt
1703 794 1758 848 in
1795 793 1889 848 illo
1916 785 2002 846 di-

411 903 597 954 vinam
645 897 936 969 quamdam
969 893 1247 961 conﬁteri;
1284 889 1540 950 similiter
1567 899 1622 945 et
1649 886 1867 942 vitalem
1905 885 2006 938 ltu-

410 1007 632 1048 manam
667 989 1068 1062 operationem.

482 1085 755 1142 Caeterum
786 1083 890 1138 hoc
918 1097 1018 1153 pro
1043 1087 1194 1136 certo
1224 1078 1617 1148 explorataque
1639 1067 2005 1142 reputantium

409 1193 539 1252 est;
576 1181 864 1238 haereticos
887 1189 940 1234 et
957 1176 1294 1241 Nestorium,
1327 1173 1448 1228 ideo
1485 1171 1540 1226 in
1569 1169 1790 1224 Christo
1806 1167 2006 1221 huma-

411 1293 544 1334 nam
607 1275 947 1330 voluntatem
993 1279 1048 1325 et
1070 1267 1446 1338 operationem
1490 1278 1602 1318 non
1629 1260 2004 1324 constituere;

409 1368 562 1438 quod
615 1367 840 1422 videant
884 1361 1224 1417 voluntatem
1251 1367 1306 1414 et
1333 1357 1710 1428 Operationem
1745 1367 1859 1408 sua:
1885 1364 2009 1420 pro-

411 1459 552 1529 priae
575 1459 775 1512 anima:
796 1461 853 1509 et
875 1450 1125 1522 corporis
1159 1449 1558 1522 indesinenter,
1582 1455 1637 1500 et
1663 1445 1871 1513 absque
1899 1441 2008 1495 ulla

415 1549 729 1607 cessatione
767 1544 1076 1616 impugnari
1100 1553 1153 1598 et
1181 1541 1459 1612 inquinari
1484 1539 1554 1594 ab
1579 1533 2010 1592 inﬂammatione

415 1655 472 1699 et
525 1643 742 1698 actione
787 1637 1012 1695 diaboli.
1057 1635 1130 1690 At
1177 1632 1576 1703 moqubysitae
1621 1622 2009 1681 ταυτοϐουλίαι

415 1747 470 1793 et
529 1732 970 1805 ταυτοπραξίαν,
1014 1728 1175 1798 quasi
1217 1725 1372 1780 dicas
1409 1723 1743 1777 identitatem
1803 1714 2006 1771 valendi

415 1839 468 1882 et
531 1825 742 1896 agendi,
797 1839 864 1878 ex
897 1820 1123 1876 cerebro
1157 1831 1258 1872 suo
1293 1813 1588 1871 commenti
1619 1821 1742 1866 sunt
1773 1827 1788 1876 ;
1817 1821 2008 1879 quem-

419 1917 716 1975 admodum
745 1916 802 1970 in
822 1911 1201 1985 sequentibus,
1250 1919 1305 1965 et
1337 1907 1467 1962 alibi
1503 1906 1623 1961 l'use
1656 1903 2010 1960 demonstra-

421 2016 625 2068 vimus.

494 2099 772 2159 Scholion.
831 2095 1052 2151 Noverit
1110 2092 1395 2148 studiosus
1441 2089 1652 2152 lector;
1680 2100 1804 2141 cum
1839 2099 1870 2138 a
1897 2083 2012 2138 dae-

416 2208 586 2250 mone
635 2192 888 2248 obsessos
943 2186 1234 2252 nominare
1280 2184 1556 2238 soleamus
1599 2191 2006 2250 energumenos,

421 2282 688 2349 haeretici,
729 2279 951 2351 quando
987 2276 1220 2332 audiunt
1245 2273 1494 2344 energies
1524 2272 1661 2341 (hoc
1689 2278 1793 2335 est,
1822 2281 2016 2338 opera-

425 2373 637 2446 tiones)
697 2374 752 2429 in
803 2371 1062 2436 Christo,
1129 2369 1314 2424 statim
1362 2364 1704 2420 arbitrantur
1745 2361 1848 2415 itas
1896 2373 2018 2414 esse

418 2468 698 2538 energies,
755 2478 896 2535 quas
946 2461 1254 2532 patiuntur,
1297 2472 1438 2528 quos
1493 2456 1706 2510 deettton
1767 2461 2017 2520 occupat.

427 2560 696 2626 Quocirca
751 2556 1126 2626 indignantur,
1163 2563 1216 2606 et
1248 2549 1580 2607 vocabulum
1611 2547 1716 2601 hoc
1761 2560 2024 2601 aversan-

423 2664 518 2706 tur
549 2665 657 2706 non
699 2648 856 2704 aliter
876 2661 1043 2717 quam
1077 2642 1416 2715 energumeni
1436 2681 1452 2708 ,
1480 2643 1588 2696 hoc
1614 2649 1721 2706 est,
1756 2652 1788 2692 a
1815 2638 2022 2692 daemo-

431 2746 598 2800 nibus
623 2740 906 2813 exagitati.

431 2945 622 3002 ilieina
653 2939 829 3012 gratia
867 2937 1176 3012 opitulante.
1205 2932 1523 3012 Ρνοιζιεοζξᾳ
1541 2947 1632 2986 seu
1660 2931 2013 3012 consideratio

503 3015 573 3068 ad
619 3001 954 3080 dEﬁttitionea
997 3007 1289 3074 explicatas
1339 3005 1397 3058 in
1447 3001 1584 3058 libro
1641 3005 1736 3074 qui
1791 3001 2014 3072 Ὀδηγὸς

504 3083 837 3140 inscribitur.

2104 609 2207 682 κὴν
2233 611 2546 681 ἀφορῶντες
2575 610 2880 680 ἐνέργειαν,
2913 606 3352 676 ἀποστρέφονται
3382 603 3478 658 τοῦ
3507 603 3694 674 ὁμολο-

2105 704 2223 771 γεῖν
2254 703 2314 756 ἐν
2337 701 2487 772 αὐτῷ
2515 700 2668 755 θείαν
2695 699 2820 754 τινὰ
2869 697 3071 768 ὁμοίως
3096 697 3192 752 καὶ
3216 695 3456 769 ζωτικὴν
3483 691 3697 767 ἀνθρω-

2106 792 2269 862 πίνην
2290 792 2594 864 ἐνέργειαν.

2177 1056 2272 1108 Δεῖ.⁹
2303 1054 2485 1124 μέντοι
2515 1049 2782 1124 ἀκριϐῶς,
2817 1049 2918 1104 καὶ
2939 1047 3329 1120 ἀναμφιϐόλως
3345 1046 3676 1101 ἐπίστασθαι

2108 1149 2278 1220 ἡμᾶς,
2311 1147 2504 1216 ὅτιπερ
2533 1145 2586 1198 οἱ
2607 1143 2667 1211 ἐξ
2716 1143 2990 1207 ἐναντίας,
3026 1143 3092 1195 ἐκ
3117 1141 3212 1194 τοῦ
3253 1139 3482 1212 θεωρεῖν
3520 1140 3582 1192 τὸ
3609 1139 3696 1192 θέ-

2107 1240 2259 1312 λημα
2289 1239 2498 1306 αὐτῶν,
2535 1238 2631 1292 καὶ
2657 1237 2754 1308 τὴν
2788 1237 3074 1308 ἐνέργειαν
3105 1234 3205 1306 τῆς
3245 1231 3454 1296 οίκείας
3497 1231 3700 1300 ψυχῆς,

2109 1334 2203 1387 καὶ
2253 1331 2350 1386 τοῦ
2401 1329 2674 1402 σώματος,
2733 1327 3020 1398 διηνεκῶς,
3079 1325 3178 1379 καὶ
3210 1324 3506 1387 ἀπαύστως
3543 1323 3696 1376 πολε-

2112 1422 2418 1492 μουμένην,
2451 1418 2548 1472 καὶ
2584 1417 3074 1492 βεϐορϐορωμένην
3105 1415 3211 1468 ὐπὸ
3239 1415 3342 1485 τῆς
3375 1413 3701 1484 πυρώσεως,

2111 1513 2206 1568 καὶ
2232 1511 2516 1583 ἐνεργείας
2534 1511 2626 1565 τοῦ
2657 1490 2908 1564 διαϐόλου
2928 1527 2941 1540 ⁸
2972 1509 3164 1562 τούτου
3209 1505 3496 1578 χάρινκαὶ
3523 1506 3702 1571 αὐτοὶ,

2110 1609 2205 1662 καὶ
2253 1605 2552 1677 Νεστὸριος
2591 1605 2984 1676 παρῃτήσαντο
3043 1603 3220 1656 εἰπεῖν
3253 1600 3313 1653 ἐν
3343 1597 3568 1670 Χριστῷ
3605 1598 3704 1650 ἀν-

2112 1699 2382 1771 θρώπινον
2413 1697 2650 1770 θέλημα,
2689 1697 2723 1768 ἢ
2761 1696 3068 1766 ἐνέργειαν.
3111 1693 3274 1746 Ἀλλά
3321 1692 3706 1756 Μονοφυσῖται

2110 1793 2569 1858 ταυτοϐουλίαν,
2621 1791 2716 1844 καὶ
2753 1787 3204 1858 ταυτοπραξίαν
3257 1783 3701 1856 ἐφαντάσθησαν,

2112 1887 2298 1951 καθὼς
2334 1887 2464 1956 περὶ
2500 1883 2694 1940 τούτου
2736 1883 2825 1936 διὰ
2875 1881 3135 1946 πλάτους,
3178 1879 3276 1934 καὶ
3306 1881 3365 1933 ἐν
3401 1879 3514 1941 τοῖς
3551 1875 3704 1945 ἑξῆς,

2115 1984 2210 2037 καὶ
2237 1983 2294 2034 ἐν
2326 1980 2537 2051 ἑτέροις
2559 1965 2892 2050 εἰρήκαμεν.

2186 2074 2470 2143 Σχόλιον.
2501 2071 2593 2142 Μὴ
2611 2068 2924 2124 λανθανέτω
2964 2067 3094 2129 τοὺς
3135 2066 3478 2136 φιλοπόνους,
3511 2065 3707 2135 ὅτιπερ

2117 2169 2306 2242 ἐπειδὴ
2329 2168 2454 2232 τοὺς
2484 2163 2990 2237 δαιμονιζομένους,
3020 2159 3494 2231 ὲνεργουμένους
3510 2156 3711 2211 εἰώθα-

2125 2281 2224 2335 μεν
2277 2260 2602 2332 ὁνομάζειν·
2660 2256 2854 2312 τούτου
2904 2255 3068 2326 χάριν
3119 2255 3172 2307 οἱ
3217 2252 3504 2324 αἱρετικοὶ,
3555 2251 3711 2302 ἐπειι

2121 2355 2219 2410 δὰν
2257 2353 2566 2409 ἀκούσωσιν
2595 2347 2880 2418 ἐνεργείας
2913 2347 2973 2400 ὲν
2997 2343 3076 2416 τῷ
3105 2343 3351 2414 Χριστῷ,
3384 2341 3586 2404 εὐθέως
3611 2339 3714 2403 τὰς

2115 2447 2227 2502 τῶν
2269 2445 2591 2516 πασχόντων
2641 2439 2926 2512 ἐνεργείας
2955 2435 3276 2508 νομίζοντες
3306 2433 3511 2496 ταύτας
3540 2427 3708 2494 εἶναι,

2119 2537 2518 2609 ἀγανακτοῦσι,
2558 2535 2652 2588 καὶ
2684 2529 3126 2602 ἀποστρέφονται
3170 2527 3272 2597 τὴν
3310 2525 3572 2594 τοιαύτην
3603 2540 3715 2592 φω-

2119 2631 2217 2704 νὴν
2264 2631 2341 2694 ὡς
2373 2627 2591 2700 ἀληθῶς
2633 2623 3022 2696 ἐνεργούμενοι
3058 2621 3232 2687 ὄντες,
3265 2619 3436 2692 ἤγουν
3465 2617 3714 2687 δαιμονι-

2122 2727 2364 2798 ζόμενοι.
3251 2741 3254 2746 ·

2123 2927 2248 2985 Σὺν
2269 2925 2408 2993 Θεῷ.
2430 2921 2762 2993 Προθεωριά
2779 2919 2886 2988 τῆς
2914 2917 3262 2993 ὑποθέσεως
3284 2915 3410 2993 τῶν(
3417 2917 3571 2993 ὅρων
3595 2913 3713 2985 τῆς

2227 2987 2489 3064 βίϐλου,⁷
2509 2991 2586 3066 ἧς
2617 2987 2671 3062 ιη’
2700 2989 3008 3060 ἐπωνυμία
3051 2989 3293 3058 λέγεται
3329 2987 3570 3058 Ὀδηγός.
3645 2993 3650 2998 ’

503 3176 772 3234 Universa
801 3171 1018 3243 generis
1057 3166 1230 3224 nostri
1251 3207 1268 3233 .
1287 3167 1392 3222 hoc
1417 3173 1523 3234 est,
1555 3163 1795 3220 humana
1819 3163 2012 3218 natura

2186 3179 2298 3249 Τῆς
2338 3175 2460 3231 καθ’
2482 3174 2630 3246 ἡμᾶς
2678 3171 2930 3234 ἅπαντας
2963 3169 3192 3240 βροτοὺς
3225 3166 3414 3230 οὐσίας
3443 3167 3477 3236 ἠ
3507 3163 3716 3221 mina»

429 3283 488 3328 et
519 3265 868 3339 compositio,
925 3261 1166 3316 animam
1212 3258 1536 3314 rationalem
1581 3265 1637 3312 et
1675 3255 2020 3311 intellectua-

434 3366 562 3431 lem,
602 3371 657 3416 et
685 3357 1091 3414 concretionem
1141 3367 1210 3408 ex
1262 3349 1568 3416 elementis,
1611 3363 1776 3418 quam
1797 3359 2020 3400 carnem

433 3456 704 3518 dicimus,
737 3466 767 3506 a
802 3461 1058 3518 supremo
1114 3459 1297 3501 rerum
1331 3443 1628 3498 Conditore
1667 3440 1863 3497 sortita
1891 3446 2018 3504 est;

433 3559 492 3605 at
521 3549 632 3602 vita
656 3544 724 3601 ad
751 3541 971 3597 virtutis
1012 3551 1260 3594 normam
1288 3533 1654 3600 conformata,
1692 3549 1767 3589 ex
1798 3533 2020 3603 pietate,

436 3643 567 3710 tide,
632 3637 1057 3703 divinorumque
1085 3620 1470 3684 mandatorum
1497 3625 1863 3692 Observantia,
1899 3622 2024 3694 pul-

439 3730 810 3790 chritudinem
863 3738 1023 3782 suam
1049 3721 1203 3778 dicit.
1228 3717 1416 3790 Neque
1433 3718 1580 3773 enim
1609 3731 1812 3786 corpus
1842 3714 2024 3771 anima

439 3825 762 3882 destitutum
791 3819 961 3875 vitam
993 3830 1091 3893 per
1141 3827 1201 3868 se
1239 3812 1451 3892 obtinet
1487 3825 1500 3862 :
1530 3824 1708 3880 neque
1735 3807 2022 3862 mandato-

439 3933 563 3974 rum
591 3911 922 3977 observatio,
958 3909 1002 3962 si
1031 3921 1156 3962 cum
1177 3919 1308 3960 vera
1341 3912 1397 3958 et
1426 3900 1735 3957 orthodoxa
1773 3899 2026 3956 doctrina

438 4022 553 4066 non
606 4005 888 4076 jungatur,
945 3997 1246 4076 quidquam
1299 3990 1654 4050 emolumenti
1705 3990 1866 4060 parit.
1889 3989 2025 4047 Nam

441 4097 590 4170 quod
611 4095 794 4150 anima
810 4089 1052 4160 corpori,
1077 4088 1181 4143 hoc
1200 4093 1422 4156 praestat
1441 4083 1656 4154 spiritui
1676 4081 2024 4152 orthotloxia,

441 4202 500 4248 et
545 4197 696 4244 recta
723 4187 790 4241 de
817 4183 983 4238 rebus
1014 4179 1214 4236 divinis
1261 4177 1617 4234 existimatio.
1649 4175 1790 4232 Ante
1844 4175 2029 4231 omnia

445 4281 612 4353 igitur
641 4279 694 4333 in
729 4275 782 4331 id
806 4273 1210 4338 incumbamus,
1239 4285 1412 4340 eoque
1437 4283 1656 4324 omnem
1695 4267 2025 4324 industriam

448 4369 821 4434 conferamus,
877 4375 936 4420 ut
987 4379 1179 4436 puram
1215 4372 1272 4418 et
1311 4361 1380 4416 ab
1399 4360 1548 4414 omni
1591 4359 1714 4414 labe
1758 4359 2028 4428 integram

447 4465 518 4520 de
545 4459 1015 4519 ccelestidoctriua
1039 4455 1367 4514 sententiam
1399 4451 1799 4512 custodiamus,
1824 4459 1885 4505 ut
1911 4450 2030 4506 l'un-

449 4556 708 4610 damento
735 4565 872 4622 puro
901 4559 956 4607 et
983 4551 1210 4605 immoto
1240 4547 1390 4616 jacto
1412 4541 1690 4614 angularis
1707 4541 1844 4612 lapis
1865 4539 2044 4598 Chri.-'

446 4656 568 4702 stus
605 4659 636 4699 a
662 4629 820 4698 nobis
877 4642 1202 4704 ltonoretur,
1251 4649 1464 4704 nosque
1512 4647 1704 4686 omnes
1735 4632 1906 4701 culpae
1931 4647 2028 4687 cx-

343 4737 358 4743 ’
449 4747 630 4793 sortes
658 4736 715 4791 in
761 4733 868 4791 hoc
919 4731 1202 4804 spirituale
1237 4725 1528 4782 aedilicium
1563 4723 1810 4794 apposite
1865 4741 2029 4794 coag-

2124 3289 2211 3336 σις
2242 3272 2307 3322 ἐκ
2334 3265 2514 3338 ψυχῆς
2547 3263 2774 3332 λογικῆς
2833 3278 2894 3314 τε
2951 3259 3058 3331 μὴν
3094 3259 3192 3313 καὶ
3235 3261 3428 3328 νοερᾶς
3477 3257 3572 3311 καὶ
3606 3257 3715 3328 τῆς

2131 3364 2242 3420 τῶν
2291 3358 2572 3430 στοιχείων
2619 3354 2951 3426 συνδρομῆς,
2991 3353 3020 3406 ὃ
3053 3353 3171 3406 ἐστι
3215 3350 3373 3424 σὰρξ,
3422 3349 3578 3422 παρὰ
3612 3350 3714 3404 τοῦ

2123 3455 2412 3522 πανσόφως
2441 3447 2974 3520 δεδημιουργηκότος
3004 3445 3167 3515 ἔλαχε
3189 3459 3204 3476 ο
3224 3445 3320 3514 τῆς
3337 3444 3396 3498 δὲ
3423 3445 3542 3498 κατ’
3569 3443 3712 3515 ἀρε-

2123 3547 2221 3621 τὴν
2249 3541 2500 3605 ἐντελοῦς
2533 3539 2832 3603 πολιτείας,
2859 3537 2920 3602 ἐξ
2941 3536 3202 3600 εὐσεϐοῦς
3236 3553 3296 3590 τε
3325 3537 3586 3600 πίστεως,
3609 3535 3714 3588 καὶ,

2123 3639 2224 3710 τῆς
2257 3635 2388 3690 τῶν
2415 3632 2579 3688 θείων
2625 3629 2854 3686 ἐντολῶν
2897 3629 3207 3700 τηρήσεως,
3237 3629 3298 3682 τὸ
3334 3627 3533 3692 κάλλος
3569 3643 3718 3698 κρασ-

2125 3730 2368 3786 τύνεται.
2419 3725 2558 3780 Οὔτε
2590 3723 2701 3796 γάρ
2749 3724 2909 3794 σῶμα
2954 3721 3133 3792 ψυχῆς
3160 3722 3370 3794 ἔρημον
3411 3721 3554 3792 ζωὴν
3585 3719 3720 3774 καθ’
3751 3725 3754 3728 ’

2127 3819 2290 3876 ἐαυτδ
2323 3819 2592 3886 κέκτηται
2615 3831 2630 3846 ο
2663 3813 2798 3870 Οῦτε
2835 3813 2942 3885 μὴν
2972 3813 3211 3868 ἐντολῶν
3227 3814 3461 3884 τήρησις
3492 3811 3722 3883 ὀρθοδοο

2131 3909 2250 3976 ξίας
2277 3904 2704 3980 ἀπηλλαγμένη,
2727 3902 3009 3966 παντελῶς
3030 3903 3277 3972 ὀνήσειεν
3295 3902 3388 3956 τὸν
3402 3901 3716 3974 ἄνθρωπον.
3781 3965 3786 3969 ι

2132 4001 2450 4074 Ὅπερ-γὰρ
2473 3999 2622 4072 ψυχὴ
2655 3999 2890 4069 σώματι,
2920 3997 3080 4050 τοῦτο
3113 3995 3398 4069 ὀρθοδοξία
3414 3994 3718 4067 πνεύματι.

2132 4092 2346 4146 υύκοῦν
2365 4091 2756 4161 σκοπήσωμεν,
2787 4089 2834 4142 εί
2866 4087 3037 4155 δοκεῖ,
3076 4087 3184 4158 πρὸ
3205 4085 3443 4150 πάντων,
3481 4083 3578 4138 καὶ
3608 4085 3722 4156 pA.-
3771 4097 3780 4161 ξ

2133 4179 2340 4256 θωμεν,
2391 4189 2487 4238 καὶ
2539 4182 2888 4253 φυλάξωμεν,
2941 4179 3042 4250 τὴν
3095 4180 3228 4250 περὶ
3267 4177 3425 4242 Θεοῦ,
3474 4177 3722 4232 καὶτῶν

2137 4274 2300 4330 θείων
2325 4273 2513 4342 ἀπαθῆ
2543 4271 2772 4334 ἔννοιαν,
2797 4271 2946 4333 ὅπως
2969 4267 3064 4322 τοῦ
3097 4267 3350 4340 θεμελίου
3379 4265 3624 4336 καθαροῦ
3653 4283 3722 4319 τε.

2133 4364 2230 4418 καὶ
2253 4363 2592 4434 ἀκραδόωτου
2645 4358 3210 4431 προκαταϐληθέντος,
3253 4357 3284 4410 ὁ
3320 4357 3724 4428 ἀκρογωνιαῖος

2133 4455 2282 4518 λίθος
2343 4454 2600 4528 Χριστὸς,
2657 4452 2902 4515 εὐσεϐῶς
2953 4451 3044 4520 ὑφ’
3097 4449 3720 4528 ήμῶνξγεραιρόμενος,

2136 4526 2408 4619 συσφίγξη
2453 4546 2610 4618 ἡμῶν
2665 4545 2916 4616 ἀμώμων
2972 4545 3054 4609 εἰς
3115 4526 3355 4598 suam
3376 4544 3486 4596 πᾶν
3513 4541 3724 4595 οἰκοδό-

2137 4656 2318 4710 μημα,
2373 4637 2557 4708 βολαῖς
2611 4637 2851 4699 ἀπάσαις
2904 4636 3000 4690 καὶ
3047 4633 3383 4706 προσϐολαῖς
3430 4631 3721 4703 αἱρετικῆς

2140 4731 2482 4802 μαγγανείας
2504 4731 2790 4800 γινόμενον
2819 4727 3088 4782 ἄπτωτον.

452 4837 659 4883 mentet
709 4842 772 4882 ac
832 4830 1164 4894 componat,
1208 4827 1270 4874 ut
1315 4817 1384 4872 ab
1433 4815 1692 4872 omnibus
1723 4814 1991 4872 haeretica:
2027 4817 2345 4890 imposturaé
2407 4821 2864 4892 impressiouibus
2919 4829 2974 4875 et
3027 4817 3344 4875 incursibus
3381 4816 3550 4890 ,iilazsi
3593 4829 3714 4886 per-

455 4919 741 4977 sistamus.

525 5014 666 5082 Quia
711 5025 842 5066 vero
879 5007 1075 5066 stabile
1107 5013 1164 5061 et
1189 5005 1584 5060 inconcussum
1611 5001 2030 5060 fttudamentum

453 5109 637 5166 omnis
679 5104 980 5176 sapientiae,
1020 5114 1142 5171 quae
1184 5114 1215 5152 a
1240 5097 1450 5152 ratione
1488 5095 1876 5167 proﬁciscitur,
1901 5112 2029 5153 con-

457 5197 636 5256 suevit
667 5209 787 5250 esse
812 5189 1104 5264 praeceptio
1129 5196 1182 5242 et
1200 5186 1465 5257 praenotio
1490 5186 1874 5242 definitionum
1905 5202 2039 5258 pro-

2217 5006 2372 5060 Ἐπεὶ
2409 5005 2468 5060 δὲ
2527 5003 2733 5078 κρηπὶς
2789 5001 3006 5074 βεϐαία,
3066 5001 3162 5056 καὶ
3195 4999 3446 5072 ἀσφαλὴς
3467 4999 3720 5071 θεμέλιος

2136 5100 2362 5171 λογικῆς
2407 5099 2636 5190 ,ἀπάσης
2683 5096 2878 5167 σοφίας
2908 5097 3152 5166 πέφυκεν
3179 5095 3213 5166 ἡ
3243 5094 3352 5149 τῶν
3399 5109 3727 5166 πραγματι-

2139 5191 2252 5246 κῶν
2301 5187 2444 5264 ὃρων
2498 5188 2916 5263 προκατάληψις
2942 5189 3142 5271 τείκαὶ
3186 5187 3536 5260 πρόγνωσις,
3580 5203 3728 5258 προη

458 5278 636 5360 ι)οείιό
673 5290 994 5355 argumento
1051 5278 1501 5346 inservientium;
1533 5279 1657 5334 ideo
1707 5289 1922 5349 oportet
1977 5295 2012 5333 u

2139 5283 2485 5354 ηγείσθωσαν
2517 5277 2663 5338 οὗτοι
2690 5281 2881 5352 ὥσπερ
2901 5310 2908 5316 -
2927 5281 3074 5345 τινὲς
3110 5281 3375 5351 ἀσφαλεῖς
3407 5279 3594 5349 ὁδηγοὶ⁸
3619 5279 3730 5349 τῆς

462 5385 580 5436 ista:
611 5376 958 5440 antecedant,
993 5383 1251 5443 tanquam
1281 5373 1567 5442 praesentis
1603 5372 1910 5442 argumenti
1935 5373 2020 5444 ιε

2143 5374 2428 5446 παρούσης
2455 5375 2788 5438 ὑποθέσεως.
2819 5373 3052 5444 Ὀλίγοις
3071 5374 3181 5444 γὰρ
3217 5373 3312 5427 καὶ
3347 5371 3584 5444 μάλιστα
3606 5372 3729 5436 τοῖς

459 5471 782 5530 certissimae
840 5467 1031 5524 duces.
1098 5465 1296 5522 Paucis
1357 5465 1526 5531 enim,
1581 5475 1640 5522 et
1691 5467 1778 5522 liis
1818 5466 2020 5520 minium

2143 5463 2288 5521 κατά
2314 5464 2416 5538 τὴν
2450 5463 2730 5536 ἡμετέραν
2756 5462 2954 5534 γενεὰν
3008 5463 3238 5536 σπουδὴ,
3283 5461 3380 5516 καὶ
3425 5459 3591 5521 πόνος
3623 5456 3729 5527 γάρ

459 5563 732 5628 omnium,
783 5560 877 5630 qui
929 5575 1045 5616 aevo
1091 5568 1281 5616 nostro
1336 5559 1560 5631 degunt,
1603 5573 1750 5614 curae
1779 5558 2020 5628 cordiquc

2141 5573 2300 5626 γονεν
2344 5559 2378 5628 ή
2423 5555 2534 5612 τῶν
2575 5557 2719 5629 ὅρων
2771 5553 3056 5623 παίδευσίς
3108 5573 3170 5611 τε
3221 5553 3316 5610 καὶ
3369 5551 3726 5625 πρόγνωσιςο

537 5715 586 5794 ετ
613 5715 776 5774 han.
809 5733 920 5787 tux,
957 5717 1044 5774 54.
1126 5715 1166 5747 ¹³
1202 5712 1366 5769 Marc.
1402 5711 1589 5777 “,49.
1670 5712 1712 5744 ¹’
1737 5709 1900 5765 .loan.
1936 5703 2138 5778 “3°42.
