4078 6302
438 260 520 313 'r.

491 273 557 338 51
1700 280 1762 340 S.
1809 280 2206 341 ANASTASII
2237 282 2563 345 SINAIT/E

3687 273 3773 340 52

494 397 746 468 proprias
791 397 1292 455 ecclesiastieorum
1334 398 1652 469 dogmatum
1707 398 2077 462 deﬁnitiones,

2205 400 2409 470 mium,
2435 401 2739 473 πεποίηκεν
2777 399 3087 467 ἰδιαζόντως
3114 400 3275 472 ὄρους
3302 394 3777 468 ἐκκλησιαστικῶν

497 502 761 559 tanquam
802 492 1077 561 genuinus
1132 499 1448 546 sanctorum
1488 489 1675 556 Petri,
1728 500 1784 546 et
1843 492 2083 547 maxime

497 579 1065 649 sapientissimiPauli
1101 579 1423 650 discipulus,
1459 595 1582 635 cum
1624 580 1868 637 audisset
1903 582 2080 651 ipsum

495 672 654 729 valde
730 673 1059 743 repudiare,
1129 681 1183 728 et
1238 672 1499 729 detestari
1545 672 1920 729 Grmeauicam
1994 689 2085 729 sa-

494 766 782 837 pientiam.

496 854 688 910 .l’rima
722 858 941 927 quaastio
973 858 1044 912 ad
1080 857 1374 923 hwreticos,
1423 859 1763 928 qui'veniunt
1810 859 2084 913 contradi-

775 932 911 986 σιω-ἱ
925 931 1067 985 nobis
1082 931 1147 984 de
1163 929 1535 985 incarnatione
1563 929 1787 986 Christi.

573 1081 752 1149 Unde,
790 1072 876 1137 vel
908 1097 977 1137 ex
1010 1097 1253 1153 quonam
1286 1083 1435 1138 fonte
1468 1099 1748 1140 sacrarum
1780 1084 2085 1141 litterarum

500 1173 684 1228 hausit
742 1172 989 1229 Ecclesia
1047 1174 1291 1245 primum
1339 1183 1552 1231 natura:
1601 1175 1971 1232 vocabulum?
2018 1178 2088 1231 Et

501 1262 627 1331 quis
658 1263 962 1334 energiam,
997 1264 1104 1319 hoc
1137 1273 1248 1328 est,
1276 1266 1652 1335 operationem
1686 1267 1989 1323 introduxit
2033 1276 2088 1324 et

503 1354 648 1410 unde
676 1355 871 1411 didicit
906 1372 1068 1426 genus
1091 1359 1118 1412 ?
1148 1355 1216 1413 Et.
1245 1358 1369 1427 quis
1399 1360 1612 1429 primus
1648 1359 1951 1415 voluntatis
1981 1374 2086 1415 no-

501 1462 626 1501 men
658 1447 888 1517 protulit
921 1465 935 1502 :
972 1457 1027 1503 et
1058 1448 1149 1503 ubi
1183 1449 1251 1504 de
1284 1449 1588 1521 hypostasi,
1619 1451 1739 1508 usia
1768 1467 1865 1508 seu
1900 1465 2090 1509 essen-

502 1538 575 1592 tia
613 1539 915 1610 quitquam
954 1540 1163 1594 audivit
1210 1540 1491 1607 Salomon,
1531 1542 1744 1614 Moyses
1768 1584 1782 1610 ,
1824 1545 1960 1600 liber
1988 1543 2089 1599 Le-

501 1634 676 1701 vitiri,
718 1634 962 1701 Psalmi,
1015 1634 1313 1693 Psalmus?
1367 1653 1493 1695 cum
1552 1648 1734 1695 autem
1798 1640 2088 1698 haereticus

2185 493 2574 565 δογμάτων,ὠς
2599 491 3233 568 φοιτητὴς,καὶθρέμμα
3261 491 3483 562 γνήσιον
3511 487 3777 559 ὑπάρχων

2184 586 2294 640 τῶν
2333 585 2503 656 ἁγίων
2544 588 2776 659 Πέτρου,
2813 588 2908 641 καὶ
2937 572 3152 641 Παύλου
3190 584 3426 654 μάλιστα
3448 580 3543 635 τοῦ
3572 576 3777 632 πανσό-

2187 697 2312 749 φου.
2348 680 2462 735 Kal;
2492 681 2733 746 ἀκούσας
2755 679 2920 736 αὑτοῦ
2945 674 3519 749 ἀποδαλλομένου,καῖ
3532 671 3654 726 λίαν
3673 687 3778 741 μυ-

2189 772 2523 841 σαττομένου
2540 773 2634 827 καὶ¹
2653 771 3073 843 καθυϐρίζοντος
3088 771 3188 843 τὴν
3213 766 3534 839 Ἑλληνικὴν
3558 763 3774 833 σοφίαν.

2187 863 2393 938 Πρώτη
2429 864 2718 938 ἐρώτησις
2773 866 2913 938 napi
2961 863 3148 938 futan
3187 862 3336 933 πρὸς
3358 857 3528 938 ’τοὺς
3560 860 3779 938 algeti-

2436 929 2570 1008 ἐξερὶ
2764 929 3067 1008 ὲνᾷάρθέὸςυ
3098 929 3442 1008 οἰκοῖνομίας
3486 929 3596 1008 got":
3636 929 3779 995 Χρι-

2258 1005 2413 1060 στοῦ
2442 1001 2785 1074 ἀντιλέγειν
2816 1001 3184 1075 ἐρχομένους
3213 1001 3363 1072 πρὸς
3391 1001 3575 1071 ἡμᾶς.

2261 1096 2457 1162 Πόθεν,
2484 1097 2602 1169 ἦτοι
2639 1098 2704 1150 ἐκ
2732 1097 2896 1159 τίνος,
2917 1098 2974 1151 ἐν
3003 1098 3068 1168 τῇ
3098 1095 3220 1165 θείᾳ
3245 1093 3441 1165 Γραφῇ
3465 1086 3780 1162 παρέλαϐεν

2189 1192 2223 1263 ἡ
2268 1190 2590 1261 Ἐκκλησία,
2640 1188 2751 1262 πρὸ
2794 1189 3035 1256 πάντων,
3080 1185 3404 1257 φύσιν;Καὶ
3432 1183 3517 1247 τίς
3549 1184 3579 1235 ὁ
3606 1178 3781 1235 εἰπὼν

2189 1283 2363 1353 αὐτὴν
2395 1281 2699 1353 ἐνέργειαν,
2730 1281 2826 1337 καὶ
2858 1280 2962 1334 ποῦ
2994 1279 3197 1353 ἔμαθεν
3225 1277 3287 1333 τὸ
3323 1277 3537 1348 Ter-oc;
3556 1273 3666 1328 Καὶ
3692 1271 3785 1335 τίς

2190 1377 2298 1448 πρὸ
2327 1376 2548 1430 πάντων
2574 1375 2790 1447 εἴρηκε,
2832 1374 2895 1428 τὸ
2927 1374 3168 1444 6ἐλημα;
3221 1371 3317 1426 καὶ
3353 1368 3457 1424 ποῦ
3491 1368 3590 1440 τὴν
3641 1364 3785 1418 ὑπό·

2194 1484 2405 1534 στασιν,
2450 1466 2548 1521 καὶ
2578 1464 2682 1520 ποῦ
2707 1452 2807 1536 τὴν
2834 1465 3024 1519 οὐσίαν
3058 1466 3116 1517 ἐν
3158 1461 3399 1534 πρώτοις
3431 1459 3639 1530 ἀκήκοε
3680 1455 3786 1508 Σο-

2190 1560 2393 1631 λομῶν,
2427 1558 2694 1629 Μωῦσῆς,
2741 1557 3051 1620 Λευῖτικδν,
3077 1553 3393 1625 οίΨαλμοὶ,
3442 1553 3472 1605 ὁ
3512 1547 3785 1618 Ψαλμός;

2204 1652 2566 1725 Ἀποροῦντος
2615 1652 2673 1706 δέ
2725 1649 2894 1707 αὐτοῦ
2954 1649 3064 1703 τῶν
3110 1646 3370 1702 τοιούτων
3423 1641 3786 1708 ἀποδείξεων,

506 1726 703 1780 horum
739 1728 984 1782 omnium
1017 1729 1341 1799 probatione
1391 1745 1456 1786 ac
1488 1731 1959 1789 demonstratione
1996 1735 2091 1789 (le-

2205 1744 2387 1818 πρώτη
2417 1739 2560 1818 ἧττα
2600 1742 2768 1799 αὐτοῦ
2811 1741 2959 1815 αὕτη
2981 1742 3295 1814 γενήσεται.

505 1818 791 1881 stituatur,
828 1831 1039 1876 certum
1085 1830 1171 1877 est
1198 1821 1376 1886 illum,
1404 1821 1508 1877 hoe
1538 1825 1716 1893 primo
1744 1825 1926 1881 statim
1959 1839 2092 1881 eon-

505 1926 720 1982 gressu,
759 1911 1035 1985 devictum
1072 1910 1519 1986 prostratmnque
1548 1915 1639 1971 iri.

1170 2006 1322 2065 CAP.
1364 2008 1431 2063 11.

505 2120 699 2195 Divina
739 2124 1025 2193 adjuvante
1063 2126 1277 2194 gratia,
1333 2125 1496 2180 varia:
1531 2125 1864 2195 deﬁnitiones
1906 2135 2094 2182 secuné

575 2193 704 2266 dunt
734 2193 1078 2266 traditionem
1105 2204 1155 2249 et
1183 2195 1342 2266 ﬁdem
1373 2203 1572 2250 sancta:
1595 2193 1645 2249 et
1672 2196 1964 2253 Catholica:
1989 2197 2095 2253 Ec-

577 2264 773 2330 clesiae,
816 2282 881 2320 ea:
919 2263 1191 2321 Clemente
1213 2274 1262 2319 et
1298 2268 1499 2320 sanctis
1540 2266 2092 2334 Patribuscoltectaz,

576 2349 708 2416 quas
751 2347 1081 2416 antepnthes
1122 2336 1276 2416 alias.
1308 2335 1625 2416 disciplinas
1658 2337 1857 2416 discere
1891 2348 2097 2416 oportet

577 2403 757 2468 illum,
806 2408 896 2476 qui
943 2406 1124 2487 divina
1183 2406 1402 2475 adjutus
1453 2403 1632 2477 gratia
1686 2412 1838 2463 verba
1877 2403 2094 2479 pietatis

581 2491 809 2543 putasse
849 2485 1067 2544 cogitat.

580 2632 662 2687 Ad
691 2633 1089 2688 accuratiorem
1114 2648 1245 2688 vero
1281 2632 1655 2701 traditionem,
1700 2633 1831 2689 illud
1879 2650 2099 2707 quoque

511 2724 652 2779 seire
673 2725 947 2789 convenit,
971 2738 1189 2779 omnem
1213 2724 1574 2793 quaestionem
1599 2740 1693 2781 seu
1714 2724 2100 2797 interrogatio-

514 2833 636 2871 nem
665 2828 771 2871 tres
790 2819 1125 2887 quaestiones
1175 2826 1233 2874 et
1253 2818 1638 2887 inquisitiones
1660 2819 1963 2888 continere,
1994 2821 2101 2877 du-

513 2908 799 2962 bitationis
829 2908 1034 2978 aliquid
1066 2908 1212 2963 inter
1247 2924 1349 2965 nos
1398 2919 1453 2964 et
1482 2909 1829 2966 adversarios
1859 2912 2103 2983 comple-

514 3020 527 3051 ‹
546 3009 743 3056 tentes.
760 2999 1006 3070 Exempli
1025 3001 1197 3072 gratia
1219 3018 1233 3056 :
1253 2999 1393 3067 Quid
1415 3009 1502 3055 est
1526 3000 1814 3066 Deus?'Et,
1832 3002 1987 3060 Unde
2015 3004 2093 3059 di-

2800 2012 3054 2068 ΚΕΦΑΛ.
3102 2010 3178 2066 B'.

2195 2131 2333 2205 xw
2364 2128 2506 2195 Θεῷ.
2544 2126 3007 2205 Ὅροι-διάφοροι
3029 2123 3241 2205 ’-κατὰ
3263 2121 3635 2205 ςτ-ᾳρὰδοσςν,
3681 2119 3789 2205 καί

2267 2191 2478 2255 πίστιύ
2530 2191 2642 2267 τῆξ
2689 2191 2864 2267 ἁγίαξ-
2893 2191 3226 2267 καθολικῆς
3269 2191 3641 2267 Ἐκκλησίας
3681 2193 3791 2267 λετ

2268 2272 2531 2341 γόμενοι,
2567 2259 2973 2341 audierat-rec
3012 2266 3137 2341 4:56
3172 2259 3795 2341 re_K11iperto§,_xal

2268 2329 2456 2414 δᾰίων
2497 2329 2803 2414 Πατέρωνὀ
2845 2329 2969 2414 0355::
3001 2335 3099 2389 δεῖ
3140 2335 3267 2414 ’πρὸ
3297 2329 3534 2414 ίταξτὸς
3579 2329 3792 2414 ets.me

2263 2410 2617 2483 μαθῄματος
2649 2402 3049 2483 Ἃκστηθίζειῖ
3092 2402 3202 2483 τὸν
3249 2402 3325 2471 τῆ
3373 2402 3661 2483 :80anth
3680 2402 3794 2483 (οὗ

2272 2469 2867 2547 Θεοῖπροΐστασθαὶ
2926 2476 3033 2532 τοῦ
3090 2469 3436 2546 λόγουτῆς
3475 2469 3795 2536 εὐσεϐείας

2265 2551 2671 2619 βουλόμενον.

2273 2641 2418 2712 Πρὸς
2446 2640 2502 2693 δὲ
2539 2634 2935 2708 ἀκριϐεστέραν
2979 2634 3298 2706 παράδοσιν,
3333 2633 3555 2687 κάκεῖνο
3589 2630 3799 2686 εἰδέναι

2202 2735 2393 2806 ἐχρῆν,
2449 2734 2641 2804 ὅτιπερ
2674 2731 2781 2784 πᾶν
2803 2729 2865 2782 τὸ
2893 2725 3006 2782 οἷον
3041 2722 3135 2781 οὖν
3162 2727 3402 2798 ζήτημα,
3437 2725 3471 2795 ἢ
3504 2722 3797 2796 ἐρώτημα,

2202 2829 2352 2898 τρεῖς
2396 2842 2549 2888 τινας
2582 2824 2906 2895 ἐρωτήσεις,
2954 2820 3052 2873 καὶ
3098 2817 3376 2883 ἐξετάσεις
3419 2817 3552 2887 ἔχει.
3603 2814 3801 2876 Οὕτως

2204 2915 2580 2989 ἀπορούμενον
2608 2912 2909 2986 παρ’ἡμῶν
2930 2911 3063 3002 πρὸς
3078 2910 3204 2974 τοὺς
3222 2908 3546 2972 ἀντιδίκους·
3577 2900 3797 2966 Οἷον,τί

2204 3011 2323 3065 ἐστι
2370 3009 2540 3074 Θεός;
2568 3008 2680 3062 Καὶ
2707 3005 2848 3060 κατά
2880 3004 2935 3058 τί
2966 2998 3181 3075 εἴρηται
3209 3002 3372 3069 Θεός;
3421 3000 3532 3054 Καὶ
3578 2998 3805 3069 ὁσαχῶς

514 3100 731 3145 elusest
752 3089 1152 3161 Deus?thuot
1169 3091 1347 3147 modis
1364 3091 1567 3147 dicitur
1584 3075 1837 3149 Deus?Et
1854 3096 2097 3166 quidem,

2205 3105 2404 3159 νοεῖται
2444 3100 2613 3165 Θεός;
2655 3099 2765 3153 Καὶ
2809 3098 2898 3152 ὅτε
2947 3096 3047 3167 μὲν
3086 3094 3383 3167 ἐρωτῶμεν
3418 3092 3692 3161 λέγοντες,
3725 3090 3805 3145 Τί

514 3184 733 3253 quando
751 3184 1264 3254 sciscitamur,quid
1293 3192 1379 3239 est
1405 3183 1583 3240 Deus?
1611 3185 1832 3256 planum
1852 3197 1937 3244 est
2003 3205 2103 3247 nos

514 3278 886 3334 definitionem
924 3279 1005 3334 rei
1031 3294 1291 3351 quaerere.
1316 3279 1550 3347 Quando
1595 3265 1775 3336 autem
1812 3296 2103 3352 perconta-

517 3389 660 3440 mur,
682 3373 821 3429 unde
835 3373 1014 3429 dictus
1034 3372 1311 3429 estDeus?
1341 3374 1722 3451 etymologiam
1747 3391 1844 3432 seu
1865 3379 2105 3434 notatio-

519 3483 642 3523 nem
683 3467 927 3522 nominis
952 3467 1318 3538 postulamus.
1359 3466 1591 3534 Quando
1618 3486 1813 3527 rursus
1841 3472 2100 3542 petimus,

518 3560 651 3629 qitot
672 3562 850 3617 modis
869 3560 960 3616 Dei
979 3561 1272 3631 appellatio
1289 3561 1884 3633 accipitur?liqnetnos
1904 3565 2108 3621 indica-

518 3656 563 3710 ri
597 3653 757 3711 nobis
771 3655 924 3721 Velle,
944 3664 1079 3726 quot
1099 3654 1276 3709 modis
1293 3654 1399 3710 hoc
1427 3670 1629 3711 nomen
1649 3657 1756 3728 18
1783 3657 1919 3713 Deus
1943 3674 2105 3715 usur-

518 3756 695 3817 pctur.
725 3746 828 3813 Qui
848 3747 1012 3817 igitur
1030 3744 1237 3816 absque
1259 3746 1488 3802 scientia
1515 3747 1894 3804 deﬁnitionum
1919 3748 1986 3805 de
2007 3750 2107 3806 do-

519 3838 795 3908 gmatibus
817 3837 1123 3908 disceptare
1140 3837 1463 3910 ingreditur,
1495 3839 1542 3895 is
1559 3840 1693 3896 nihil
1712 3840 1937 3897 diﬂ'erta
1961 3858 2106 3899 caeco

518 3933 764 3999 viatore;
792 3931 887 4002 qui
921 3932 1026 3987 hac
1046 3930 1280 4001 illacque
1303 3940 1507 3989 temere
1525 3932 1764 3989 oberrat.
1796 3934 2106 4004 Auspican-

520 4025 653 4081 dum
683 4040 814 4096 ergo
841 4033 927 4079 est
956 4025 1225 4095 praedicto
1253 4026 1438 4092 modo,
1481 4033 1536 4080 et
1576 4025 1770 4097 triplex
1800 4026 1868 4082 de
1905 4027 2097 4083 delini-

518 4116 764 4173 tionibus
816 4116 1152 4172 instituenda
1214 4117 1540 4188 inquisitio,
1596 4119 1727 4188 quid
1777 4120 1989 4177 scilicet
2034 4121 2106 4178 sit

519 4208 798 4274 deﬁnitio;
835 4208 978 4262 unde
1010 4208 1260 4279 dicatur;
1298 4221 1352 4264 et
1389 4211 1687 4281 quotuplex
1724 4211 1844 4281 ejus
1871 4213 2046 4270 notio.

593 4301 850 4357 Deﬁnitio
883 4308 969 4357 est
1010 4302 1191 4357 oratio
1235 4301 1418 4358 brevis
1451 4303 1743 4360 notiticans
1797 4304 2104 4375 subiectam

518 4395 597 4449 rei
643 4395 959 4449 essentiam.
1022 4391 1392 4448 Nominantur
1459 4392 1577 4463 ὅροι
1657 4394 2100 4468 (deﬁnitiones),

519 4486 675 4555 quasi
710 4487 819 4542 sint
841 4486 1081 4557 ὁράσεις,
1117 4487 1343 4541 intuitus
1371 4496 1419 4540 et
1450 4488 1591 4540 oculi
1616 4503 1812 4541 rerum.
1854 4486 1949 4544 Vel
1976 4490 2105 4560 quia

524 4579 726 4635 mentis
802 4579 913 4633 vim
982 4580 1173 4649 paucis
1238 4578 1723 4635 circumscribunt.
1789 4574 1929 4635 Nam
1984 4581 2106 4638 loco

522 4672 689 4744 hujus
724 4691 737 4727 :
783 4692 800 4725 ι
841 4672 1016 4728 llomo
1046 4682 1130 4729 est
1173 4672 1479 4728 substantia
1526 4687 1590 4726 ex
1628 4687 1834 4739 carne,
1880 4673 2102 4742 anima,

523 4765 759 4829 ratione,
797 4765 1083 4836 sanguine,
1111 4763 1395 4818 elementis
1421 4762 1653 4832 aliisque
1682 4764 1935 4832 pluribus
1969 4782 2102 4821 eon-

522 4856 672 4917 ﬂata,
725 4875 745 4909 ι
794 4857 1037 4913 breviter
1088 4871 1206 4911 rem
1262 4871 1359 4927 per
1410 4855 1779 4913 deﬁnitionem
1835 4858 1892 4913 in
1959 4859 2105 4917 hunc

526 4949 747 5004 modum
782 4948 1293 5005 circumscribimus
1323 4963 1342 4998 ε.
1381 4967 1399 4999 ι
1439 4946 1616 5003 Homo
1649 4958 1735 5007 est
1777 4952 1981 5008 animal
2015 4969 2109 5009 ra-

522 5039 749 5105 tionale,
776 5041 1028 5105 mortale,
1055 5038 1253 5094 mentis
1286 5046 1343 5094 et
1371 5038 1615 5095 scientiae
1641 5055 1833 5113 capax.
1873 5064 1893 5097 ο
1929 5042 2109 5102 Multa:

524 5133 744 5203 quidem
787 5143 918 5189 sunt
954 5143 1010 5188 et
1049 5133 1356 5190 innumerae
1397 5132 1746 5191 deﬁnitiones
1777 5136 1843 5191 de
1863 5137 2109 5208 qualibet

525 5241 608 5283 re.
648 5224 727 5279 Ex
772 5224 961 5278 multis
1009 5231 1189 5277 autem
1248 5239 1449 5293 paucas
1502 5226 1770 5282 duntaxat
1816 5226 2109 5286 aﬂ’eremus

529 5326 751 5387 propter
784 5315 1095 5371 socordiam
1124 5315 1411 5372 hominum
1443 5315 1608 5387 huius
1641 5320 1839 5379 aetatis.

599 5499 851 5557 Attamen
882 5497 1015 5552 illud
1049 5499 1345 5555 observare
1372 5509 1426 5555 et
1447 5500 1672 5555 credere
1696 5509 1915 5570 oportet
1959 5515 2107 5565 eum,

531 5595 625 5665 qui
654 5601 910 5649 accurate
944 5592 1295 5651 deﬁnitiones
1342 5595 1659 5661 instituerit,
1700 5593 1857 5649 facile
1893 5594 1947 5649 in
1980 5608 2113 5647 eon-

592 5747 661 5815 (')
695 5750 764 5803 Ct‘.
799 5751 1001 5815 hujusce
1039 5755 1338 5822 Patralogia:
1366 5763 1481 5809 tem.
1510 5756 1729 5817 XXVIII,
1754 5757 1845 5808 col.
1878 5754 2105 5808 53Lb‘3l.

2134 4447 2184 4508 D

2205 3198 2321 3250 ἐστι
2359 3194 2526 3260 Θεός;
2569 3191 2856 3265 πρόδηλον,
2900 3192 2984 3245 ὅτι
3029 3189 3126 3243 τὸν
3172 3190 3298 3260 ὅρον
3325 3185 3421 3241 τοῦ
3468 3186 3806 3258 πράγματος

2206 3288 2499 3359 ζητοῦμεν.
2538 3287 2668 3339 Ὅτε
2696 3285 2753 3338 δέ
2789 3284 3044 3355 λέγομεν,
3076 3280 3238 3336 Κατά
3276 3280 3328 3334 τί
3358 3279 3492 3343 Θεὸς
3538 3278 3755 3349 εἴρηται
3783 3293 3801 3342 ;

2205 3384 2306 3453 τὴν
2346 3377 2705 3451 ἐτυμολογίαν
2755 3375 2926 3449 αὐτὴν
2975 3374 3070 3430 τοῦ
3119 3374 3382 3444 ὀνόματος
3428 3368 3801 3441 ἀπαιτοῦμεν,

2217 3472 2411 3527 Ἦνίκα
2441 3471 2497 3524 δὲ
2528 3469 2692 3524 πάλιν
2721 3469 2977 3540 λέγομεν,
3004 3468 3085 3521 ὅτι
3108 3464 3357 3536 Ὀσαχῶς
3382 3465 3583 3518 νοεῖται
3604 3464 3636 3534 ἠ
3655 3459 3803 3515 Θεοῦ

2207 3564 2587 3635 προσηγορία;
2616 3560 2907 3633 πρόδηλον,
2947 3560 3029 3613 ὅτι
3060 3558 3121 3614 τὸ
3154 3557 3297 3613 κατά
3331 3557 3532 3620 πόσους
3557 3553 3805 3627 τρόπους

2207 3655 2424 3727 εἴρηται
2456 3652 2608 3719 Θεδς,
2651 3654 2827 3706 εἰπεῖν
2861 3652 2995 3721 ἡμῖν
3021 3649 3218 3715 αὐτοὺς
3268 3649 3689 3721 είσπράττομεν.
3734 3644 3803 3700 ’0

2206 3747 2339 3818 γοῦν
2377 3746 2536 3809 ἐκτὸς
2575 3745 2835 3816 είδήσεως
2864 3742 2973 3796 τῶν
3003 3744 3166 3814 ὅρων,
3202 3740 3548 3812 δογματίζειν
3583 3740 3804 3809 ἐπιχει-

2212 3840 2341 3913 ρῶν,
2374 3839 2529 3893 οὑδὲν
2561 3837 2806 3909 διαφέρει
2842 3835 3047 3906 τυφλοῦ
3071 3835 3377 3907 ὁδοιπόρου,
3411 3827 3514 3889 ὧδε
3567 3832 3803 3901 κάκεῖσε

2208 3931 2606 4005 πελαζομένου.
2679 3929 2939 4003 Ἀρκτέον
3012 3929 3195 3983 τοίνυν
3258 3927 3338 3999 τῷ
3407 3925 3804 3998 προειρημένῳ

2207 4025 2417 4098 τρόπῳ,
2467 4022 2670 4096 τριχῶς
2704 4021 2975 4076 ποιεῖσθαι
3014 4008 3115 4084 τὰς
3160 4018 3439 4086 ἐξετάσεις
3478 4017 3590 4073 τῶν
3628 4018 3805 4088 ὅρων,

2207 4117 2262 4172 τί
2292 4119 2440 4172 ἐστιν
2469 4117 2616 4186 ὅρος,
2648 4115 2742 4169 καὶ
2773 4113 2916 4169 κατὰ
2947 4112 3002 4167 τί
3031 4112 3245 4185 εἴρηται
3279 4112 3423 4183 ὅρος,
3454 4111 3551 4165 καὶ
3581 4108 3804 4181 ὁσαχῶς

2209 4211 2409 4265 νοεῖται
2436 4212 2464 4264 ό
2491 4209 2641 4282 ὄρος.

2282 4300 2450 4372 Ὅρος
2477 4298 2598 4352 ἐστὶ
2636 4297 2797 4368 λόγος
2826 4294 3089 4368 σύντομος
3116 4292 3413 4367 δηλωτικδς
3439 4293 3540 4364 τῆς
3571 4293 3804 4347 ὑποκει-

2213 4392 2385 4464 μένης
2412 4390 2601 4455 οὐσίας
2626 4389 2703 4462 τῷ
2732 4389 3043 4460 πράγματι.
3098 4386 3265 4457 Ὅροι
3312 4386 3371 4440 δὲ
3418 4384 3689 4454 λέγονται,
3719 4383 3804 4450 ὡς

2212 4485 2483 4556 δράσεις,
2507 4484 2604 4537 καὶ
2631 4482 2900 4556 ὀφθαλμοὶ
2924 4482 3033 4536 τῶν
3061 4481 3404 4554 πραγμάτων
3434 4480 3801 4556 ὑπάρχοντες.

2217 4579 2376 4632 Ἤτοι
2409 4576 2792 4662 περιλὲγοντες
2823 4577 3104 4645 συντόμως
3134 4573 3233 4645 τὴν
3265 4571 3360 4626 τοῦ
3388 4572 3662 4643 νοήματος
3706 4570 3808 4662 δό-

2213 4687 2402 4742 ναμιν,
2451 4661 2584 4733 οἷον,
2637 4667 2929 4738 ἀνθρώπου
2978 4666 3232 4736 λέγομεν,
3280 4663 3361 4718 ὅτι
3397 4680 3416 4714 ι
3478 4661 3806 4734 ’Ἄνθρωπός

2213 4762 2365 4815 ἐστιν
2408 4758 2566 4814 οὐσία
2601 4756 2896 4829 ἐνσαρκος,
2949 4755 3045 4810 καὶ
3072 4754 3273 4825 ψυχῆς,
3328 4750 3424 4806 καὶ
3470 4750 3652 4820 λόγου,
3701 4749 3807 4804 καὶ

2214 4854 2478 4925 αἵματος,
2542 4852 2638 4906 καὶ
2697 4849 3013 4921 στοιχείων,
3064 4849 3158 4901 καὶ
3201 4846 3404 4916 ἐτέρων
3432 4844 3715 4898 πλειόνων.
3774 4860 3801 4895 s

2215 4944 2612 5017 Περιορίζομεν
2661 4940 2837 4996 ταῦτα
2908 4939 2996 4995 διά
3066 4937 3161 4992 τοῦ
3209 4938 3336 5008 ὅρου
3385 4934 3671 5005 λέγοντες,
3718 4933 3805 4986 ὅτι

2223 5036 2547 5111 Ἄνθρωπός
2579 5036 2696 5088 ἐστι
2732 5032 2869 5099 ζῶον
2905 5031 3145 5100 λογικὸν,
3178 5029 3391 5102 θνητὸν,
3429 5026 3522 5082 νοῦ
3555 5028 3651 5081 καὶ⁸
3676 5027 3809 5080 ἐπι-

2219 5130 2436 5201 στήμης
2467 5127 2733 5183 δεκτικόν.
2780 5145 2798 5180 ι
2831 5124 3026 5179 Πολλοὶ
3071 5124 3169 5194 μὲν
3213 5117 3306 5176 οὖν
3339 5122 3446 5175 είσι
3482 5118 3577 5175 καὶ
3605 5117 3805 5190 ἀναρί-

2216 5222 2414 5292 θμητοι
2467 5221 2584 5293 ὅροι
2634 5218 2765 5288 περὶ
2807 5217 3009 5280 παντὸς
3041 5215 3391 5287 πράγματος.
3441 5211 3539 5265 Ἐκ
3587 5209 3805 5264 πολλῶν

2214 5315 2273 5369 δὲ
2305 5313 2519 5382 ὀλίγους
2551 5312 2677 5375 τοὺς
2710 5309 3078 5382 κυριωτέρους
3119 5306 3448 5377 ἐντάττομεν
3478 5303 3566 5359 διὰ
3608 5302 3668 5357 τὸ
3702 5303 3809 5375 ρά-

2219 5406 2391 5476 θυμον
2418 5405 2528 5459 τῶν
2558 5403 2653 5458 νῦν
2685 5400 3013 5474 ἀνθρώπων.

2293 5498 2439 5570 Πλὴν
2473 5495 2634 5551 τοῦτο
2663 5495 2952 5566 γνωστέον,
2983 5492 3077 5547 καὶ
3105 5489 3448 5555 πιστευτέον,
3484 5489 3567 5543 ὅτι
3594 5488 3622 5542 ὁ
3649 5487 3810 5559 φιλο-

2224 5592 2399 5655 πόνως
2443 5590 2699 5662 πράττων
2747 5587 2869 5652 τοὺς
2920 5587 3098 5657 ὄρους,
3146 5585 3401 5656 ῥήτορας,
3452 5580 3543 5635 καὶ
3596 5579 3809 5644 δεινοὶ-ς
