4008 6294
295 314 404 380 ’149

1669 314 2183 400 ουιεετιοηε.

3433 322 3538 383 750

292 420 449 489 οὗτος
480 425 549 503 δὴ
596 425 759 489 αὐτὸς
798 427 826 478 6
858 422 1075 483 πάντων
1103 425 1379 497 διοικητὴς
1431 425 1525 479 καὶ
1566 427 1864 497 προνοητὴς

1971 427 2333 497 compositum
2358 444 2373 494 ;
2400 436 2524 482 nem
2555 442 2621 481 ex
2642 427 2825 489 anima
2855 428 3148 484 immortali
3178 438 3233 484 et
3264 424 3537 497 rationali,

184 564 189 567 λ
291 520 320 572 6
347 517 481 578 Θεὸς
501 556 517 582 ,
564 518 593 570 ὁ
642 516 824 588 φέρων
857 517 952 571 καὶ
977 517 1196 573 διοικῶν
1227 519 1294 570 τὰ
1325 520 1504 573 πάντα
1534 517 1612 589 τῷ
1632 517 1866 588 ,νεύματι

291 610 392 680 τῆς
419 607 705 678 δυνάμεως
726 608 912 673 αὐτοῦ,
933 608 1109 663 διττὸν
1137 608 1198 662 τὸ
1227 608 1368 671 ζῶον
1389 608 1485 664 ἀπ’
1507 607 1684 680 ἀρχῆς
1707 624 1869 662 κατα-

294 700 567 762 σκευάσας
597 696 688 750 τὺν
711 697 1020 768 ἄνθρωπονζ
1074 696 1216 767 λέγω
1246 698 1311 769 δὴ
1348 700 1412 751 εκ
1454 699 1633 768 ψυχῆς
1664 698 1869 752 ἀθανά-

290 808 382 843 του
416 790 510 843 καὶ
539 791 730 860 νοερᾶς
755 830 770 855 ,
826 789 922 843 καὶ
957 788 1209 858 σώματος
1241 788 1501 845 συνθέτου
1536 792 1631 844 καὶ
1660 790 1865 855 ὑλικοῦ,

290 880 384 933 δύο
435 879 583 950 αὐτῷ
631 880 930 949 διοικήσεις
962 881 1235 947 φυσικὰς,
1288 883 1379 934 καὶ
1412 882 1691 946 οὐσιῶδεις
1716 883 1870 935 ἐντέ-

292 969 429 1039 θηκε
448 987 460 1000 ·
493 969 591 1040 τὴν
622 970 717 1038 μὲν
743 970 920 1040 ψυχὴν
948 970 1291 1041 κυϐερνήτην
1316 970 1460 1034 δοὺς,
1490 972 1589 1042 τὴν
1612 971 1870 1037 αὐτεξού-

294 1070 407 1112 σιον
462 1060 825 1129 προαίρεσιν,
892 1057 1080 1122 καθὼς
1130 1060 1197 1113 ἂν
1249 1058 1552 1132 βούληται,
1610 1062 1722 1114 εἴτε
1775 1062 1869 1116 ἐπὶ

292 1150 517 1221 ἀρετὴν,
542 1150 660 1202 ἐἴτε
686 1150 778 1202 ἐπὶ
799 1149 1000 1203 κακίαν
1029 1149 1264 1217 ἁπάγειν
1287 1152 1384 1221 τὴν
1404 1150 1605 1222 ψυχὴν,
1624 1152 1869 1205 ἀναιτίου

292 1242 444 1305 ὄντος
475 1243 568 1296 τοῦ
600 1243 657 1294 ἐν
682 1242 889 1312 τούτῳ*
939 1241 1003 1295 τὸ
1030 1242 1087 1296 δὲ
1118 1240 1279 1312 σῶμα
1308 1243 1445 1312 πρὸς
1473 1244 1620 1314 ζωὴν
1649 1243 1737 1297 διὰ
1761 1243 1870 1297 τῶν

295 1320 576 1402 στοιχείων
625 1332 845 1397 αὐτῶν,
907 1334 1214 1403 συνειδήσει
1261 1333 1397 1387 θεοῦ
1448 1333 1777 1405 κυϐέρνησίν
1809 1352 1868 1388 τε

295 1425 390 1477 καὶ
416 1422 708 1492 διοίκησιν.
762 1424 893 1488 Καὶ,
943 1422 1136 1493 ὥσπερ
1166 1424 1400 1478 δέδωκεν
1427 1425 1455 1477 6
1479 1424 1611 1487 Θεὸς
1640 1424 1869 1489 ἄνωθεν,

294 1515 390 1569 καὶ
434 1515 529 1567 ἀπ’
551 1515 725 1585 ἀρχῆς
747 1553 764 1580 ,
815 1515 894 1585 τῷ
926 1515 1024 1584 μὲν
1055 1502 1193 1586 ἡλίιρ
1221 1518 1319 1587 τὴν
1351 1515 1684 1587 θερμοτικὴν
1715 1517 1871 1585 ἐνέρ-

294 1624 453 1676 γσιαν
473 1646 488 1670 ,
538 1605 638 1673 τὴν
666 1607 734 1660 δὲ
759 1604 991 1677 σελήνῆν
1036 1609 1101 1676 τῇ
1136 1607 1295 1659 νυκτὶ
1329 1606 1596 1678 φωτεινὴν
1620 1606 1868 1676 δύναμιν,

291 1702 356 1768 τῇ
381 1699 438 1752 δὲ
468 1701 541 1769 γῇ
568 1696 668 1768 τήν
701 1698 1146 1768 σπερμογονικὴν
1172 1696 1433 1767 αὖξησιν,
1467 1700 1580 1762 τοῖς
1603 1698 1659 1751 δὲ
1684 1702 1870 1767 φυτοῖς

1970 527 2083 572 tum
2108 517 2273 572 etiam
2293 533 2361 573 ex
2377 533 2635 589 corpore,
2653 534 2721 573 ex
2751 520 3042 591 elementis
3072 508 3457 591 coagmentata
3482 533 3541 579 ct

1968 607 2239 663 materiali
2267 616 2507 663 constat.
2543 608 2644 663 Cui
2669 609 2811 664 duas
2839 608 3353 668 administrationes
3376 623 3541 668 natu-

1969 699 2114 754 rales
2136 708 2193 754 et
2207 700 2530 754 essentiales
2561 700 2839 766 attribuit,
2865 701 3103 756 animam
3129 704 3365 768 scilicet,
3393 715 3454 758 ut
3474 706 3545 760 sit

1967 787 2359 863 gubernatrix,
2393 797 2449 843 et
2478 789 2715 843 liberum
2762 790 3081 857 arbitrium,
3121 793 3268 863 quod
3302 796 3543 851 animam

1969 856 2083 932 sive
2113 876 2182 931 ad
2215 856 2477 932 virtutem
2505 919 2518 944 ,
2550 879 2667 933 sive
2688 879 2755 933 ad
2794 880 2991 934 vitium
3016 856 3200 949 ducat,
3239 883 3352 947 Deo
3378 884 3544 953 hujus

1970 970 2049 1023 rei
2072 969 2277 1024 nullam
2299 969 2522 1041 penitus
2551 971 3139 1042 culpamsustinente;
3164 991 3367 1045 corpus
3399 976 3545 1032 insu-

1968 1077 2068 1134 per
2095 1062 2249 1119 dedit
2274 1063 2342 1118 ad
2380 1063 2546 1118 vitam
2571 1080 2671 1132 per
2696 1064 3116 1133 elementorum,
3143 1069 3330 1125 divina
3353 1073 3544 1141 provi-

1970 1154 2179 1218 dentia,
2205 1155 2662 1225 gubernationem
2689 1164 2746 1210 et
2763 1156 3321 1216 administrationem.
3337 1163 3542 1229 Quem-

1969 1247 2263 1301 admodum
2314 1245 2476 1318 405
2525 1255 2711 1301 autem
2743 1248 2887 1305 Deus
2919 1265 2950 1304 a
2985 1251 3163 1321 primo
3194 1268 3378 1307 rerum
3419 1264 3542 1310 ortu

1969 1338 2072 1392 soli
2102 1338 2440 1402 indiditvim
2469 1340 2860 1409 calefaciendi,
2896 1344 3040 1398 lunae
3078 1345 3148 1399 ad
3184 1346 3544 1403 illuminatio-

1971 1444 2101 1483 nem
2141 1430 2322 1485 noctis
2347 1431 2457 1484 vim
2482 1413 2833 1498 'illustrandi,
2886 1418 3048 1497 terra:
3090 1436 3201 1490 vim
3244 1438 3541 1509 genitalem

1970 1533 2066 1574 seu
2099 1516 2418 1576 seminalém
2450 1521 2518 1576 ad
2552 1538 2738 1578 rerum
2758 1522 3179 1594 incrementum,
3206 1531 3410 1601 plantis
3431 1532 3541 1588 vim

1973 1611 2186 1668 fruetus
2208 1604 2549 1683 proferendi,
2581 1616 2937 1684 animalibus,
2970 1629 3031 1674 ut
3048 1623 3218 1677 maris
3233 1634 3288 1678 ct
3314 1614 3543 1681 femellas

1973 1719 2268 1774 congressu
2287 1717 2747 1777 progenerentur,
2765 1719 2840 1779 et,
2868 1721 2929 1767 ut
2949 1728 3062 1766 rem
3082 1714 3138 1767 in
3155 1718 3542 1785 compendium

291 1789 389 1857 τὴν
439 1788 790 1858 καρποφόρον
836 1785 1117 1853 τελείωσιν
1140 1826 1155 1851 ,
1217 1789 1332 1869 τοῖς
1361 1786 1416 1841 δὲ
1451 1786 1612 1850 ζώοις
1653 1787 1751 1858 τὴν
1783 1787 1864 1840 διὰ

1973 1796 2290 1859 conferam,
2334 1799 2497 1853 sicuti
2540 1802 2769 1857 cuilibet
2801 1812 3015 1858 natura:
3058 1821 3213 1861 suam
3258 1809 3540 1878 propriam

292 1879 584 1942 συνουσίας
617 1878 878 1931 σύστασιν
899 1917 912 1940 ,
971 1876 1066 1929 καὶ
1117 1866 1323 1947 ἑκάστῃ
1359 1875 1546 1939 ἁπλῶς
1577 1877 1738 1944 φύσει
1771 1876 1867 1947 τὴν

290 1969 499 2023 οἰκείαν
531 1969 813 2041 ἐνέργειαν
834 1984 852 2001 ⁸
911 1966 1053 2039 οὕτω
1084 1966 1284 2020 δέδωκε
1318 1965 1414 2019 καὶ
1442 1965 1728 2035 στοιχείοις
1767 1966 1868 2035 τὴν

289 2060 400 2113 τῶν
433 2060 735 2129 σωμάτων,
769 2057 844 2121 ὼς
875 2058 1000 2127 ἐμοὶ
1030 2057 1199 2123 δοκεῖ,
1237 2057 1377 2112 κατὰ
1405 2056 1504 2127 τὴν
1532 2053 1699 2108 αὑτοῦ
1724 2054 1868 2122 γνῶ⁴

292 2170 400 2218 σιν,
430 2151 566 2223 πρὸς
590 2144 736 2222 ζωὴν
763 2148 858 2203 καὶ
882 2147 1134 2215 θάνατον,
1170 2147 1439 2219 διοίκησίν
1466 2162 1525 2199 τε
1559 2145 1654 2200 καὶ
1680 2146 1869 2217 κυϐἐρ·

289 2258 467 2314 ἰη’σιν.
1338 2305 1344 2311 _
1660 2260 1667 2271 ‘
1712 2312 1720 2319 .

362 2331 535 2386 Τοῦτο
560 2331 618 2385 δὲ
655 2330 954 2399 ᾄναγκαῖον
984 2331 1125 2383 πάνυ
1156 2330 1307 2382 ἐστὶν
1347 2329 1493 2399 ὑμᾶς
1521 2327 1866 2394 ἐπίστασθαι,

291 2422 356 2475 ἵν’
398 2423 633 2496 ὁπηνίκα
676 2421 848 2492 θεάσῃ
894 2422 1114 2485 ἀσεϐεῖς
1147 2422 1245 2492 μὲν
1282 2418 1797 2491 πολυχρονιοῦντας,
1832 2420 1865 2492 ἢ

289 2516 449 2571 πάλιν
477 2515 576 2586 μὲν
601 2513 791 2568 τοῦτον
815 2514 970 2583 ἄφνω
992 2514 1353 2577 τελευτῶντα,
1387 2514 1578 2590 τοῦτον
1601 2515 1657 2568 δὲ
1682 2514 1865 2584 6517:!-

287 2625 386 2679 νης
418 2607 563 2677 Ιιτὴν
612 2605 834 2676 ὁμιλίαν
880 2604 1264 2676 κρατηθένταο
1326 2605 1420 2658 τοῦ
1471 2605 1529 2659 δὲ
1578 2604 1673 2667 τοῦ
1718 2605 1866 2660 ὁσίου

286 2700 459 2770 νήπια
513 2700 694 2751 πάντα
725 2695 794 2749 τὰ
823 2697 991 2749 τέκνα
1020 2696 1361 2751 τελευτῶντα
1385 2711 1400 2726 ⁶
1454 2698 1646 2751 τούτου
1679 2698 1735 2751 δὲ
1774 2697 1867 2752 τοῦ

286 2788 585 2854 δυσσεϐοῦς
640 2790 767 2851 τοὺς
811 2788 962 2852 υἱοὺς
1012 2789 1483 2861 ὑπεργηρίιῖιντας⁸
1544 2791 1638 2844 καὶ
1679 2791 1868 2859 τοῦτον

288 2883 357 2937 ἂν
406 2883 497 2936 τδν
545 2882 837 2952 θεάρεστον
891 2881 985 2933 ἐπὶ
1032 2881 1234 2946 πολλὰς
1286 2881 1388 2946 τὰς
1433 2882 1647 2954 ἡμέρας
1695 2882 1865 2954 ψυχο-

291 2975 569 3046 μαχοῦντα
587 3016 603 3041 ,
654 2973 746 3027 τὸν
774 2973 829 3026 δὲ
853 2972 1092 3042 Ἕλληνα
1120 2975 1416 3055 εἰρηνικῶς
1448 2977 1543 3028 καὶ
1574 2977 1867 3046 ἀταράχως

284 3072 721 3143 τελευτήσαντα·
785 3070 879 3124 καὶ
926 3069 1131 3142 ταύτην
1177 3072 1274 3141 μὲν
1311 3072 1411 3139 τὴν
1439 3071 1601 3139 ἁγίαν
1629 3074 1866 3140 γυναῖκα

286 3168 506 3235 στεῖραν
530 3158 721 3228 οὖσαν,
769 3161 972 3232 ταύτην
993 3162 1049 3215 δὲ
1079 3161 1175 3232 τ’ὴν
1200 3161 1479 3230 Ἑλληνίδα
1510 3162 1861 3217 πολύτεκνον·

283 3258 345 3307 ἐν
372 3255 543 3327 ταύτῃ
571 3257 669 3326 μὲν
696 3256 763 3325 τῇ
794 3253 1040 3307 θεοσεϐεῖ
1067 3253 1221 3326 χώρᾳ
1247 3255 1569 3309 ἁδιάλειπτα
1598 3255 1863 3309 θανατικὰ

281 3348 546 3417 γινόμενα
566 3388 581 3412 ,
632 3345 818 3418 ἐκείνῃ
844 3341 900 3398 δὲ
934 3345 1221 3416 Ἑλληνικῇ
1243 3344 1440 3417 ’ὲνορία
1466 3346 1723 3399 οὐδέποτε
1751 3346 1862 3399 λοι-

286 3434 448 3504 μικὸν
486 3438 903 3507 καταφθάνοντα
930 3453 944 3468 ⁸
1005 3438 1099 3490 καὶ
1132 3436 1324 3499 ἁπλῶς
1369 3438 1534 3506 ἡνίκα
1563 3437 1737 3491 ταῦτα
1771 3439 1864 3491 καὶ

282 3531 355 3583 τὰ
405 3530 630 3583 τοιαῦτα
675 3527 915 3598 φοϐερὰ⁷
942 3529 1038 3581 καὶ
1079 3526 1357 3598 παράδοξα
1385 3512 1552 3598 θεάσῃ
1580 3529 1860 3598 γινόμενα,

286 3619 685 3689 μὴλθαμϐηθῇς
709 3656 725 3680 ,
785 3619 921 3687 μηδὲ
956 3619 1062 3688 μὴν
1110 3616 1360 3688 ἀπρεπές
1385 3634 1437 3670 τι
1542 3617 1863 3688 βλάσφημον

284 3708 427 3761 κατὰ
452 3706 589 3759 Θεοῦ
626 3706 910 3778 ἐννοήσῃς,
951 3704 1143 3775 μαθὼν
1172 3705 1417 3777 ἁκριᾶῶς
1451 3707 1516 3758 ὲκ
1545 3706 1651 3760 τῶν
1675 3723 1863 3775 προει-

289 3816 356 3869 ρη
368 3798 566 3868 μένων,
601 3798 683 3849 ὅτι
708 3794 886 3849 πάντα
911 3796 1085 3850 ταῦτα
1120 3796 1213 3849 καὶ
1239 3796 1305 3850 τὰ
1327 3794 1552 3849 τοιαῦτα
1580 3797 1680 3849 οὐκ
1706 3796 1864 3860 ἐκτὸς

285 3891 386 3960 μὲν
426 3890 526 3959 τῆς
566 3889 949 3944 παντεπόπτου
1002 3889 1094 3941 καὶ
1137 3893 1509 3961 προνοητικῆς
1553 3889 1657 3943 τοῦ
1682 3893 1859 3967 Δημι-

282 3984 505 4055 ουργοῦ,
539 3983 633 4036 καὶ
660 3983 1080 4051 διαπράττοντος
1103 3982 1375 4051 γνώσεως,
1401 3983 1547 4050 ὅμως
1570 3984 1668 4053 οὐχ
1690 3982 1862 4053 ἑτέρῳ

281 4076 393 4128 τινὶ
422 4077 640 4146 τρόπῳ,
679 4074 817 4129 ἀλλὰ
843 4074 932 4128 διὰ
961 4075 1060 4144 τῆς
1090 4075 1199 4129 τῶν
1218 4073 1555 4129 θεοκτίστων
1584 4076 1863 4155 στοιχείων

284 4168 618 4239 ὀρχεδότου,
676 4162 771 4221 καὶ
820 4166 1101 4221 θεοσδότου
1150 4166 1414 4221 εὐτάκτου
1459 4167 1859 4239 κυϐερνήσεως,

285 4261 382 4313 καὶ
417 4259 647 4325 τάξεως,
693 4259 787 4312 καὶ
813 4258 1049 4328 φυσικῆς
1071 4256 1411 4327 διοικήσεως.
1461 4256 1607 4325 Πλὴν
1630 4256 1726 4326 οὐχ
1751 4257 1861 4324 ὁρι-

284 4349 502 4405 στικδν.
556 4349 675 4402 οὐδὲ
727 4348 1037 4419 ἐριστικὸν,
1091 4347 1229 4400 ἀλλὰ
1273 4346 1548 4416 γνωμικὸν
1590 4349 1682 4400 καὶ
1710 4349 1863 4399 είκα-

283 4437 466 4489 στικδν
492 4435 828 4506 εἰρήκαμεν,
884 4433 1267 4498 δυσωποῦντες
1307 4436 1432 4498 τοὺς
1476 4440 1857 4502 γνωστικωτέ-

284 4543 431 4598 ρους.
468 4526 798 4599 συγγνώμην
820 4526 1082 4590 διδόντας,
1112 4527 1203 4580 καὶ
1223 4526 1675 4600 ἀναπληροῦντας
1697 4527 1853 4599 ἡμῶν

282 4618 657 4688 ὑστερήματα.

640 4756 1172 4845 ΕΡΩΤΗΣΙΣ
1202 4829 1210 4835 .
1263 4753 1452 4856 HZ'.

733 4899 790 4951 TI
816 4898 988 4952 ἐστιν
1012 4898 1429 4967 ὐπερηφανὶω

856 5004 1267 5064 -ᾹΠΟΚΡΙΣΙΣ

350 5102 423 5155 Τὸ
482 5101 616 5165 ὅλως
666 5100 810 5171 ἔχειν
866 5102 956 5155 τὸν
1012 5101 1298 5174 ἄνθρωπον
1347 5101 1404 5153 ἐν
1456 5101 1664 5170 ἐαυτῷ,
1721 5098 1753 5156 ὅ
1804 5088 1858 5155 τί

279 5194 542 5265 πράττειν
571 5194 807 5263 ἀγαθὸν,
846 5193 922 5265 μή
967 5194 1258 5264 νοουμένου
1311 5192 1405 5246 τοῦ
1442 5186 1697 5262 λέγοντος
1727 5235 1742 5259 ,
1776 5195 1857 5247 ὅτι

282 5301 303 5335 ι
330 5280 486 5338 Πᾶσα
524 5284 838 5356 δικαιοσύνη
866 5283 1022 5356 ὑμῶν
1051 5282 1281 5339 ἐνώπιον
1302 5281 1397 5339 τοῦ
1427 5283 1561 5338 Θεοῦ
1584 5283 1669 5357 ὡς,
1690 5285 1856 5354 ῥάκος

277 5375 532 5447 ἁποκαθη
542 5376 710 5447 μένης
734 5376 905 5430 εστίν.
936 5395 955 5429 ο

350 5510 396 5544 ⁸⁷
432 5509 573 5566 Gen.
604 5526 642 5565 ι.
724 5510 769 5544 ¹⁸
802 5510 909 5566 lsa.
945 5526 1087 5576 LXIV,
1115 5511 1169 5566 6.

1970 1888 2169 1959 agendi
2217 1889 2535 1946 facultatem
2579 1892 2846 1963 impertiit
2882 1896 2953 1960 ’⁷,
3004 1882 3079 1952 ita
3116 1914 3339 1969 quoque
3366 1942 3381 1967 ,
3422 1918 3542 1956 mea

1922 2042 1927 2048 .
1970 1978 2264 2043 sententia,
2283 1980 2747 2061 deducor-porum
2770 1985 3057 2042 elementis
3083 1995 3143 2043 ut
3165 1989 3295 2055 vitae,
3312 1999 3367 2045 et
3395 2007 3544 2045 mor-

1973 2071 2042 2124 tis
2081 2071 2617 2129 administrationem
2656 2084 2712 2132 et
2760 2077 3217 2147 gubernationem
3261 2082 3366 2139 sub
3416 2101 3542 2154 pro-

1969 2158 2212 2217 videntia
2230 2176 2328 2218 sua
2352 2164 2611 2223 habeant.
2986 2164 2992 2172 ’

2040 2322 2164 2379 Haec
2192 2338 2355 2380 nosse
2380 2326 2537 2381 valde
2566 2320 2940 2384 necessarium
2968 2336 3072 2399 est,
3100 2340 3159 2387 ut
3185 2333 3541 2403 quandoeun-
3622 2320 3626 2324 ’

1968 2427 2076 2482 que
2109 2413 2316 2470 videris
2348 2416 2550 2486 impios
2582 2417 2649 2472 ad
2682 2419 2887 2475 multos
2917 2435 3091 2477 annos
3122 2423 3289 2478 vitam
3334 2426 3539 2494 produ-

1968 2521 2115 2573 cere,
2147 2498 2295 2563 hunc
2326 2509 2592 2565 velociter
2628 2512 2926 2583 exstingui,
2957 2512 3109 2567 illum
3142 2513 3197 2569 in
3230 2517 3351 2585 ipsa
3380 2516 3540 2572 fami-

1967 2596 2090 2652 liari
2132 2599 2500 2678 collocatione
2540 2602 2798 2670 opprimi,
2834 2603 2999 2674 hujus
3036 2605 3143 2659 viri
3186 2605 3318 2661 boni
3356 2617 3413 2663 et
3441 2610 3540 2678 pii,

1968 2688 2175 2745 liberos
2209 2677 2403 2769 omnes
2438 2683 2493 2745 in
2530 2692 2757 2748 infantia
2791 2710 2821 2749 a
2854 2703 3034 2749 morte
3067 2697 3278 2768 abripi,
3311 2677 3542 2755 alterius

1967 2780 2221 2836 scelerati
2268 2780 2412 2838 filios
2448 2792 2662 2838 atatem
2706 2784 2881 2852 ferre;
2919 2786 3064 2842 hunc
3098 2788 3211 2844 Deo
3248 2801 3461 2861 gratum
3486 2786 3543 2849 et

1966 2873 2197 2928 charum
2219 2874 2471 2944 plurimis
2496 2876 2692 2933 diebus
2718 2893 2842 2932 cum
2867 2878 2978 2934 leto
3006 2880 3230 2949 luctari;
3256 2884 3538 2939 ethnicum‘

1965 2974 2103 3018 vero
2125 2972 2183 3019 et
2208 2979 2238 3018 ο
2267 2975 2413 3029 recta
2443 2965 2547 3022 ﬁde
2578 2968 2841 3035 alienum,
2867 2971 3056 3040 quiete
3088 2981 3145 3027 et
3173 2973 3379 3044 absque
3412 2963 3541 3046 per:

1967 3056 2284 3113 turbatione
2332 3059 2571 3113 animam
2616 3054 2827 3128 eﬂlare;
2875 3062 3017 3118 hanc
3064 3066 3382 3129 mulierem,
3414 3070 3539 3125 vitae

1895 3137 1939 3198 C
1971 3143 2287 3200 innocentia
2327 3148 2702 3218 spectabilem,
2738 3151 3026 3206 sterilitate
3053 3155 3267 3223 premi;
3310 3157 3476 3225 illam,
3507 3164 3538 3216 :i

1966 3236 2230 3306 religione
2273 3254 2404 3293 vera
2455 3254 2733 3305 aversam,
2777 3244 2949 3297 multa
3002 3246 3155 3313 prole
3203 3232 3533 3315 exhilarari;

1964 3343 2156 3383 rursus
2185 3320 2253 3384 in
2302 3331 2405 3385 hac
2443 3333 2555 3388 Deo
2594 3332 2777 3387 dedita
2808 3335 3053 3404 regione,
3097 3339 3277 3392 omnis
3319 3342 3535 3411 generis

1964 3420 2187 3474 morbos
2213 3421 2433 3476 assidue
2465 3424 2728 3493 grassari;
2763 3425 2925 3479 aliam
2952 3437 3135 3483 autem
3165 3432 3531 3500 provinciam,
3568 3450 3573 3455 ’

1962 3525 2105 3564 veras
2135 3511 2263 3566 tidei
2296 3516 2598 3582 expertem,
2630 3515 2779 3571 nulla
2812 3520 3136 3591 contagione
3168 3539 3410 3594 unquam
3446 3528 3533 3581 in-
3590 3506 3595 3511 ’

1919 3651 1922 3654 .
1963 3599 2183 3667 festari;
2210 3618 2320 3658 uno
2345 3605 2532 3670 verbo,
2559 3620 2681 3660 eum
2711 3607 2825 3669 haec
2852 3606 3259 3682 tam'stupenda
3283 3625 3339 3669 et
3362 3617 3529 3670 admio

1964 3693 2133 3747 randa
2176 3694 2399 3760 videris,
2429 3699 2498 3751 ne
2535 3699 2914 3769 obstupescas.
2948 3708 3086 3757 neve
3128 3718 3321 3761 contra
3361 3709 3531 3763 Deum

1964 3782 2226 3837 indecens
2267 3785 2407 3854 quid
2449 3795 2542 3840 aut
2580 3788 2960 3858 blasphemum
3005 3792 3189 3846 animo
3230 3796 3529 3865 concipias,

1962 3884 2218 3931 accurate
2257 3891 2324 3930 ex
2363 3878 2641 3945 prtedictis
2677 3878 2926 3947 edoctus,
2964 3881 3081 3937 haec
3119 3883 3244 3938 talia
3266 3901 3376 3939 non
3414 3887 3530 3941 ﬁeri

1961 3965 2182 4034 quidem
2216 3967 2424 4037 absque
2454 3967 2774 4023 Conditoris
2805 3960 3154 4042 providentia
3186 3983 3244 4029 et
3273 3976 3528 4041 scientia;

1962 4054 2056 4110 sed
2093 4066 2276 4113 tamen
2316 4072 2426 4114 non
2465 4060 2574 4115 alio
2611 4062 2776 4117 modo
2808 4079 2973 4133 quam
3008 4081 3108 4135 per
3133 4066 3529 4124 elementorum

1962 4149 2217 4217 primitus
2252 4166 2285 4206 a
2323 4142 2440 4206 Deo
2476 4154 2832 4209 constitutam
2874 4153 3352 4227 gubernationem,
3379 4162 3533 4217 ordi-

1960 4256 2085 4294 nem
2128 4250 2185 4295 et
2223 4245 2536 4299 naturalem
2570 4244 3122 4303 administrationem.
3154 4249 3424 4307 Caeterum
3468 4270 3532 4310 ea

1961 4350 2083 4403 quae
2116 4334 2376 4396 diximus.
2403 4352 2515 4392 non
2550 4338 2849 4395 definiendi
2883 4350 2977 4396 aut
3006 4346 3376 4402 contendendi
3410 4358 3530 4403 stu-

1963 4415 2070 4479 die'
2086 4428 2435 4496 protulimus,
2467 4430 2561 4485 sed
2592 4446 2692 4486 ceu
2721 4433 3045 4502 probabilia,
3077 4445 3135 4491 et
3166 4438 3219 4492 in
3251 4441 3536 4512 conjectur-

1961 4518 2039 4571 ris
2076 4518 2253 4587 posita
2289 4521 2647 4588 adduximus,
2683 4534 2938 4594 rogantes
2971 4535 3030 4581 ut
3063 4528 3339 4586 doctiores
3375 4533 3533 4588 nobis

1962 4607 2264 4678 ignoscant,
2293 4619 2349 4665 et
2376 4610 2622 4668 defectus
2652 4625 2872 4671 nostros
2904 4620 3213 4690 suppleant.

2235 4747 2805 4848 QLUESTIO
2875 4751 3262 4841 XCVI’I.

2474 4893 2619 4961 Quid
2638 4899 2708 4952 sit
2737 4899 3023 4970 superbia?

2548 5005 2815 5067 RESPON
2825 5012 2947 5068 S10.

2032 5095 2126 5151 Est
2148 5096 2356 5166 opinio,
2376 5099 2532 5167 quasi
2557 5100 2682 5168 quis
2706 5101 3131 5171 quidquidboni
3156 5102 3211 5158 in
3237 5094 3532 5177 semetipso

1960 5187 2112 5253 facit,
2140 5204 2171 5243 a
2206 5189 2387 5259 seipso
2420 5190 2470 5244 id
2504 5186 2878 5259 habeat;'non
2912 5193 2967 5249 in
3001 5205 3242 5252 mentem
3277 5210 3533 5253 revocato

1959 5280 2053 5336 illo
2075 5282 2169 5352 qui
2195 5282 2330 5337 dicit
2358 5301 2370 5335 :
2400 5302 2423 5334 ‹
2454 5281 2646 5339 Omnis
2663 5285 2876 5356 iustitia
2899 5298 3081 5344 vestra
3105 5298 3191 5345 est
3215 5290 3271 5346 in
3301 5305 3529 5362 conspe-

1959 5383 2051 5430 ctu
2086 5376 2180 5431 Dei
2207 5377 2365 5446 quasi
2396 5392 2609 5447 pannus
2639 5387 2994 5437 menstruatae
3016 5377 3080 5437 “.
3115 5401 3137 5437 ι

1587 5603 1824 5659 VARIA‘J
1866 5604 2264 5663 LECTIONES.

352 5695 383 5737 ¹ι
410 5694 639 5754 Videtur
665 5695 857 5750 deesse
883 5692 1046 5749 κατὰ.
