3996 6296
52 283 215 346 τες)
1490 260 2027 353 ουιτετιοΝΕεζ
3263 293 3369 355 770

57 416 93 449 τ
109 413 273 471 ησεν
288 387 385 449 οὖν
404 394 603 458 αὐτοὺς
627 393 800 462 λέγων
816 411 829 426 ·
861 392 988 454 Ἐὰν
1013 391 1112 465 ἔχῃ
1137 392 1165 444 6
1192 391 1444 464 βασιλεὺς
1463 393 1685 460 ταμεῖα,

1795 391 1921 460 quis
1955 407 2049 446 rex
2083 391 2315 449 haberet
2360 394 2660 460 conclavia,
2717 395 3023 469 domosque
3068 400 3364 471 pretiosas,

58 490 202 544 καὶ
233 487 421 550 οῐκους
444 487 679 556 τιμίους,
705 485 835 539 ἔνθα
863 486 1288 555 διαπράττονται
1317 484 1387 538 τὰ
1416 485 1688 552 ἀναγκαῖα

1795 482 1888 539 ubi
1912 493 2310 554 peragerentur
2336 485 2519 541 omnia
2545 488 2667 556 ejus
2707 504 2907 544 arcana
2953 493 3205 555 consilia,
3240 498 3366 564 qui-

66 581 394 650 μυστήρια
442 576 629 649 αὐτοῦ,
659 577 768 631 τίνι
800 577 1072 645 πυστεύει,
1109 578 1294 641 αὐτοῖς
1328 580 1443 640 τοῖς
1479 578 1688 639 πιστοῖς

1795 572 1897 627 bus
1923 589 1986 629 ea
2015 575 2238 629 credet?
2266 577 2406 630 Num
2437 578 2543 633 sibi
2578 579 2720 644 ﬁdis,
2750 595 2819 634 an
2847 581 3071 636 inﬁdis?
3114 585 3370 655 Respon-

63 673 428 742 ἀνθρώποις
459 669 648 734 αὑτοῦ,
692 670 725 740 ἢ
772 672 884 733 τοῖς
914 671 1204 736 ἀπίστοις;
1255 670 1491 737 Λέγουσι
1553 668 1688 738 πρὸς

1795 666 1995 720 derunt
2035 668 2113 721 illi
2160 669 2513 724 manifestum
2562 686 2683 725 esse
2735 672 3054 742 hujusmodi
3104 676 3223 730 loca
3254 694 3364 733 non

65 763 275 816 αὑτὸν
306 764 505 815 ἐκεῖνοι
527 777 543 793 °
582 761 876 832 Πρόδηλον,
913 762 997 815 ὅτι
1031 765 1144 825 τοῖς
1185 762 1530 831 πιστοτέροις
1553 761 1688 813 ὅλων

1795 755 1900 811 nisi
1929 756 2188 812 ﬁdelibus
2208 775 2237 812 a
2273 774 2401 829 rege
2429 763 2808 816 concreditum
2841 764 2929 819 iri.
2957 766 3113 821 Tunc
3144 770 3211 822 ad
3242 770 3368 827 illos

67 855 217 906 τῶν
242 854 339 908 ἀνθ
350 855 545 926 ρώπων
580 854 742 907 αὐτοῦ
767 853 1019 907 πιστεύει
1044 857 1171 917 τοὺς
1196 854 1474 916 τοιούτους
1503 855 1687 916 οἴκους

1795 848 2168 903 orthodoxus:
2223 850 2427 905 Discite
2457 869 2589 922 ergo
2623 855 2831 907 nullam
2863 856 2916 909 in
2944 859 3362 930 terris-reperiri

67 947 111 998 ὁ
144 946 437 1016 βασιλεύς.
470 946 605 998 Τότε
635 932 1016 1017 ἀποκριθεὶςὸ
1041 945 1339 1017 ὀρθόδοξος,
1399 943 1521 999 εἷπε
1554 946 1688 1016 πρὸς

1795 953 1980 999 veram
2021 939 2207 1004 (idem,
2254 941 2360 995 nisi
2417 942 3363 1012 illam,quam.catholica'Ecclesia

67 1022 337 1097 αὐτούςλ
401 1037 606 1091 «Ὥστε
665 1038 888 1107 μάθετε,
943 1040 1024 1093 ὅτι
1078 1039 1177 1092 οὐκ
1231 1039 1379 1093 ἔστιν
1435 1040 1527 1092 ἐπὶ
1584 1038 1688 1108 γῆς

1795 1031 2109 1098 prolitetur.
2140 1032 2449 1102 Eapropter
2495 1035 2774 1089 commisit
2798 1037 2961 1093 nobis
3006 1040 3149 1095 Deus
3179 1044 3366 1097 omnia

75 1129 635 1201 πίστις’ὀρθόδοξος,
676 1131 724 1182 εἰ
767 1128 843 1200 μὴ
870 1118 1297 1200 τῆςκαθολικῆς
1337 1130 1687 1200 Ἐκκλησίας.

1795 1121 1910 1175 loca
1936 1131 2144 1185 sancta,
2176 1133 2232 1178 et
2256 1124 2528 1179 domicilia
2561 1129 2965 1194 necessaria,in
2991 1132 3195 1200 quibus
3229 1144 3370 1189 tem-

73 1222 223 1275 Καὶ
254 1220 343 1274 διὰ
362 1220 520 1273 τοῦτο
547 1222 933 1274 ὲνεπίστευσεν
955 1216 1088 1293 ἡμῖν
1120 1224 1146 1275 ὁ
1171 1223 1302 1285 Θεὸς
1327 1224 1536 1283 πάντας
1560 1222 1689 1285 τοὺς
1790 1229 1923 1282 pore
1976 1216 2435 1286 peregrinationis
2483 1234 2596 1274 suae
2651 1224 2913 1293 mysteria
2977 1240 3074 1279 sua
3128 1229 3364 1298 peregit.

78 1310 305 1377 ἁγίους
346 1310 440 1362 καὶ
476 1309 812 1378 ἀναγκαίους
853 1310 1037 1373 οἴκους
1068 1311 1255 1376 αὐτοῦ,
1296 1314 1353 1364 ἐν
1389 1306 1469 1374 οἷς
1503 1311 1690 1381 ἐπιδη-

81 1404 296 1472 μήσας
324 1401 392 1453 τὰ
422 1403 699 1471 μυστήρια
750 1401 915 1454 αὐτοῦ
960 1403 1255 1472 πεποίηκε’
1300 1403 1551 1458 τουτέστι
1589 1406 1689 1474 τὴν

78 1492 388 1563 Ναζαρὲτ,
426 1491 497 1543 ’τὸ
542 1491 763 1563 Ταὸὼρ,
815 1493 914 1563 τὴν
945 1492 1212 1564 Βηθλεὲμ,
1255 1493 1346 1546 τὸν
1392 1493 1685 1565 Ἰορδάνην,

76 1589 208 1658 τὴν
261 1586 419 1652 Σιὼν,
479 1588 540 1641 τὸ
586 1585 845 1653 Γολγοθᾶ,
893 1585 992 1656 τὴν
1059 1586 1397 1647 Ἀνὰστασιν,
1468 1586 1565 1637 καὶ
1625 1585 1687 1636 ού

84 1681 297 1750 μόνον,
340 1680 477 1735 ἀλλὰ
512 1680 606 1732 καὶ
639 1681 701 1732 τὸ
729 1680 879 1745 Σινᾶ,
938 1680 1033 1733 καὶ
1071 1678 1261 1741 ἁπλῶς
1309 1679 1519 1740 πάντας
1561 1676 1686 1738 τοὺς

82 1772 311 1835 ἄλλους
337 1774 537 1851 τόπςυς
560 1772 658 1836 τῆς
694 1771 912 1841 καινῆς,
938 1772 1034 1825 καὶ
1060 1773 1160 1842 τῆς
1193 1771 1450 1847 παλαιᾶς,
1501 1770 1549 1822 οἱ
1588 1769 1688 1838 τῆς

84 1866 308 1935 καινῆς
342 1850 435 1920 καὶ
467 1866 765 1936 καθολικῆς
807 1866 1140 1937 Ἐκκλησίας
1175 1867 1503 1936 κατέχομεν.
1563 1864 1688 1917 Ἐὰν

82 1954 201 2011 οὖν
233 1959 517 2024 κακόδοξοί
549 1961 734 2029 ἐσμεν,
780 1959 939 2029 ὑμεῖς
982 1959 1254 2031 ὀροόδοξοι
1296 1961 1592 2030 ὑπάρχετε,
1627 1960 1686 2012 οὐ

84 2050 294 2114 καλῶς
323 2050 581 2121 ἐποίησεν
614 2053 642 2102 6
672 2051 805 2115 Θεὸς
846 2052 978 2120 ἡμῖν
1019 2051 1317 2112 πιστεύσας
1347 2055 1471 2113 τοὺς
1498 2053 1689 2120 ἁγίους

87 2145 311 2206 τόπους
340 2142 525 2198 αὐτοῦ.
580 2143 701 2197 Κᾶν
744 2141 960 2214 εἴπητε,
1008 2144 1091 2197 ὅτι
1142 2144 1287 2213 χειρὶ
1314 2143 1566 2215 βασιλικῇ
1596 2146 1691 2197 καὶ

84 2238 406 2305 τυραννικῇ
443 2235 661 2305 τούτους
687 2236 1011 2305 κατέχομεν,
1031 2233 1317 2303 ἐλέγχεσθε
1345 2236 1687 2306 ψευδόμενοι.

102 2328 258 2379 Ἰδοὺ
307 2328 416 2397 γὰρ
470 2326 762 2398 βαρϐάρων
806 2326 1151 2397 κρατούντων
1203 2326 1301 2397 τὴν
1342 2316 1526 2398 χώραν
1581 2327 1691 2381 τῶν

86 2418 286 2487 ἁγίων
308 2420 634 2483 τόπων,ούκ
673 2418 876 2488 ἐπῆρεν
920 2417 1120 2481 αὐτοὺς
1157 2417 1216 2483 ἐξ
1260 2419 1420 2487 ἡμῶν
1463 2418 1492 2469 6
1535 2418 1687 2497 Θεός.

90 2511 164 2563 EE
208 2510 267 2564 δὲ
311 2510 426 2572 καὶ,
477 2509 772 2576 ὡςκείκὸς,
809 2508 992 2573 δόξετε
1025 2508 1225 2577 λέγειν,
1256 2508 1335 2562 ὅτι
1378 2508 1690 2578 ἐκράτησαν

89 2602 245 2656 ποτὲ
270 2602 319 2654 οἱ
372 2601 638 2670 Ἀρειανοὶ
670 2602 773 2669 πρὸ
817 2601 1012 2670 ὀλίγων
1058 2603 1266 2671 χρόνων
1316 2604 1443 2664 τοὺς
1503 2602 1691 2670 ἁγίους

89 2693 351 2759 τόπους,
406 2693 515 2745 ἰδοὺ
567 2693 787 2763 ἀληθῶς
825 2694 1021 2745 ἐκεῖνοι
1059 2693 1148 2746 διὰ
1177 2682 1358 2764 χειρὸς
1405 2692 1691 2764 βασιλικῆς

90 2787 202 2839 καὶ
256 2783 547 2854 τυραννὶας
593 2784 851 2853 ἥρπασαν
883 2784 1007 2846 τοὺς
1056 2782 1248 2849 ἁγίους
1304 2783 1525 2847 τόπους,
1570 2779 1690 2833 ἀλλ’

88 2877 265 2931 οὐδὲν
294 2878 520 2949 ἴσχυσαν
544 2897 557 2910 θ
612 2880 813 2944 εὐθέως
842 2880 951 2950 γὰρ
992 2880 1153 2934 πάλιν
1187 2882 1215 2934 6
1248 2879 1381 2943 Θεὸς
1416 2882 1547 2951 ἡμῖν
1579 2881 1692 2943 τοῖς

89 2965 414 3037 ὀρθοδὸξοις
450 2968 764 3034 παρέδωκεν
800 2970 1017 3032 αὐτούς.
1063 2970 1191 3023 Ἰδοὺ
1227 2969 1411 3023 λοιπὸν
1449 2970 1691 3024 ἐπτακὸο

97 3071 215 3108 σιοι
270 3057 464 3126 χρόνοι.
517 3058 627 3119 Καὶ
674 3061 850 3113 ταῦτα
905 3060 1240 3124 ἀκούσαντες
1293 3064 1342 3115 οἱ
1393 3061 1683 3133 αἱρετικοὶ,
1713 3081 1758 3141 c

92 3149 492 3220 αἰσχυνθέντες
524 3151 895 3224 ἀνεχώρησαν.

487 3271 1017 3359 ΕΡΩΤΗΣΙΣ
1096 3276 1322 3360 PIH'.

93 3405 284 3471 Τίνος
299 3406 488 3478 χάριν
515 3411 586 3463 οὐ
618 3412 949 3477 πεποίηκεν
992 3416 1025 3466 ό
1063 3402 1341 3478 Σαταιιᾶς(
1391 3413 1691 3477 τοσαύτας

169 3477 460 3551 αἱρέσεις,
486 3480 584 3531 καὶ
622 3482 952 3551 σχίσματα,
979 3484 1049 3536 ἐν
1074 3482 1244 3551 ἑτέρᾳ
1278 3477 1496 3549 πίστει,
1522 3485 1575 3537 ει
1601 3486 1688 3551 μὴ

814 3549 837 3559 ρ

168 3546 254 3598 ἐν
278 3545 349 3614 τῇ
376 3547 495 3600 τῶν
513 3545 917 3614 Χρισὶιαίθῶη

703 3662 1096 3731 ΑΠΟΚΡΙΣΙΣ.
1138 3677 1145 3684 ·

172 3752 306 3803 ’Ὁτι
373 3753 545 3803 πᾶσαι
603 3755 659 3804 αἱ
705 3753 890 3808 λοιπαὶ
943 3757 1062 3825 τῶν,
1108 3758 1461 3813 ἀϐαπτίστων
1516 3742 1688 3816 ὲθνῶν

97 3846 327 3906 πίστεις
361 3845 647 3916 ἀγαπηταὶ
672 3845 749 3915 τῷ
790 3846 1023 3900 διαϐόλω
1051 3850 1179 3917 etot,
1203 3851 1299 3904 καὶ
1333 3853 1508 3916 οὐδεὶς
1537 3853 1687 3925 αὐτῷ

94 3933 268 4001 λόγος
301 3934 609 4003 πολεμῆσαι
667 3935 876 4005 ἰσχύσει
907 3940 1095 4002 αὐτὰς,
1136 3943 1183 3994 εἰ
1227 3942 1304 4013 μὴ
1359 3945 1460 4014 τὴν
1503 3945 1687 3998 πίστιν

98 4024 199 4076 τοῦ
235 4024 472 4094 Χριστοῦ
499 4025 574 4089 ὡς
602 4028 1008 4101 ἀντικειμένην,
1062 4032 1155 4085 καὶ
1200 4035 1561 4105 πολεμοῦσαν,
1593 4039 1687 4093 καὶ

100 4114 392 4177 πολλάκις,
442 4117 535 4169 καὶ
591 4117 977 4188 κατάρχουσαν
999 4122 1186 4177 αὐτοῦ.
1224 4124 1334 4177 Καὶ
1363 4128 1443 4180 ὅτι
1473 4127 1687 4198 ἀληθῶς

101 4203 281 4267 οὕτως
304 4207 471 4269 ἐστὶν,
506 4208 718 4262 ἐκεῖθεν
744 4211 859 4263 ἐστι
886 4213 1239 4295 μαθεῖν.“ῐ1ρὸ
1266 4217 1366 4286 τῆς
1391 4220 1686 4291 ἐπιδημίας

100 4295 203 4350 τοῦ
232 4298 470 4367 Χριστοῦ
503 4302 604 4353 οὐκ
628 4297 697 4371 ἧν
725 4302 875 4365 ἔθνος
926 4303 1198 4373 θεοσεϐὲς,
1257 4310 1306 4360 εὶ
1359 4311 1434 4381 μὴ
1480 4306 1541 4364 τδ
1588 4312 1683 4364 τοῦ

1790 1305 1904 1360 Hoc
1941 1316 2045 1372 est,
2094 1308 2387 1373 Nazareth,
2446 1320 2689 1365 montem
2743 1314 3003 1381 Thabor,
3059 1317 3363 1382 Bethleem,

1789 1398 2108 1465 Iordanem,
2140 1409 2382 1457 montem
2418 1402 2570 1468 Sion,
2603 1404 2948 1475 Golgotham,
2979 1408 3365 1464 Resurrectio-

1788 1505 1916 1544 nem
1943 1507 1959 1546 :
1987 1507 2165 1561 neque
2191 1493 2306 1548 haec
2335 1503 2569 1563 tantum,
2602 1498 2695 1551 scd
2723 1507 2779 1553 et
2810 1508 3052 1553 montem
3082 1501 3231 1566 Sina,
3259 1518 3370 1556 uno

1792 1581 1985 1646 verbo,
2017 1596 2207 1637 omnes
2237 1583 2374 1638 alios
2417 1585 2568 1639 locos
2613 1586 2752 1640 Novi
2808 1596 2865 1641 et
2918 1589 3133 1644 Veteris
3179 1590 3369 1644 Testa-

1796 1672 2150 1754 menti,'nos,
2210 1676 2305 1744 qui
2353 1677 2681 1732 catholicam
2718 1680 3019 1735 Ecclesiam
3059 1681 3366 1751 sequimur,

1798 1761 2163 1830 possidemus.
2220 1764 2276 1819 Si
2333 1767 2500 1836 igitur
2543 1784 2646 1823 nos
2675 1771 2815 1824 male
2849 1771 2916 1826 de
2947 1774 3114 1827 rebus
3163 1774 3369 1828 divinis

1792 1854 2083 1918 sentimus,
2111 1871 2208 1910 vos
2253 1866 2435 1912 autem
2476 1859 2637 1926 bene,
2687 1860 2833 1916 haud
2882 1862 3047 1934 416
3076 1873 3224 1918 recte
3257 1867 3369 1936 egit

1796 1948 1941 2003 Deus
1974 1965 2098 2004 cum
2122 1960 2310 2007 sancta
2344 1968 2440 2007 sua
2472 1953 2595 2006 loca
2620 1954 2781 2008 nobis
2810 1958 3057 2010 tradidit.
3093 1957 3153 2011 Si
3199 1973 3366 2028 ogge-

1793 2042 1931 2095 ratis
1960 2057 2063 2095 nos
2094 2058 2259 2097 manu
2310 2045 2459 2114 regia
2490 2059 2547 2101 et
2571 2048 2854 2118 tyrannica
2910 2048 3026 2103 hazc
3068 2050 3187 2104 loca
3222 2051 3368 2105 obtin

1791 2145 1947 2195 nere,
1976 2132 2182 2187 nullius
2208 2134 2411 2204 negotii
2436 2143 2557 2189 erat
2577 2151 2676 2190 vos
2721 2135 2977 2192 falsitatis
3010 2139 3367 2209 redarguere.

1791 2222 1935 2279 Ecce
1967 2224 2112 2278 enim
2143 2241 2268 2279 cum
2310 2226 2540 2283 Barbari
2563 2229 2841 2298 regionem
2867 2230 2921 2283 in
2952 2246 3058 2299 qua
3091 2231 3210 2285 loca
3236 2247 3367 2286 san-

1792 2324 1879 2369 cta
1913 2324 2043 2369 sunt
2071 2326 2363 2386 occupent,
2420 2318 2566 2373 haud
2604 2321 2748 2373 Deus
2791 2336 2854 2373 ea
2888 2337 2916 2375 a
2946 2322 3107 2376 nobis
3156 2322 3367 2378 auferri

1791 2422 1986 2476 passus
2010 2416 2113 2461 est.
2143 2409 2199 2462 Si
2231 2425 2385 2475 vero,
2437 2417 2497 2462 ut
2551 2412 2839 2479 probabile
2861 2422 2963 2475 est,
2992 2413 3192 2467 dicturi
3232 2415 3368 2469 estis

1790 2496 2026 2552 Arianos
2066 2514 2176 2553 non
2212 2499 2288 2553 ita
2335 2500 2553 2569 pridem
2581 2501 2700 2555 loca
2752 2512 2939 2556 sancta
2982 2504 3246 2568 tenuisse,
3280 2520 3369 2563 τθτ-

1793 2587 2130 2657 spondemus
2163 2589 2269 2643 hoc
2295 2590 2454 2660 plane
2479 2591 2740 2645 violentia
2775 2593 3059 2663 tyrannica
3090 2595 3365 2649 evenisse.

1794 2679 1901 2734 Sed
1933 2679 2138 2734 frustra
2161 2680 2314 2735 fuere
2353 2700 2365 2734 :
2402 2683 2672 2737 continuo
2719 2684 2867 2738 enim
2922 2686 3066 2745 Deus
3090 2682 3252 2739 nobis
3276 2702 3368 2740 or-

1791 2771 2052 2826 thodoxis
2074 2773 2196 2827 loca
2223 2782 2411 2827 sancta
2438 2774 2704 2828 restituit.
2752 2767 2821 2828 Et
2845 2776 2954 2845 jam
2995 2776 3370 2847 septingente-

1786 2866 1963 2922 simus
1991 2880 2168 2921 annus
2198 2866 2397 2937 agitur.
2422 2866 2519 2922 llis
2539 2867 2763 2934 auditis,
2793 2867 3041 2923 haeretici
3086 2869 3367 2939 pudefacti

1792 2972 2007 3014 IECBSSC
2015 2974 2114 3012 run
2121 2967 2177 3012 ι.-

1950 3261 2514 3365 QUIESTIO
2607 3236 2999 3358 CXVIII
3078 3247 3196 3354 (2).

1789 3406 1897 3463 Cur
1937 3405 2171 3462 Satanas
2202 3410 2255 3462 in
2293 3407 2443 3462 nulla
2494 3408 2607 3463 alia
2646 3408 2969 3478 professione
3021 3420 3131 3466 tam
3167 3412 3364 3469 multa:

1869 3479 2088 3584 laenae:
2117 3486 2165 3530 et
2193 3480 2480 3532 schismata
2515 3481 2782 3546 excitavit,
2811 3497 2973 3550 quam
3003 3482 3058 3535 in
3087 3482 3192 3550 ﬁde
3222 3486 3362 3537 chri-

1858 3550 2037 3602 stiana
2056 3587 2068 3600 .

2373 3663 2775 3720 RESPONSIO.

1859 3760 1999 3827 Quia
2048 3774 2241 3815 omnes
2280 3769 2442 3816 sectae
2473 3763 2719 3831 gentium
2759 3764 3036 3833 baptismo
3073 3765 3364 3818 destituta-

1792 3869 1917 3907 rum
1982 3853 2203 3908 diabolo
2267 3859 2432 3924 gratze
2473 3862 2604 3908 sunt
2660 3863 2715 3907 et
2775 3861 3035 3922 acceptae.
3090 3854 3363 3919 Quocirca

1789 3949 2057 4002 adversus
2137 3946 2258 4002 illas
2337 3963 2584 4018 pugnare
2653 3947 3002 4017 supersedet.
3073 3948 3128 4001 ln
3190 3948 3360 4001 solam

1787 4039 1990 4095 Christi
2048 4036 2250 4103 ﬁdem,
2304 4054 2407 4093 ceu
2458 4038 2562 4093 sibi
2627 4038 2935 4108 oppositam
2988 4047 3044 4094 et
3108 4038 3366 4093 adversa-

1791 4133 1931 4187 riam
1975 4134 2192 4203 sibique
2241 4149 2383 4203 sazpe
2425 4133 2823 4197 dominantem,
2859 4133 3070 4202 spicula
3105 4147 3202 4187 sua
3229 4132 3365 4187 diri-

1788 4225 1884 4296 git.
1923 4226 2057 4279 Rem
2082 4225 2156 4278 ita
2190 4241 2246 4279 se
2280 4226 2505 4289 habere,
2531 4225 2619 4280 vel
2655 4225 2784 4279 inde
2814 4224 3014 4279 disces.
3053 4224 3191 4279 Ante
3208 4224 3365 4279 Chri-

1789 4318 1858 4371 sti
1899 4317 2195 4371 adventum
2240 4333 2351 4370 non
2395 4328 2514 4372 erat
2567 4332 2703 4386 gens
2749 4333 2872 4386 quae
2904 4318 3077 4373 Deum
3133 4318 3362 4375 coleret.

118 4389 365 4484 Ἰσραῂλ
402 4392 515 4445 Οὐκ
553 4393 772 4463 ἴσχυσεν
812 4398 842 4448 ὁ
881 4399 1125 4462 Σατανᾶς
1162 4400 1290 4455 ἄλλο
1329 4403 1483 4469 ἔθνος
1520 4407 1684 4459 πολε-

1795 4410 2039 4479 exceptis
2085 4410 2373 4465 lsraelitis.
2426 4408 2567 4464 Hinc
2609 4410 2977 4465 Cacodzemon
3042 4426 3155 4464 non
3184 4412 3367 4480 potuit

109 4476 286 4546 μῆσαί
318 4495 466 4545 ποτε,
516 4482 564 4533 εξ
592 4484 668 4554 μὴ
707 4485 861 4539 αὐτό.
899 4487 1061 4542 Ὅθεν
1099 4491 1194 4543 καὶ
1224 4493 1280 4545 αἱ
1317 4494 1485 4561 φυλαὶ
1509 4496 1687 4567 διῃρέ-

108 4570 307 4637 θησαν,
343 4573 483 4653 uati)
521 4573 769 4644 βασιλεία
794 4580 992 4646 αὐτῶν,
1036 4583 1130 4634 καὶ
1160 4583 1423 4649 πολλάκις
1460 4588 1688 4653 ἑαυτοὺς

107 4651 483 4732 ἐπολέμησαν,
546 4669 643 4720 καλ⁵
716 4670 916 4740 μυρίας
986 4672 1223 4738 πίστεις,
1293 4678 1391 4751 καὶ)
1448 4651 1690 4750 αἱρέσεις

20 4751 24 4754 ’
110 4753 433 4824 κέκτηνται,
468 4758 564 4831 καὶ
615 4759 726 4831 εἴθε
778 4771 800 4798 τ
842 4762 944 4816 κᾶν
984 4766 1111 4834 περὶ
1147 4767 1285 4819 Θεοῦ
1327 4769 1600 4839 ἐμάχοντο
1632 4774 1689 4825 ὲν

109 4846 233 4907 ταῖς
263 4847 528 4916 αἱρέσεσι,
571 4852 666 4904 καὶ
709 4854 768 4905 ἐν
813 4857 929 4917 τοῖς
969 4856 1264 4927 σχίσμασιν
1307 4862 1509 4927 αὐτῶν,
1555 4863 1689 4917 ἀλλὰ

114 4938 244 5003 περὶ
284 4938 540 5007 εἰδώλων,
579 4942 762 5007 καθὼς
805 4944 953 4998 ἔστιν
1002 4949 1066 5001 ἐκ
1098 4950 1207 5002 τῶν
1231 4951 1546 5020 Ιῖασιλειῶν,
1594 4957 1689 5012 καὶ

114 5025 179 5077 ὲκ
205 5024 311 5079 τῶν
341 5031 636 5099 προφητῶν
663 5033 875 5103 μαθεῖν.
908 5036 1072 5105 Λέγει
1097 5035 1189 5092 οῦν
1216 5043 1244 5094 6
1284 5042 1573 5115 Ἱερεμίας,
1606 5047 1688 5101 ὅτι

122 5121 296 5173 ικατὰ
331 5122 419 5177 τὸν
456 5124 690 5196 ἀριθμὸν
711 5127 821 5180 τῶν
851 5129 1059 5184 πόλεων
1101 5133 1319 5205 Ἰσραὴλ
1364 5136 1608 5208 ὑπῆρχον
1639 5142 1688 5194 οἱ

114 5209 243 5301 θεοὶί
270 5214 451 5269 αὐτῶν
489 5237 509 5270 ι
546 5219 637 5272 καὶ
675 5221 732 5273 αἱ
765 5223 1007 5292 αἱρέσεις
1039 5227 1141 5297 τῆς
1178 5231 1414 5299 ματαίας
1454 5233 1689 5301 πίστεως

184 5354 247 5386 ³⁸·
275 5356 480 5413 Jerem.
517 5376 577 5425 η,
603 5360 713 5428 28;
742 5378 816 5427 ιι,
845 5365 930 5419 15.

187 5530 211 5559 ⁸
235 5521 364 5595 Ιιεε.
392 5525 487 5579 καὶ
513 5525 656 5582 οὔτε.

1791 4503 1938 4558 bella
1984 4518 2228 4569 movere,
2289 4503 2396 4558 nisi
2447 4502 2503 4556 in
2556 4502 2711 4558 istos.
2758 4504 2834 4558 Ea
2879 4504 2948 4558 de
2976 4518 3143 4559 causa
3190 4505 3369 4561 tribus

1792 4597 2012 4651 illorum
2068 4596 2295 4661 divisas,
2351 4612 2579 4667 regnum
2614 4597 2869 4661 scissum,
2932 4596 3191 4666 ipsosque
3225 4612 3367 4664 saepe

1790 4688 2179 4760 mutuisbellis
2210 4690 2451 4751 attritos,
2489 4698 2545 4742 et
2581 4689 2633 4742 in
2663 4690 2842 4744 varias
2872 4698 3052 4744 sectas
3094 4705 3158 4744 ac
3189 4690 3367 4743 luere-

1792 4796 1881 4837 ses
1909 4782 2179 4836 dissectos
2203 4781 2480 4837 novimus.
2522 4781 2712 4849 Neque
2740 4797 2840 4850 pro
2899 4783 3010 4836 Deo
3053 4791 3370 4852 pugnarunt

1796 4874 1851 4929 in
1874 4875 1991 4929 suis
2013 4874 2316 4929 haeresibus
2353 4883 2410 4928 et
2450 4875 2783 4938 schismatis,
2817 4875 2910 4930 sed
2946 4891 3047 4943 pro
3090 4875 3276 4940 idolis,
3313 4885 3372 4928 ut

1796 4973 2029 5033 apparet
2052 4963 2287 5018 exlibris
2312 4965 2544 5031 Regum,
2569 4975 2626 5019 et
2651 4982 2715 5020 ex
2742 4967 3047 5035 prophetis,
3071 4983 3139 5020 ex
3168 4967 3374 5037 quibus

1794 5056 2062 5112 Ieremias
2117 5056 2217 5121 ait,
2290 5076 2308 5108 ι
2350 5056 2657 5110 secundum
2718 5073 3009 5111 numerum
3080 5057 3371 5112 civitatum

1794 5149 1959 5204 Israel
1988 5148 2379 5218 multiplicatos
2409 5164 2529 5203 esse
2554 5149 2689 5203 deos
2708 5165 2902 5203 eorum
2931 5150 3018 5215 δυ’,
3041 5169 3060 5201 ›
3098 5166 3376 5219 vanasqne

1794 5241 2034 5297 hmreses
2068 5249 2126 5296 et
2153 5241 2473 5295 schismata.
2532 5240 2832 5308 Propterea
2880 5250 2940 5296 ut
2995 5257 3164 5306 nunc,
3206 5241 3282 5296 ita
3320 5251 3377 5296 et

1380 5470 1610 5527 VARI/Ia
1648 5474 2049 5533 LECTIONES.

1582 5580 1815 5673 Neria.

174 5683 254 5758 (2)
283 5685 487 5755 Quaest.
522 5692 587 5745 45
618 5692 685 5746 ad
711 5692 970 5753 Antioch.
