3996 6296
156 248 262 326 77"!

1525 222 2041 326 QUAiSTIONES.

2592 184 2665 194 ’τ’
2765 184 2999 201 ’Ἤρ-νη*

3312 243 3418 317 778

149 393 345 430 πτουσι
383 359 483 443 τὴν
512 371 700 443 γονὴν,
741 370 896 426 ⁴ὥσπε
906 388 938 440 ρ
961 370 1053 423 καὶ
1083 370 1175 424 ἐπὶ
1200 356 1306 423 τῶν
1331 353 1618 441 ἑταιρίδων
1646 367 1727 435 γί-

1838 364 1903 419 ad
1929 347 2216 420 lasciviam
2270 366 2552 436 frequenti
2581 368 2735 422 coitu
2772 381 2837 421 se
2865 366 3158 438 abjieiunt,
3203 367 3421 437 genitu.

145 469 333 523 νεταιδ
366 464 647 536 δυσχερῶς
679 463 787 534 γὰρ
836 463 1043 516 ἐκεῖναι
1089 461 1582 531 συλλαμσάνονται.
1636 460 1735 513 Διὰ

145 560 309 615 τοῦτο
339 555 431 613 οὖν
460 558 741 627 διαφόροις
771 555 955 619 τόποις
980 554 1128 619 τινὲς
1168 553 1415 607 πλούσιοι
1443 553 1538 607 καὶ
1563 552 1733 624 d690-

142 650 347 708 δίαιτοι
390 649 718 706 ἐπιποθοῦσι
756 646 983 713 τέκνων,
1016 646 1112 701 καὶ
1145 646 1206 700 οὒ
1250 646 1632 716 τυγχάνουσιν.
1669 645 1732 698 Ol

150 743 215 798 δὲ
258 732 487 814 πένητες
545 740 806 803 πολλάκις
841 739 1164 793 πολύτεκνοι
1197 737 1442 806 γίνονται
1474 749 1489 764 '
1529 735 1733 803 ἀναξη-

150 835 451 907 ραινομένη
492 832 602 904 γὰρ
634 833 668 902 ἡ
703 830 868 900 φύσις
897 828 1004 883 ὑπὸ
1038 827 1140 898 τῆς
1172 825 1403 892 ἐνδείας,
1437 825 1627 897 ῶσπερ
1657 825 1749 895 γῆ·

148 924 384 996 διψῶσα,
414 924 616 987 εὐθέως
639 922 932 997 δράσσεται
970 918 1072 990 τῆς
1106 918 1408 990 ὑγρότητος
1436 919 1536 989 τῆς
1564 927 1738 970 κατα-’

158 1014 492 1085 ὃαλλομένης
514 1012 701 1082 γονῆς,
733 1009 877 1065 καθὰ
901 1009 1175 1078 πάσχουσι
1205 1007 1301 1060 καὶ
1324 1000 1490 1068 οὗτοι,
1521 1007 1571 1059 οί
1600 1005 1731 1076 παρ’

159 1106 285 1175 ἡμῖν
332 1087 660 1173 πανάποροι,
696 1101 792 1155 καὶ
831 1100 1060 1171 πτωχοὶ,
1104 1100 1399 1170 ἑρημϊται,
1435 1096 1534 1151 καὶ
1561 1097 1733 1166 Ἀρα-

157 1197 270 1263 6ες,
303 1196 469 1267 ἄρτου
507 1196 606 1266 μὲν
652 1193 842 1264 σχεδὸν
887 1193 962 1264 μὴ
1003 1189 1404 1261 εὐποροῦντες,
1440 1189 1649 1258 πλῆθος
1678 1187 1734 1243 δὲ

157 1290 357 1343 τέκνων
388 1287 514 1343 καθ’
541 1285 850 1357 ὑπερὸολῆν
881 1284 1116 1356 ἔχοντες.
1150 1283 1263 1338 Καὶ
1300 1282 1451 1351 γοῦν,
1481 1281 1556 1347 ῶς
1600 1300 1733 1352 φασι

154 1379 247 1432 καὶ
271 1380 320 1432 οἱ
354 1377 454 1441 τὰς
485 1376 738 1449 ἰατρικὰς
767 1374 1082 1445 ἐπιστήμας
1109 1373 1191 1437 είς
1222 1368 1734 1444 ἀκρονὲξησκημέ-

158 1474 255 1532 vet,
286 1469 380 1520 ml.
405 1466 548 1535 γάλα
581 1464 843 1528 πολλάκις
882 1462 1199 1535 εὑρίσκεται
1230 1461 1403 1516 κακοῦ
1430 1464 1608 1534 χυμοῦ
1639 1463 1734 1517 καὶ

154 1561 407 1630 πράσεως
441 1557 754 1628 διαφθεῖρον
779 1554 839 1610 τὸ
869 1557 1081 1626 νήπιον.

214 1651 286 1706 Et
307 1651 362 1704 δὲ
393 1651 572 1719 λέγεις
601 1658 722 1720 μοι,
743 1649 771 1702 6
789 1646 858 1700 δι’
876 1647 1137 1702 ἐναντίονι
1160 1641 1369 1710 Τίὸῦνς
1403 1636 1550 1699 ἔστιν
1576 1643 1734 1707 ἐκτὸς

150 1743 287 1798 Θεοῦ
318 1712 747 1810 πολυτεκνῆσαι,
791 1738 825 1809 ῆ
862 1737 1103 1809 ζητῆσαι
1152 1749 1198 1803 ο,
1316 1736 1611 1791 ἀποθανεῖν
1639 1735 1733 1790 άν-
1766 1712 1808 1768 Β

150 1835 403 1905 θρωπον;
469 1831 583 1902 ὲρῶ
626 1848 709 1884 σοι
752 1829 931 1899 κάγὼ,
970 1829 1054 1883 ὅτι
1107 1828 1203 1883 καὶ
1235 1830 1302 1882 τὰ
1331 1828 1421 1882 διά
1465 1827 1575 1881 τῶν
1617 1845 1735 1882 κτι-

150 1923 414 1994 σμάτων,
446 1924 544 1975 καὶ
575 1919 856 1990 στοιχείων
876 1961 892 1986 ,
950 1919 1048 1973 καὶ
1085 1918 1288 1990 ἀέρων,
1320 1919 1415 1971 καὶ
1457 1919 1732 1990 κράσεων,

152 2017 249 2069 καὶ
279 2015 509 2081 ὑδάτων,
549 2017 645 2066 καὶ
697 2012 973 2081 γάλακτος
1029 2009 1275 2080 φυσικῶς
1319 2011 1621 2081 γινόμενα,
1670 2011 1735 2065 οὐ

151 2107 322 2178 χωρὶς
348 2104 488 2160 Θεοῦ
515 2103 736 2173 λέγεται
777 2092 1049 2172 γίνεσθαι.
1082 2104 1219 2174 Ηαρ*
1257 2101 1424 2157 αὐτοῦ
1464 2102 1575 2175 γὰρ
1607 2103 1735 2158 ἔλα·-

151 2197 246 2252 6ον
276 2196 376 2250 ἀπ’
409 2196 586 2268 ἀρχῆς
617 2194 808 2249 ’πάντα
836 2193 903 2247 τὰ
932 2194 1212 2264 κτίσματα
1240 2192 1431 2259 αὑτοῦ,
1462 2195 1603 2250 κατά
1639 2194 1734 2248 τοῦ

151 2286 323 2343 αὐτοῦ
358 2287 612 2358 βούλησιν
638 2287 733 2341 καὶ
763 2287 1045 2358 πρόνοιαν,
1068 2286 1171 2339 καὶ
1197 2284 1297 2349 τὰς
1330 2285 1610 2350 οὐσιώδεις
1641 2287 1764 2368 αὐτ

151 2381 265 2433 τῶν
291 2379 387 2433 καὶ
421 2378 660 2449 φυσικάς
692 2377 1000 2449 ἐνεργείας.
1044 2377 1218 2443 Ἐπεὶ,
1249 2377 1437 2445 πόθεν,
1467 2379 1589 2447 εἰπέ
1620 2396 1734 2450 μοι,
1763 2377 1768 2382 ’

1837 473 2122 514 ram.non
2176 444 2454 523 retinent,
2503 464 2565 515 ut
2612 469 2671 516 et
2724 459 3118 516 meretricibus
3171 459 3417 528 accidit;

1837 550 2137 606 dilliculter
2167 551 2318 606 enim
2337 551 2684 622 concipiunt.
2730 549 3031 622 Pr0pterea
3085 551 3259 608 variis
3282 553 3424 608 locis

1836 643 2086 712 opulenti
2122 642 2350 713 quidam
2381 650 2439 698 et
2466 643 2683 699 deliciis
2701 642 3013 709 afﬂuentes,
3046 652 3247 714 petunt
3274 643 3418 698 libe-

1836 746 1952 796 ros,
1976 745 2082 786 nec
2121 731 2401 788 obtinent.
2432 731 2715 803 Pauperes
2737 748 2872 788 vero
2908 732 3236 803 frequenter
3268 716 3383 788 {nul
3404 762 3419 773 -

1837 830 1947 877 tam
1971 824 2187 894 prolem
2208 832 2507 879 numerant
2534 842 2548 878 :
2574 835 2780 880 natura
2815 826 2966 881 enim
3008 827 3081 881 ob
3115 832 3420 898 egestatem

1833 912 2146 980 exsiccata,
2191 914 2402 979 subito,
2458 914 2637 970 instar
2688 921 2852 970 terrae
2902 915 3166 982 sitientis,
3223 918 3423 987 arripit

1836 1003 2100 1060 immissae
2144 1007 2416 1076 geniturae
2455 1005 2874 1062 bumiditatem.
2932 1005 3280 1061 Testimonlo
3311 1007 3424 1062 sint

1835 1094 1931 1163 qui
1954 1093 2100 1164 apud
2128 1109 2232 1150 nos
2260 1094 2679 1166 egentissimam
2707 1095 2877 1151 vitam
2901 1095 3115 1151 ducunt
3154 1096 3420 1163 mendici,

1837 1183 2145 1255 solivagiet
2163 1184 2398 1249 Arabes,
2424 1185 2633 1255 quibus
2666 1201 2792 1241 cum
2822 1187 2914 1241 vix
2945 1187 3107 1257 panis
3136 1196 3419 1258 suppetat.

1837 1274 2132 1330 innumera
2152 1276 2348 1332 sobole
2372 1278 2675 1346 stipantur.
2710 1278 2866 1348 Saepe
2898 1279 3066 1333 etiam
3106 1279 3214 1347 lac,
3242 1288 3303 1333 ut
3332 1295 3422 1334 re-

1836 1382 1959 1421 rum
1991 1367 2336 1423 medicarum
2366 1369 2694 1438 peritissimi
2725 1369 2974 1435 tradunt,
3000 1371 3251 1441 perversi
3267 1373 3422 1427 succi

1835 1468 1892 1513 et
1922 1461 2348 1531 temperamenti
2378 1460 2564 1532 perdit
2611 1460 2903 1518 infantem;
3224 1484 3229 1487 ν

1908 1639 1967 1696 Si
2016 1641 2375 1697 adverSarius
2410 1643 2590 1697 didaté
2621 1643 2765 1709 Quid
2793 1642 2969 1714 ergo?
3007 1638 3089 1700 An
3126 1654 3284 1702 extra
3320 1648 3417 1702 Dei

1834 1733 2092 1788 notitiam
2116 1743 2202 1788 est
2224 1742 2286 1788 ut
2318 1734 2489 1789 homo
2520 1735 2777 1805 pluribus
2824 1735 3017 1791 liberis
3040 1737 3307 1805 abundet;
3344 1741 3424 1795 vi-

1835 1834 1951 1892 vat,
2004 1825 2316 1881 moriatur?
2360 1826 2732 1895 respondebo,
2785 1841 2852 1881 ea
2899 1843 3021 1898 quae
3071 1844 3173 1898 per
3204 1841 3424 1885 creatu-

1838 1926 1953 1984 ras,
1982 1918 2281 1982 elementa,
2317 1931 2526 1983 aerem,
2560 1925 3021 1987 temperamenta,
3049 1929 3223 1990 aquas
3250 1929 3309 1976 et
3338 1922 3425 1977 lae

1836 2008 2171 2063 naturaliter
2208 2005 2372 2073 fiunt,
2397 2005 2547 2062 haud
2582 2007 2793 2078 absque
2834 2018 2973 2064 nutu
3011 2010 3107 2065 Dei
3141 2010 3316 2079 eﬂici;
3352 2013 3424 2068 ab

1837 2099 1961 2171 ipso
1987 2099 2139 2154 enim
2164 2098 2352 2155 statim
2382 2114 2413 2154 a
2434 2100 2616 2170 primo
2643 2108 2771 2154 ortu
2789 2115 2985 2156 omnes
3007 2112 3297 2169 creaturae,
3331 2120 3423 2160 se-

1838 2190 2085 2247 cundum
2110 2192 2458 2247 voluntatem
2489 2200 2547 2246 et
2576 2192 2988 2262 providentiam
3021 2193 3165 2267 ejus,
3187 2204 3420 2252 natura-

1842 2284 1926 2339 les
1953 2292 2012 2339 et
2043 2283 2114 2338 ab
2149 2283 2394 2339 essentia
2415 2282 2652 2344 ﬂuentes
2666 2284 2914 2340 actiones
2937 2296 3299 2356 acceperunt.
3323 2289 3424 2344 Dic

1837 2375 2000 2441 mihi,
2027 2374 2178 2431 unde
2230 2375 2375 2431 inest
2398 2374 2658 2430 basilisco
2702 2377 2786 2431 vis
2832 2376 3210 2444 interimendi,
3239 2388 3296 2434 et
3343 2382 3427 2436 vi-

1854 2480 1984 2523 terae
2005 2467 2357 2523 mortiferum
2388 2483 2690 2534 venenum,
2723 2468 2848 2523 aliis
2896 2483 3032 2524 vero
3061 2470 3419 2537 animalculis

1836 2556 2074 2612 facultas
2141 2556 2403 2613 medendi
2441 2598 2456 2623 ,

1837 2647 2036 2702 lendil
2104 2648 2263 2705 Unde
2332 2649 2538 2719 plantae
2606 2656 2665 2705 et
2741 2650 2933 2707 herbae
2992 2652 3115 2707 alia:
3193 2654 3422 2724 quidem

1835 2740 2205 2811 perniciales,
2275 2741 2397 2797 aliae
2465 2742 2748 2810 innoxiae,-
2821 2743 2893 2798 ad
2958 2745 3305 2816 purgandum
3363 2756 3423 2802 et

1836 2833 2173 2890 medendum
2209 2836 2392 2906 aptae?
2421 2834 2549 2893 Haec
2574 2845 2634 2893 et
2664 2838 2755 2893 bis
2774 2837 2980 2894 similia
3004 2849 3297 2920 postquam
3323 2857 3422 2913 pa-
3490 2878 3493 2879 ν

1822 2906 2024 2984 ‘rentes
2050 2928 2304 2984 nonnulli
2333 2929 2493 3000 quasi
2532 2929 2803 2987 divinitus
2827 2906 3023 2988 edoeti—
3065 2906 3421 2990 ani-madver-

151 2472 417 2542 πρόσεστι
449 2470 528 2542 τῷ
555 2470 856 2543 βασιλίσκω
883 2473 917 2541 ἡ
944 2470 1270 2542 ἀναιρετικὴ
1299 2469 1606 2544 δύναμις,ἢ
1642 2472 1737 2527 καὶ

149 2569 215 2636 τῇ
250 2563 432 2636 ἐχίδνῃ
473 2566 502 2618 ὁ
553 2563 935 2635 θανατηφόρος
981 2562 1090 2629 leg,
1121 2562 1300 2619 ἄλλων
1326 2564 1385 2618 δὲ
1422 2563 1679 2633 ζωῡφίων
1701 2566 1765 2645 ῆξ

153 2657 423 2729 Ιαματικὴ
448 2655 545 2710 τοῦ
570 2656 956 2730 θανατηφόρου
981 2655 1267 2728 ὲνέργειαξ
1300 2658 1534 2713 Βοτάναι
1570 2657 1748 2712 θανα-’

146 2749 402 2821 τηφόροι,
432 2748 619 2818 ἕτεραι
674 2747 733 2801 δὲ
791 2748 1148 2819 καθαρτικαὶ,
1204 2750 1299 2803 καὶ
1330 2742 1608 2819 ἀϐλαϐεῖς,
1640 2754 1752 2821 καὶ,

150 2811 463 2910 ια’ματικαί.
497 2811 659 2893 Ὅθεν
683 2838 860 2895 ταῦτα
898 2811 996 2894 καὶ
1041 2811 1378 2896 τὰτοιαῦτα
1414 2811 1605 2908 καλῶς,
1638 2811 1763 2898 xuii

147 2930 474 2995 θεοδείκτως
511 2929 1069 3000 ἀναψηλαφήσαντες,
1097 2932 1185 2983 ἐπ’
1228 2929 1296 2984 ἀν
1324 2949 1453 2986 ποτε
1480 2929 1620 2989 εἶδόν
1650 2917 1761 3000 τι-ῖ

2528 2566 2588 2614 et
2649 2557 2974 2614 venenifera
3034 2561 3179 2615 mala
3233 2561 3423 2632 depel-
3505 2565 3512 2572 '

146 3034 240 3086 νες
269 3022 376 3076 τῶν
408 3021 787 3093 προκειμένων
816 3022 1003 3085 αὐτοῖς
1031 3021 1235 3090 γονέων
1276 3023 1337 3075 τὸ
1378 3024 1609 3096 πρῶτονΔ
1633 2982 1763 3081 κοιλ.ι

145 3116 402 3184 δεύτερον
431 3114 525 3169 καὶ
554 3114 737 3186 τρίτον
765 3113 959 3169 τεκνον
993 3114 1012 3154 ι
1043 3114 1363 3186 θηλάσασαν
1389 3118 1731 3190 τελευτῆσαι,

183 3206 560 3273 υνεΰούλευον,
602 3207 802 3279 μηκέτι
825 3207 999 3279 αὐτὴν
1024 3207 1283 3280 θηλάζειν
1316 3210 1383 3265 τὰ
1410 3211 1542 3283 παρ’
1558 3212 1732 3283 αὐτῆς

144 3298 469 3367 τικτόμενα.
504 3284 695 3369 Ὅμως
724 3297 820 3351 ἐπὶ
846 3299 1015 3352 πᾶσιν
1043 3299 1209 3354 καλὸν
1242 3302 1303 3356 τὸ
1335 3301 1536 3370 λέγειν·
1576 3317 1595 3355 ι
1644 3304 1732 3368 Ὠς

144 3388 498 3461 ὲμεγαλύνθη
552 3389 620 3444 τά
664 3389 805 3461 ἔργα
837 3406 963 3460 σου,
988 3391 1202 3465 Κύριεῑ
1246 3395 1426 3449 πάντα
1460 3397 1517 3449 ἐν
1566 3397 1730 3469 σοφίᾳ

144 3484 434 3552 ἐποίησας.
473 3502 492 3536 ι
655 3477 668 3489 ’

222 3576 418 3646 Ὅμως
456 3577 550 3629 καὶ
573 3575 768 3646 ἑτέραν
791 3575 915 3640 ﬂvit
957 3577 1092 3648 πρὸς
1121 3571 1244 3644 ταῖς
1269 3580 1591 3651 εἰρημέναις
1640 3583 1729 3635 ἐν-

141 3668 461 3723 υπὸστατον
486 3667 581 3719 καὶ
610 3666 814 3737 ἀψευδῆ
852 3669 1175 3743 παραγάγω.
1201 3672 1571 3742 παράστασιν,
1609 3675 1729 3727 πεί.

142 3760 241 3813 θου
251 3773 353 3810 σαν
377 3757 472 3809 καὶ
495 3757 587 3810 τὸν
607 3757 728 3811 λίαν
749 3759 1076 3837 φιλόνεικον,
1097 3762 1182 3815 ὅτι
1202 3761 1289 3816 διὰ
1315 3763 1422 3817 τῶν
1450 3766 1730 3837 στοιχείων

139 3849 504 3923 ᾠκονόμησεν
535 3850 564 3903 ὁ
593 3848 727 3914 Θεὸς
755 3836 1075 3906 διοικεῖσθαι
1119 3842 1213 3906 καὶ
1248 3836 1655 3925 ζωογονεῖσθαι,
1694 3859 1728 3929 ἢ

142 3958 240 3994 και
275 3939 612 3994 τελειοῦσθαι
645 3940 706 3994 τὸ
746 3941 1015 4014 ἡμέτερον
1059 3944 1220 4017 σῶμα
1244 3965 1259 3979 ·
1289 3950 1432 4019 τάχα
1463 3940 1539 4016 δὲ,
1576 3951 1638 4004 οὐ
1667 3952 1729 4006 τὺ

145 4032 314 4103 σῶμα
349 4032 532 4103 μόνον,
571 4033 708 4088 ἀλλά
739 4036 836 4088 καὶ
864 4036 1068 4101 αὐτοὺς
1098 4040 1271 4110 ἡμᾶς,
1295 4040 1395 4112 τῆς
1426 4044 1725 4115 ἀσωμάτου

141 4123 325 4195 ψυχῆς
353 4124 453 4186 τὰς
482 4124 729 4196 κινήσεις
786 4125 882 4179 καὶ
933 4126 1034 4191 τὰς
1081 4128 1387 4202 ἐνεργείας.
1423 4133 1566 4206 Ὅρα
1591 4137 1724 4210 γὰρ,

143 4213 226 4267 ὅτι
284 4213 595 4285 ἀρχομένης
636 4214 740 4285 μὲν
791 4216 893 4286 τῆς
940 4216 1172 4288 ἡμέρας,
1226 4224 1418 4295 ἐπειδὴ
1452 4226 1656 4292 εὐθέως
1691 4232 1724 4300 ὴ

143 4304 365 4374 κίνησις
397 4305 497 4374 τῆς
538 4305 706 4377 χολῆς
751 4307 969 4377 πρωῖας
998 4309 1180 4364 εἰώθει
1213 4312 1484 4383 γίνεσθαι,
1527 4322 1724 4388 πικρό-

1842 3028 2052 3086 terunt,
2108 3020 2485 3092 videruntque
2516 3021 2773 3093 primam,
2805 3023 3059 3087 alteram,
3086 3025 3420 3097 tertiamque

1835 3113 2048 3181 prolem
2087 3126 2118 3167 a
2172 3127 2231 3168 se
2287 3112 2570 3180 laetatam,
2607 3120 2931 3184 supremum
2976 3113 3126 3187 diem
3187 3117 3417 3184 obilsse,

1833 3212 1995 3261 natos
2030 3212 2097 3259 ex
2144 3219 2205 3261 se
2236 3205 2728 3278 lac‘taredeineeps
2780 3207 3148 3273 destiterunt,
3203 3209 3420 3264 Nihilo.-

1835 3296 2022 3350 minus
2058 3296 2114 3350 in
2135 3296 2240 3353 ‘his
2267 3296 2533 3354 omnibus
2558 3299 2987 3356 exclamandum
3025 3311 3144 3358 est:
3191 3322 3208 3354 ι
3240 3302 3418 3371 Quam

1834 3387 2187 3459 magnificata
2246 3386 2377 3447 sunt
2442 3403 2611 3462 opera
2655 3402 2770 3461 tua,
2818 3393 3080 3451 Domine!
3141 3397 3328 3453 omnia
3359 3398 3416 3452 in

1832 3480 2107 3550 sapientia
2124 3480 2305 3538 fecisti
2341 3482 2408 3536 “.
2434 3501 2453 3535 ι

1899 3570 2175 3628 Caeterum
2204 3574 2367 3629 aliam
2399 3590 2622 3647 quoque
2650 3570 3039 3647 probationem
3064 3581 3300 3637 solidam
3356 3594 3416 3639 et

1830 3658 2130 3726 eﬂicacem,
2161 3670 2219 3717 et
2260 3680 2383 3733 quae
2414 3666 2496 3721 vel
2541 3667 2700 3721 valde
2733 3671 3148 3726 contentiosum
3189 3674 3417 3729 convin-

1835 3759 1948 3817 cat,
1974 3750 2245 3807 adducam
2280 3753 2348 3808 ad
2378 3754 2877 3813 demonstrandum
2915 3760 3142 3817 decreto
3173 3763 3269 3819 Dei
3293 3779 3417 3819 cor-

1831 3860 1936 3915 pus
1960 3853 2211 3901 nostrum
2231 3861 2332 3917 per
2357 3847 2635 3904 elementa
2671 3844 3079 3919 administrari,
3144 3856 3414 3911 vivificari

1831 3936 1886 3991 et
1915 3934 2140 4006 perlici;
2172 3932 2428 3995 fortassis
2451 3946 2637 3995 autem
2671 3957 2782 3997 non
2824 3958 3032 4014 corpus
3058 3947 3261 4013 solum,
3315 3949 3415 4004 sed

1829 4035 1903 4083 et“
1936 4044 2039 4084 nos
2095 4028 2264 4100 ipsos,
2317 4039 2376 4087 et
2409 4033 2755 4104 incorporese
2798 4034 3000 4091 animae
3044 4038 3320 4095 motiones
3360 4053 3418 4098 et

1831 4120 2080 4175 actiones
2107 4137 2122 4174 :
2152 4120 2380 4176 adverte
2412 4122 2572 4195 42],
2606 4121 2795 4178 enim:
2828 4126 2933 4180 sub
2963 4128 3251 4185 exordium
3278 4131 3413 4198 diei,

1832 4210 2058 4279 quando
2090 4213 2272 4267 motio
2304 4213 2433 4269 bilis
2462 4229 2625 4271 mane
2639 4216 2966 4286 contingere
2986 4219 3147 4285 solet,
3172 4224 3418 4282 acriores

1833 4311 1891 4358 et
1924 4303 2376 4361 vehementiores
2406 4321 2620 4361 sumus.
2672 4307 2905 4376 Deinde,
2938 4321 3163 4382 sumpto
3210 4316 3337 4372 cibo
3360 4329 3419 4372 et

144 4412 297 4483 τεροι
325 4395 417 4448 καὶ
445 4396 690 4467 ὀξύτεροι
718 4397 997 4469 ἄνθρωποι
1021 4402 1120 4465 τὰς
1141 4405 1355 4476 πρωῖας
1383 4406 1725 4483 ὑπάρχομεν;

1838 4395 2130 4451 moderato
2153 4396 2309 4464 vino,
2342 4399 2684 4468 pacatiorem
2713 4408 2770 4455 et
2797 4403 3132 4470 quietiorem
3168 4408 3417 4464 animum

145 4481 285 4537 Εἶτα
316 4485 618 4557 γενομένης
673 4488 884 4558 τροφῆς
941 4492 1035 4543 καὶ
1069 4491 1213 4547 οἴνου
1259 4498 1579 4572 συμμέτρου
1606 4481 1733 4573 Ἵμε-

1842 4489 2150 4547 induimus.
2178 4490 2318 4547 Cum
2366 4494 2475 4547 iter
2508 4491 2764 4560 facimus,
2801 4496 3089 4566 multoque
3120 4499 3313 4557 labore
3336 4503 3421 4564 fa-

144 4575 459 4645 ταλὴψεως,
501 4576 862 4649 ἀγαθωτέραν
895 4583 990 4635 καὶ
1014 4585 1376 4658 ὴμερωτέραν
1404 4590 1507 4662 τὴν
1550 4594 1731 4666 ψυχὴν

1838 4581 2096 4654 tigamur,
2129 4591 2245 4638 tum
2276 4583 2460 4639 anima
2493 4593 2685 4640 nostra
2733 4586 3042 4657 languescit
3073 4598 3130 4645 et
3158 4592 3414 4658 laxatur;

146 4666 369 4736 ἔχομεν.
400 4669 569 4729 Πάλιν
603 4687 663 4724 τε
690 4672 1107 4745 ὁδοιποροῦντες
1130 4717 1145 4743 ,
1179 4680 1271 4733 καὶ
1301 4682 1606 4750 κοπιῶντες
1634 4689 1730 4743 ἐπὶ

1838 4684 1886 4731 et
1918 4675 2219 4746 aliquando
2269 4685 2440 4732 noctu
2496 4691 2623 4735 cum
2667 4694 2824 4734 mens
2866 4682 3106 4751 quiescit
3144 4693 3200 4739 et
3249 4685 3414 4755 plane

146 4757 310 4820 πολὺ,
339 4757 538 4822 εὐθέως
560 4759 921 4825 ὲξατονοῦσαν
956 4764 1056 4837 τὴν
1089 4766 1271 4841 ψυχὴν
1299 4772 1395 4826 καὶ
1416 4778 1727 4849 χαυνσυμέ-

1838 4766 2021 4823 sobria
2066 4774 2186 4831 est,
2248 4767 2369 4838 ipsa
2427 4767 2587 4837 quies
2657 4770 2960 4825 tumultum
3027 4773 3159 4828 ciet.
3228 4775 3411 4831 Inter-

145 4863 245 4916 νην
282 4845 501 4917 ἔχομεν.
538 4850 648 4903 Καὶ
672 4852 805 4906 ποτε
853 4853 953 4924 μὲν
991 4854 1212 4930 νύκτωρ
1249 4862 1598 4935 ἡσυχάζοντα
1627 4845 1724 4924 καὶ

1838 4860 1966 4915 dum
2010 4874 2041 4914 a
2101 4860 2341 4915 tumultu
2407 4861 2494 4917 vel
2545 4869 2685 4916 testu
2738 4862 2978 4932 quodam
3025 4869 3418 4928 concurrentis

145 4938 389 5007 νήφοντα
433 4937 526 5027 τον
564 4938 691 4993 νοῦν
729 4943 763 5012 ἡ
799 4943 999 5015 ἡσυχία
1022 4948 1116 5003 τὸν
1148 4950 1379 5023 θόρυϐον
1405 4957 1719 5027 ἐργάζεται*

1838 4952 2112 5023 corporis,
2143 4967 2300 5007 mens
2350 4952 2510 5006 velut
2551 4961 2707 5008 extra
2735 4969 2942 5025 corpus
2968 4956 3206 5014 diil‘undi
3250 4961 3413 5017 solet.

146 5027 281 5079 ποτὲ
308 5027 366 5123 δε
399 5026 507 5081 ὑπὸ
539 5028 806 5123 θορύῦων,
838 5034 872 5106 ἢ
914 5037 1198 5105 καύσωνος
1228 5060 1374 5110 τινος
1397 5054 1725 5123 συνερχομέ-

1838 5044 2032 5115 Igitur,
2054 5041 2280 5112 quando
2302 5056 2509 5112 corpus
2538 5042 2724 5098 adhuc
2765 5043 3020 5101 infantile
3058 5055 3116 5101 et
3148 5048 3421 5119 imperfe-z
3461 5099 3471 5109 .

146 5133 240 5169 vou
267 5116 361 5170 τοῦ
385 5134 662 5188 σωματος,
693 5120 997 5192 διαχεῖσθαι
1021 5128 1118 5182 καὶ
1138 5129 1215 5194 ὡς
1234 5116 1723 5205 ἀσώματοξοτνοῦς

148 5207 306 5279 ἡμῶν
354 5209 619 5278 πέφυκεν.
663 5212 884 5283 Ἀμέλει
929 5215 1056 5286 γοῦν
1103 5222 1304 5290 νηπίου
1355 5228 1452 5279 καί⁵
1496 5228 1723 5294 ἀτελοῦς

145 5296 296 5362 ὖντος
333 5298 427 5351 τοῦ
463 5299 740 5372 σώματος.
777 5305 974 5377 νήπιος
1029 5311 1122 5363 καὶ
1172 5312 1371 5384 ἀτελὴς
1428 5318 1586 5389 ημῶν
1631 5322 1726 5375 καὶ

144 5389 338 5461 ἀφρων
379 5392 408 5444 ὁ
451 5390 577 5456 νοῦς
606 5393 937 5468 καθέστηκε,
997 5400 1163 5471 μηδὲν
1209 5404 1396 5475 σχεδὸν
1426 5406 1727 5483 διακρίνειν

215 5506 261 5539 ⁸⁸
286 5509 407 5565 Psal
460 5524 567 5582 cut,
595 5513 687 5571 24.
731 5503 737 5509 ’

221 5663 243 5692 e
270 5651 453 5721 ζῆσαι.
537 5652 558 5693 τ
596 5654 776 5714 Locus
813 5672 1124 5730 corruptus.

381 5749 658 5810 Parma.
706 5753 825 5813 Gn.
869 5753 1188 5823 LXXXIX,

1835 5145 1985 5192 ctum
2017 5143 2124 5201 est,
2150 5134 3009 5206 infantilisitidem,imperfecta
3052 5147 3110 5196 et
3146 5140 3417 5213 insipiens
3492 5194 3505 5209 ,

1835 5244 1995 5301 mens
2015 5237 2203 5284 nostra
2236 5236 2344 5293 est,
2370 5227 2448 5283 ita
2470 5237 2534 5283 ut
2575 5228 2726 5283 nulla
2765 5229 3120 5287 discernendi
3151 5232 3416 5293 facultate

1835 5323 2050 5378 valeat:
2084 5321 2355 5379 membris
2386 5336 2523 5378 vero
2553 5322 2982 5394 augescentibus
3018 5333 3077 5379 et
3107 5331 3414 5384 crescenti-

1835 5414 1961 5482 bus,
2017 5427 2175 5469 mens
2210 5427 2434 5485 quoque
2499 5420 2689 5470 nostra
2729 5414 3117 5484 progressione
3173 5421 3415 5489 quadam

1423 5602 1653 5663 \‘ARle
1694 5607 2099 5669 LECTIONES.

2934 5770 3013 5837 25
