  <div class='ocr_page' id='page_1' title='image "/cluster/home/n/w/nwhite01/storage/ocr_20150623/89/pst.000005712953/397.png"; bbox 0 0 4082 6290; ppageno 0'>
   <div class='ocr_carea' id='block_1_1' title="bbox 688 315 796 378">
    <p class='ocr_par' dir='ltr' id='par_1_1' title="bbox 688 315 796 378">
     <span class='ocr_line' id='line_1_1' title="bbox 688 315 796 378; baseline -0.009 -1"><span class='ocrx_word' id='word_1_1' title='bbox 688 315 796 378; x_wconf 78' lang='lat'><strong>779</strong></span> 
     </span>
    </p>
   </div>
   <div class='ocr_carea' id='block_1_2' title="bbox 1902 271 3934 370">
    <p class='ocr_par' dir='ltr' id='par_1_2' title="bbox 1902 271 3934 370">
     <span class='ocr_line' id='line_1_2' title="bbox 1902 271 3934 370; baseline -0.002 -2"><span class='ocrx_word' id='word_1_2' title='bbox 1902 311 1964 370; x_wconf 92' lang='lat' dir='ltr'><strong>s.</strong></span> <span class='ocrx_word' id='word_1_3' title='bbox 2004 288 2406 369; x_wconf 83' lang='lat' dir='ltr'><strong>ANASTASII</strong></span> <span class='ocrx_word' id='word_1_4' title='bbox 2445 308 2769 368; x_wconf 76' lang='lat' dir='ltr'><strong>SINAIT/E</strong></span> <span class='ocrx_word' id='word_1_5' title='bbox 3657 275 3674 284; x_wconf 68' lang='grc'><strong>“</strong></span> <span class='ocrx_word' id='word_1_6' title='bbox 3845 303 3934 364; x_wconf 70' lang='lat'><strong>730</strong></span> 
     </span>
    </p>
   </div>
   <div class='ocr_carea' id='block_1_3' title="bbox 689 415 2278 496">
    <p class='ocr_par' dir='ltr' id='par_1_3' title="bbox 689 423 2272 495">
     <span class='ocr_line' id='line_1_3' title="bbox 689 423 2272 495; baseline -0.001 -16"><span class='ocrx_word' id='word_1_7' title='bbox 689 423 858 479; x_wconf 75' lang='lat' dir='ltr'><strong>simul</strong></span> <span class='ocrx_word' id='word_1_8' title='bbox 893 430 1128 494; x_wconf 79' lang='lat' dir='ltr'><strong>augetur</strong></span> <span class='ocrx_word' id='word_1_9' title='bbox 1173 432 1226 478; x_wconf 90' lang='lat' dir='ltr'><strong>et</strong></span> <span class='ocrx_word' id='word_1_10' title='bbox 1269 424 1601 478; x_wconf 75' lang='lat' dir='ltr'><strong>illustratur.</strong></span> <span class='ocrx_word' id='word_1_11' title='bbox 1635 423 1694 478; x_wconf 93' lang='lat' dir='ltr'><strong>Si</strong></span> <span class='ocrx_word' id='word_1_12' title='bbox 1727 423 1896 495; x_wconf 81' lang='lat' dir='ltr'><strong>igitur</strong></span> <span class='ocrx_word' id='word_1_13' title='bbox 1942 424 2272 495; x_wconf 66' lang='lat' dir='ltr'><strong>incorporea</strong></span> 
     </span>
    </p>
   </div>
   <div class='ocr_carea' id='block_1_4' title="bbox 2382 415 3938 496">
    <p class='ocr_par' dir='ltr' id='par_1_4' title="bbox 2382 415 3938 496">
     <span class='ocr_line' id='line_1_4' title="bbox 2382 415 3938 496; baseline 0 -18"><span class='ocrx_word' id='word_1_14' title='bbox 2382 424 2695 496; x_wconf 79' lang='grc' dir='ltr'>δυνάμενος.</span> <span class='ocrx_word' id='word_1_15' title='bbox 2729 422 3159 494; x_wconf 84' lang='grc' dir='ltr'>Προκοπτόντων</span> <span class='ocrx_word' id='word_1_16' title='bbox 3189 422 3246 477; x_wconf 85' lang='grc' dir='ltr'>δὲ</span> <span class='ocrx_word' id='word_1_17' title='bbox 3284 421 3392 477; x_wconf 85' lang='grc' dir='ltr'><strong>τῶν</strong></span> <span class='ocrx_word' id='word_1_18' title='bbox 3431 420 3610 491; x_wconf 83' lang='grc' dir='ltr'>μελῶν</span> <span class='ocrx_word' id='word_1_19' title='bbox 3671 419 3763 474; x_wconf 67' lang='grc' dir='ltr'><strong>καὶ</strong></span> <span class='ocrx_word' id='word_1_20' title='bbox 3797 415 3938 478; x_wconf 62' lang='grc' dir='ltr'>αὐξη-</span> 
     </span>
    </p>
   </div>
   <div class='ocr_carea' id='block_1_5' title="bbox 688 516 2271 588">
    <p class='ocr_par' dir='ltr' id='par_1_5' title="bbox 688 516 2271 588">
     <span class='ocr_line' id='line_1_5' title="bbox 688 516 2271 588; baseline -0.001 -16"><span class='ocrx_word' id='word_1_21' title='bbox 688 524 746 573; x_wconf 89' lang='lat' dir='ltr'><strong>et</strong></span> <span class='ocrx_word' id='word_1_22' title='bbox 775 516 1196 588; x_wconf 87' lang='lat' dir='ltr'><strong>inaspectabilis</strong></span> <span class='ocrx_word' id='word_1_23' title='bbox 1218 516 1417 572; x_wconf 68' lang='lat' dir='ltr'><strong>animae</strong></span> <span class='ocrx_word' id='word_1_24' title='bbox 1453 525 1662 572; x_wconf 77' lang='lat' dir='ltr'><strong>nostra:</strong></span> <span class='ocrx_word' id='word_1_25' title='bbox 1709 526 1876 587; x_wconf 91' lang='lat' dir='ltr'><strong>atque</strong></span> <span class='ocrx_word' id='word_1_26' title='bbox 1934 517 2139 572; x_wconf 88' lang='lat' dir='ltr'><strong>mentis</strong></span> <span class='ocrx_word' id='word_1_27' title='bbox 2186 517 2271 570; x_wconf 89' lang='lat' dir='ltr'><strong>fa-</strong></span> 
     </span>
    </p>
   </div>
   <div class='ocr_carea' id='block_1_6' title="bbox 689 609 2269 680">
    <p class='ocr_par' dir='ltr' id='par_1_6' title="bbox 689 609 2269 680">
     <span class='ocr_line' id='line_1_6' title="bbox 689 609 2269 680; baseline -0.001 -16"><span class='ocrx_word' id='word_1_28' title='bbox 689 610 868 664; x_wconf 86' lang='lat' dir='ltr'><strong>cultas</strong></span> <span class='ocrx_word' id='word_1_29' title='bbox 918 610 989 664; x_wconf 91' lang='lat' dir='ltr'><strong>ab</strong></span> <span class='ocrx_word' id='word_1_30' title='bbox 1013 609 1422 664; x_wconf 86' lang='lat' dir='ltr'><strong>elementorum</strong></span> <span class='ocrx_word' id='word_1_31' title='bbox 1449 617 1505 663; x_wconf 91' lang='lat' dir='ltr'><strong>et</strong></span> <span class='ocrx_word' id='word_1_32' title='bbox 1540 609 1792 678; x_wconf 83' lang='lat' dir='ltr'><strong>corporis</strong></span> <span class='ocrx_word' id='word_1_33' title='bbox 1827 617 2269 680; x_wconf 86' lang='lat' dir='ltr'><strong>temperamento</strong></span> 
     </span>
    </p>
   </div>
   <div class='ocr_carea' id='block_1_7' title="bbox 686 691 2264 772">
    <p class='ocr_par' dir='ltr' id='par_1_7' title="bbox 686 691 2264 772">
     <span class='ocr_line' id='line_1_7' title="bbox 686 691 2264 772; baseline -0.001 -17"><span class='ocrx_word' id='word_1_34' title='bbox 686 701 1052 772; x_wconf 67' lang='lat' dir='ltr'><strong>gubernatur,</strong></span> <span class='ocrx_word' id='word_1_35' title='bbox 1072 709 1326 770; x_wconf 80' lang='lat' dir='ltr'><strong>augetur,</strong></span> <span class='ocrx_word' id='word_1_36' title='bbox 1353 699 1580 755; x_wconf 86' lang='lat' dir='ltr'><strong>ducitur</strong></span> <span class='ocrx_word' id='word_1_37' title='bbox 1608 709 1665 756; x_wconf 91' lang='lat' dir='ltr'><strong>et</strong></span> <span class='ocrx_word' id='word_1_38' title='bbox 1700 691 1934 772; x_wconf 85' lang='lat' dir='ltr'><strong>regitur,</strong></span> <span class='ocrx_word' id='word_1_39' title='bbox 1963 702 2122 772; x_wconf 87' lang='lat' dir='ltr'><strong>jussu</strong></span> <span class='ocrx_word' id='word_1_40' title='bbox 2144 699 2264 768; x_wconf 87' lang='lat' dir='ltr'><strong>Dei,</strong></span> 
     </span>
    </p>
   </div>
   <div class='ocr_carea' id='block_1_8' title="bbox 688 791 2266 862">
    <p class='ocr_par' dir='ltr' id='par_1_8' title="bbox 688 791 2266 862">
     <span class='ocr_line' id='line_1_8' title="bbox 688 791 2266 862; baseline -0.001 -16"><span class='ocrx_word' id='word_1_41' title='bbox 688 809 756 848; x_wconf 91' lang='lat' dir='ltr'><strong>ne</strong></span> <span class='ocrx_word' id='word_1_42' title='bbox 780 793 1023 862; x_wconf 83' lang='lat' dir='ltr'><strong>amplius</strong></span> <span class='ocrx_word' id='word_1_43' title='bbox 1037 791 1306 862; x_wconf 82' lang='lat' dir='ltr'><strong>ambigas,</strong></span> <span class='ocrx_word' id='word_1_44' title='bbox 1328 791 1554 861; x_wconf 86' lang='lat' dir='ltr'><strong>quando</strong></span> <span class='ocrx_word' id='word_1_45' title='bbox 1574 793 1736 848; x_wconf 88' lang='lat' dir='ltr'><strong>audis</strong></span> <span class='ocrx_word' id='word_1_46' title='bbox 1752 833 1767 859; x_wconf 90' lang='lat'><strong>,</strong></span> <span class='ocrx_word' id='word_1_47' title='bbox 1786 791 2038 862; x_wconf 85' lang='lat' dir='ltr'><strong>corporis</strong></span> <span class='ocrx_word' id='word_1_48' title='bbox 2051 807 2120 845; x_wconf 78' lang='lat' dir='ltr'><strong>ex</strong></span> <span class='ocrx_word' id='word_1_49' title='bbox 2147 806 2266 846; x_wconf 83' lang='lat' dir='ltr'><strong>ma-</strong></span> 
     </span>
    </p>
   </div>
   <div class='ocr_carea' id='block_1_9' title="bbox 683 883 2274 954">
    <p class='ocr_par' dir='ltr' id='par_1_9' title="bbox 683 883 2274 954">
     <span class='ocr_line' id='line_1_9' title="bbox 683 883 2274 954; baseline 0.001 -18"><span class='ocrx_word' id='word_1_50' title='bbox 683 885 825 938; x_wconf 86' lang='lat' dir='ltr'><strong>teria</strong></span> <span class='ocrx_word' id='word_1_51' title='bbox 861 884 1108 939; x_wconf 85' lang='lat' dir='ltr'><strong>concreti</strong></span> <span class='ocrx_word' id='word_1_52' title='bbox 1138 883 1578 954; x_wconf 83' lang='lat' dir='ltr'><strong>generationem,</strong></span> <span class='ocrx_word' id='word_1_53' title='bbox 1625 885 2055 949; x_wconf 88' lang='lat' dir='ltr'><strong>incrementum,</strong></span> <span class='ocrx_word' id='word_1_54' title='bbox 2111 898 2274 954; x_wconf 84' lang='lat' dir='ltr'><strong>eoag-</strong></span> 
     </span>
    </p>
   </div>
   <div class='ocr_carea' id='block_1_10' title="bbox 665 973 2273 1046">
    <p class='ocr_par' dir='ltr' id='par_1_10' title="bbox 665 973 2273 1046">
     <span class='ocr_line' id='line_1_10' title="bbox 665 973 2273 1046; baseline 0.001 -19"><span class='ocrx_word' id='word_1_55' title='bbox 665 974 1091 1028; x_wconf 78' lang='lat' dir='ltr'><strong>mentationem</strong></span> <span class='ocrx_word' id='word_1_56' title='bbox 1125 974 1642 1032; x_wconf 84' lang='lat' dir='ltr'><strong>et&#39;dissolutionem</strong></span> <span class='ocrx_word' id='word_1_57' title='bbox 1675 991 1742 1030; x_wconf 80' lang='lat' dir='ltr'><strong>ex</strong></span> <span class='ocrx_word' id='word_1_58' title='bbox 1773 975 1872 1032; x_wconf 90' lang='lat' dir='ltr'><strong>Dei</strong></span> <span class='ocrx_word' id='word_1_59' title='bbox 1917 973 2273 1046; x_wconf 79' lang='lat' dir='ltr'><strong>providentia</strong></span> 
     </span>
    </p>
   </div>
   <div class='ocr_carea' id='block_1_11' title="bbox 684 1067 1230 1123">
    <p class='ocr_par' dir='ltr' id='par_1_11' title="bbox 684 1067 1230 1123">
     <span class='ocr_line' id='line_1_11' title="bbox 684 1067 1230 1123; baseline 0.005 -4"><span class='ocrx_word' id='word_1_60' title='bbox 684 1067 978 1123; x_wconf 88' lang='lat' dir='ltr'><strong>elementis</strong></span> <span class='ocrx_word' id='word_1_61' title='bbox 996 1067 1230 1122; x_wconf 83' lang='lat' dir='ltr'><strong>ascribi.</strong></span> 
     </span>
    </p>
   </div>
   <div class='ocr_carea' id='block_1_12' title="bbox 2383 497 3929 586">
    <p class='ocr_par' dir='ltr' id='par_1_12' title="bbox 2383 511 3929 586">
     <span class='ocr_line' id='line_1_12' title="bbox 2383 511 3929 586; baseline -0.004 -19"><span class='ocrx_word' id='word_1_62' title='bbox 2383 515 2580 586; x_wconf 88' lang='grc' dir='ltr'>μένων,</span> <span class='ocrx_word' id='word_1_63' title='bbox 2609 512 2752 566; x_wconf 85' lang='grc' dir='ltr'>οὐτω</span> <span class='ocrx_word' id='word_1_64' title='bbox 2786 512 2930 567; x_wconf 81' lang='grc' dir='ltr'>κατὰ</span> <span class='ocrx_word' id='word_1_65' title='bbox 2975 513 3282 583; x_wconf 76' lang='grc' dir='ltr'>πρόσϐασιν</span> <span class='ocrx_word' id='word_1_66' title='bbox 3315 514 3408 568; x_wconf 76' lang='grc' dir='ltr'>καὶ</span> <span class='ocrx_word' id='word_1_67' title='bbox 3451 513 3479 566; x_wconf 78' lang='grc' dir='ltr'>ὁ</span> <span class='ocrx_word' id='word_1_68' title='bbox 3525 511 3650 576; x_wconf 77' lang='grc' dir='ltr'>νοῦς</span> <span class='ocrx_word' id='word_1_69' title='bbox 3695 512 3929 577; x_wconf 75' lang='grc' dir='ltr'><strong>συναύξει</strong></span> 
     </span>
    </p>
   </div>
   <div class='ocr_carea' id='block_1_13' title="bbox 2379 600 3937 678">
    <p class='ocr_par' dir='ltr' id='par_1_13' title="bbox 2379 600 3937 678">
     <span class='ocr_line' id='line_1_13' title="bbox 2379 600 3937 678; baseline -0.003 -19"><span class='ocrx_word' id='word_1_70' title='bbox 2379 607 2473 660; x_wconf 75' lang='grc' dir='ltr'><strong>καὶ</strong></span> <span class='ocrx_word' id='word_1_71' title='bbox 2504 606 2822 676; x_wconf 76' lang='grc' dir='ltr'><strong>φωτίζεται.</strong></span> <span class='ocrx_word' id='word_1_72' title='bbox 2865 606 2926 658; x_wconf 89' lang='grc' dir='ltr'><strong>Εί</strong></span> <span class='ocrx_word' id='word_1_73' title='bbox 2965 600 3060 659; x_wconf 81' lang='grc' dir='ltr'><strong>οὖν</strong></span> <span class='ocrx_word' id='word_1_74' title='bbox 3091 606 3186 660; x_wconf 71' lang='grc' dir='ltr'>καὶ</span> <span class='ocrx_word' id='word_1_75' title='bbox 3235 605 3377 676; x_wconf 75' lang='grc' dir='ltr'>αὕτη</span> <span class='ocrx_word' id='word_1_76' title='bbox 3426 607 3460 678; x_wconf 81' lang='grc' dir='ltr'><strong>ἡ</strong></span> <span class='ocrx_word' id='word_1_77' title='bbox 3511 603 3802 675; x_wconf 74' lang='grc' dir='ltr'><strong>ἀσώματος</strong></span> <span class='ocrx_word' id='word_1_78' title='bbox 3855 602 3937 655; x_wconf 71' lang='grc' dir='ltr'>καὶ</span> 
     </span>
    </p>
   </div>
   <div class='ocr_carea' id='block_1_14' title="bbox 2377 694 3938 770">
    <p class='ocr_par' dir='ltr' id='par_1_14' title="bbox 2377 694 3938 770">
     <span class='ocr_line' id='line_1_14' title="bbox 2377 694 3938 770; baseline -0.004 -17"><span class='ocrx_word' id='word_1_79' title='bbox 2377 699 2611 770; x_wconf 86' lang='grc' dir='ltr'>ἀόρατος</span> <span class='ocrx_word' id='word_1_80' title='bbox 2641 700 2742 770; x_wconf 86' lang='grc' dir='ltr'>τῆς</span> <span class='ocrx_word' id='word_1_81' title='bbox 2769 698 2952 770; x_wconf 72' lang='grc' dir='ltr'>ψυχῆς</span> <span class='ocrx_word' id='word_1_82' title='bbox 2994 699 3157 770; x_wconf 80' lang='grc' dir='ltr'>ἡμῶν</span> <span class='ocrx_word' id='word_1_83' title='bbox 3189 699 3282 754; x_wconf 74' lang='grc' dir='ltr'>καὶ</span> <span class='ocrx_word' id='word_1_84' title='bbox 3304 699 3396 752; x_wconf 84' lang='grc' dir='ltr'>τοῦ</span> <span class='ocrx_word' id='word_1_85' title='bbox 3426 699 3543 761; x_wconf 86' lang='grc' dir='ltr'>νοὸς</span> <span class='ocrx_word' id='word_1_86' title='bbox 3571 697 3816 767; x_wconf 79' lang='grc' dir='ltr'>δύναμις,</span> <span class='ocrx_word' id='word_1_87' title='bbox 3848 694 3938 749; x_wconf 77' lang='grc' dir='ltr'><strong>ὑπὸ</strong></span> 
     </span>
    </p>
   </div>
   <div class='ocr_carea' id='block_1_15' title="bbox 2376 788 3937 862">
    <p class='ocr_par' dir='ltr' id='par_1_15' title="bbox 2376 788 3937 862">
     <span class='ocr_line' id='line_1_15' title="bbox 2376 788 3937 862; baseline -0.001 -19"><span class='ocrx_word' id='word_1_88' title='bbox 2376 791 2478 862; x_wconf 81' lang='grc' dir='ltr'>τῆς</span> <span class='ocrx_word' id='word_1_89' title='bbox 2505 791 2862 862; x_wconf 79' lang='grc' dir='ltr'><strong>συγκράσεως</strong></span> <span class='ocrx_word' id='word_1_90' title='bbox 2893 790 3002 844; x_wconf 83' lang='grc' dir='ltr'><strong>τῶν</strong></span> <span class='ocrx_word' id='word_1_91' title='bbox 3035 791 3315 862; x_wconf 86' lang='grc' dir='ltr'><strong>στοιχείων</strong></span> <span class='ocrx_word' id='word_1_92' title='bbox 3342 791 3438 845; x_wconf 66' lang='grc' dir='ltr'><strong>καλ⁵</strong></span> <span class='ocrx_word' id='word_1_93' title='bbox 3456 789 3549 844; x_wconf 81' lang='grc' dir='ltr'><strong>τοῦ</strong></span> <span class='ocrx_word' id='word_1_94' title='bbox 3575 788 3823 861; x_wconf 83' lang='grc' dir='ltr'>σώματος</span> <span class='ocrx_word' id='word_1_95' title='bbox 3852 807 3937 841; x_wconf 84' lang='grc' dir='ltr'>κυ-</span> 
     </span>
    </p>
   </div>
   <div class='ocr_carea' id='block_1_16' title="bbox 2379 882 3936 956">
    <p class='ocr_par' dir='ltr' id='par_1_16' title="bbox 2379 882 3936 956">
     <span class='ocr_line' id='line_1_16' title="bbox 2379 882 3936 956; baseline -0.003 -19"><span class='ocrx_word' id='word_1_96' title='bbox 2379 883 2662 956; x_wconf 78' lang='grc' dir='ltr'>ϐερνᾶται,</span> <span class='ocrx_word' id='word_1_97' title='bbox 2693 887 2790 939; x_wconf 74' lang='grc' dir='ltr'>καὶ</span> <span class='ocrx_word' id='word_1_98' title='bbox 2818 883 3060 951; x_wconf 70' lang='grc' dir='ltr'>αὔξεται,</span> <span class='ocrx_word' id='word_1_99' title='bbox 3105 885 3200 940; x_wconf 75' lang='grc' dir='ltr'>καὶ</span> <span class='ocrx_word' id='word_1_100' title='bbox 3228 884 3537 952; x_wconf 80' lang='grc' dir='ltr'>ἀκολουθεῖ,</span> <span class='ocrx_word' id='word_1_101' title='bbox 3571 885 3664 938; x_wconf 74' lang='grc' dir='ltr'>καὶ</span> <span class='ocrx_word' id='word_1_102' title='bbox 3694 882 3936 952; x_wconf 83' lang='grc' dir='ltr'>κατακρί-</span> 
     </span>
    </p>
   </div>
   <div class='ocr_carea' id='block_1_17' title="bbox 2381 969 3937 1048">
    <p class='ocr_par' dir='ltr' id='par_1_17' title="bbox 2381 969 3937 1048">
     <span class='ocr_line' id='line_1_17' title="bbox 2381 969 3937 1048; baseline -0.003 -19"><span class='ocrx_word' id='word_1_103' title='bbox 2381 993 2554 1044; x_wconf 89' lang='grc' dir='ltr'>νεται,</span> <span class='ocrx_word' id='word_1_104' title='bbox 2595 977 2643 1029; x_wconf 88' lang='grc' dir='ltr'><strong>εί</strong></span> <span class='ocrx_word' id='word_1_105' title='bbox 2669 977 3130 1048; x_wconf 83' lang='grc' dir='ltr'>κατακυριεύεται</span> <span class='ocrx_word' id='word_1_106' title='bbox 3161 969 3412 1033; x_wconf 85' lang='grc' dir='ltr'>κελεύσει</span> <span class='ocrx_word' id='word_1_107' title='bbox 3437 977 3598 1042; x_wconf 82' lang='grc' dir='ltr'>Θεοῦ,</span> <span class='ocrx_word' id='word_1_108' title='bbox 3639 976 3831 1047; x_wconf 84' lang='grc' dir='ltr'>μηκέτι</span> <span class='ocrx_word' id='word_1_109' title='bbox 3862 992 3937 1046; x_wconf 86' lang='grc' dir='ltr'><strong>μοι</strong></span> 
     </span>
    </p>
   </div>
   <div class='ocr_carea' id='block_1_18' title="bbox 2383 1067 3938 1143">
    <p class='ocr_par' dir='ltr' id='par_1_18' title="bbox 2383 1067 3938 1143">
     <span class='ocr_line' id='line_1_18' title="bbox 2383 1067 3938 1143; baseline -0.001 -23"><span class='ocrx_word' id='word_1_110' title='bbox 2383 1067 2724 1142; x_wconf 75' lang='grc' dir='ltr'>ἀμφιϐάλῃς,</span> <span class='ocrx_word' id='word_1_111' title='bbox 2773 1068 2939 1139; x_wconf 79' lang='grc' dir='ltr'>ἡνίκα</span> <span class='ocrx_word' id='word_1_112' title='bbox 2992 1069 3236 1143; x_wconf 79' lang='grc' dir='ltr'><strong>ἀκούσῃς</strong></span> <span class='ocrx_word' id='word_1_113' title='bbox 3283 1071 3381 1124; x_wconf 70' lang='grc' dir='ltr'>καὶ</span> <span class='ocrx_word' id='word_1_114' title='bbox 3417 1071 3518 1140; x_wconf 81' lang='grc' dir='ltr'>τὴν</span> <span class='ocrx_word' id='word_1_115' title='bbox 3557 1068 3654 1123; x_wconf 73' lang='grc' dir='ltr'>τοῦ</span> <span class='ocrx_word' id='word_1_116' title='bbox 3707 1068 3938 1137; x_wconf 81' lang='grc' dir='ltr'>σώματος</span> 
     </span>
    </p>
   </div>
   <div class='ocr_carea' id='block_1_19' title="bbox 683 1155 3940 1232">
    <p class='ocr_par' dir='ltr' id='par_1_19' title="bbox 683 1155 3940 1232">
     <span class='ocr_line' id='line_1_19' title="bbox 683 1155 3940 1232; baseline -0 -23"><span class='ocrx_word' id='word_1_117' title='bbox 683 1159 781 1210; x_wconf 81' lang='grc' dir='ltr'>τοῦ</span> <span class='ocrx_word' id='word_1_118' title='bbox 816 1159 1004 1211; x_wconf 84' lang='grc' dir='ltr'>ὐλικοῦ</span> <span class='ocrx_word' id='word_1_119' title='bbox 1055 1158 1311 1229; x_wconf 85' lang='grc' dir='ltr'>γέννησίν</span> <span class='ocrx_word' id='word_1_120' title='bbox 1341 1177 1402 1213; x_wconf 87' lang='grc' dir='ltr'><strong>τε</strong></span> <span class='ocrx_word' id='word_1_121' title='bbox 1453 1162 1550 1214; x_wconf 80' lang='grc' dir='ltr'>καὶ</span> <span class='ocrx_word' id='word_1_122' title='bbox 1591 1160 1817 1232; x_wconf 75' lang='grc' dir='ltr'>αὐξησιν</span> <span class='ocrx_word' id='word_1_123' title='bbox 1863 1159 1960 1213; x_wconf 81' lang='grc' dir='ltr'>καὶ</span> <span class='ocrx_word' id='word_1_124' title='bbox 2024 1159 2306 1224; x_wconf 81' lang='grc' dir='ltr'>σύστασιν,</span> <span class='ocrx_word' id='word_1_125' title='bbox 2347 1158 2440 1213; x_wconf 80' lang='grc' dir='ltr'>καὶ</span> <span class='ocrx_word' id='word_1_126' title='bbox 2499 1159 2745 1214; x_wconf 83' lang='grc' dir='ltr'>διάλυσιν</span> <span class='ocrx_word' id='word_1_127' title='bbox 2776 1160 3004 1232; x_wconf 81' lang='grc' dir='ltr'>προνοίᾳ</span> <span class='ocrx_word' id='word_1_128' title='bbox 3042 1160 3200 1228; x_wconf 81' lang='grc' dir='ltr'>Θεοῦ,</span> <span class='ocrx_word' id='word_1_129' title='bbox 3248 1161 3338 1214; x_wconf 82' lang='grc' dir='ltr'><strong>διὰ</strong></span> <span class='ocrx_word' id='word_1_130' title='bbox 3391 1161 3489 1232; x_wconf 77' lang='grc' dir='ltr'>τῆς</span> <span class='ocrx_word' id='word_1_131' title='bbox 3533 1159 3645 1212; x_wconf 80' lang='grc' dir='ltr'><strong>τῶν</strong></span> <span class='ocrx_word' id='word_1_132' title='bbox 3684 1155 3940 1227; x_wconf 77' lang='grc' dir='ltr'><strong>στοιχείων</strong></span> 
     </span>
    </p>
   </div>
   <div class='ocr_carea' id='block_1_20' title="bbox 686 1248 1423 1322">
    <p class='ocr_par' dir='ltr' id='par_1_20' title="bbox 686 1248 1423 1322">
     <span class='ocr_line' id='line_1_20' title="bbox 686 1248 1423 1322; baseline 0.008 -22"><span class='ocrx_word' id='word_1_133' title='bbox 686 1248 1072 1320; x_wconf 78' lang='grc' dir='ltr'>κυϐερνήσεως</span> <span class='ocrx_word' id='word_1_134' title='bbox 1097 1254 1423 1322; x_wconf 83' lang='grc' dir='ltr'>γενομένην.</span> 
     </span>
    </p>
   </div>
   <div class='ocr_carea' id='block_1_21' title="bbox 758 1340 2274 1416">
    <p class='ocr_par' dir='ltr' id='par_1_21' title="bbox 758 1340 2274 1416">
     <span class='ocr_line' id='line_1_21' title="bbox 758 1340 2274 1416; baseline 0.003 -22"><span class='ocrx_word' id='word_1_135' title='bbox 758 1340 920 1395; x_wconf 87' lang='lat' dir='ltr'><strong>Certe</strong></span> <span class='ocrx_word' id='word_1_136' title='bbox 966 1342 1096 1411; x_wconf 63' lang='lat' dir='ltr'><strong>ipsa:</strong></span> <span class='ocrx_word' id='word_1_137' title='bbox 1120 1343 1286 1398; x_wconf 89' lang='lat' dir='ltr'><strong>etiam</strong></span> <span class='ocrx_word' id='word_1_138' title='bbox 1319 1344 1591 1400; x_wconf 87' lang='lat' dir='ltr'><strong>inanimes</strong></span> <span class='ocrx_word' id='word_1_139' title='bbox 1621 1346 1698 1416; x_wconf 85' lang='lat'><strong>(7)</strong></span> <span class='ocrx_word' id='word_1_140' title='bbox 1721 1347 1920 1415; x_wconf 77' lang='lat' dir='ltr'><strong>planta:</strong></span> <span class='ocrx_word' id='word_1_141' title='bbox 1943 1347 2008 1400; x_wconf 92' lang='lat' dir='ltr'><strong>ad</strong></span> <span class='ocrx_word' id='word_1_142' title='bbox 2032 1347 2274 1401; x_wconf 83' lang='lat' dir='ltr'><strong>elemen-</strong></span> 
     </span>
    </p>
   </div>
   <div class='ocr_carea' id='block_1_22' title="bbox 687 1435 2271 1492">
    <p class='ocr_par' dir='ltr' id='par_1_22' title="bbox 687 1435 2271 1492">
     <span class='ocr_line' id='line_1_22' title="bbox 687 1435 2271 1492; baseline 0.001 -4"><span class='ocrx_word' id='word_1_143' title='bbox 687 1446 869 1488; x_wconf 84' lang='lat' dir='ltr'><strong>torum</strong></span> <span class='ocrx_word' id='word_1_144' title='bbox 927 1443 983 1488; x_wconf 91' lang='lat' dir='ltr'><strong>et</strong></span> <span class='ocrx_word' id='word_1_145' title='bbox 1069 1435 1213 1489; x_wconf 88' lang='lat' dir='ltr'><strong>aeris</strong></span> <span class='ocrx_word' id='word_1_146' title='bbox 1294 1437 1747 1491; x_wconf 86' lang='lat' dir='ltr'><strong>constitutionem</strong></span> <span class='ocrx_word' id='word_1_147' title='bbox 1834 1438 2271 1492; x_wconf 85' lang='lat' dir='ltr'><strong>conformantur.</strong></span> 
     </span>
    </p>
   </div>
   <div class='ocr_carea' id='block_1_23' title="bbox 686 1527 2272 1598">
    <p class='ocr_par' dir='ltr' id='par_1_23' title="bbox 686 1527 2272 1598">
     <span class='ocr_line' id='line_1_23' title="bbox 686 1527 2272 1598; baseline 0.001 -18"><span class='ocrx_word' id='word_1_148' title='bbox 686 1529 988 1597; x_wconf 82' lang='lat' dir='ltr'><strong>Propterea</strong></span> <span class='ocrx_word' id='word_1_149' title='bbox 1025 1527 1141 1581; x_wconf 67' lang='lat' dir='ltr'><strong>haec</strong></span> <span class='ocrx_word' id='word_1_150' title='bbox 1167 1527 1391 1596; x_wconf 89' lang='lat' dir='ltr'><strong>quidem</strong></span> <span class='ocrx_word' id='word_1_151' title='bbox 1419 1529 1570 1598; x_wconf 76' lang='lat' dir='ltr'><strong>regio</strong></span> <span class='ocrx_word' id='word_1_152' title='bbox 1599 1544 1708 1581; x_wconf 91' lang='lat' dir='ltr'><strong>non</strong></span> <span class='ocrx_word' id='word_1_153' title='bbox 1739 1529 1994 1597; x_wconf 88' lang='lat' dir='ltr'><strong>producit</strong></span> <span class='ocrx_word' id='word_1_154' title='bbox 2018 1528 2228 1598; x_wconf 85' lang='lat' dir='ltr'><strong>palmas</strong></span> <span class='ocrx_word' id='word_1_155' title='bbox 2257 1545 2272 1593; x_wconf 90' lang='lat'><strong>;</strong></span> 
     </span>
    </p>
   </div>
   <div class='ocr_carea' id='block_1_24' title="bbox 2456 1317 3942 1415">
    <p class='ocr_par' dir='ltr' id='par_1_24' title="bbox 2456 1317 3942 1415">
     <span class='ocr_line' id='line_1_24' title="bbox 2456 1317 3942 1415; baseline 0.001 -19"><span class='ocrx_word' id='word_1_156' title='bbox 2456 1317 2681 1415; x_wconf 16' lang='grc' dir='ltr'>’Ἀμέλει</span> <span class='ocrx_word' id='word_1_157' title='bbox 2737 1345 2868 1414; x_wconf 82' lang='grc' dir='ltr'><strong>γοῦν</strong></span> <span class='ocrx_word' id='word_1_158' title='bbox 2905 1344 3000 1398; x_wconf 70' lang='grc' dir='ltr'>καὶ</span> <span class='ocrx_word' id='word_1_159' title='bbox 3039 1343 3178 1399; x_wconf 79' lang='grc' dir='ltr'>αὐτὰ</span> <span class='ocrx_word' id='word_1_160' title='bbox 3213 1342 3284 1396; x_wconf 79' lang='grc' dir='ltr'>τὰ</span> <span class='ocrx_word' id='word_1_161' title='bbox 3316 1343 3500 1413; x_wconf 73' lang='grc' dir='ltr'>ἀψυχα</span> <span class='ocrx_word' id='word_1_162' title='bbox 3551 1344 3692 1415; x_wconf 77' lang='grc' dir='ltr'>πρὸς</span> <span class='ocrx_word' id='word_1_163' title='bbox 3720 1343 3816 1415; x_wconf 81' lang='grc' dir='ltr'>τὴν</span> <span class='ocrx_word' id='word_1_164' title='bbox 3847 1345 3942 1398; x_wconf 82' lang='grc' dir='ltr'>τῶν</span> 
     </span>
    </p>
   </div>
   <div class='ocr_carea' id='block_1_25' title="bbox 2384 1435 3942 1518">
    <p class='ocr_par' dir='ltr' id='par_1_25' title="bbox 2384 1435 3942 1508">
     <span class='ocr_line' id='line_1_25' title="bbox 2384 1435 3942 1508; baseline -0.002 -18"><span class='ocrx_word' id='word_1_165' title='bbox 2384 1436 2667 1506; x_wconf 84' lang='grc' dir='ltr'>στοιχείων</span> <span class='ocrx_word' id='word_1_166' title='bbox 2691 1438 2785 1490; x_wconf 74' lang='grc' dir='ltr'><strong>καὶ</strong></span> <span class='ocrx_word' id='word_1_167' title='bbox 2811 1437 2994 1508; x_wconf 81' lang='grc' dir='ltr'>ἀέρων</span> <span class='ocrx_word' id='word_1_168' title='bbox 3021 1435 3181 1490; x_wconf 78' lang='grc' dir='ltr'>εἴωθε</span> <span class='ocrx_word' id='word_1_169' title='bbox 3223 1439 3457 1506; x_wconf 81' lang='grc' dir='ltr'>στοιχεῖν</span> <span class='ocrx_word' id='word_1_170' title='bbox 3485 1435 3826 1490; x_wconf 84' lang='grc' dir='ltr'>ἀκολουθίαν.</span> <span class='ocrx_word' id='word_1_171' title='bbox 3849 1437 3942 1490; x_wconf 72' lang='grc' dir='ltr'><strong>Καὶ</strong></span> 
     </span>
    </p>
   </div>
   <div class='ocr_carea' id='block_1_26' title="bbox 2380 1523 3955 1598">
    <p class='ocr_par' dir='ltr' id='par_1_26' title="bbox 2380 1523 3955 1598">
     <span class='ocr_line' id='line_1_26' title="bbox 2380 1523 3955 1598; baseline 0.001 -18"><span class='ocrx_word' id='word_1_172' title='bbox 2380 1528 2468 1580; x_wconf 73' lang='grc' dir='ltr'><strong>διὰ</strong></span> <span class='ocrx_word' id='word_1_173' title='bbox 2496 1525 2652 1580; x_wconf 82' lang='grc' dir='ltr'>τοῦτο</span> <span class='ocrx_word' id='word_1_174' title='bbox 2683 1528 2822 1598; x_wconf 83' lang='grc' dir='ltr'>αὐτη</span> <span class='ocrx_word' id='word_1_175' title='bbox 2857 1527 2954 1597; x_wconf 82' lang='grc' dir='ltr'>μὲν</span> <span class='ocrx_word' id='word_1_176' title='bbox 2985 1531 3016 1598; x_wconf 81' lang='grc' dir='ltr'>ἡ</span> <span class='ocrx_word' id='word_1_177' title='bbox 3046 1526 3202 1598; x_wconf 83' lang='grc' dir='ltr'>χώρα</span> <span class='ocrx_word' id='word_1_178' title='bbox 3232 1527 3292 1578; x_wconf 82' lang='grc' dir='ltr'>οὐ</span> <span class='ocrx_word' id='word_1_179' title='bbox 3332 1525 3594 1596; x_wconf 78' lang='grc' dir='ltr'>ζωογονεῖ</span> <span class='ocrx_word' id='word_1_180' title='bbox 3618 1526 3879 1594; x_wconf 83' lang='grc' dir='ltr'>φοίλακας</span> <span class='ocrx_word' id='word_1_181' title='bbox 3902 1523 3955 1591; x_wconf 74' lang='grc'><strong>⁸,’</strong></span> 
     </span>
    </p>
   </div>
   <div class='ocr_carea' id='block_1_27' title="bbox 687 1609 2278 1706">
    <p class='ocr_par' dir='ltr' id='par_1_27' title="bbox 687 1619 2272 1688">
     <span class='ocr_line' id='line_1_27' title="bbox 687 1619 2272 1688; baseline 0.001 -17"><span class='ocrx_word' id='word_1_182' title='bbox 687 1619 794 1672; x_wconf 82' lang='lat' dir='ltr'><strong>alia</strong></span> <span class='ocrx_word' id='word_1_183' title='bbox 822 1634 932 1673; x_wconf 91' lang='lat' dir='ltr'><strong>non</strong></span> <span class='ocrx_word' id='word_1_184' title='bbox 957 1619 1064 1672; x_wconf 83' lang='lat' dir='ltr'><strong>fert</strong></span> <span class='ocrx_word' id='word_1_185' title='bbox 1095 1621 1337 1684; x_wconf 86' lang='lat' dir='ltr'><strong>oliveta;</strong></span> <span class='ocrx_word' id='word_1_186' title='bbox 1371 1619 1477 1673; x_wconf 90' lang='lat' dir='ltr'><strong>alia</strong></span> <span class='ocrx_word' id='word_1_187' title='bbox 1499 1620 1679 1674; x_wconf 86' lang='lat' dir='ltr'><strong>nullas</strong></span> <span class='ocrx_word' id='word_1_188' title='bbox 1710 1621 1898 1674; x_wconf 86' lang='lat' dir='ltr'><strong>vineas</strong></span> <span class='ocrx_word' id='word_1_189' title='bbox 1929 1637 1944 1684; x_wconf 90' lang='lat'>;</span> <span class='ocrx_word' id='word_1_190' title='bbox 1983 1621 2089 1674; x_wconf 87' lang='lat' dir='ltr'><strong>alia</strong></span> <span class='ocrx_word' id='word_1_191' title='bbox 2116 1619 2272 1688; x_wconf 85' lang='lat' dir='ltr'><strong>glan-</strong></span> 
     </span>
    </p>
   </div>
   <div class='ocr_carea' id='block_1_28' title="bbox 2382 1609 3947 1706">
    <p class='ocr_par' dir='ltr' id='par_1_28' title="bbox 2382 1609 3947 1688">
     <span class='ocr_line' id='line_1_28' title="bbox 2382 1609 3947 1688; baseline 0.001 -19"><span class='ocrx_word' id='word_1_192' title='bbox 2382 1615 2525 1686; x_wconf 78' lang='grc' dir='ltr'>αὐτη</span> <span class='ocrx_word' id='word_1_193' title='bbox 2543 1616 2599 1668; x_wconf 81' lang='grc' dir='ltr'>δὲ</span> <span class='ocrx_word' id='word_1_194' title='bbox 2633 1617 2694 1669; x_wconf 90' lang='grc' dir='ltr'>οὐ</span> <span class='ocrx_word' id='word_1_195' title='bbox 2727 1619 2872 1670; x_wconf 84' lang='grc' dir='ltr'>ποιεῖ</span> <span class='ocrx_word' id='word_1_196' title='bbox 2901 1609 3168 1680; x_wconf 79' lang='grc' dir='ltr'>έλαιῶνας</span> <span class='ocrx_word' id='word_1_197' title='bbox 3194 1632 3207 1645; x_wconf 83' lang='lat'><strong><em>°</em></strong></span> <span class='ocrx_word' id='word_1_198' title='bbox 3241 1617 3424 1688; x_wconf 82' lang='grc' dir='ltr'>ἐκείνη</span> <span class='ocrx_word' id='word_1_199' title='bbox 3459 1617 3518 1669; x_wconf 83' lang='grc' dir='ltr'>δὲ</span> <span class='ocrx_word' id='word_1_200' title='bbox 3552 1616 3720 1670; x_wconf 82' lang='grc' dir='ltr'>πάλιν</span> <span class='ocrx_word' id='word_1_201' title='bbox 3740 1614 3806 1670; x_wconf 81' lang='grc' dir='ltr'>οὐ</span> <span class='ocrx_word' id='word_1_202' title='bbox 3827 1634 3947 1685; x_wconf 81' lang='grc' dir='ltr'>καρ-</span> 
     </span>
    </p>
   </div>
   <div class='ocr_carea' id='block_1_29' title="bbox 687 1706 2274 1778">
    <p class='ocr_par' dir='ltr' id='par_1_29' title="bbox 687 1706 2274 1778">
     <span class='ocr_line' id='line_1_29' title="bbox 687 1706 2274 1778; baseline -0.001 -18"><span class='ocrx_word' id='word_1_203' title='bbox 687 1707 853 1761; x_wconf 87' lang='lat' dir='ltr'><strong>dibus</strong></span> <span class='ocrx_word' id='word_1_204' title='bbox 910 1715 1082 1761; x_wconf 87' lang='lat' dir='ltr'><strong>caret.</strong></span> <span class='ocrx_word' id='word_1_205' title='bbox 1115 1707 1253 1762; x_wconf 90' lang='lat' dir='ltr'><strong>Hinc</strong></span> <span class='ocrx_word' id='word_1_206' title='bbox 1298 1709 1677 1764; x_wconf 90' lang='lat' dir='ltr'><strong>accuratiores</strong></span> <span class='ocrx_word' id='word_1_207' title='bbox 1721 1706 2274 1778; x_wconf 79' lang='lat' dir='ltr'><strong>cosmographiaﬂir-</strong></span> 
     </span>
    </p>
   </div>
   <div class='ocr_carea' id='block_1_30' title="bbox 687 1801 2277 1871">
    <p class='ocr_par' dir='ltr' id='par_1_30' title="bbox 687 1801 2277 1871">
     <span class='ocr_line' id='line_1_30' title="bbox 687 1801 2277 1871; baseline 0.001 -17"><span class='ocrx_word' id='word_1_208' title='bbox 687 1808 839 1854; x_wconf 87' lang='lat' dir='ltr'><strong>mant</strong></span> <span class='ocrx_word' id='word_1_209' title='bbox 898 1801 1212 1870; x_wconf 89' lang='lat' dir='ltr'><strong>paradisum</strong></span> <span class='ocrx_word' id='word_1_210' title='bbox 1259 1802 1475 1856; x_wconf 71' lang='lat' dir='ltr'><strong>czeteris</strong></span> <span class='ocrx_word' id='word_1_211' title='bbox 1525 1801 1788 1856; x_wconf 89' lang='lat' dir='ltr'><strong>omnibus</strong></span> <span class='ocrx_word' id='word_1_212' title='bbox 1833 1801 2080 1856; x_wconf 89' lang='lat' dir='ltr'><strong>universi</strong></span> <span class='ocrx_word' id='word_1_213' title='bbox 2112 1801 2277 1871; x_wconf 86' lang='lat' dir='ltr'><strong>hujus</strong></span> 
     </span>
    </p>
   </div>
   <div class='ocr_carea' id='block_1_31' title="bbox 689 1890 2276 1963">
    <p class='ocr_par' dir='ltr' id='par_1_31' title="bbox 689 1890 2276 1963">
     <span class='ocr_line' id='line_1_31' title="bbox 689 1890 2276 1963; baseline -0.001 -17"><span class='ocrx_word' id='word_1_214' title='bbox 689 1891 941 1961; x_wconf 88' lang='lat' dir='ltr'><strong>partibus</strong></span> <span class='ocrx_word' id='word_1_215' title='bbox 975 1893 1151 1963; x_wconf 83' lang='lat' dir='ltr'><strong>magis</strong></span> <span class='ocrx_word' id='word_1_216' title='bbox 1179 1893 1249 1947; x_wconf 91' lang='lat' dir='ltr'><strong>ad</strong></span> <span class='ocrx_word' id='word_1_217' title='bbox 1283 1893 1552 1950; x_wconf 87' lang='lat' dir='ltr'><strong>orientem</strong></span> <span class='ocrx_word' id='word_1_218' title='bbox 1589 1892 1836 1957; x_wconf 86' lang='lat' dir='ltr'><strong>tendere,</strong></span> <span class='ocrx_word' id='word_1_219' title='bbox 1865 1891 2126 1961; x_wconf 85' lang='lat' dir='ltr'><strong>illiusque</strong></span> <span class='ocrx_word' id='word_1_220' title='bbox 2161 1890 2276 1945; x_wconf 86' lang='lat' dir='ltr'><strong>vel-</strong></span> 
     </span>
    </p>
   </div>
   <div class='ocr_carea' id='block_1_32' title="bbox 687 1983 2278 2055">
    <p class='ocr_par' dir='ltr' id='par_1_32' title="bbox 687 1983 2278 2055">
     <span class='ocr_line' id='line_1_32' title="bbox 687 1983 2278 2055; baseline -0.001 -17"><span class='ocrx_word' id='word_1_221' title='bbox 687 1992 750 2038; x_wconf 91' lang='lat' dir='ltr'><strong>ut</strong></span> <span class='ocrx_word' id='word_1_222' title='bbox 785 1985 958 2039; x_wconf 88' lang='lat' dir='ltr'><strong>altare</strong></span> <span class='ocrx_word' id='word_1_223' title='bbox 1008 1985 1285 2055; x_wconf 88' lang='lat' dir='ltr'><strong>quoddam</strong></span> <span class='ocrx_word' id='word_1_224' title='bbox 1327 2001 1471 2040; x_wconf 90' lang='lat' dir='ltr'><strong>esse.</strong></span> <span class='ocrx_word' id='word_1_225' title='bbox 1503 1985 1778 2040; x_wconf 88' lang='lat' dir='ltr'><strong>Plantavit</strong></span> <span class='ocrx_word' id='word_1_226' title='bbox 1817 1984 1965 2039; x_wconf 91' lang='lat' dir='ltr'><strong>enim</strong></span> <span class='ocrx_word' id='word_1_227' title='bbox 2012 1983 2278 2038; x_wconf 90' lang='lat' dir='ltr'><strong>Dominus</strong></span> 
     </span>
    </p>
   </div>
   <div class='ocr_carea' id='block_1_33' title="bbox 688 2073 2278 2143">
    <p class='ocr_par' dir='ltr' id='par_1_33' title="bbox 688 2073 2278 2143">
     <span class='ocr_line' id='line_1_33' title="bbox 688 2073 2278 2143; baseline -0.001 -16"><span class='ocrx_word' id='word_1_228' title='bbox 688 2073 1004 2143; x_wconf 86' lang='lat' dir='ltr'><strong>paradisum</strong></span> <span class='ocrx_word' id='word_1_229' title='bbox 1034 2074 1103 2129; x_wconf 91' lang='lat' dir='ltr'><strong>ad</strong></span> <span class='ocrx_word' id='word_1_230' title='bbox 1131 2075 1404 2130; x_wconf 85' lang='lat' dir='ltr'><strong>orientem</strong></span> <span class='ocrx_word' id='word_1_231' title='bbox 1445 2075 1499 2129; x_wconf 90' lang='lat' dir='ltr'><strong>in</strong></span> <span class='ocrx_word' id='word_1_232' title='bbox 1531 2073 1684 2128; x_wconf 86' lang='lat' dir='ltr'><strong>Eden</strong></span> <span class='ocrx_word' id='word_1_233' title='bbox 1712 2074 1792 2140; x_wconf 71' lang='grc'><strong>⁸⁸;</strong></span> <span class='ocrx_word' id='word_1_234' title='bbox 1820 2074 1908 2128; x_wconf 91' lang='lat' dir='ltr'><strong>cui</strong></span> <span class='ocrx_word' id='word_1_235' title='bbox 1941 2073 2278 2143; x_wconf 89' lang='lat' dir='ltr'><strong>propinquat</strong></span> 
     </span>
    </p>
   </div>
   <div class='ocr_carea' id='block_1_34' title="bbox 687 2165 2279 2237">
    <p class='ocr_par' dir='ltr' id='par_1_34' title="bbox 687 2165 2279 2237">
     <span class='ocr_line' id='line_1_34' title="bbox 687 2165 2279 2237; baseline 0.001 -18"><span class='ocrx_word' id='word_1_236' title='bbox 687 2165 950 2220; x_wconf 83' lang='lat' dir='ltr'><strong>Indorum</strong></span> <span class='ocrx_word' id='word_1_237' title='bbox 1005 2166 1178 2237; x_wconf 81' lang='lat' dir='ltr'><strong>regio,</strong></span> <span class='ocrx_word' id='word_1_238' title='bbox 1205 2175 1261 2222; x_wconf 87' lang='lat' dir='ltr'><strong>et</strong></span> <span class='ocrx_word' id='word_1_239' title='bbox 1300 2167 1487 2221; x_wconf 87' lang='lat' dir='ltr'><strong>omnia</strong></span> <span class='ocrx_word' id='word_1_240' title='bbox 1531 2166 1704 2221; x_wconf 86' lang='lat' dir='ltr'><strong>ferme</strong></span> <span class='ocrx_word' id='word_1_241' title='bbox 1752 2165 2195 2236; x_wconf 82' lang='lat' dir='ltr'><strong>fragrantissima</strong></span> <span class='ocrx_word' id='word_1_242' title='bbox 2221 2175 2279 2220; x_wconf 90' lang='lat' dir='ltr'><strong>et</strong></span> 
     </span>
    </p>
   </div>
   <div class='ocr_carea' id='block_1_35' title="bbox 686 2255 2278 2327">
    <p class='ocr_par' dir='ltr' id='par_1_35' title="bbox 686 2255 2278 2327">
     <span class='ocr_line' id='line_1_35' title="bbox 686 2255 2278 2327; baseline -0.001 -17"><span class='ocrx_word' id='word_1_243' title='bbox 686 2255 1077 2312; x_wconf 87' lang='lat' dir='ltr'><strong>odoratissima</strong></span> <span class='ocrx_word' id='word_1_244' title='bbox 1126 2267 1372 2313; x_wconf 89' lang='lat' dir='ltr'><strong>aromata</strong></span> <span class='ocrx_word' id='word_1_245' title='bbox 1424 2257 1780 2327; x_wconf 84' lang='lat' dir='ltr'><strong>fragrantiam</strong></span> <span class='ocrx_word' id='word_1_246' title='bbox 1833 2266 1892 2312; x_wconf 90' lang='lat' dir='ltr'><strong>et</strong></span> <span class='ocrx_word' id='word_1_247' title='bbox 1950 2256 2278 2312; x_wconf 86' lang='lat' dir='ltr'><strong>suaveolen-</strong></span> 
     </span>
    </p>
   </div>
   <div class='ocr_carea' id='block_1_36' title="bbox 690 2347 2277 2419">
    <p class='ocr_par' dir='ltr' id='par_1_36' title="bbox 690 2347 2277 2419">
     <span class='ocr_line' id='line_1_36' title="bbox 690 2347 2277 2419; baseline 0.001 -19"><span class='ocrx_word' id='word_1_248' title='bbox 690 2348 821 2402; x_wconf 91' lang='lat' dir='ltr'><strong>tiam</strong></span> <span class='ocrx_word' id='word_1_249' title='bbox 857 2364 1012 2402; x_wconf 88' lang='lat' dir='ltr'><strong>suam</strong></span> <span class='ocrx_word' id='word_1_250' title='bbox 1045 2365 1112 2402; x_wconf 80' lang='lat' dir='ltr'><strong>ex</strong></span> <span class='ocrx_word' id='word_1_251' title='bbox 1155 2349 1560 2404; x_wconf 78' lang='lat' dir='ltr'><strong>odoratissimis</strong></span> <span class='ocrx_word' id='word_1_252' title='bbox 1603 2347 1844 2419; x_wconf 86' lang='lat' dir='ltr'><strong>paradisi</strong></span> <span class='ocrx_word' id='word_1_253' title='bbox 1887 2347 2090 2418; x_wconf 88' lang='lat' dir='ltr'><strong>plantis</strong></span> <span class='ocrx_word' id='word_1_254' title='bbox 2133 2348 2277 2402; x_wconf 88' lang='lat' dir='ltr'><strong>acci-</strong></span> 
     </span>
    </p>
   </div>
   <div class='ocr_carea' id='block_1_37' title="bbox 687 2439 2278 2510">
    <p class='ocr_par' dir='ltr' id='par_1_37' title="bbox 687 2439 2278 2510">
     <span class='ocr_line' id='line_1_37' title="bbox 687 2439 2278 2510; baseline 0 -18"><span class='ocrx_word' id='word_1_255' title='bbox 687 2441 867 2508; x_wconf 89' lang='lat' dir='ltr'><strong>piunt,</strong></span> <span class='ocrx_word' id='word_1_256' title='bbox 898 2440 1086 2502; x_wconf 18' lang='lat' dir='ltr'><strong>ventis,</strong></span> <span class='ocrx_word' id='word_1_257' title='bbox 1115 2440 1469 2510; x_wconf 80' lang='lat' dir='ltr'><strong>fragrantiam</strong></span> <span class='ocrx_word' id='word_1_258' title='bbox 1503 2439 1889 2494; x_wconf 86' lang='lat' dir='ltr'><strong>deferentibus</strong></span> <span class='ocrx_word' id='word_1_259' title='bbox 1922 2450 1979 2494; x_wconf 92' lang='lat' dir='ltr'><strong>et</strong></span> <span class='ocrx_word' id='word_1_260' title='bbox 2025 2439 2278 2493; x_wconf 87' lang='lat' dir='ltr'><strong>dividen-</strong></span> 
     </span>
    </p>
   </div>
   <div class='ocr_carea' id='block_1_38' title="bbox 691 2531 2278 2601">
    <p class='ocr_par' dir='ltr' id='par_1_38' title="bbox 691 2531 2278 2601">
     <span class='ocr_line' id='line_1_38' title="bbox 691 2531 2278 2601; baseline 0.001 -17"><span class='ocrx_word' id='word_1_261' title='bbox 691 2531 858 2595; x_wconf 88' lang='lat' dir='ltr'><strong>tibus,</strong></span> <span class='ocrx_word' id='word_1_262' title='bbox 899 2531 968 2584; x_wconf 90' lang='lat' dir='ltr'><strong>ad</strong></span> <span class='ocrx_word' id='word_1_263' title='bbox 1003 2531 1426 2586; x_wconf 85' lang='lat' dir='ltr'><strong>similitudinem</strong></span> <span class='ocrx_word' id='word_1_264' title='bbox 1476 2547 1671 2586; x_wconf 88' lang='lat' dir='ltr'><strong>eorum</strong></span> <span class='ocrx_word' id='word_1_265' title='bbox 1728 2532 1824 2601; x_wconf 92' lang='lat' dir='ltr'><strong>qui</strong></span> <span class='ocrx_word' id='word_1_266' title='bbox 1879 2548 1980 2601; x_wconf 91' lang='lat' dir='ltr'><strong>per</strong></span> <span class='ocrx_word' id='word_1_267' title='bbox 2023 2541 2217 2586; x_wconf 88' lang='lat' dir='ltr'><strong>ventos</strong></span> <span class='ocrx_word' id='word_1_268' title='bbox 2247 2546 2278 2585; x_wconf 88' lang='lat' dir='ltr'><strong>a</strong></span> 
     </span>
    </p>
   </div>
   <div class='ocr_carea' id='block_1_39' title="bbox 690 2622 2278 2702">
    <p class='ocr_par' dir='ltr' id='par_1_39' title="bbox 690 2622 2278 2702">
     <span class='ocr_line' id='line_1_39' title="bbox 690 2622 2278 2702; baseline 0.002 -28"><span class='ocrx_word' id='word_1_269' title='bbox 690 2623 940 2677; x_wconf 88' lang='lat' dir='ltr'><strong>maribus</strong></span> <span class='ocrx_word' id='word_1_270' title='bbox 994 2632 1284 2692; x_wconf 86' lang='lat' dir='ltr'><strong>acceptum</strong></span> <span class='ocrx_word' id='word_1_271' title='bbox 1319 2639 1508 2679; x_wconf 89' lang='lat' dir='ltr'><strong>semen</strong></span> <span class='ocrx_word' id='word_1_272' title='bbox 1551 2624 1674 2702; x_wconf 80' lang='lat' dir='ltr'><strong>aliis</strong></span> <span class='ocrx_word' id='word_1_273' title='bbox 1729 2623 2050 2678; x_wconf 88' lang='lat' dir='ltr'><strong>infundunt.</strong></span> <span class='ocrx_word' id='word_1_274' title='bbox 2088 2622 2278 2678; x_wconf 91' lang='lat' dir='ltr'><strong>Omnis</strong></span> 
     </span>
    </p>
   </div>
   <div class='ocr_carea' id='block_1_40' title="bbox 688 2715 2277 2786">
    <p class='ocr_par' dir='ltr' id='par_1_40' title="bbox 688 2715 2277 2786">
     <span class='ocr_line' id='line_1_40' title="bbox 688 2715 2277 2786; baseline 0.001 -20"><span class='ocrx_word' id='word_1_275' title='bbox 688 2729 823 2769; x_wconf 79' lang='lat' dir='ltr'><strong>vero</strong></span> <span class='ocrx_word' id='word_1_276' title='bbox 880 2715 1295 2786; x_wconf 83' lang='lat' dir='ltr'><strong>suaveolentia,</strong></span> <span class='ocrx_word' id='word_1_277' title='bbox 1337 2715 1612 2785; x_wconf 63' lang='lat' dir='ltr'><strong>praecipue</strong></span> <span class='ocrx_word' id='word_1_278' title='bbox 1663 2715 1758 2769; x_wconf 90' lang='lat' dir='ltr'><strong>illa</strong></span> <span class='ocrx_word' id='word_1_279' title='bbox 1818 2730 1982 2785; x_wconf 89' lang='lat' dir='ltr'><strong>quam</strong></span> <span class='ocrx_word' id='word_1_280' title='bbox 2033 2723 2277 2768; x_wconf 88' lang='lat' dir='ltr'><strong>aromata</strong></span> 
     </span>
    </p>
   </div>
   <div class='ocr_carea' id='block_1_41' title="bbox 692 2789 2277 2880">
    <p class='ocr_par' dir='ltr' id='par_1_41' title="bbox 692 2789 2277 2880">
     <span class='ocr_line' id='line_1_41' title="bbox 692 2789 2277 2880; baseline 0 -22"><span class='ocrx_word' id='word_1_281' title='bbox 692 2804 880 2860; x_wconf 75' lang='lat' dir='ltr'><strong>lndira</strong></span> <span class='ocrx_word' id='word_1_282' title='bbox 912 2789 1122 2870; x_wconf 82' lang='lat' dir='ltr'><strong>emant,</strong></span> <span class='ocrx_word' id='word_1_283' title='bbox 1146 2806 1353 2875; x_wconf 86' lang='lat' dir='ltr'><strong>absque</strong></span> <span class='ocrx_word' id='word_1_284' title='bbox 1386 2806 1720 2860; x_wconf 87' lang='lat' dir='ltr'><strong>lIumiditate</strong></span> <span class='ocrx_word' id='word_1_285' title='bbox 1750 2805 1859 2880; x_wconf 86' lang='lat' dir='ltr'><strong>plei</strong></span> <span class='ocrx_word' id='word_1_286' title='bbox 1904 2815 1959 2860; x_wconf 89' lang='lat' dir='ltr'><strong>et</strong></span> <span class='ocrx_word' id='word_1_287' title='bbox 2011 2791 2277 2860; x_wconf 87' lang='lat' dir='ltr'><strong>similium</strong></span> 
     </span>
    </p>
   </div>
   <div class='ocr_carea' id='block_1_42' title="bbox 690 2893 2277 2965">
    <p class='ocr_par' dir='ltr' id='par_1_42' title="bbox 690 2893 2277 2965">
     <span class='ocr_line' id='line_1_42' title="bbox 690 2893 2277 2965; baseline 0.001 -20"><span class='ocrx_word' id='word_1_288' title='bbox 690 2901 1018 2962; x_wconf 71' lang='lat' dir='ltr'><strong>praeparata,</strong></span> <span class='ocrx_word' id='word_1_289' title='bbox 1040 2893 1281 2948; x_wconf 89' lang='lat' dir='ltr'><strong>salubris</strong></span> <span class='ocrx_word' id='word_1_290' title='bbox 1307 2901 1412 2959; x_wconf 91' lang='lat' dir='ltr'><strong>est,</strong></span> <span class='ocrx_word' id='word_1_291' title='bbox 1445 2903 1501 2949; x_wconf 91' lang='lat' dir='ltr'><strong>et</strong></span> <span class='ocrx_word' id='word_1_292' title='bbox 1540 2910 1742 2965; x_wconf 91' lang='lat' dir='ltr'><strong>corpus</strong></span> <span class='ocrx_word' id='word_1_293' title='bbox 1788 2895 2092 2949; x_wconf 89' lang='lat' dir='ltr'><strong>humanum</strong></span> <span class='ocrx_word' id='word_1_294' title='bbox 2145 2910 2277 2949; x_wconf 92' lang='lat' dir='ltr'><strong>con-</strong></span> 
     </span>
    </p>
   </div>
   <div class='ocr_carea' id='block_1_43' title="bbox 2382 1708 3944 1779">
    <p class='ocr_par' dir='ltr' id='par_1_43' title="bbox 2382 1708 3944 1779">
     <span class='ocr_line' id='line_1_43' title="bbox 2382 1708 3944 1779; baseline 0.001 -17"><span class='ocrx_word' id='word_1_295' title='bbox 2382 1710 2606 1777; x_wconf 84' lang='grc' dir='ltr'>πογονεῖ</span> <span class='ocrx_word' id='word_1_296' title='bbox 2629 1709 2987 1779; x_wconf 76' lang='grc' dir='ltr'><strong>ἀμπελῶνας,</strong></span> <span class='ocrx_word' id='word_1_297' title='bbox 3017 1708 3112 1762; x_wconf 78' lang='grc' dir='ltr'>καὶ</span> <span class='ocrx_word' id='word_1_298' title='bbox 3145 1708 3278 1778; x_wconf 83' lang='grc' dir='ltr'>ἄλλη</span> <span class='ocrx_word' id='word_1_299' title='bbox 3311 1709 3372 1761; x_wconf 89' lang='grc' dir='ltr'>οὐ</span> <span class='ocrx_word' id='word_1_300' title='bbox 3411 1708 3683 1779; x_wconf 79' lang='grc' dir='ltr'>κέκτηται</span> <span class='ocrx_word' id='word_1_301' title='bbox 3714 1709 3944 1779; x_wconf 86' lang='grc' dir='ltr'>βάλανον.</span> 
     </span>
    </p>
   </div>
   <div class='ocr_carea' id='block_1_44' title="bbox 2381 1789 3947 1872">
    <p class='ocr_par' dir='ltr' id='par_1_44' title="bbox 2381 1789 3947 1872">
     <span class='ocr_line' id='line_1_44' title="bbox 2381 1789 3947 1872; baseline 0.001 -19"><span class='ocrx_word' id='word_1_302' title='bbox 2381 1801 2542 1854; x_wconf 85' lang='grc' dir='ltr'>Ὅθεν</span> <span class='ocrx_word' id='word_1_303' title='bbox 2571 1801 2664 1853; x_wconf 72' lang='grc' dir='ltr'>καὶ</span> <span class='ocrx_word' id='word_1_304' title='bbox 2689 1791 2903 1854; x_wconf 79' lang='grc' dir='ltr'>θέλουσι</span> <span class='ocrx_word' id='word_1_305' title='bbox 2937 1800 3119 1868; x_wconf 82' lang='grc' dir='ltr'>λέγειν</span> <span class='ocrx_word' id='word_1_306' title='bbox 3145 1800 3195 1852; x_wconf 81' lang='lat' dir='ltr'><strong>oi</strong></span> <span class='ocrx_word' id='word_1_307' title='bbox 3225 1789 3475 1870; x_wconf 76' lang='grc' dir='ltr'>ἀκριϐεῖς</span> <span class='ocrx_word' id='word_1_308' title='bbox 3501 1799 3603 1868; x_wconf 79' lang='grc' dir='ltr'>τῆς</span> <span class='ocrx_word' id='word_1_309' title='bbox 3635 1801 3947 1872; x_wconf 71' lang='grc' dir='ltr'><strong>οἰκουμένης</strong></span> 
     </span>
    </p>
   </div>
   <div class='ocr_carea' id='block_1_45' title="bbox 2381 1890 3948 1962">
    <p class='ocr_par' dir='ltr' id='par_1_45' title="bbox 2381 1890 3948 1962">
     <span class='ocr_line' id='line_1_45' title="bbox 2381 1890 3948 1962; baseline -0.001 -16"><span class='ocrx_word' id='word_1_310' title='bbox 2381 1893 2788 1962; x_wconf 81' lang='grc' dir='ltr'>κοσμογράφοι,</span> <span class='ocrx_word' id='word_1_311' title='bbox 2821 1893 2903 1946; x_wconf 85' lang='grc' dir='ltr'>ὅτι</span> <span class='ocrx_word' id='word_1_312' title='bbox 2931 1890 3398 1962; x_wconf 84' lang='grc' dir='ltr'>άνατολικώτερος</span> <span class='ocrx_word' id='word_1_313' title='bbox 3433 1890 3614 1962; x_wconf 78' lang='grc' dir='ltr'>πάσης</span> <span class='ocrx_word' id='word_1_314' title='bbox 3645 1895 3746 1962; x_wconf 79' lang='grc' dir='ltr'>τῆς</span> <span class='ocrx_word' id='word_1_315' title='bbox 3779 1895 3948 1945; x_wconf 70' lang='grc' dir='ltr'>οίκουο</span> 
     </span>
    </p>
   </div>
   <div class='ocr_carea' id='block_1_46' title="bbox 2380 1982 3945 2060">
    <p class='ocr_par' dir='ltr' id='par_1_46' title="bbox 2380 1982 3945 2060">
     <span class='ocr_line' id='line_1_46' title="bbox 2380 1982 3945 2060; baseline -0.001 -25"><span class='ocrx_word' id='word_1_316' title='bbox 2380 1983 2575 2054; x_wconf 72' lang='grc' dir='ltr'>μένης,</span> <span class='ocrx_word' id='word_1_317' title='bbox 2610 1983 2802 2055; x_wconf 85' lang='grc' dir='ltr'>ὥσπερ</span> <span class='ocrx_word' id='word_1_318' title='bbox 2852 1982 3245 2053; x_wconf 79' lang='grc' dir='ltr'>θυσιαστήριον</span> <span class='ocrx_word' id='word_1_319' title='bbox 3299 1982 3470 2051; x_wconf 77' lang='grc' dir='ltr'>αὐτῆς</span> <span class='ocrx_word' id='word_1_320' title='bbox 3498 1983 3768 2060; x_wconf 33' lang='grc' dir='ltr'>,τυγχάνει</span> <span class='ocrx_word' id='word_1_321' title='bbox 3797 1986 3824 2037; x_wconf 84' lang='grc' dir='ltr'><strong>ὁ</strong></span> <span class='ocrx_word' id='word_1_322' title='bbox 3856 2001 3945 2036; x_wconf 84' lang='grc' dir='ltr'>πα-</span> 
     </span>
    </p>
   </div>
   <div class='ocr_carea' id='block_1_47' title="bbox 2379 2073 3945 2146">
    <p class='ocr_par' dir='ltr' id='par_1_47' title="bbox 2379 2073 3945 2146">
     <span class='ocr_line' id='line_1_47' title="bbox 2379 2073 3945 2146; baseline -0.001 -18"><span class='ocrx_word' id='word_1_323' title='bbox 2379 2076 2650 2146; x_wconf 79' lang='grc' dir='ltr'>ράδεισος.</span> <span class='ocrx_word' id='word_1_324' title='bbox 2699 2075 2996 2144; x_wconf 80' lang='grc' dir='ltr'>Ἐφύτευσε</span> <span class='ocrx_word' id='word_1_325' title='bbox 3027 2075 3175 2146; x_wconf 67' lang='grc' dir='ltr'>γάρ,</span> <span class='ocrx_word' id='word_1_326' title='bbox 3202 2075 3392 2145; x_wconf 73' lang='grc' dir='ltr'>φησὶν,</span> <span class='ocrx_word' id='word_1_327' title='bbox 3415 2075 3442 2145; x_wconf 75' lang='grc' dir='ltr'>ῥ</span> <span class='ocrx_word' id='word_1_328' title='bbox 3463 2073 3597 2136; x_wconf 79' lang='grc' dir='ltr'>Θεὸς</span> <span class='ocrx_word' id='word_1_329' title='bbox 3631 2075 3945 2146; x_wconf 81' lang='grc' dir='ltr'>παράδεισον</span> 
     </span>
    </p>
   </div>
   <div class='ocr_carea' id='block_1_48' title="bbox 2379 2147 3948 2238">
    <p class='ocr_par' dir='ltr' id='par_1_48' title="bbox 2379 2147 3948 2238">
     <span class='ocr_line' id='line_1_48' title="bbox 2379 2147 3948 2238; baseline -0.001 -19"><span class='ocrx_word' id='word_1_330' title='bbox 2379 2147 2522 2220; x_wconf 61' lang='grc' dir='ltr'>κατὰ</span> <span class='ocrx_word' id='word_1_331' title='bbox 2547 2167 2813 2231; x_wconf 85' lang='grc' dir='ltr'>ἀνατολὰς</span> <span class='ocrx_word' id='word_1_332' title='bbox 2841 2170 2898 2221; x_wconf 82' lang='grc' dir='ltr'>ὲν</span> <span class='ocrx_word' id='word_1_333' title='bbox 2942 2166 3104 2237; x_wconf 86' lang='grc' dir='ltr'>Ἐδέμ</span> <span class='ocrx_word' id='word_1_334' title='bbox 3132 2182 3145 2195; x_wconf 88' lang='grc'><strong>·</strong></span> <span class='ocrx_word' id='word_1_335' title='bbox 3185 2167 3280 2219; x_wconf 78' lang='grc' dir='ltr'>καὶ</span> <span class='ocrx_word' id='word_1_336' title='bbox 3309 2165 3501 2219; x_wconf 83' lang='grc' dir='ltr'>τούτου</span> <span class='ocrx_word' id='word_1_337' title='bbox 3532 2167 3704 2237; x_wconf 85' lang='grc' dir='ltr'>χάριν</span> <span class='ocrx_word' id='word_1_338' title='bbox 3732 2168 3948 2238; x_wconf 79' lang='grc' dir='ltr'>πλησιά-</span> 
     </span>
    </p>
   </div>
   <div class='ocr_carea' id='block_1_49' title="bbox 2379 2256 3948 2330">
    <p class='ocr_par' dir='ltr' id='par_1_49' title="bbox 2379 2256 3948 2330">
     <span class='ocr_line' id='line_1_49' title="bbox 2379 2256 3948 2330; baseline 0 -19"><span class='ocrx_word' id='word_1_339' title='bbox 2379 2258 2461 2322; x_wconf 81' lang='grc' dir='ltr'>ζει</span> <span class='ocrx_word' id='word_1_340' title='bbox 2489 2258 2638 2328; x_wconf 84' lang='grc' dir='ltr'>αὐτῷ</span> <span class='ocrx_word' id='word_1_341' title='bbox 2667 2261 2701 2326; x_wconf 83' lang='grc' dir='ltr'>ἡ</span> <span class='ocrx_word' id='word_1_342' title='bbox 2725 2259 2833 2311; x_wconf 84' lang='grc' dir='ltr'>τῶν</span> <span class='ocrx_word' id='word_1_343' title='bbox 2874 2257 3051 2311; x_wconf 82' lang='grc' dir='ltr'>Ἰνδῶν</span> <span class='ocrx_word' id='word_1_344' title='bbox 3083 2256 3239 2327; x_wconf 85' lang='grc' dir='ltr'>χώρα</span> <span class='ocrx_word' id='word_1_345' title='bbox 3263 2273 3276 2287; x_wconf 81' lang='lat'><strong><em>°</em></strong></span> <span class='ocrx_word' id='word_1_346' title='bbox 3313 2258 3408 2310; x_wconf 78' lang='grc' dir='ltr'>καὶ</span> <span class='ocrx_word' id='word_1_347' title='bbox 3455 2258 3660 2321; x_wconf 83' lang='grc' dir='ltr'>πάντες</span> <span class='ocrx_word' id='word_1_348' title='bbox 3714 2259 3892 2330; x_wconf 78' lang='grc' dir='ltr'>σχεδὸν</span> <span class='ocrx_word' id='word_1_349' title='bbox 3909 2261 3948 2311; x_wconf 90' lang='lat' dir='ltr'><strong>ol</strong></span> 
     </span>
    </p>
   </div>
   <div class='ocr_carea' id='block_1_50' title="bbox 2378 2351 3952 2422">
    <p class='ocr_par' dir='ltr' id='par_1_50' title="bbox 2378 2351 3952 2422">
     <span class='ocr_line' id='line_1_50' title="bbox 2378 2351 3952 2422; baseline -0.001 -16"><span class='ocrx_word' id='word_1_350' title='bbox 2378 2353 2585 2421; x_wconf 78' lang='grc' dir='ltr'>καρποὶ</span> <span class='ocrx_word' id='word_1_351' title='bbox 2630 2352 2738 2406; x_wconf 82' lang='grc' dir='ltr'><strong>τῶν</strong></span> <span class='ocrx_word' id='word_1_352' title='bbox 2787 2352 3174 2406; x_wconf 82' lang='grc' dir='ltr'>εὐωδεστάτων</span> <span class='ocrx_word' id='word_1_353' title='bbox 3221 2351 3536 2422; x_wconf 81' lang='grc' dir='ltr'>ἀρωμάτων</span> <span class='ocrx_word' id='word_1_354' title='bbox 3582 2353 3715 2420; x_wconf 70' lang='grc' dir='ltr'>εἰσὶ,</span> <span class='ocrx_word' id='word_1_355' title='bbox 3748 2353 3837 2407; x_wconf 82' lang='grc' dir='ltr'><strong>διά</strong></span> <span class='ocrx_word' id='word_1_356' title='bbox 3866 2354 3952 2420; x_wconf 71' lang='grc' dir='ltr'>τῆς</span> 
     </span>
    </p>
   </div>
   <div class='ocr_carea' id='block_1_51' title="bbox 2378 2444 3952 2516">
    <p class='ocr_par' dir='ltr' id='par_1_51' title="bbox 2378 2444 3952 2516">
     <span class='ocr_line' id='line_1_51' title="bbox 2378 2444 3952 2516; baseline -0.001 -18"><span class='ocrx_word' id='word_1_357' title='bbox 2378 2444 2554 2516; x_wconf 75' lang='grc' dir='ltr'>αὔρας</span> <span class='ocrx_word' id='word_1_358' title='bbox 2602 2444 2710 2498; x_wconf 86' lang='grc' dir='ltr'><strong>τῶν</strong></span> <span class='ocrx_word' id='word_1_359' title='bbox 2755 2445 2974 2515; x_wconf 89' lang='grc' dir='ltr'>ἀνέμων</span> <span class='ocrx_word' id='word_1_360' title='bbox 3027 2444 3541 2516; x_wconf 78' lang='grc' dir='ltr'><strong>μετακομιζομένης</strong></span> <span class='ocrx_word' id='word_1_361' title='bbox 3603 2448 3702 2500; x_wconf 72' lang='grc' dir='ltr'>καὶ</span> <span class='ocrx_word' id='word_1_362' title='bbox 3751 2447 3952 2516; x_wconf 81' lang='grc' dir='ltr'>μεταδι-</span> 
     </span>
    </p>
   </div>
   <div class='ocr_carea' id='block_1_52' title="bbox 2377 2525 3952 2608">
    <p class='ocr_par' dir='ltr' id='par_1_52' title="bbox 2377 2525 3952 2608">
     <span class='ocr_line' id='line_1_52' title="bbox 2377 2525 3952 2608; baseline -0.002 -17"><span class='ocrx_word' id='word_1_363' title='bbox 2377 2537 2614 2607; x_wconf 83' lang='grc' dir='ltr'>δομένης</span> <span class='ocrx_word' id='word_1_364' title='bbox 2644 2537 2826 2600; x_wconf 83' lang='grc' dir='ltr'>αὐτοῖς</span> <span class='ocrx_word' id='word_1_365' title='bbox 2853 2537 2952 2606; x_wconf 83' lang='grc' dir='ltr'>τῆς</span> <span class='ocrx_word' id='word_1_366' title='bbox 2989 2536 3220 2601; x_wconf 78' lang='grc' dir='ltr'>εὐωδίας</span> <span class='ocrx_word' id='word_1_367' title='bbox 3265 2538 3331 2590; x_wconf 87' lang='grc' dir='ltr'>ὲκ</span> <span class='ocrx_word' id='word_1_368' title='bbox 3369 2525 3602 2590; x_wconf 83' lang='grc' dir='ltr'><strong>τῶντοῦ</strong></span> <span class='ocrx_word' id='word_1_369' title='bbox 3633 2538 3952 2608; x_wconf 72' lang='grc' dir='ltr'>παραδείσου</span> 
     </span>
    </p>
   </div>
   <div class='ocr_carea' id='block_1_53' title="bbox 2379 2614 3954 2700">
    <p class='ocr_par' dir='ltr' id='par_1_53' title="bbox 2379 2614 3954 2700">
     <span class='ocr_line' id='line_1_53' title="bbox 2379 2614 3954 2700; baseline 0.001 -22"><span class='ocrx_word' id='word_1_370' title='bbox 2379 2614 2762 2700; x_wconf 75' lang='grc' dir='ltr'>εὐωδεστάτων</span> <span class='ocrx_word' id='word_1_371' title='bbox 2818 2626 3026 2696; x_wconf 83' lang='grc' dir='ltr'>φυτῶν,</span> <span class='ocrx_word' id='word_1_372' title='bbox 3072 2628 3196 2681; x_wconf 85' lang='grc' dir='ltr'>καθ’</span> <span class='ocrx_word' id='word_1_373' title='bbox 3227 2627 3524 2697; x_wconf 80' lang='grc' dir='ltr'>ὁμοιότητα</span> <span class='ocrx_word' id='word_1_374' title='bbox 3564 2629 3674 2682; x_wconf 83' lang='grc' dir='ltr'>τῶν</span> <span class='ocrx_word' id='word_1_375' title='bbox 3719 2630 3954 2700; x_wconf 81' lang='grc' dir='ltr'>ἀλλήλοις</span> 
     </span>
    </p>
   </div>
   <div class='ocr_carea' id='block_1_54' title="bbox 2378 2715 3957 2792">
    <p class='ocr_par' dir='ltr' id='par_1_54' title="bbox 2378 2715 3957 2792">
     <span class='ocr_line' id='line_1_54' title="bbox 2378 2715 3957 2792; baseline 0.003 -24"><span class='ocrx_word' id='word_1_376' title='bbox 2378 2715 2463 2770; x_wconf 75' lang='grc' dir='ltr'><strong>διὰ</strong></span> <span class='ocrx_word' id='word_1_377' title='bbox 2531 2715 2641 2769; x_wconf 81' lang='grc' dir='ltr'>τῶν</span> <span class='ocrx_word' id='word_1_378' title='bbox 2683 2717 2929 2786; x_wconf 80' lang='grc' dir='ltr'>,ἀνέμων</span> <span class='ocrx_word' id='word_1_379' title='bbox 3007 2720 3071 2772; x_wconf 78' lang='grc' dir='ltr'>ἐκ</span> <span class='ocrx_word' id='word_1_380' title='bbox 3138 2718 3244 2772; x_wconf 83' lang='grc' dir='ltr'><strong>τῶν</strong></span> <span class='ocrx_word' id='word_1_381' title='bbox 3297 2719 3544 2789; x_wconf 74' lang='grc' dir='ltr'>ἀρρένων</span> <span class='ocrx_word' id='word_1_382' title='bbox 3597 2722 3662 2774; x_wconf 82' lang='grc' dir='ltr'>τὸ</span> <span class='ocrx_word' id='word_1_383' title='bbox 3731 2723 3957 2792; x_wconf 76' lang='grc' dir='ltr'>σπερμόο</span> 
     </span>
    </p>
   </div>
   <div class='ocr_carea' id='block_1_55' title="bbox 2379 2805 3955 2882">
    <p class='ocr_par' dir='ltr' id='par_1_55' title="bbox 2379 2805 3955 2882">
     <span class='ocr_line' id='line_1_55' title="bbox 2379 2805 3955 2882; baseline 0.004 -25"><span class='ocrx_word' id='word_1_384' title='bbox 2379 2822 2535 2872; x_wconf 91' lang='grc' dir='ltr'>γονον</span> <span class='ocrx_word' id='word_1_385' title='bbox 2593 2805 2752 2867; x_wconf 80' lang='grc' dir='ltr'>ἄνθος</span> <span class='ocrx_word' id='word_1_386' title='bbox 2818 2807 2865 2860; x_wconf 71' lang='grc' dir='ltr'>ιι.</span> <span class='ocrx_word' id='word_1_387' title='bbox 2931 2807 3091 2860; x_wconf 81' lang='grc' dir='ltr'>Πᾶσα</span> <span class='ocrx_word' id='word_1_388' title='bbox 3157 2808 3216 2862; x_wconf 82' lang='grc' dir='ltr'>δὲ</span> <span class='ocrx_word' id='word_1_389' title='bbox 3277 2807 3514 2874; x_wconf 88' lang='grc' dir='ltr'>εὐωδία,</span> <span class='ocrx_word' id='word_1_390' title='bbox 3587 2812 3687 2864; x_wconf 75' lang='grc' dir='ltr'>καὶ</span> <span class='ocrx_word' id='word_1_391' title='bbox 3741 2813 3955 2882; x_wconf 75' lang='grc' dir='ltr'>μάλιστα</span> 
     </span>
    </p>
   </div>
   <div class='ocr_carea' id='block_1_56' title="bbox 2379 2898 3957 2974">
    <p class='ocr_par' dir='ltr' id='par_1_56' title="bbox 2379 2898 3957 2974">
     <span class='ocr_line' id='line_1_56' title="bbox 2379 2898 3957 2974; baseline 0.003 -23"><span class='ocrx_word' id='word_1_392' title='bbox 2379 2901 2412 2968; x_wconf 82' lang='grc' dir='ltr'>ἡ</span> <span class='ocrx_word' id='word_1_393' title='bbox 2445 2899 2532 2954; x_wconf 78' lang='grc' dir='ltr'><strong>διὰ</strong></span> <span class='ocrx_word' id='word_1_394' title='bbox 2588 2898 2694 2952; x_wconf 84' lang='grc' dir='ltr'><strong>τῶν</strong></span> <span class='ocrx_word' id='word_1_395' title='bbox 2733 2898 2964 2954; x_wconf 85' lang='grc' dir='ltr'>Ἰνδικῶν</span> <span class='ocrx_word' id='word_1_396' title='bbox 3009 2901 3340 2970; x_wconf 85' lang='grc' dir='ltr'>ἀρωμάτων,</span> <span class='ocrx_word' id='word_1_397' title='bbox 3377 2903 3551 2974; x_wconf 70' lang='grc' dir='ltr'>χωρὶς</span> <span class='ocrx_word' id='word_1_398' title='bbox 3598 2904 3782 2974; x_wconf 77' lang='grc' dir='ltr'>ὑγρᾶς</span> <span class='ocrx_word' id='word_1_399' title='bbox 3829 2921 3957 2964; x_wconf 83' lang='grc' dir='ltr'>τινος</span> 
     </span>
    </p>
   </div>
   <div class='ocr_carea' id='block_1_57' title="bbox 692 2985 2278 3063">
    <p class='ocr_par' dir='ltr' id='par_1_57' title="bbox 692 2985 2267 3060">
     <span class='ocr_line' id='line_1_57' title="bbox 692 2985 2267 3060; baseline 0.001 -22"><span class='ocrx_word' id='word_1_400' title='bbox 692 2993 912 3051; x_wconf 80' lang='lat' dir='ltr'><strong>servat;</strong></span> <span class='ocrx_word' id='word_1_401' title='bbox 950 2985 1113 3052; x_wconf 92' lang='lat' dir='ltr'><strong>sicut,</strong></span> <span class='ocrx_word' id='word_1_402' title='bbox 1151 2986 1271 3041; x_wconf 85' lang='lat' dir='ltr'><strong>vice</strong></span> <span class='ocrx_word' id='word_1_403' title='bbox 1315 3001 1495 3048; x_wconf 88' lang='lat' dir='ltr'><strong>versa,</strong></span> <span class='ocrx_word' id='word_1_404' title='bbox 1527 2989 1901 3057; x_wconf 82' lang='lat' dir='ltr'><strong>graveolentia</strong></span> <span class='ocrx_word' id='word_1_405' title='bbox 1940 2987 2267 3060; x_wconf 88' lang='lat' dir='ltr'><strong>corrumpit.</strong></span> 
     </span>
    </p>
   </div>
   <div class='ocr_carea' id='block_1_58' title="bbox 2382 2985 3958 3063">
    <p class='ocr_par' dir='ltr' id='par_1_58' title="bbox 2382 2987 3958 3063">
     <span class='ocr_line' id='line_1_58' title="bbox 2382 2987 3958 3063; baseline 0.001 -22"><span class='ocrx_word' id='word_1_406' title='bbox 2382 2988 2628 3058; x_wconf 71' lang='grc' dir='ltr'>ἑλαίου,ἢ</span> <span class='ocrx_word' id='word_1_407' title='bbox 2651 2987 2823 3042; x_wconf 73' lang='grc' dir='ltr'>ἄλλων</span> <span class='ocrx_word' id='word_1_408' title='bbox 2843 2989 2952 3041; x_wconf 86' lang='grc' dir='ltr'>τῶν</span> <span class='ocrx_word' id='word_1_409' title='bbox 2974 2989 3233 3042; x_wconf 82' lang='grc' dir='ltr'>τοιούτων</span> <span class='ocrx_word' id='word_1_410' title='bbox 3256 2991 3635 3061; x_wconf 74' lang='grc' dir='ltr'>σκευαζομένη</span> <span class='ocrx_word' id='word_1_411' title='bbox 3677 2991 3958 3063; x_wconf 73' lang='grc' dir='ltr'>ὐγροποιὶς</span> 
     </span>
    </p>
   </div>
   <div class='ocr_carea' id='block_1_59' title="bbox 690 3073 2279 3146">
    <p class='ocr_par' dir='ltr' id='par_1_59' title="bbox 690 3073 2279 3146">
     <span class='ocr_line' id='line_1_59' title="bbox 690 3073 2279 3146; baseline 0.003 -18"><span class='ocrx_word' id='word_1_412' title='bbox 690 3073 846 3129; x_wconf 89' lang='lat' dir='ltr'><strong>Unde</strong></span> <span class='ocrx_word' id='word_1_413' title='bbox 875 3074 954 3128; x_wconf 90' lang='lat' dir='ltr'><strong>ait</strong></span> <span class='ocrx_word' id='word_1_414' title='bbox 983 3075 1354 3145; x_wconf 82' lang='lat' dir='ltr'><strong>phi1050phus</strong></span> <span class='ocrx_word' id='word_1_415' title='bbox 1377 3075 1604 3146; x_wconf 90' lang='lat' dir='ltr'><strong>quidam</strong></span> <span class='ocrx_word' id='word_1_416' title='bbox 1643 3095 1657 3131; x_wconf 87' lang='lat'>:</span> <span class='ocrx_word' id='word_1_417' title='bbox 1699 3077 1756 3132; x_wconf 91' lang='lat' dir='ltr'><strong>Si</strong></span> <span class='ocrx_word' id='word_1_418' title='bbox 1784 3078 2050 3133; x_wconf 89' lang='lat' dir='ltr'><strong>incideris</strong></span> <span class='ocrx_word' id='word_1_419' title='bbox 2078 3078 2132 3131; x_wconf 91' lang='lat' dir='ltr'><strong>in</strong></span> <span class='ocrx_word' id='word_1_420' title='bbox 2163 3092 2279 3132; x_wconf 91' lang='lat' dir='ltr'><strong>mo-</strong></span> 
     </span>
    </p>
   </div>
   <div class='ocr_carea' id='block_1_60' title="bbox 690 3164 2279 3238">
    <p class='ocr_par' dir='ltr' id='par_1_60' title="bbox 690 3164 2279 3238">
     <span class='ocr_line' id='line_1_60' title="bbox 690 3164 2279 3238; baseline 0.003 -20"><span class='ocrx_word' id='word_1_421' title='bbox 690 3164 995 3219; x_wconf 87' lang='lat' dir='ltr'><strong>ribundum</strong></span> <span class='ocrx_word' id='word_1_422' title='bbox 1028 3208 1041 3232; x_wconf 91' lang='lat'><strong>,</strong></span> <span class='ocrx_word' id='word_1_423' title='bbox 1105 3174 1403 3236; x_wconf 86' lang='lat' dir='ltr'><strong>antequam</strong></span> <span class='ocrx_word' id='word_1_424' title='bbox 1446 3177 1687 3233; x_wconf 84' lang='lat' dir='ltr'><strong>mentem</strong></span> <span class='ocrx_word' id='word_1_425' title='bbox 1753 3169 2019 3236; x_wconf 82' lang='lat' dir='ltr'><strong>amittat,</strong></span> <span class='ocrx_word' id='word_1_426' title='bbox 2075 3169 2279 3238; x_wconf 89' lang='lat' dir='ltr'><strong>poterit</strong></span> 
     </span>
    </p>
   </div>
   <div class='ocr_carea' id='block_1_61' title="bbox 691 3258 2281 3327">
    <p class='ocr_par' dir='ltr' id='par_1_61' title="bbox 691 3258 2281 3327">
     <span class='ocr_line' id='line_1_61' title="bbox 691 3258 2281 3327; baseline 0.004 -18"><span class='ocrx_word' id='word_1_427' title='bbox 691 3265 953 3325; x_wconf 88' lang='lat' dir='ltr'><strong>paratura</strong></span> <span class='ocrx_word' id='word_1_428' title='bbox 1005 3258 1242 3327; x_wconf 87' lang='lat' dir='ltr'><strong>quadam</strong></span> <span class='ocrx_word' id='word_1_429' title='bbox 1296 3268 1607 3315; x_wconf 86' lang='lat' dir='ltr'><strong>aromatum</strong></span> <span class='ocrx_word' id='word_1_430' title='bbox 1658 3259 1727 3314; x_wconf 92' lang='lat' dir='ltr'><strong>ad</strong></span> <span class='ocrx_word' id='word_1_431' title='bbox 1777 3261 2112 3315; x_wconf 88' lang='lat' dir='ltr'><strong>semihoram</strong></span> <span class='ocrx_word' id='word_1_432' title='bbox 2141 3262 2281 3316; x_wconf 88' lang='lat' dir='ltr'><strong>ratio</strong></span> 
     </span>
    </p>
   </div>
   <div class='ocr_carea' id='block_1_62' title="bbox 691 3346 2282 3422">
    <p class='ocr_par' dir='ltr' id='par_1_62' title="bbox 691 3346 2282 3422">
     <span class='ocr_line' id='line_1_62' title="bbox 691 3346 2282 3422; baseline 0.004 -22"><span class='ocrx_word' id='word_1_433' title='bbox 691 3347 812 3416; x_wconf 78' lang='lat' dir='ltr'><strong>ejus</strong></span> <span class='ocrx_word' id='word_1_434' title='bbox 870 3346 1034 3402; x_wconf 69' lang='lat' dir='ltr'><strong>illresa</strong></span> <span class='ocrx_word' id='word_1_435' title='bbox 1097 3349 1328 3414; x_wconf 84' lang='lat' dir='ltr'><strong>servari,</strong></span> <span class='ocrx_word' id='word_1_436' title='bbox 1363 3356 1424 3403; x_wconf 91' lang='lat' dir='ltr'><strong>ut</strong></span> <span class='ocrx_word' id='word_1_437' title='bbox 1487 3349 1555 3405; x_wconf 92' lang='lat' dir='ltr'><strong>de</strong></span> <span class='ocrx_word' id='word_1_438' title='bbox 1608 3351 1776 3406; x_wconf 87' lang='lat' dir='ltr'><strong>rebus</strong></span> <span class='ocrx_word' id='word_1_439' title='bbox 1831 3352 1948 3406; x_wconf 89' lang='lat' dir='ltr'><strong>suis</strong></span> <span class='ocrx_word' id='word_1_440' title='bbox 1987 3351 2282 3422; x_wconf 85' lang='lat' dir='ltr'><strong>disponere</strong></span> 
     </span>
    </p>
   </div>
   <div class='ocr_carea' id='block_1_63' title="bbox 691 3437 895 3490">
    <p class='ocr_par' dir='ltr' id='par_1_63' title="bbox 691 3437 895 3490">
     <span class='ocr_line' id='line_1_63' title="bbox 691 3437 895 3490; baseline 0.01 -2"><span class='ocrx_word' id='word_1_441' title='bbox 691 3437 895 3490; x_wconf 81' lang='lat' dir='ltr'><strong>valeat.</strong></span> 
     </span>
    </p>
   </div>
   <div class='ocr_carea' id='block_1_64' title="bbox 899 3702 2081 3839">
    <p class='ocr_par' dir='ltr' id='par_1_64' title="bbox 899 3702 2081 3839">
     <span class='ocr_line' id='line_1_64' title="bbox 899 3702 2081 3839; baseline 0.004 -18"><span class='ocrx_word' id='word_1_442' title='bbox 899 3702 1465 3839; x_wconf 57' lang='lat' dir='ltr'><strong>QUIES&#39;l‘IO</strong></span> <span class='ocrx_word' id='word_1_443' title='bbox 1545 3737 2081 3831; x_wconf 80' lang='lat' dir='ltr'><strong>CXXVIII.</strong></span> 
     </span>
    </p>
   </div>
   <div class='ocr_carea' id='block_1_65' title="bbox 695 3879 2281 3954">
    <p class='ocr_par' dir='ltr' id='par_1_65' title="bbox 695 3879 2281 3954">
     <span class='ocr_line' id='line_1_65' title="bbox 695 3879 2281 3954; baseline 0.003 -21"><span class='ocrx_word' id='word_1_444' title='bbox 695 3882 858 3954; x_wconf 67' lang='grc'><strong>422</strong></span> <span class='ocrx_word' id='word_1_445' title='bbox 893 3879 1032 3954; x_wconf 81' lang='lat' dir='ltr'><strong>Quid</strong></span> <span class='ocrx_word' id='word_1_446' title='bbox 1070 3891 1143 3935; x_wconf 86' lang='lat' dir='ltr'><strong>est</strong></span> <span class='ocrx_word' id='word_1_447' title='bbox 1194 3881 1459 3954; x_wconf 78' lang='lat' dir='ltr'><strong>talentum</strong></span> <span class='ocrx_word' id='word_1_448' title='bbox 1492 3882 1632 3954; x_wconf 83' lang='lat' dir='ltr'><strong>quod</strong></span> <span class='ocrx_word' id='word_1_449' title='bbox 1665 3882 1923 3954; x_wconf 74' lang='lat' dir='ltr'><strong>Dominus</strong></span> <span class='ocrx_word' id='word_1_450' title='bbox 1957 3884 2011 3937; x_wconf 79' lang='lat' dir='ltr'><strong>in</strong></span> <span class='ocrx_word' id='word_1_451' title='bbox 2035 3900 2281 3938; x_wconf 81' lang='lat' dir='ltr'><strong>consum-</strong></span> 
     </span>
    </p>
   </div>
   <div class='ocr_carea' id='block_1_66' title="bbox 771 3953 2283 4008">
    <p class='ocr_par' dir='ltr' id='par_1_66' title="bbox 771 3953 2283 4008">
     <span class='ocr_line' id='line_1_66' title="bbox 771 3953 2283 4008; baseline 0.001 -2"><span class='ocrx_word' id='word_1_452' title='bbox 771 3953 1002 4006; x_wconf 76' lang='lat' dir='ltr'><strong>matione</strong></span> <span class='ocrx_word' id='word_1_453' title='bbox 1036 3953 1222 4004; x_wconf 79' lang='lat' dir='ltr'><strong>mundi</strong></span> <span class='ocrx_word' id='word_1_454' title='bbox 1249 3968 1303 4005; x_wconf 81' lang='lat' dir='ltr'><strong>se</strong></span> <span class='ocrx_word' id='word_1_455' title='bbox 1331 3971 1362 4006; x_wconf 90' lang='lat' dir='ltr'><strong>a</strong></span> <span class='ocrx_word' id='word_1_456' title='bbox 1399 3953 1542 4005; x_wconf 86' lang='lat' dir='ltr'><strong>malo</strong></span> <span class='ocrx_word' id='word_1_457' title='bbox 1581 3969 1729 4006; x_wconf 80' lang='lat' dir='ltr'><strong>servo</strong></span> <span class='ocrx_word' id='word_1_458' title='bbox 1759 3953 2068 4006; x_wconf 86' lang='lat' dir='ltr'><strong>ablaturum</strong></span> <span class='ocrx_word' id='word_1_459' title='bbox 2108 3955 2283 4008; x_wconf 83' lang='lat' dir='ltr'><strong>mina-</strong></span> 
     </span>
    </p>
   </div>
   <div class='ocr_carea' id='block_1_67' title="bbox 769 4021 2283 4094">
    <p class='ocr_par' dir='ltr' id='par_1_67' title="bbox 769 4021 2283 4094">
     <span class='ocr_line' id='line_1_67' title="bbox 769 4021 2283 4094; baseline 0.003 -20"><span class='ocrx_word' id='word_1_460' title='bbox 769 4032 876 4086; x_wconf 84' lang='lat' dir='ltr'><strong>tur,</strong></span> <span class='ocrx_word' id='word_1_461' title='bbox 913 4023 1272 4094; x_wconf 69' lang='lat' dir='ltr'><strong>daturumque</strong></span> <span class='ocrx_word' id='word_1_462' title='bbox 1293 4021 1402 4094; x_wconf 62' lang='lat' dir='ltr'><strong>illia</strong></span> <span class='ocrx_word' id='word_1_463' title='bbox 1434 4023 1522 4091; x_wconf 80' lang='lat' dir='ltr'><strong>qui</strong></span> <span class='ocrx_word' id='word_1_464' title='bbox 1543 4023 1773 4094; x_wconf 79' lang='lat' dir='ltr'><strong>quinque</strong></span> <span class='ocrx_word' id='word_1_465' title='bbox 1791 4023 2008 4077; x_wconf 80' lang='lat' dir='ltr'><strong>talentis</strong></span> <span class='ocrx_word' id='word_1_466' title='bbox 2024 4023 2283 4094; x_wconf 65' lang='lat' dir='ltr'><strong>praeclare</strong></span> 
     </span>
    </p>
   </div>
   <div class='ocr_carea' id='block_1_68' title="bbox 768 4091 1488 4164">
    <p class='ocr_par' dir='ltr' id='par_1_68' title="bbox 768 4091 1488 4164">
     <span class='ocr_line' id='line_1_68' title="bbox 768 4091 1488 4164; baseline -0.001 -19"><span class='ocrx_word' id='word_1_467' title='bbox 768 4091 1023 4164; x_wconf 78' lang='lat' dir='ltr'><strong>negotiati</strong></span> <span class='ocrx_word' id='word_1_468' title='bbox 1060 4091 1275 4161; x_wconf 72' lang='lat' dir='ltr'><strong>fuerant</strong></span> <span class='ocrx_word' id='word_1_469' title='bbox 1303 4091 1395 4144; x_wconf 57' lang='lat'><strong>‘6?</strong></span> <span class='ocrx_word' id='word_1_470' title='bbox 1485 4102 1488 4104; x_wconf 83' lang='lat'>&#39;</span> 
     </span>
    </p>
   </div>
   <div class='ocr_carea' id='block_1_69' title="bbox 1284 4204 1685 4261">
    <p class='ocr_par' dir='ltr' id='par_1_69' title="bbox 1284 4204 1685 4261">
     <span class='ocr_line' id='line_1_69' title="bbox 1284 4204 1685 4261; baseline 0.007 -3"><span class='ocrx_word' id='word_1_471' title='bbox 1284 4204 1685 4261; x_wconf 82' lang='lat' dir='ltr'><strong>RESPONSIO.</strong></span> 
     </span>
    </p>
   </div>
   <div class='ocr_carea' id='block_1_70' title="bbox 767 4298 2283 4369">
    <p class='ocr_par' dir='ltr' id='par_1_70' title="bbox 767 4298 2283 4369">
     <span class='ocr_line' id='line_1_70' title="bbox 767 4298 2283 4369; baseline -0.002 -15"><span class='ocrx_word' id='word_1_472' title='bbox 767 4300 1000 4368; x_wconf 87' lang='lat' dir='ltr'><strong>Quidam</strong></span> <span class='ocrx_word' id='word_1_473' title='bbox 1026 4299 1221 4354; x_wconf 86' lang='lat' dir='ltr'><strong>dicunt</strong></span> <span class='ocrx_word' id='word_1_474' title='bbox 1250 4313 1371 4354; x_wconf 87' lang='lat' dir='ltr'><strong>esse</strong></span> <span class='ocrx_word' id='word_1_475' title='bbox 1424 4299 1692 4369; x_wconf 88' lang='lat' dir='ltr'><strong>Spiritum</strong></span> <span class='ocrx_word' id='word_1_476' title='bbox 1735 4305 2007 4360; x_wconf 88' lang='lat' dir='ltr'><strong>sanetum,</strong></span> <span class='ocrx_word' id='word_1_477' title='bbox 2033 4312 2198 4367; x_wconf 91' lang='lat' dir='ltr'><strong>quem</strong></span> <span class='ocrx_word' id='word_1_478' title='bbox 2227 4298 2283 4351; x_wconf 93' lang='lat' dir='ltr'><strong>in</strong></span> 
     </span>
    </p>
   </div>
   <div class='ocr_carea' id='block_1_71' title="bbox 699 4388 2282 4464">
    <p class='ocr_par' dir='ltr' id='par_1_71' title="bbox 699 4388 2282 4464">
     <span class='ocr_line' id='line_1_71' title="bbox 699 4388 2282 4464; baseline -0.006 -15"><span class='ocrx_word' id='word_1_479' title='bbox 699 4392 973 4464; x_wconf 82' lang='lat' dir='ltr'><strong>baptismo</strong></span> <span class='ocrx_word' id='word_1_480' title='bbox 991 4391 1226 4460; x_wconf 85' lang='lat' dir='ltr'><strong>adeptus</strong></span> <span class='ocrx_word' id='word_1_481' title='bbox 1243 4391 1569 4457; x_wconf 82' lang='lat' dir='ltr'><strong>est.Quibus</strong></span> <span class='ocrx_word' id='word_1_482' title='bbox 1584 4405 1695 4444; x_wconf 90' lang='lat' dir='ltr'><strong>non</strong></span> <span class='ocrx_word' id='word_1_483' title='bbox 1718 4389 1991 4444; x_wconf 88' lang='lat' dir='ltr'><strong>assentior</strong></span> <span class='ocrx_word' id='word_1_484' title='bbox 2010 4406 2022 4441; x_wconf 90' lang='lat'>:</span> <span class='ocrx_word' id='word_1_485' title='bbox 2041 4404 2164 4442; x_wconf 86' lang='lat' dir='ltr'><strong>nam</strong></span> <span class='ocrx_word' id='word_1_486' title='bbox 2187 4388 2282 4456; x_wconf 93' lang='lat' dir='ltr'><strong>qui</strong></span> 
     </span>
    </p>
   </div>
   <div class='ocr_carea' id='block_1_72' title="bbox 700 4479 2283 4558">
    <p class='ocr_par' dir='ltr' id='par_1_72' title="bbox 700 4479 2283 4558">
     <span class='ocr_line' id='line_1_72' title="bbox 700 4479 2283 4558; baseline -0.006 -14"><span class='ocrx_word' id='word_1_487' title='bbox 700 4487 948 4558; x_wconf 87' lang='lat' dir='ltr'><strong>quinque</strong></span> <span class='ocrx_word' id='word_1_488' title='bbox 986 4485 1192 4540; x_wconf 85' lang='lat' dir='ltr'><strong>talenta</strong></span> <span class='ocrx_word' id='word_1_489' title='bbox 1239 4490 1552 4552; x_wconf 87' lang='lat' dir='ltr'><strong>acceperat,</strong></span> <span class='ocrx_word' id='word_1_490' title='bbox 1589 4481 1830 4535; x_wconf 87' lang='lat' dir='ltr'><strong>habebat</strong></span> <span class='ocrx_word' id='word_1_491' title='bbox 1861 4479 2052 4548; x_wconf 92' lang='lat' dir='ltr'><strong>utique</strong></span> <span class='ocrx_word' id='word_1_492' title='bbox 2083 4488 2141 4534; x_wconf 91' lang='lat' dir='ltr'><strong>et</strong></span> <span class='ocrx_word' id='word_1_493' title='bbox 2165 4479 2283 4548; x_wconf 86' lang='lat' dir='ltr'><strong>ipse</strong></span> 
     </span>
    </p>
   </div>
   <div class='ocr_carea' id='block_1_73' title="bbox 702 4569 2278 4646">
    <p class='ocr_par' dir='ltr' id='par_1_73' title="bbox 702 4569 2278 4646">
     <span class='ocr_line' id='line_1_73' title="bbox 702 4569 2278 4646; baseline -0.003 -16"><span class='ocrx_word' id='word_1_494' title='bbox 702 4575 969 4646; x_wconf 89' lang='lat' dir='ltr'><strong>Spiritum</strong></span> <span class='ocrx_word' id='word_1_495' title='bbox 1027 4584 1276 4629; x_wconf 88' lang='lat' dir='ltr'><strong>sanctum</strong></span> <span class='ocrx_word' id='word_1_496' title='bbox 1341 4583 1397 4627; x_wconf 89' lang='lat' dir='ltr'><strong>et</strong></span> <span class='ocrx_word' id='word_1_497' title='bbox 1441 4587 1554 4626; x_wconf 89' lang='lat' dir='ltr'><strong>non</strong></span> <span class='ocrx_word' id='word_1_498' title='bbox 1601 4569 1798 4640; x_wconf 82' lang='lat' dir='ltr'><strong>egebat</strong></span> <span class='ocrx_word' id='word_1_499' title='bbox 1835 4569 2011 4624; x_wconf 89' lang='lat' dir='ltr'><strong>altero</strong></span> <span class='ocrx_word' id='word_1_500' title='bbox 2057 4569 2278 4638; x_wconf 91' lang='lat' dir='ltr'><strong>spiritu.</strong></span> 
     </span>
    </p>
   </div>
   <div class='ocr_carea' id='block_1_74' title="bbox 701 4655 2282 4729">
    <p class='ocr_par' dir='ltr' id='par_1_74' title="bbox 701 4655 2282 4729">
     <span class='ocr_line' id='line_1_74' title="bbox 701 4655 2282 4729; baseline -0.007 -8"><span class='ocrx_word' id='word_1_501' title='bbox 701 4667 842 4721; x_wconf 87' lang='lat' dir='ltr'><strong>Ilinc</strong></span> <span class='ocrx_word' id='word_1_502' title='bbox 877 4664 1141 4720; x_wconf 89' lang='lat' dir='ltr'><strong>discimus</strong></span> <span class='ocrx_word' id='word_1_503' title='bbox 1168 4665 1341 4717; x_wconf 89' lang='lat' dir='ltr'><strong>Deum</strong></span> <span class='ocrx_word' id='word_1_504' title='bbox 1372 4658 1671 4729; x_wconf 89' lang='lat' dir='ltr'><strong>aliquando</strong></span> <span class='ocrx_word' id='word_1_505' title='bbox 1702 4655 1944 4725; x_wconf 80' lang='lat' dir='ltr'><strong>indignis</strong></span> <span class='ocrx_word' id='word_1_506' title='bbox 1968 4670 2192 4725; x_wconf 89' lang='lat' dir='ltr'><strong>quoque</strong></span> <span class='ocrx_word' id='word_1_507' title='bbox 2224 4663 2282 4710; x_wconf 91' lang='lat' dir='ltr'><strong>et</strong></span> 
     </span>
    </p>
   </div>
   <div class='ocr_carea' id='block_1_75' title="bbox 700 4749 2282 4822">
    <p class='ocr_par' dir='ltr' id='par_1_75' title="bbox 700 4749 2282 4822">
     <span class='ocr_line' id='line_1_75' title="bbox 700 4749 2282 4822; baseline -0.008 -9"><span class='ocrx_word' id='word_1_508' title='bbox 700 4775 732 4813; x_wconf 90' lang='lat' dir='ltr'><strong>a</strong></span> <span class='ocrx_word' id='word_1_509' title='bbox 767 4773 900 4812; x_wconf 81' lang='lat' dir='ltr'><strong>vera</strong></span> <span class='ocrx_word' id='word_1_510' title='bbox 951 4755 1058 4810; x_wconf 80' lang='lat' dir='ltr'><strong>fide</strong></span> <span class='ocrx_word' id='word_1_511' title='bbox 1093 4753 1302 4808; x_wconf 88' lang='lat' dir='ltr'><strong>aversis</strong></span> <span class='ocrx_word' id='word_1_512' title='bbox 1329 4751 1537 4822; x_wconf 81' lang='lat' dir='ltr'><strong>gratias</strong></span> <span class='ocrx_word' id='word_1_513' title='bbox 1566 4749 1862 4804; x_wconf 86' lang='lat' dir='ltr'><strong>nonnullas</strong></span> <span class='ocrx_word' id='word_1_514' title='bbox 1892 4756 1948 4802; x_wconf 87' lang='lat' dir='ltr'><strong>et</strong></span> <span class='ocrx_word' id='word_1_515' title='bbox 1981 4751 2125 4802; x_wconf 90' lang='lat' dir='ltr'><strong>dona</strong></span> <span class='ocrx_word' id='word_1_516' title='bbox 2167 4749 2282 4802; x_wconf 85' lang='lat' dir='ltr'><strong>lar-</strong></span> 
     </span>
    </p>
   </div>
   <div class='ocr_carea' id='block_1_76' title="bbox 699 4837 2286 4919">
    <p class='ocr_par' dir='ltr' id='par_1_76' title="bbox 699 4837 2286 4919">
     <span class='ocr_line' id='line_1_76' title="bbox 699 4837 2286 4919; baseline -0.006 -19"><span class='ocrx_word' id='word_1_517' title='bbox 699 4847 828 4919; x_wconf 79' lang='lat' dir='ltr'><strong>giri,</strong></span> <span class='ocrx_word' id='word_1_518' title='bbox 869 4855 930 4901; x_wconf 91' lang='lat' dir='ltr'><strong>ut</strong></span> <span class='ocrx_word' id='word_1_519' title='bbox 976 4844 1226 4900; x_wconf 87' lang='lat' dir='ltr'><strong>datorem</strong></span> <span class='ocrx_word' id='word_1_520' title='bbox 1275 4840 1524 4907; x_wconf 86' lang='lat' dir='ltr'><strong>reveriti,</strong></span> <span class='ocrx_word' id='word_1_521' title='bbox 1551 4840 1619 4894; x_wconf 92' lang='lat' dir='ltr'><strong>ad</strong></span> <span class='ocrx_word' id='word_1_522' title='bbox 1665 4837 1892 4893; x_wconf 85' lang='lat' dir='ltr'><strong>virtutis</strong></span> <span class='ocrx_word' id='word_1_523' title='bbox 1943 4837 2195 4892; x_wconf 89' lang='lat' dir='ltr'><strong>semitam</strong></span> <span class='ocrx_word' id='word_1_524' title='bbox 2228 4851 2286 4891; x_wconf 91' lang='lat' dir='ltr'><strong>se</strong></span> 
     </span>
    </p>
   </div>
   <div class='ocr_carea' id='block_1_77' title="bbox 701 4929 2289 5001">
    <p class='ocr_par' dir='ltr' id='par_1_77' title="bbox 701 4929 2289 5001">
     <span class='ocr_line' id='line_1_77' title="bbox 701 4929 2289 5001; baseline -0.006 -7"><span class='ocrx_word' id='word_1_525' title='bbox 701 4937 1056 4994; x_wconf 83' lang='lat' dir='ltr'><strong>transferant.</strong></span> <span class='ocrx_word' id='word_1_526' title='bbox 1097 4935 1406 5000; x_wconf 62' lang='lat' dir='ltr'><strong>Caeterum,</strong></span> <span class='ocrx_word' id='word_1_527' title='bbox 1437 4947 1565 4987; x_wconf 90' lang='lat' dir='ltr'><strong>cum</strong></span> <span class='ocrx_word' id='word_1_528' title='bbox 1625 4929 1864 5001; x_wconf 90' lang='lat' dir='ltr'><strong>improbi</strong></span> <span class='ocrx_word' id='word_1_529' title='bbox 1914 4929 2138 5000; x_wconf 88' lang='lat' dir='ltr'><strong>quidam</strong></span> <span class='ocrx_word' id='word_1_530' title='bbox 2183 4929 2289 4984; x_wconf 86' lang='lat' dir='ltr'><strong>hoc</strong></span> 
     </span>
    </p>
   </div>
   <div class='ocr_carea' id='block_1_78' title="bbox 701 5022 2286 5103">
    <p class='ocr_par' dir='ltr' id='par_1_78' title="bbox 701 5022 2286 5103">
     <span class='ocr_line' id='line_1_78' title="bbox 701 5022 2286 5103; baseline -0.008 -14"><span class='ocrx_word' id='word_1_531' title='bbox 701 5032 1063 5103; x_wconf 82' lang='lat' dir='ltr'><strong>ignorarent,</strong></span> <span class='ocrx_word' id='word_1_532' title='bbox 1115 5028 1370 5084; x_wconf 88' lang='lat' dir='ltr'><strong>arbitrati</strong></span> <span class='ocrx_word' id='word_1_533' title='bbox 1419 5035 1553 5082; x_wconf 89' lang='lat' dir='ltr'><strong>sunt</strong></span> <span class='ocrx_word' id='word_1_534' title='bbox 1594 5027 1809 5095; x_wconf 88' lang='lat' dir='ltr'><strong>seipsos</strong></span> <span class='ocrx_word' id='word_1_535' title='bbox 1849 5032 2044 5093; x_wconf 91' lang='lat' dir='ltr'><strong>suopte</strong></span> <span class='ocrx_word' id='word_1_536' title='bbox 2102 5022 2286 5077; x_wconf 87' lang='lat' dir='ltr'><strong>studio</strong></span> 
     </span>
    </p>
   </div>
   <div class='ocr_carea' id='block_1_79' title="bbox 699 5115 2288 5196">
    <p class='ocr_par' dir='ltr' id='par_1_79' title="bbox 699 5115 2288 5196">
     <span class='ocr_line' id='line_1_79' title="bbox 699 5115 2288 5196; baseline -0.005 -18"><span class='ocrx_word' id='word_1_537' title='bbox 699 5126 876 5196; x_wconf 89' lang='lat' dir='ltr'><strong>justos</strong></span> <span class='ocrx_word' id='word_1_538' title='bbox 933 5139 1075 5189; x_wconf 90' lang='lat' dir='ltr'><strong>esse,</strong></span> <span class='ocrx_word' id='word_1_539' title='bbox 1107 5120 1364 5191; x_wconf 90' lang='lat' dir='ltr'><strong>donoque</strong></span> <span class='ocrx_word' id='word_1_540' title='bbox 1407 5134 1518 5190; x_wconf 92' lang='lat' dir='ltr'><strong>quo</strong></span> <span class='ocrx_word' id='word_1_541' title='bbox 1552 5117 1994 5188; x_wconf 85' lang='lat' dir='ltr'><strong>insigniebantur</strong></span> <span class='ocrx_word' id='word_1_542' title='bbox 2026 5115 2200 5170; x_wconf 81' lang='lat' dir='ltr'><strong>inflati</strong></span> <span class='ocrx_word' id='word_1_543' title='bbox 2231 5124 2288 5170; x_wconf 90' lang='lat' dir='ltr'><strong>et</strong></span> 
     </span>
    </p>
   </div>
   <div class='ocr_carea' id='block_1_80' title="bbox 702 5211 2288 5289">
    <p class='ocr_par' dir='ltr' id='par_1_80' title="bbox 702 5211 2288 5289">
     <span class='ocr_line' id='line_1_80' title="bbox 702 5211 2288 5289; baseline -0.007 -14"><span class='ocrx_word' id='word_1_544' title='bbox 702 5219 980 5286; x_wconf 59' lang='lat' dir='ltr'><strong>excaecati,</strong></span> <span class='ocrx_word' id='word_1_545' title='bbox 1018 5219 1186 5289; x_wconf 90' lang='lat' dir='ltr'><strong>inque</strong></span> <span class='ocrx_word' id='word_1_546' title='bbox 1239 5218 1411 5273; x_wconf 87' lang='lat' dir='ltr'><strong>altera</strong></span> <span class='ocrx_word' id='word_1_547' title='bbox 1449 5216 1563 5270; x_wconf 76' lang='lat' dir='ltr'><strong>vita</strong></span> <span class='ocrx_word' id='word_1_548' title='bbox 1604 5213 1798 5269; x_wconf 87' lang='lat' dir='ltr'><strong>eodem</strong></span> <span class='ocrx_word' id='word_1_549' title='bbox 1833 5212 2056 5280; x_wconf 84' lang='lat' dir='ltr'><strong>privati,</strong></span> <span class='ocrx_word' id='word_1_550' title='bbox 2093 5211 2149 5266; x_wconf 91' lang='lat' dir='ltr'><strong>in</strong></span> <span class='ocrx_word' id='word_1_551' title='bbox 2196 5225 2288 5280; x_wconf 81' lang='lat' dir='ltr'><strong>ge-</strong></span> 
     </span>
    </p>
   </div>
   <div class='ocr_carea' id='block_1_81' title="bbox 703 5312 1392 5369">
    <p class='ocr_par' dir='ltr' id='par_1_81' title="bbox 703 5312 1392 5369">
     <span class='ocr_line' id='line_1_81' title="bbox 703 5312 1392 5369; baseline -0.003 -2"><span class='ocrx_word' id='word_1_552' title='bbox 703 5312 942 5369; x_wconf 87' lang='lat' dir='ltr'><strong>hennam</strong></span> <span class='ocrx_word' id='word_1_553' title='bbox 963 5313 1392 5369; x_wconf 89' lang='lat' dir='ltr'><strong>descenderunt.</strong></span> 
     </span>
    </p>
   </div>
   <div class='ocr_carea' id='block_1_82' title="bbox 784 5423 1801 5492">
    <p class='ocr_par' dir='ltr' id='par_1_82' title="bbox 784 5423 1801 5492">
     <span class='ocr_line' id='line_1_82' title="bbox 784 5423 1801 5492; baseline -0.006 -12"><span class='ocrx_word' id='word_1_554' title='bbox 784 5425 830 5457; x_wconf 73' lang='grc'><strong>⁸⁵</strong></span> <span class='ocrx_word' id='word_1_555' title='bbox 857 5425 993 5480; x_wconf 92' lang='lat' dir='ltr'><strong>Gen.</strong></span> <span class='ocrx_word' id='word_1_556' title='bbox 1033 5442 1089 5492; x_wconf 88' lang='lat' dir='ltr'><strong>ll,</strong></span> <span class='ocrx_word' id='word_1_557' title='bbox 1126 5425 1177 5480; x_wconf 92' lang='lat'><strong>8.</strong></span> <span class='ocrx_word' id='word_1_558' title='bbox 1255 5425 1302 5457; x_wconf 72' lang='grc'><strong>⁸⁸</strong></span> <span class='ocrx_word' id='word_1_559' title='bbox 1332 5423 1524 5479; x_wconf 86' lang='lat' dir='ltr'><strong>Matth.</strong></span> <span class='ocrx_word' id='word_1_560' title='bbox 1557 5439 1682 5488; x_wconf 78' lang='lat' dir='ltr'><strong>xxv,</strong></span> <span class='ocrx_word' id='word_1_561' title='bbox 1711 5424 1801 5477; x_wconf 73' lang='lat'><strong>9.8.</strong></span> 
     </span>
    </p>
   </div>
   <div class='ocr_carea' id='block_1_83' title="bbox 2385 3081 3958 3155">
    <p class='ocr_par' dir='ltr' id='par_1_83' title="bbox 2385 3081 3958 3155">
     <span class='ocr_line' id='line_1_83' title="bbox 2385 3081 3958 3155; baseline 0.001 -22"><span class='ocrx_word' id='word_1_562' title='bbox 2385 3083 2481 3134; x_wconf 76' lang='grc' dir='ltr'>καὶ</span> <span class='ocrx_word' id='word_1_563' title='bbox 2540 3081 2884 3152; x_wconf 80' lang='grc' dir='ltr'>συγκρατικὴ</span> <span class='ocrx_word' id='word_1_564' title='bbox 2931 3083 3024 3135; x_wconf 81' lang='grc' dir='ltr'>τοῦ</span> <span class='ocrx_word' id='word_1_565' title='bbox 3083 3082 3432 3155; x_wconf 78' lang='grc' dir='ltr'>ἀνθρωπείου</span> <span class='ocrx_word' id='word_1_566' title='bbox 3491 3083 3752 3153; x_wconf 83' lang='grc' dir='ltr'>σώματός</span> <span class='ocrx_word' id='word_1_567' title='bbox 3801 3085 3958 3144; x_wconf 67' lang='grc' dir='ltr'>ἐστιν,</span> 
     </span>
    </p>
   </div>
   <div class='ocr_carea' id='block_1_84' title="bbox 2384 3167 3959 3244">
    <p class='ocr_par' dir='ltr' id='par_1_84' title="bbox 2384 3167 3959 3244">
     <span class='ocr_line' id='line_1_84' title="bbox 2384 3167 3959 3244; baseline -0.001 -20"><span class='ocrx_word' id='word_1_568' title='bbox 2384 3170 2576 3240; x_wconf 82' lang='grc' dir='ltr'>ὥσπερ</span> <span class='ocrx_word' id='word_1_569' title='bbox 2627 3170 2853 3242; x_wconf 84' lang='grc' dir='ltr'>πάλινή</span> <span class='ocrx_word' id='word_1_570' title='bbox 2901 3171 3137 3225; x_wconf 86' lang='grc' dir='ltr'>δυσωδία</span> <span class='ocrx_word' id='word_1_571' title='bbox 3187 3167 3532 3244; x_wconf 75' lang='grc' dir='ltr'>φθοροποιὸς.</span> <span class='ocrx_word' id='word_1_572' title='bbox 3563 3173 3738 3227; x_wconf 81' lang='grc' dir='ltr'>Ὅθεν</span> <span class='ocrx_word' id='word_1_573' title='bbox 3775 3174 3959 3244; x_wconf 75' lang='grc' dir='ltr'>φάσκει</span> 
     </span>
    </p>
   </div>
   <div class='ocr_carea' id='block_1_85' title="bbox 2377 3263 3960 3338">
    <p class='ocr_par' dir='ltr' id='par_1_85' title="bbox 2377 3263 3960 3338">
     <span class='ocr_line' id='line_1_85' title="bbox 2377 3263 3960 3338; baseline -0.003 -19"><span class='ocrx_word' id='word_1_574' title='bbox 2377 3282 2466 3330; x_wconf 68' lang='grc' dir='ltr'>,τις</span> <span class='ocrx_word' id='word_1_575' title='bbox 2514 3263 2626 3318; x_wconf 85' lang='grc' dir='ltr'>τῶν</span> <span class='ocrx_word' id='word_1_576' title='bbox 2678 3263 3098 3333; x_wconf 79' lang='grc' dir='ltr'>φιλοσοφιστῶν,</span> <span class='ocrx_word' id='word_1_577' title='bbox 3141 3266 3204 3318; x_wconf 85' lang='lat' dir='ltr'><strong>Ei</strong></span> <span class='ocrx_word' id='word_1_578' title='bbox 3238 3265 3541 3338; x_wconf 72' lang='grc' dir='ltr'>καταλάϐοι</span> <span class='ocrx_word' id='word_1_579' title='bbox 3596 3265 3692 3318; x_wconf 74' lang='grc' dir='ltr'>τὸν</span> <span class='ocrx_word' id='word_1_580' title='bbox 3736 3264 3960 3332; x_wconf 75' lang='grc' dir='ltr'>ἀποθνή·</span> 
     </span>
    </p>
   </div>
   <div class='ocr_carea' id='block_1_86' title="bbox 2386 3355 3960 3428">
    <p class='ocr_par' dir='ltr' id='par_1_86' title="bbox 2386 3355 3960 3428">
     <span class='ocr_line' id='line_1_86' title="bbox 2386 3355 3960 3428; baseline -0.003 -16"><span class='ocrx_word' id='word_1_581' title='bbox 2386 3374 2588 3412; x_wconf 89' lang='grc' dir='ltr'>σκοντα</span> <span class='ocrx_word' id='word_1_582' title='bbox 2621 3356 2728 3428; x_wconf 82' lang='grc' dir='ltr'><strong>πρὸ</strong></span> <span class='ocrx_word' id='word_1_583' title='bbox 2752 3355 2848 3410; x_wconf 79' lang='grc' dir='ltr'><strong>τοῦ</strong></span> <span class='ocrx_word' id='word_1_584' title='bbox 2882 3357 3150 3410; x_wconf 83' lang='grc' dir='ltr'>ἀπολέσαι</span> <span class='ocrx_word' id='word_1_585' title='bbox 3174 3356 3265 3408; x_wconf 82' lang='grc' dir='ltr'>τὸν</span> <span class='ocrx_word' id='word_1_586' title='bbox 3292 3356 3436 3418; x_wconf 78' lang='grc' dir='ltr'>νοῦν,</span> <span class='ocrx_word' id='word_1_587' title='bbox 3465 3357 3694 3411; x_wconf 82' lang='grc' dir='ltr'>δύναται</span> <span class='ocrx_word' id='word_1_588' title='bbox 3717 3359 3808 3413; x_wconf 88' lang='grc' dir='ltr'><strong>διά</strong></span> <span class='ocrx_word' id='word_1_589' title='bbox 3836 3373 3960 3417; x_wconf 82' lang='grc' dir='ltr'>τινος</span> 
     </span>
    </p>
   </div>
   <div class='ocr_carea' id='block_1_87' title="bbox 2384 3441 3960 3519">
    <p class='ocr_par' dir='ltr' id='par_1_87' title="bbox 2384 3441 3960 3519">
     <span class='ocr_line' id='line_1_87' title="bbox 2384 3441 3960 3519; baseline -0.003 -16"><span class='ocrx_word' id='word_1_590' title='bbox 2384 3451 2734 3519; x_wconf 77' lang='grc' dir='ltr'>κατασκευῆς</span> <span class='ocrx_word' id='word_1_591' title='bbox 2765 3449 3098 3519; x_wconf 82' lang='grc' dir='ltr'>ἀρωμάτων,</span> <span class='ocrx_word' id='word_1_592' title='bbox 3123 3449 3216 3500; x_wconf 73' lang='grc' dir='ltr'><strong>ἐπὶ</strong></span> <span class='ocrx_word' id='word_1_593' title='bbox 3239 3441 3510 3518; x_wconf 74' lang='grc' dir='ltr'>ἧμιώριον</span> <span class='ocrx_word' id='word_1_594' title='bbox 3541 3449 3712 3503; x_wconf 78' lang='grc' dir='ltr'>αὐτοῦ</span> <span class='ocrx_word' id='word_1_595' title='bbox 3736 3449 3960 3519; x_wconf 75' lang='grc' dir='ltr'>τηρῆσαι</span> 
     </span>
    </p>
   </div>
   <div class='ocr_carea' id='block_1_88' title="bbox 2384 3539 3960 3612">
    <p class='ocr_par' dir='ltr' id='par_1_88' title="bbox 2384 3539 3960 3612">
     <span class='ocr_line' id='line_1_88' title="bbox 2384 3539 3960 3612; baseline -0.003 -18"><span class='ocrx_word' id='word_1_596' title='bbox 2384 3541 2647 3612; x_wconf 81' lang='grc' dir='ltr'>νηφάλιον</span> <span class='ocrx_word' id='word_1_597' title='bbox 2708 3541 2802 3594; x_wconf 88' lang='grc' dir='ltr'>τὸν</span> <span class='ocrx_word' id='word_1_598' title='bbox 2863 3539 3145 3612; x_wconf 65' lang='grc' dir='ltr'>λογισμὸν,</span> <span class='ocrx_word' id='word_1_599' title='bbox 3177 3541 3326 3605; x_wconf 82' lang='grc' dir='ltr'>ὅπως</span> <span class='ocrx_word' id='word_1_600' title='bbox 3375 3541 3473 3595; x_wconf 72' lang='grc' dir='ltr'>καὶ</span> <span class='ocrx_word' id='word_1_601' title='bbox 3519 3541 3586 3595; x_wconf 83' lang='grc' dir='ltr'><strong>τά</strong></span> <span class='ocrx_word' id='word_1_602' title='bbox 3629 3542 3758 3596; x_wconf 81' lang='grc' dir='ltr'>καθ’</span> <span class='ocrx_word' id='word_1_603' title='bbox 3786 3540 3960 3596; x_wconf 72' lang='grc' dir='ltr'>ἑαυτὸν</span> 
     </span>
    </p>
   </div>
   <div class='ocr_carea' id='block_1_89' title="bbox 2383 3633 3019 3706">
    <p class='ocr_par' dir='ltr' id='par_1_89' title="bbox 2383 3633 3019 3706">
     <span class='ocr_line' id='line_1_89' title="bbox 2383 3633 3019 3706; baseline -0.002 -19"><span class='ocrx_word' id='word_1_604' title='bbox 2383 3633 2667 3689; x_wconf 86' lang='grc' dir='ltr'>διαθέσθαι</span> <span class='ocrx_word' id='word_1_605' title='bbox 2701 3634 3019 3706; x_wconf 78' lang='grc' dir='ltr'>δυνήσηται.</span> 
     </span>
    </p>
   </div>
   <div class='ocr_carea' id='block_1_90' title="bbox 2385 3893 3962 3963">
    <p class='ocr_par' dir='ltr' id='par_1_90' title="bbox 2385 3893 3962 3963">
     <span class='ocr_line' id='line_1_90' title="bbox 2385 3893 3962 3963; baseline -0.004 -12"><span class='ocrx_word' id='word_1_606' title='bbox 2385 3896 2449 3951; x_wconf 83' lang='grc' dir='ltr'>Τί</span> <span class='ocrx_word' id='word_1_607' title='bbox 2480 3895 2612 3949; x_wconf 84' lang='grc' dir='ltr'>ἐστι</span> <span class='ocrx_word' id='word_1_608' title='bbox 2651 3894 2716 3947; x_wconf 84' lang='grc' dir='ltr'>τὸ</span> <span class='ocrx_word' id='word_1_609' title='bbox 2759 3895 3077 3958; x_wconf 76' lang='grc' dir='ltr'>τάλαντον,</span> <span class='ocrx_word' id='word_1_610' title='bbox 3105 3894 3250 3960; x_wconf 77' lang='grc' dir='ltr'>ὅπερ</span> <span class='ocrx_word' id='word_1_611' title='bbox 3279 3893 3440 3961; x_wconf 73' lang='grc' dir='ltr'>λέγει</span> <span class='ocrx_word' id='word_1_612' title='bbox 3474 3893 3666 3960; x_wconf 74' lang='grc' dir='ltr'>αἱρεῖν</span> <span class='ocrx_word' id='word_1_613' title='bbox 3695 3897 3732 3948; x_wconf 85' lang='grc' dir='ltr'><em>ὁ</em></span> <span class='ocrx_word' id='word_1_614' title='bbox 3758 3895 3962 3963; x_wconf 72' lang='grc' dir='ltr'>Κύριος</span> 
     </span>
    </p>
   </div>
   <div class='ocr_carea' id='block_1_91' title="bbox 2457 3962 3962 4032">
    <p class='ocr_par' dir='ltr' id='par_1_91' title="bbox 2457 3962 3962 4032">
     <span class='ocr_line' id='line_1_91' title="bbox 2457 3962 3962 4032; baseline -0.003 -14"><span class='ocrx_word' id='word_1_615' title='bbox 2457 3967 2526 4020; x_wconf 78' lang='grc' dir='ltr'><strong>ὲν</strong></span> <span class='ocrx_word' id='word_1_616' title='bbox 2558 3965 2631 4031; x_wconf 77' lang='grc' dir='ltr'>τῇ</span> <span class='ocrx_word' id='word_1_617' title='bbox 2682 3967 3008 4032; x_wconf 70' lang='grc' dir='ltr'>συντελείᾳ</span> <span class='ocrx_word' id='word_1_618' title='bbox 3050 3963 3155 4017; x_wconf 84' lang='grc' dir='ltr'><strong>τοῦ</strong></span> <span class='ocrx_word' id='word_1_619' title='bbox 3195 3963 3410 4030; x_wconf 77' lang='grc' dir='ltr'>αἰῶνος</span> <span class='ocrx_word' id='word_1_620' title='bbox 3449 3964 3515 4016; x_wconf 79' lang='grc' dir='ltr'>ἐκ</span> <span class='ocrx_word' id='word_1_621' title='bbox 3549 3963 3658 4032; x_wconf 70' lang='grc' dir='ltr'><strong>τοῦ</strong></span> <span class='ocrx_word' id='word_1_622' title='bbox 3697 3962 3962 4032; x_wconf 68' lang='grc' dir='ltr'><strong>ποι-ὴροῦ</strong></span> 
     </span>
    </p>
   </div>
   <div class='ocr_carea' id='block_1_92' title="bbox 2454 4031 3964 4104">
    <p class='ocr_par' dir='ltr' id='par_1_92' title="bbox 2454 4031 3964 4104">
     <span class='ocr_line' id='line_1_92' title="bbox 2454 4031 3964 4104; baseline -0.001 -17"><span class='ocrx_word' id='word_1_623' title='bbox 2454 4036 2702 4098; x_wconf 71' lang='grc' dir='ltr'>δούλου,</span> <span class='ocrx_word' id='word_1_624' title='bbox 2731 4034 2830 4104; x_wconf 67' lang='grc' dir='ltr'>καὶ</span> <span class='ocrx_word' id='word_1_625' title='bbox 2851 4031 3138 4104; x_wconf 67' lang='grc' dir='ltr'>παρέχειν</span> <span class='ocrx_word' id='word_1_626' title='bbox 3155 4033 3304 4086; x_wconf 80' lang='grc' dir='ltr'>αὐτὸ</span> <span class='ocrx_word' id='word_1_627' title='bbox 3336 4033 3460 4098; x_wconf 82' lang='grc' dir='ltr'>τοῖς</span> <span class='ocrx_word' id='word_1_628' title='bbox 3487 4031 3694 4100; x_wconf 67' lang='grc' dir='ltr'>καλῶς</span> <span class='ocrx_word' id='word_1_629' title='bbox 3723 4031 3964 4104; x_wconf 69' lang='grc' dir='ltr'>ἐργασα-</span> 
     </span>
    </p>
   </div>
   <div class='ocr_carea' id='block_1_93' title="bbox 2450 4102 3313 4175">
    <p class='ocr_par' dir='ltr' id='par_1_93' title="bbox 2450 4102 3313 4175">
     <span class='ocr_line' id='line_1_93' title="bbox 2450 4102 3313 4175; baseline -0.002 -18"><span class='ocrx_word' id='word_1_630' title='bbox 2450 4105 2658 4175; x_wconf 74' lang='grc' dir='ltr'>μένοις</span> <span class='ocrx_word' id='word_1_631' title='bbox 2688 4102 2758 4156; x_wconf 85' lang='grc' dir='ltr'>τὰ</span> <span class='ocrx_word' id='word_1_632' title='bbox 2792 4103 2974 4157; x_wconf 81' lang='grc' dir='ltr'>πέντε</span> <span class='ocrx_word' id='word_1_633' title='bbox 3001 4102 3313 4168; x_wconf 76' lang='grc' dir='ltr'>τάλαντα;</span> 
     </span>
    </p>
   </div>
   <div class='ocr_carea' id='block_1_94' title="bbox 2979 4213 3373 4269">
    <p class='ocr_par' dir='ltr' id='par_1_94' title="bbox 2979 4213 3373 4269">
     <span class='ocr_line' id='line_1_94' title="bbox 2979 4213 3373 4269; baseline 0.005 -2"><span class='ocrx_word' id='word_1_634' title='bbox 2979 4213 3373 4269; x_wconf 79' lang='grc' dir='ltr'><strong>ΑΠΟΚΡΙΣΙΣ.</strong></span> 
     </span>
    </p>
   </div>
   <div class='ocr_carea' id='block_1_95' title="bbox 2460 4303 3960 4377">
    <p class='ocr_par' dir='ltr' id='par_1_95' title="bbox 2460 4303 3960 4377">
     <span class='ocr_line' id='line_1_95' title="bbox 2460 4303 3960 4377; baseline -0.005 -17"><span class='ocrx_word' id='word_1_635' title='bbox 2460 4309 2519 4361; x_wconf 83' lang='grc' dir='ltr'><strong>Οἱ</strong></span> <span class='ocrx_word' id='word_1_636' title='bbox 2552 4308 2650 4377; x_wconf 82' lang='grc' dir='ltr'>μὲν</span> <span class='ocrx_word' id='word_1_637' title='bbox 2673 4305 2913 4374; x_wconf 84' lang='grc' dir='ltr'>λέγουσι,</span> <span class='ocrx_word' id='word_1_638' title='bbox 2943 4304 3006 4357; x_wconf 83' lang='grc' dir='ltr'>τὸ</span> <span class='ocrx_word' id='word_1_639' title='bbox 3039 4304 3263 4374; x_wconf 74' lang='grc' dir='ltr'>Πνεῦμα</span> <span class='ocrx_word' id='word_1_640' title='bbox 3289 4304 3350 4357; x_wconf 84' lang='grc' dir='ltr'><strong>τδ</strong></span> <span class='ocrx_word' id='word_1_641' title='bbox 3385 4305 3557 4372; x_wconf 73' lang='grc' dir='ltr'>ἅγιον,</span> <span class='ocrx_word' id='word_1_642' title='bbox 3585 4304 3729 4376; x_wconf 82' lang='grc' dir='ltr'>ὅπερ</span> <span class='ocrx_word' id='word_1_643' title='bbox 3755 4303 3960 4370; x_wconf 71' lang='grc' dir='ltr'>ἔλεγενί</span> 
     </span>
    </p>
   </div>
   <div class='ocr_carea' id='block_1_96' title="bbox 2389 4395 3963 4470">
    <p class='ocr_par' dir='ltr' id='par_1_96' title="bbox 2389 4395 3963 4470">
     <span class='ocr_line' id='line_1_96' title="bbox 2389 4395 3963 4470; baseline -0.006 -17"><span class='ocrx_word' id='word_1_644' title='bbox 2389 4401 2446 4455; x_wconf 82' lang='grc' dir='ltr'><strong>έν</strong></span> <span class='ocrx_word' id='word_1_645' title='bbox 2473 4400 2550 4470; x_wconf 82' lang='grc' dir='ltr'>τῷ</span> <span class='ocrx_word' id='word_1_646' title='bbox 2578 4399 2932 4470; x_wconf 73' lang='grc' dir='ltr'>βαπτίσματι.</span> <span class='ocrx_word' id='word_1_647' title='bbox 2962 4397 3105 4468; x_wconf 80' lang='grc' dir='ltr'>Πρὸς</span> <span class='ocrx_word' id='word_1_648' title='bbox 3123 4395 3214 4459; x_wconf 82' lang='grc' dir='ltr'><strong>οὓς</strong></span> <span class='ocrx_word' id='word_1_649' title='bbox 3241 4396 3525 4462; x_wconf 79' lang='grc' dir='ltr'>ἀντιλέγω,</span> <span class='ocrx_word' id='word_1_650' title='bbox 3552 4397 3638 4448; x_wconf 79' lang='grc' dir='ltr'>ὅτι</span> <span class='ocrx_word' id='word_1_651' title='bbox 3657 4397 3685 4446; x_wconf 91' lang='grc' dir='ltr'>ὁ</span> <span class='ocrx_word' id='word_1_652' title='bbox 3715 4397 3786 4448; x_wconf 76' lang='grc' dir='ltr'><strong>τά</strong></span> <span class='ocrx_word' id='word_1_653' title='bbox 3815 4396 3963 4448; x_wconf 84' lang='grc' dir='ltr'>πέντε</span> 
     </span>
    </p>
   </div>
   <div class='ocr_carea' id='block_1_97' title="bbox 2388 4484 3964 4558">
    <p class='ocr_par' dir='ltr' id='par_1_97' title="bbox 2388 4484 3964 4558">
     <span class='ocr_line' id='line_1_97' title="bbox 2388 4484 3964 4558; baseline -0.007 -12"><span class='ocrx_word' id='word_1_654' title='bbox 2388 4494 2628 4546; x_wconf 77' lang='grc' dir='ltr'>τάλαντα</span> <span class='ocrx_word' id='word_1_655' title='bbox 2651 4487 2850 4554; x_wconf 78' lang='grc' dir='ltr'>λαϐὼν,</span> <span class='ocrx_word' id='word_1_656' title='bbox 2880 4484 2994 4558; x_wconf 76' lang='grc' dir='ltr'>εἷχε</span> <span class='ocrx_word' id='word_1_657' title='bbox 3029 4489 3124 4542; x_wconf 71' lang='grc' dir='ltr'>καὶ</span> <span class='ocrx_word' id='word_1_658' title='bbox 3162 4487 3322 4550; x_wconf 82' lang='grc' dir='ltr'>αὐτὸς</span> <span class='ocrx_word' id='word_1_659' title='bbox 3363 4487 3423 4540; x_wconf 79' lang='grc' dir='ltr'>τὸ</span> <span class='ocrx_word' id='word_1_660' title='bbox 3451 4485 3674 4555; x_wconf 82' lang='grc' dir='ltr'>Πνεῦμα</span> <span class='ocrx_word' id='word_1_661' title='bbox 3705 4487 3771 4538; x_wconf 84' lang='grc' dir='ltr'><strong>τὺ</strong></span> <span class='ocrx_word' id='word_1_662' title='bbox 3802 4489 3964 4553; x_wconf 77' lang='grc' dir='ltr'>ἆγιον,</span> 
     </span>
    </p>
   </div>
   <div class='ocr_carea' id='block_1_98' title="bbox 2389 4577 3965 4650">
    <p class='ocr_par' dir='ltr' id='par_1_98' title="bbox 2389 4577 3965 4650">
     <span class='ocr_line' id='line_1_98' title="bbox 2389 4577 3965 4650; baseline -0.006 -13"><span class='ocrx_word' id='word_1_663' title='bbox 2389 4584 2484 4637; x_wconf 78' lang='grc' dir='ltr'>καὶ</span> <span class='ocrx_word' id='word_1_664' title='bbox 2502 4583 2602 4636; x_wconf 84' lang='grc' dir='ltr'><strong>οὐκ</strong></span> <span class='ocrx_word' id='word_1_665' title='bbox 2624 4581 2820 4635; x_wconf 80' lang='grc' dir='ltr'>ίδαίετο</span> <span class='ocrx_word' id='word_1_666' title='bbox 2846 4579 2860 4630; x_wconf 81' lang='lat' dir='ltr'><strong>i</strong></span> <span class='ocrx_word' id='word_1_667' title='bbox 2897 4581 3086 4650; x_wconf 79' lang='grc' dir='ltr'>ἐτέρου</span> <span class='ocrx_word' id='word_1_668' title='bbox 3117 4579 3448 4647; x_wconf 78' lang='grc' dir='ltr'>πνεύματος.</span> <span class='ocrx_word' id='word_1_669' title='bbox 3472 4577 3687 4630; x_wconf 78' lang='grc' dir='ltr'>Οὐκοῦν</span> <span class='ocrx_word' id='word_1_670' title='bbox 3727 4579 3965 4632; x_wconf 72' lang='grc' dir='ltr'>ἐντεῦθεν</span> 
     </span>
    </p>
   </div>
   <div class='ocr_carea' id='block_1_99' title="bbox 2395 4669 3965 4748">
    <p class='ocr_par' dir='ltr' id='par_1_99' title="bbox 2395 4669 3965 4748">
     <span class='ocr_line' id='line_1_99' title="bbox 2395 4669 3965 4748; baseline -0.007 -17"><span class='ocrx_word' id='word_1_671' title='bbox 2395 4676 2759 4748; x_wconf 85' lang='grc' dir='ltr'>μανθάνομεν,</span> <span class='ocrx_word' id='word_1_672' title='bbox 2795 4676 2877 4728; x_wconf 81' lang='grc' dir='ltr'>ὅτι</span> <span class='ocrx_word' id='word_1_673' title='bbox 2906 4674 3000 4728; x_wconf 79' lang='grc' dir='ltr'>καὶ</span> <span class='ocrx_word' id='word_1_674' title='bbox 3023 4672 3370 4732; x_wconf 84' lang='grc' dir='ltr'>ἀλλοπίστοις</span> <span class='ocrx_word' id='word_1_675' title='bbox 3393 4669 3658 4732; x_wconf 79' lang='grc' dir='ltr'>πολλάκις</span> <span class='ocrx_word' id='word_1_676' title='bbox 3688 4669 3965 4741; x_wconf 75' lang='grc' dir='ltr'>παρέχειό</span> 
     </span>
    </p>
   </div>
   <div class='ocr_carea' id='block_1_100' title="bbox 2388 4761 3963 4838">
    <p class='ocr_par' dir='ltr' id='par_1_100' title="bbox 2388 4761 3963 4838">
     <span class='ocr_line' id='line_1_100' title="bbox 2388 4761 3963 4838; baseline -0.005 -17"><span class='ocrx_word' id='word_1_677' title='bbox 2388 4768 2522 4832; x_wconf 81' lang='grc' dir='ltr'>Θεὸς</span> <span class='ocrx_word' id='word_1_678' title='bbox 2577 4767 2922 4838; x_wconf 87' lang='grc' dir='ltr'>χαρίσματα,</span> <span class='ocrx_word' id='word_1_679' title='bbox 2953 4767 3103 4827; x_wconf 82' lang='grc' dir='ltr'>ὅπως</span> <span class='ocrx_word' id='word_1_680' title='bbox 3151 4761 3496 4826; x_wconf 81' lang='grc' dir='ltr'>αἰδεσθέντες</span> <span class='ocrx_word' id='word_1_681' title='bbox 3535 4761 3628 4814; x_wconf 72' lang='grc' dir='ltr'><strong>τὸν</strong></span> <span class='ocrx_word' id='word_1_682' title='bbox 3676 4762 3963 4823; x_wconf 75' lang='grc' dir='ltr'>δεδωκότα,</span> 
     </span>
    </p>
   </div>
   <div class='ocr_carea' id='block_1_101' title="bbox 2392 4855 3966 4930">
    <p class='ocr_par' dir='ltr' id='par_1_101' title="bbox 2392 4855 3966 4930">
     <span class='ocr_line' id='line_1_101' title="bbox 2392 4855 3966 4930; baseline -0.004 -18"><span class='ocrx_word' id='word_1_683' title='bbox 2392 4860 2527 4930; x_wconf 87' lang='grc' dir='ltr'>πρὸς</span> <span class='ocrx_word' id='word_1_684' title='bbox 2556 4859 2756 4930; x_wconf 82' lang='grc' dir='ltr'>ἀρετὴν</span> <span class='ocrx_word' id='word_1_685' title='bbox 2784 4858 3030 4912; x_wconf 72' lang='grc' dir='ltr'>ἔλθωσιν.</span> <span class='ocrx_word' id='word_1_686' title='bbox 3069 4855 3228 4909; x_wconf 84' lang='grc' dir='ltr'>Ἀλλὰ</span> <span class='ocrx_word' id='word_1_687' title='bbox 3254 4855 3412 4909; x_wconf 82' lang='grc' dir='ltr'>τοῦτό</span> <span class='ocrx_word' id='word_1_688' title='bbox 3433 4871 3576 4919; x_wconf 63' lang='lat' dir='ltr'><strong>rust;</strong></span> <span class='ocrx_word' id='word_1_689' title='bbox 3606 4856 3966 4925; x_wconf 79' lang='grc' dir='ltr'>ἀγνοήσαντες</span> 
     </span>
    </p>
   </div>
   <div class='ocr_carea' id='block_1_102' title="bbox 2390 4941 3972 5021">
    <p class='ocr_par' dir='ltr' id='par_1_102' title="bbox 2390 4941 3972 5021">
     <span class='ocr_line' id='line_1_102' title="bbox 2390 4941 3972 5021; baseline -0.005 -18"><span class='ocrx_word' id='word_1_690' title='bbox 2390 4950 2622 5021; x_wconf 74' lang='grc' dir='ltr'>πονηροὶ</span> <span class='ocrx_word' id='word_1_691' title='bbox 2649 4950 2819 5015; x_wconf 79' lang='grc' dir='ltr'>ὄντες,</span> <span class='ocrx_word' id='word_1_692' title='bbox 2845 4948 3106 5020; x_wconf 76' lang='grc' dir='ltr'>ἐνόμισαν</span> <span class='ocrx_word' id='word_1_693' title='bbox 3141 4948 3369 5010; x_wconf 79' lang='grc' dir='ltr'>ἑαυτοὺς</span> <span class='ocrx_word' id='word_1_694' title='bbox 3399 4946 3647 5010; x_wconf 78' lang='grc' dir='ltr'>δικαίους</span> <span class='ocrx_word' id='word_1_695' title='bbox 3671 4941 3822 5001; x_wconf 72' lang='grc' dir='ltr'>εἶναι</span> <span class='ocrx_word' id='word_1_696' title='bbox 3841 4987 3855 5008; x_wconf 90' lang='grc'><strong>,</strong></span> <span class='ocrx_word' id='word_1_697' title='bbox 3889 4945 3972 4998; x_wconf 80' lang='grc' dir='ltr'>καὶ</span> 
     </span>
    </p>
   </div>
   <div class='ocr_carea' id='block_1_103' title="bbox 2391 5034 3971 5113">
    <p class='ocr_par' dir='ltr' id='par_1_103' title="bbox 2391 5034 3971 5113">
     <span class='ocr_line' id='line_1_103' title="bbox 2391 5034 3971 5113; baseline -0.006 -16"><span class='ocrx_word' id='word_1_698' title='bbox 2391 5042 2482 5097; x_wconf 78' lang='grc' dir='ltr'><strong>διὰ</strong></span> <span class='ocrx_word' id='word_1_699' title='bbox 2511 5042 2604 5096; x_wconf 82' lang='grc' dir='ltr'><strong>τοῦ</strong></span> <span class='ocrx_word' id='word_1_700' title='bbox 2635 5042 2781 5113; x_wconf 77' lang='grc' dir='ltr'>ἔχειν</span> <span class='ocrx_word' id='word_1_701' title='bbox 2805 5041 2866 5094; x_wconf 82' lang='grc' dir='ltr'>τὸ</span> <span class='ocrx_word' id='word_1_702' title='bbox 2891 5042 3141 5112; x_wconf 86' lang='grc' dir='ltr'>χάρισμα</span> <span class='ocrx_word' id='word_1_703' title='bbox 3165 5081 3179 5106; x_wconf 89' lang='grc'><strong>,</strong></span> <span class='ocrx_word' id='word_1_704' title='bbox 3207 5039 3549 5109; x_wconf 81' lang='grc' dir='ltr'>τυφωθέντες</span> <span class='ocrx_word' id='word_1_705' title='bbox 3580 5034 3679 5093; x_wconf 83' lang='grc' dir='ltr'><strong>οὖν</strong></span> <span class='ocrx_word' id='word_1_706' title='bbox 3722 5037 3863 5110; x_wconf 77' lang='grc' dir='ltr'>ὁμοῦ</span> <span class='ocrx_word' id='word_1_707' title='bbox 3889 5035 3971 5090; x_wconf 64' lang='grc' dir='ltr'>καὶ</span> 
     </span>
    </p>
   </div>
   <div class='ocr_carea' id='block_1_104' title="bbox 2394 5127 3971 5203">
    <p class='ocr_par' dir='ltr' id='par_1_104' title="bbox 2394 5127 3971 5203">
     <span class='ocr_line' id='line_1_104' title="bbox 2394 5127 3971 5203; baseline -0.004 -16"><span class='ocrx_word' id='word_1_708' title='bbox 2394 5132 2771 5203; x_wconf 84' lang='grc' dir='ltr'>τυφλωθέντες</span> <span class='ocrx_word' id='word_1_709' title='bbox 2821 5131 2940 5186; x_wconf 76' lang='grc' dir='ltr'>ἐκεῖ</span> <span class='ocrx_word' id='word_1_710' title='bbox 2987 5130 3182 5186; x_wconf 83' lang='grc' dir='ltr'>τούτου</span> <span class='ocrx_word' id='word_1_711' title='bbox 3246 5129 3603 5203; x_wconf 86' lang='grc' dir='ltr'>στερούμενοι</span> <span class='ocrx_word' id='word_1_712' title='bbox 3659 5129 3722 5184; x_wconf 74' lang='grc' dir='ltr'>ἐν</span> <span class='ocrx_word' id='word_1_713' title='bbox 3785 5127 3971 5198; x_wconf 76' lang='grc' dir='ltr'>γεέννῃ</span> 
     </span>
    </p>
   </div>
   <div class='ocr_carea' id='block_1_105' title="bbox 2395 5225 2752 5297">
    <p class='ocr_par' dir='ltr' id='par_1_105' title="bbox 2395 5225 2752 5297">
     <span class='ocr_line' id='line_1_105' title="bbox 2395 5225 2752 5297; baseline -0.003 -18"><span class='ocrx_word' id='word_1_714' title='bbox 2395 5225 2752 5297; x_wconf 84' lang='grc' dir='ltr'>ἀπέρχονται.</span> 
     </span>
    </p>
   </div>
   <div class='ocr_carea' id='block_1_106' title="bbox 2111 5488 2796 5544">
    <p class='ocr_par' dir='ltr' id='par_1_106' title="bbox 2111 5488 2796 5544">
     <span class='ocr_line' id='line_1_106' title="bbox 2111 5488 2796 5544; baseline -0.003 0"><span class='ocrx_word' id='word_1_715' title='bbox 2111 5489 2348 5544; x_wconf 68' lang='grc' dir='ltr'><strong>νΑῘὶΙᾹῦ</strong></span> <span class='ocrx_word' id='word_1_716' title='bbox 2391 5488 2796 5544; x_wconf 82' lang='lat' dir='ltr'><strong>LECTlONES.</strong></span> 
     </span>
    </p>
   </div>
   <div class='ocr_carea' id='block_1_107' title="bbox 784 5581 2592 5654">
    <p class='ocr_par' dir='ltr' id='par_1_107' title="bbox 784 5581 2592 5654">
     <span class='ocr_line' id='line_1_107' title="bbox 784 5581 2592 5654; baseline -0.001 -16"><span class='ocrx_word' id='word_1_717' title='bbox 784 5589 807 5624; x_wconf 75' lang='grc' dir='ltr'>ε</span> <span class='ocrx_word' id='word_1_718' title='bbox 839 5586 1102 5654; x_wconf 77' lang='grc' dir='ltr'>φοίνικας.</span> <span class='ocrx_word' id='word_1_719' title='bbox 1179 5588 1207 5625; x_wconf 75' lang='grc' dir='ltr'>ιι</span> <span class='ocrx_word' id='word_1_720' title='bbox 1232 5586 1389 5641; x_wconf 87' lang='lat' dir='ltr'><strong>deest</strong></span> <span class='ocrx_word' id='word_1_721' title='bbox 1426 5586 1516 5640; x_wconf 88' lang='lat' dir='ltr'><strong>hic</strong></span> <span class='ocrx_word' id='word_1_722' title='bbox 1541 5584 1736 5638; x_wconf 81' lang='lat' dir='ltr'><strong>vocula</strong></span> <span class='ocrx_word' id='word_1_723' title='bbox 1769 5601 1782 5636; x_wconf 89' lang='lat'>:</span> <span class='ocrx_word' id='word_1_724' title='bbox 1815 5581 2225 5652; x_wconf 60' lang='grc' dir='ltr'>μεταδιδΰντων,</span> <span class='ocrx_word' id='word_1_725' title='bbox 2259 5584 2344 5636; x_wconf 86' lang='lat' dir='ltr'><strong>vel</strong></span> <span class='ocrx_word' id='word_1_726' title='bbox 2375 5583 2592 5637; x_wconf 88' lang='lat' dir='ltr'><strong>similis.</strong></span> 
     </span>
    </p>
   </div>
   <div class='ocr_carea' id='block_1_108' title="bbox 2685 5582 3264 5637">
    <p class='ocr_par' dir='ltr' id='par_1_108' title="bbox 2685 5582 3264 5637">
     <span class='ocr_line' id='line_1_108' title="bbox 2685 5582 3264 5637; baseline 0.007 -4"><span class='ocrx_word' id='word_1_727' title='bbox 2685 5585 2697 5622; x_wconf 83' lang='lat' dir='ltr'><strong>i</strong></span> <span class='ocrx_word' id='word_1_728' title='bbox 2745 5582 2954 5636; x_wconf 77' lang='grc' dir='ltr'>ἔλαϐεν.</span> <span class='ocrx_word' id='word_1_729' title='bbox 3035 5583 3264 5637; x_wconf 80' lang='grc' dir='ltr'>ιέδεϊτο.</span> 
     </span>
    </p>
   </div>
   <div class='ocr_carea' id='block_1_109' title="bbox 2219 5670 2448 5725">
    <p class='ocr_par' dir='ltr' id='par_1_109' title="bbox 2219 5670 2448 5725">
     <span class='ocr_line' id='line_1_109' title="bbox 2219 5670 2448 5725; baseline 0.022 -5"><span class='ocrx_word' id='word_1_730' title='bbox 2219 5670 2448 5725; x_wconf 61' lang='grc' dir='ltr'><strong>ΝΟΤᾹΕ.</strong></span> 
     </span>
    </p>
   </div>
   <div class='ocr_carea' id='block_1_110' title="bbox 784 5668 2646 5815">
    <p class='ocr_par' dir='ltr' id='par_1_110' title="bbox 784 5668 2646 5815">
     <span class='ocr_line' id='line_1_110' title="bbox 2219 5670 2448 5725; baseline 0.022 -5"><span class='ocrx_word' id='word_1_731' title='bbox 2219 5670 2258 5720; x_wconf 87' lang='grc' dir='ltr'><strong>Ν</strong></span> <span class='ocrx_word' id='word_1_732' title='bbox 2316 5671 2355 5722; x_wconf 86' lang='grc' dir='ltr'>Τ</span> <span class='ocrx_word' id='word_1_733' title='bbox 2417 5673 2448 5725; x_wconf 88' lang='grc'>’.</span> 
     </span>
     <span class='ocr_line' id='line_1_111' title="bbox 784 5668 2646 5815; baseline -0.001 -18"><span class='ocrx_word' id='word_1_734' title='bbox 784 5746 859 5815; x_wconf 72' lang='grc'><strong>(7)</strong></span> <span class='ocrx_word' id='word_1_735' title='bbox 895 5742 1168 5797; x_wconf 82' lang='lat' dir='ltr'><strong>inanimes</strong></span> <span class='ocrx_word' id='word_1_736' title='bbox 1215 5742 1398 5797; x_wconf 87' lang='lat' dir='ltr'><strong>anima</strong></span> <span class='ocrx_word' id='word_1_737' title='bbox 1446 5741 1706 5797; x_wconf 85' lang='lat' dir='ltr'><strong>sensitiva</strong></span> <span class='ocrx_word' id='word_1_738' title='bbox 1747 5751 1803 5796; x_wconf 89' lang='lat' dir='ltr'><strong>et</strong></span> <span class='ocrx_word' id='word_1_739' title='bbox 1855 5740 2132 5808; x_wconf 81' lang='lat' dir='ltr'><strong>rationali,</strong></span> <span class='ocrx_word' id='word_1_740' title='bbox 2177 5668 2646 5812; x_wconf 51' lang='lat' dir='ltr'><strong>noz?vfgetativa.</strong></span> 
     </span>
    </p>
   </div>
  </div>
