3996 6296
619 364 725 428 783

1816 360 1874 418 S.
1916 359 2061 418 ANA
2073 359 2314 418 STASII
2357 363 2682 424 SINAITIE

3781 319 3905 424 rat

615 490 744 530 cum
807 489 1002 530 revera
1066 474 1204 527 mala
1248 473 1380 527 sint.
1412 471 1829 527 Observandum
1879 483 1961 525 est
2011 478 2184 525 auten:

2301 473 2596 529 Γινώσκειν
2621 478 2678 530 δὲ
2721 478 3005 547 προσήκει,
3038 476 3118 528 ὅτι
3156 476 3326 528 πολλά
3350 477 3453 528 εἰσι
3486 475 3632 528 κατά
3665 476 3892 542 ἄγνοιαν

617 568 795 622 multa
820 585 885 621 ex
914 565 1224 638 ignorantia
1256 565 1340 634 agi
1367 563 1670 618 secundum
1703 578 1989 618 excessum
2022 563 2186 632 majo-

617 675 740 714 rum
763 659 1119 730 judiciorum.
1147 657 1348 711 Omnes
1369 656 1515 710 enim
1541 656 1774 709 haereses
1799 655 2057 730 videntur
2089 654 2193 709 sibi

617 763 767 807 recte
817 752 1065 806 credere.
1103 749 1321 804 Ethnici
1377 750 1563 813 etiam,
1592 748 1686 817 qui
1741 748 1872 818 olim
1926 756 2195 817 martyres

615 843 902 913 suppliciis
957 842 1289 906 adiciebant,
1323 839 1742 894 arbitrabantur
1806 854 1864 893 se
1932 839 2192 907 praeclare

615 949 797 1004 agere,
834 944 890 987 et
929 935 1022 1004 qui
1081 933 1344 988 ecclesias
1394 930 1785 994 incendebant,
1845 929 1900 982 id
1963 929 2016 982 in
2070 929 2193 981 loco

615 1026 866 1082 sacriﬁcii
920 1028 1030 1081 Deo
1068 1027 1239 1082 oblati
1269 1025 1629 1094 deputabant,
1663 1032 1720 1077 et
1772 1022 1864 1091 qui
1911 1020 2189 1075 Christum

615 1117 1028 1182 cruciﬁxerunt,
1054 1118 1374 1173 nesciebant
1401 1117 1535 1186 quid
1565 1124 1793 1186 agerent
1821 1114 1867 1145 ⁸⁸
1893 1131 1907 1179 ;
1935 1123 1989 1168 et
2020 1113 2193 1167 IIero—

619 1211 718 1266 des
746 1211 818 1265 ob
858 1210 1248 1282 jusjurandum
1284 1209 1545 1265 credebat
1581 1224 1638 1262 se
1659 1207 1924 1261 Joannem
1948 1207 2072 1275 jure
2108 1204 2192 1258 in-

618 1302 926 1356 terﬁcere“
955 1320 969 1368 ;
1003 1310 1059 1356 et
1099 1317 1255 1355 soror
1273 1299 1492 1371 Moysis,
1518 1299 1670 1367 lepra
1699 1311 1980 1366 percussa,
2004 1295 2193 1349 existi-

613 1392 797 1446 mabat
820 1407 876 1446 se
902 1408 1012 1446 non
1039 1392 1240 1462 injuste
1263 1391 1552 1445 maledicta
1578 1391 1633 1444 in
1667 1389 1904 1458 Moysem
1923 1388 2105 1456 jacere
2123 1387 2187 1438 ⁸⁸.

612 1483 738 1538 llam
771 1485 912 1538 scire
945 1491 1185 1554 oportet,
1226 1499 1296 1537 ne
1319 1483 1540 1551 impune
1575 1496 1673 1534 nos
1709 1479 1918 1534 laturos
1950 1493 2187 1541 reamur,

611 1576 658 1630 si
687 1576 817 1646 quid
847 1591 915 1632 ex
941 1575 1248 1647 ignorantia
1276 1573 1700 1630 deliouerimus.

871 1722 1430 1832 QUAESTIO
1506 1723 1936 1813 CXXXI.

612 1877 744 1932 dum
767 1875 904 1928 Deus
945 1875 1001 1928 in
1051 1875 1216 1928 sacris
1257 1872 1468 1926 Litteris
1510 1870 1784 1940 prwcipiat
1829 1867 2054 1921 liberare
2104 1883 2190 1940 eos

682 1947 772 2016 qui
814 1945 1081 1998 ducuntur
1112 1945 1456 2016 adimortent,
1481 1935 1555 2016 ait
1575 1935 1872 2016 consultum
1917 1946 1991 1992 est
2018 1946 2073 1990 ut
2103 1935 2186 1991 la-

683 2009 858 2069 trones
879 2030 1083 2086 quoque
1109 2022 1156 2067 et
1185 2012 1472 2067 homicidas
1499 2010 1774 2062 liberemus
1800 2009 1823 2060 ?

1197 2121 1600 2180 RESPONSIO.

680 2240 836 2295 Haud
869 2240 1124 2296 dixerim.
1166 2239 1304 2293 Nam
1362 2238 1475 2292 Deo
1514 2252 1680 2291 nemo
1739 2245 1824 2291 est
1872 2235 2185 2306 benignior,

608 2332 704 2401 qui
735 2333 1060 2401 sanguinem
1085 2345 1186 2402 pro
1215 2328 1486 2400 sanguine
1531 2327 1743 2384 eﬂ‘undi
1774 2327 1939 2399 jussit
1959 2329 2026 2380 ⁵⁸.
2056 2327 2122 2381 At
2140 2326 2186 2381 si

605 2421 731 2490 quis
779 2429 1007 2490 propter
1045 2419 1230 2486 (idem,
1268 2419 1367 2474 vel‘
1389 2425 1618 2488 propter
1657 2417 1844 2472 debita
1873 2417 1972 2488 (9),
2003 2416 2087 2470 vel
2115 2415 2186 2470 ob

607 2512 948 2567 iracundiam
997 2513 1116 2567 heri
1145 2511 1382 2575 sui,vel
1419 2510 1661 2566 similem
1718 2510 1790 2565 ob
1837 2524 2060 2564 causam
2117 2507 2185 2562 ad

607 2611 845 2656 mortem
867 2602 1198 2672 abripiatur,
1226 2601 1319 2655 tali
1332 2616 1492 2670 opem
1517 2601 1662 2656 ferre
1679 2599 1844 2672 424
1859 2600 2184 2670 praclarum

607 2700 715 2747 est.
744 2692 1020 2747 Caeterum
1084 2700 1214 2747 sunt
1245 2693 1339 2761 qui
1369 2693 1534 2746 etiam
1567 2707 1692 2746 reos
1718 2692 1914 2746 mortis
1937 2697 2180 2754 servant,

606 2789 665 2837 et
701 2781 1053 2838 monasteriis
1089 2782 1428 2850 paenitentia:
1457 2796 1619 2835 causa
1669 2779 1965 2834 includunt
1995 2796 2009 2832 :
2042 2794 2183 2849 quo-

607 2885 728 2926 rum
756 2870 998 2926 studium
1022 2886 1136 2925 non
1174 2877 1258 2926 est
1288 2869 1828 2941 reprehendendum.

860 3017 1419 3128 QUIESTIO
1492 3020 1970 3110 CXXXII.

2297 567 2697 636 ἐπιτελούμενα
2734 569 2856 622 καο’
2891 569 3195 640 ὑπερϐολὴν
3247 568 3508 638 μειζόνων
3565 570 3888 637 χριμάτων.

2301 659 2478 711 Πᾶσαι
2513 663 2622 731 γὰρ
2657 662 2712 713 αἱ
2744 662 2985 731 αἱρέσεις
3015 659 3285 724 δοκοῦσιν,
3320 662 3400 713 ὃτι
3433 658 3618 722 καλῶς
3659 660 3887 711 πιστεύ-

2295 768 2434 806 ουσι.
2471 753 2580 805 Καὶ
2622 755 2669 806 οἱ
2696 752 2978 822 Ἕλληνες,
3007 755 3055 806 οἱ
3108 755 3235 816 τοὺς
3281 752 3565 822 μάρτυρας
3617 751 3891 803 aeolis-1v-

2294 857 2405 904 τες,
2440 844 2710 913 ἐνόμιζον,
2743 846 2827 896 ὅτι
2866 844 3047 907 καλῶς
3080 845 3533 914 διαπράττονται,
3567 844 3671 896 καὶ
3700 845 3752 895 οἱ
3791 842 3887 903 τὰς

2297 933 2594 1004 ἐκκλησίας
2673 935 2954 1001 καίοντες,
3011 935 3258 1006 ἐνόμιζον
3323 934 3478 986 τούτι
3535 935 3620 995 εἰς
3686 932 3884 984 θυσίαν

2294 1024 2450 1090 Θεοῦ,
2477 1027 2571 1079 καὶ
2617 1029 2664 1078 οἱ
2699 1027 2934 1095 Χριστὸν
2985 1028 3422 1096 σταυρώσαντες,
3453 1042 3552 1076 ουκ
3597 1020 3786 1076 οἴδασι
3835 1023 3883 1072 τί

2295 1116 2511 1169 ἐποίουν
2542 1135 2554 1148 ο
2587 1117 2680 1171 καὶ⁵
2717 1117 2961 1188 Ἡρώδης
2995 1117 3058 1170 δι’
3088 1117 3367 1188 εύορκίαν,
3397 1115 3472 1178 ὡς
3504 1114 3746 1182 νομίζει,
3784 1131 3880 1165 κα-

2293 1207 2401 1271 λῶς
2433 1208 2522 1261 τὸν
2565 1209 2818 1280 Ἰωάννην
2845 1211 3100 1280 ἐφόνευσε
3126 1226 3138 1240 ⁸
3175 1210 3267 1262 καὶ
3299 1207 3504 1276 ἀδελφὴ
3535 1207 3878 1272 Μωῦσέωςή

2293 1298 2657 1369 λεπρωοείσα,
2695 1302 2888 1367 ἐδόκει,
2923 1303 3004 1355 ὅτι
3054 1302 3301 1372 νομίμως
3329 1300 3420 1352 τὸν
3449 1298 3702 1367 Μωῦσῆν
3745 1298 3876 1350 ἐλοι-

2292 1390 2460 1462 δόρει,
2494 1392 2681 1445 Ταῦτα
2704 1395 3001 1462 ἀναγκαῖον
3036 1393 3385 1456 ἐπίστασθαι,
3421 1393 3512 1446 ἵνα
3541 1393 3620 1460 μὴ
3644 1390 3878 1459 νομίσω-

2296 1501 2415 1554 μεν,
2460 1485 2784 1550 ἀνευθύνους
2838 1489 3060 1550 ἑαυτοὺς
3105 1482 3245 1539 εἶναι
3296 1487 3387 1539 ἐπὶ
3429 1487 3544 1548 τοῖς
3591 1484 3655 1536 ὲν
3688 1483 3877 1551 ἀγνοίᾳ

2291 1577 2700 1648 ἁμαρτήμασιν.

2656 1744 3185 1830 ΕΡΩΤΗΣΙΣ
3240 1742 3501 1828 ΡΛΑ¹.

2293 1877 2406 1932 Τοῦ
2428 1879 2576 1932 Θεοῦ
2603 1881 2890 1945 λέγοντος
2918 1881 2987 1933 ἐν
3014 1880 3088 1947 τῇ
3121 1878 3356 1947 Γραφῇ,
3389 1879 3478 1931 ὅτι
3522 1877 3742 1931 Ῥῦσαι
3771 1878 3874 1947 ὀπ-

2363 1949 2692 2018 αγομένους
2717 1953 2804 2015 εἰς
2829 1944 3105 2014 ddi-utor,
3133 1944 3190 2003 τί
3220 1944 3335 2004 οὗὶλ
3364 1949 3562 2001 καλὸν
3593 1948 3700 2000 καὶ
3739 1946 3872 2010 τοὺς

2360 2023 2594 2086 λῃστὰς
2643 2020 2739 2072 καὶ
2780 2020 3194 2088 ἀνδροφόνους
3209 2021 3563 2087 ρύσασθαι;

2883 2129 3276 2184 ΑΠΟΚΡΙΣΙΣ.

2359 2243 2433 2295 Oi:
2466 2241 2630 2310 λέγω.
2663 2243 2855 2306 Οὐδεὶς
2880 2245 2988 2313 γὰρ
3029 2243 3122 2296 τοῦ
3157 2241 3292 2297 Θεοῦ
3321 2243 3865 2313 φιλανθρωπότερος.

2287 2329 2427 2403 αἷμα
2482 2333 2808 2404 ἐκχύνεσθαι
2855 2336 2976 2388 ἀντὶ
3024 2335 3254 2404 αἵματος
3303 2333 3696 2396 κελεύσαντος.
3741 2333 3867 2385 Ἀλλ’

2287 2426 2382 2479 ἐάν
2425 2443 2508 2489 τις
2565 2426 2656 2479 διὰ
2709 2425 2893 2480 πίστιν
2919 2469 2934 2492 ,
2964 2427 2996 2497 ἢ
3029 2428 3116 2480 διὰ
3157 2426 3415 2490 τοιαύτας
3463 2427 3671 2496 ἑτέρας
3699 2427 3867 2485 αἰτίας

2290 2517 2475 2588 μέλλει
2516 2519 2598 2580 είς
2639 2518 2872 2572 Θάνατον
2917 2517 3250 2586 ἀπάγεσθαι,
3286 2517 3454 2570 καλὸν
3478 2516 3680 2570 τοῦτον
3713 2519 3866 2589 ῥύσα-

2288 2609 2433 2663 σθαι.
2468 2609 2616 2680 Πλήν
2661 2611 2767 2663 εἰσί
2796 2627 2941 2672 τινες
2973 2612 3066 2663 καὶ
3101 2609 3427 2673 καταδίκους
3479 2608 3723 2663 θανάτου
3777 2609 3865 2663 σώ-

2288 2719 2478 2766 σαντες
2499 2743 2513 2767 ,
2541 2703 2638 2755 καὶ
2671 2703 2730 2756 ὲν
2771 2703 3162 2774 μοναστηρίοις
3209 2702 3408 2765 αὐτοὺς
3445 2705 3740 2772 μετανοεῖν
3773 2721 3865 2755 πα-

2287 2795 2753 2864 ρασκευάσαντες,
2793 2793 2973 2858 καλῶς
3007 2795 3357 2866 ποιήσαντες.

2616 3028 3146 3116 ΕΡΩΤΗΣΙΣ
3197 3029 3398 3115 ΡΛΒ
3425 3089 3445 3107 .

605 3167 664 3224 St
709 3171 763 3224 in
804 3171 1073 3231 servitute,
1101 3167 1181 3222 vel
1238 3168 1544 3236 captivitate
1593 3181 1788 3229 verser,
1825 3182 1918 3219 nec
1952 3167 2182 3234 valeam,

2301 3161 2452 3236 ’Edr_
2489 3165 2810 3236 ὑπόκειμαι
2855 3169 2943 3231 εὶς
2984 3166 3289 3234 δουλείαν,
3317 3167 3355 3236 ἣ
3387 3169 3821 3233 αίχμαλωσίαν
3845 3208 3858 3226 .

673 3241 934 3309 quomodo
963 3247 1012 3290 et
1050 3238 1260 3309 quando
1289 3236 1447 3309 lubet,
1477 3237 1584 3290 Deo
1622 3237 1677 3288 in
1705 3236 1945 3309 _ecclesia
1973 3254 2182 3309 vacare,

675 3306 1158 3378 ueljejunare,‘vel
1189 3306 1433 3377 vigilare,
1459 3323 1566 3377 qua
1601 3307 1812 3359 ratione
1840 3316 2019 3378 potero
2039 3307 2186 3362 salu-

671 3376 843 3434 τεηίεί
870 3379 1227 3432 remissionem
1247 3376 1597 3446 peccatorum
1624 3377 1867 3446 consequi
1896 3376 1920 3428 ?

1203 3571 1600 3628 RESPONSIO.

671 3692 730 3749 Si
768 3692 881 3747 Deo
907 3689 1140 3762 singulis
1173 3691 1431 3746 aetatibus
1468 3706 1578 3744 non
1604 3687 1945 3758 placuissent
1981 3687 2059 3742 illi
2085 3686 2179 3757 qui

601 3787 658 3841 in
676 3784 904 3849 mundo,
927 3783 982 3838 in
1009 3783 1362 3838 matrimonio
1387 3791 1443 3836 et
1465 3782 1520 3834 in
1544 3780 1865 3850 magistratu
1899 3781 2178 3845 vivebant,

599 3879 878 3948 rebusque
907 3875 1110 3931 creatis
1130 3874 1582 3944 pertruebantur,
1613 3873 1886 3927 haberent
1911 3872 2051 3927 forte
2085 3888 2181 3944 pan

598 3977 772 4023 ratam
807 3967 1186 4022 defensionem
1218 3965 1309 4020 isti
1344 3965 1439 4034 qui
1486 3973 1752 4019 excusant
1795 3963 2180 4020 excusationes

598 4061 657 4116 in
685 4059 927 4130 peccatis
953 4059 1019 4112 ⁶⁰.
1053 4058 1211 4113 Nunc
1258 4072 1327 4112 ex
1360 4055 1563 4110 divinis
1609 4055 1914 4124 Scripturis
1971 4056 2168 4125 liquet,

599 4165 794 4204 omnes
840 4149 1012 4205 ferme
1059 4165 1200 4219 quos
1258 4149 1405 4204 Deus
1434 4149 1631 4202 charos
1665 4147 1860 4202 habuit
1907 4148 2177 4217 placuisse

601 4242 714 4296 Deo
743 4242 908 4296 etiam
938 4242 994 4296 in
1018 4241 1250 4306 divitiis,
1286 4241 1342 4294 in
1368 4240 1596 4307 mundo,
1634 4240 1689 4294 in
1727 4240 1917 4295 sobole
1952 4257 1966 4293 :
1997 4239 2176 4295 Abra-

600 4333 845 4396 hamum,
878 4333 1121 4403 inquam,
1153 4333 1356 4402 Joseph
1379 4341 1433 4385 et
1453 4339 1704 4402 posteros
1734 4350 1748 4397 ;
1779 4331 2004 4401 insuper
2029 4331 2176 4402 Moy-

597 4440 718 4480 sem
751 4433 806 4480 et
856 4425 1158 4489 Danielcm,
1209 4424 1458 4492 aliosque
1503 4423 1769 4478 inﬁnitos.
1805 4424 2006 4478 Verum
2058 4424 2173 4479 haec
2205 4461 2251 4520 ο

599 4525 820 4586 queque
853 4531 960 4569 una
988 4532 1055 4570 ex
1082 4515 1287 4568 diaboli
1314 4514 1577 4568 versutiis
1603 4525 1709 4577 est,
1742 4513 1953 4568 homini
1980 4529 2173 4586 sugge-

599 4623 722 4662 rere
748 4616 806 4660 ut
830 4606 1124 4661 mundanis
1152 4605 1316 4660 rebus
1343 4619 1401 4660 se
1432 4606 1671 4672 abdicet,
1700 4607 2032 4662 monachum
2087 4609 2173 4664 in-

599 4700 754 4762 duat,
796 4707 851 4753 et
880 4699 933 4751 in
969 4697 1322 4753 solitudinem
1359 4698 1628 4764 recedat;
1665 4698 1870 4768 alioqui
1896 4699 2016 4754 ﬁeri
2063 4714 2174 4755 non

599 4806 760 4861 posse
801 4799 859 4844 ut
893 4790 1126 4844 salutem
1183 4791 1830 4859 consequaturzmultos
1885 4792 2032 4846 enim
2087 4792 2174 4848 his

599 4879 1032 4951 cogitationibus
1060 4879 1378 4935 demulcens
1409 4896 1472 4935 ac
1521 4881 1966 4938 circumveniens
1991 4883 2177 4941 etl'ecit

596 4980 660 5026 ut
685 4987 779 5041 spe
801 4973 957 5042 longa
979 4981 1240 5042 concepta
1262 4973 1661 5029 abdicationem
1684 4976 2172 5045 procrastinarent,

597 5070 654 5117 et
685 5063 904 5116 interim
928 5063 982 5116 in
1004 5064 1185 5118 omnia
1223 5063 1556 5134 ﬂagitiorum
1582 5081 1784 5136 genera
1812 5081 1931 5122 sese
1960 5067 2178 5122 immer-

598 5165 832 5222 gerent,
887 5155 1253 5224 tandemque,
1315 5156 1605 5226 desperata
1664 5157 2052 5224 abdicatione,
2106 5159 2174 5214 ad

599 5245 920 5316 sempiterni
948 5247 1089 5316 ignis
1118 5246 1448 5316 supplicium
1473 5248 1894 5305 descenderent.

672 5507 716 5537 "
740 5511 871 5566 Luc.
899 5529 1044 5575 mn,
1067 5513 1154 5568 55.
1233 5506 1276 5538 ⁵⁷
1299 5507 1466 5563 Marc.
1486 5527 1556 5575 Vl,
1579 5510 1667 5566 26.
1745 5513 1790 5545 ⁸⁸
1812 5513 1975 5568 Νυιη.
2000 5532 2092 5580 xu,
2120 5515 2204 5572 10.

2359 3231 2458 3305 καὶ
2509 3235 2581 3287 οὺ
2640 3231 2920 3305 δύναμαι,
2953 3237 3040 3305 ζὼς
3089 3231 3632 3300 θέ.1ω,ἐὶσε.ὶθεῖν,
3683 3240 3721 3305 ἢ
3777 3241 3864 3291 ὅτε

2359 3303 2508 3374 quo
2559 3304 2864 3374 σχολάσας
2901 3303 2976 3372 τῇ
3013 3307 3331 3373 ἐκκλησίᾳ,
3360 3308 3398 3373 ἣ
3432 3303 3798 3373 marsi-dat,
3831 3310 3863 3374 ἦ

2356 3370 2763 3450 ᾀπφυπηῆσαι,
2787 3372 2916 3450 {ac
2935 3370 3504 3445 durajtaiataaﬁ'rm,
3525 3378 3626 3430 καὶ
3652 3370 3864 3447 deiecti-

2355 3441 2654 3512 ἁμαρτιῶν
2675 3444 2876 3511 εὑρεῖν
2894 3461 2914 3510 ;

2877 3579 3271 3635 ΑΠΟΚΡΙΣΙΣ.

2353 3693 2416 3746 Et
2477 3693 2576 3762 μὲν
2630 3693 2704 3764 μὴ
2744 3695 3120 3764 εύηρέστησαν
3175 3695 3256 3762 τῷ
3309 3694 3429 3765 Θεῷ
3464 3696 3588 3749 καθ’
3624 3699 3856 3765 ὲκάπην

2282 3781 2477 3852 γενεὰν
2534 3783 2766 3837 τοιοῦτοι
2823 3785 3034 3855 ἄνδρες,
3094 3785 3238 3855 λέγω
3285 3785 3350 3857 δὴ
3412 3788 3470 3839 ὲν
3530 3789 3748 3858 κόσμῳ,
3776 3789 3859 3840 καὶ

2281 3873 2526 3944 ἐξουσίᾳ,
2551 3876 2648 3928 καὶ
2691 3875 2993 3930 ἀπολαύσει
3044 3877 3406 3946 ὑπάρχοντες,
3437 3876 3584 3947 τάχα
3620 3880 3693 3932 ἂν
3721 3877 3857 3948 εἶχον

2281 3966 2580 4034 ἀπολογίαν
2618 3967 2760 4032 τινὰ,
2801 3968 2852 4020 οἱ
2884 3967 2984 4030 τὰς
3013 3968 3271 4031 τοιαύτας
3307 3970 3617 4040 προφάσεις
3659 3988 3859 4042 προφα-

2283 4057 2559 4128 σιζόμενοι
2608 4059 2667 4111 ἐν
2717 4060 2839 4122 ταῖς
2871 4059 3174 4129 ἁμαρτίαις
3202 4059 3403 4114 αὐτῶν.
3427 4060 3618 4114 Νῡνδὲ
3650 4062 3857 4131 ὁρῶμεν

2279 4151 2338 4203 ἐν
2360 4153 2480 4213 ταῖς
2511 4149 2687 4213 Θείαις
2717 4149 2964 4220 Γραφαῖς
3011 4149 3218 4213 πάντας
3250 4152 3440 4220 σχεδὸν
3472 4153 3602 4214 τοὺς
3633 4153 3716 4221 τῷ
3750 4151 3857 4218 Θεῷ

2280 4241 2622 4312 προσφιλεῖς,
2655 4241 2753 4294 καὶ
2803 4242 2861 4294 ἐν
2910 4240 3150 4311 πλούτῳ,
3177 4242 3270 4294 καὶ
3316 4242 3374 4294 ἐν
3420 4243 3650 4312 κόσμῳ,
3687 4245 3778 4296 καὶ
3805 4244 3854 4294 ἐν

2279 4332 2493 4395 τέκνοις
2518 4331 2596 4402 τῷ
2629 4331 2747 4402 Θεῷ
2775 4333 3254 4403 εύαρεστήσαντας
3277 4349 3291 4363 ο
3315 4332 3460 4400 λέγω
3478 4334 3545 4404 δὴ
3575 4337 3707 4398 τοὺς
3737 4335 3852 4402 περὶ

2291 4422 2544 4493 Ἀϐραὰμ
2587 4423 2682 4476 κα)⁸
2739 4421 2956 4491 Ἰωσὴφ,
3009 4422 3102 4475 καὶ¹
3160 4424 3288 4486 τοὺς
3347 4425 3468 4476 κατ’
3495 4423 3848 4487 αύτοὺ;,καὶ

2282 4511 2546 4576 Μωῦσέα,
2600 4510 2698 4564 καὶ
2752 4512 2974 4582 Δανιὴλ,
3005 4511 3101 4565 καὶ
3153 4511 3348 4576 ἄλλους
3401 4513 3657 4582 μυρίους.
3704 4514 3849 4566 Ἀλλά

2283 4603 2376 4655 καὶ
2429 4601 2570 4672 αὕτη
2618 4602 2715 4672 μία
2775 4601 2886 4660 τῶν
2935 4601 3140 4672 τεχνῶν
3194 4602 3290 4655 τοῦ
3341 4603 3592 4656 διαὸόλου
3641 4606 3759 4658 ἐστὶ

2284 4692 2610 4748 ὑποσάλλειν
2649 4693 2729 4765 τῷ
2764 4693 3060 4766 ἀνθρώπῳ,
3094 4695 3179 4748 ὅτι
3214 4695 3475 4748 ἀδύνατόν
3502 4712 3563 4747 σε
3594 4696 3842 4764 σωθῆναι.

2282 4785 2331 4837 εἰ
2365 4784 2439 4856 μὴ
2479 4785 2574 4839 τοῦ
2609 4785 2725 4855 βίου
2765 4787 3033 4858 ἀποτάξῃ,
3072 4788 3164 4841 καὶ
3213 4787 3472 4857 μονάσῃς,
3521 4789 3615 4840 καὶ
3651 4789 3711 4840 ὲν
3745 4790 3845 4846 ταῖς

2285 4877 2513 4950 ἐρήμοις
2542 4875 2804 4950 ἀπέλθῃς.
2843 4876 3082 4940 Πολλοὺς
3113 4875 3222 4946 γὰρ
3244 4875 3353 4928 τῶν
3386 4874 3700 4945 ἀνθρώπων
3741 4878 3842 4934 ταῖς

2281 4971 2563 5034 τοιαύταις
2605 4969 2833 5032 ἐννοίαις
2859 4968 3120 5030 δελεάσας
3145 4967 3241 5020 καὶ
3275 4968 3596 5036 ἀπατήσας,
3629 4968 3713 5029 εἰς
3751 4981 3841 5033 μα·

2282 5063 2424 5134 κράς
2454 5062 2785 5130 προσδοκίαις
2840 5061 3064 5122 ἐλπίδας
3092 5059 3314 5128 ἔχοντας
3353 5057 3731 5122 ἀποτάξασθαι
3763 5051 3839 5107 τοῦ

2285 5155 2424 5226 βίου,
2459 5156 2549 5208 καὶ
2587 5141 2698 5208 ’διὰ
2767 5152 2975 5222 ταύτης
3028 5153 3127 5221 τῆς
3181 5150 3391 5213 ἐννοίας
3447 5148 3618 5210 ἀδεῶς
3676 5147 3840 5201 λοιπὴν

2283 5247 2714 5318 ἁμαρτάνοντες,
2776 5245 2869 5297 καὶ
2921 5241 3327 5307 ἀποτάξασθαι.
3357 5241 3433 5311 μὴ
3484 5239 3835 5309 δυνηθέντες.

2285 5339 2419 5410 πυρὶ
2443 5337 2650 5407 αἰωνίῳ
2679 5335 3183 5408 παρεπέμφθησαν.

2279 5516 2324 5547 ⁸⁸
2345 5516 2509 5570 Num.
2533 5532 2690 5581 xxxv,
2731 5516 2819 5569 53.
2895 5515 2940 5547 ⁸⁸
2963 5514 3105 5569 Psal.
3129 5529 3248 5578 CXL,
3270 5515 3324 5570 4.

2111 5671 2344 5728 NOT/E.

680 5785 752 5853 (9)
788 5784 878 5837 γςε
919 5781 1048 5836 ,λψς
1087 5783 1397 5850 huiusmodi
1424 5799 1634 5837 causas.
