4082 6290
475 301 579 367 7S7

1662 312 1723 372 s.
1767 290 2168 377 ANASTASII
2209 286 2534 381 SINAITLE

3624 330 3731 393 783

471 421 564 467 tur
595 433 606 466 ε
645 430 789 483 saepe
837 415 985 470 enim
1035 419 1182 474 Deus
1210 420 1407 474 liberat
1437 421 1585 482 illos,
1627 424 1721 492 qui
1752 434 1881 478 sunt
1911 426 2036 481 aiio-

2148 431 2259 485 τῶν
2304 431 2561 485 τοιούτων
2609 429 2875 484 θανάτων.
2913 429 3050 492 Τοὺς
3106 427 3204 500 μὲν
3258 431 3368 502 γὶρ
3412 432 3672 499 πολλάκις
3704 441 3730 490 ὁ

370 548 376 561 ,
470 517 594 556 rum
627 501 887 558 doctores
928 514 984 560 et
1029 507 1398 572 institutores,
1436 516 1492 563 et
1530 525 1836 581 pauperum
1891 530 2053 569 cura-

470 604 640 659 tores,
672 610 907 664 quorum
929 598 1128 654 bonam
1160 601 1496 656 voluntatem
1526 605 1793 675 approbat
1825 607 2048 677 quidem

469 687 637 750 Deus,
668 686 763 740 sed
819 688 941 743 illos
982 690 1048 743 ad
1102 691 1402 747 multorum
1450 695 1683 751 salutent
1733 710 2048 763 conservat.

467 776 621 830 Alios
646 777 863 840 liberat,
884 779 1011 848 quia
1034 795 1119 836 res
1148 782 1569 854 propter‘quam
1605 789 1740 842 mori
1771 798 2048 856 statuunt,

468 880 581 919 non
633 874 717 921 est
751 874 914 923 tantae
956 871 1231 927 mercedis
1255 884 1475 943 quantae
1535 877 1640 934 sibi
1688 879 2046 947 persuadent.

466 955 680 1010 Crebro
712 956 903 1012 itidem
933 958 1190 1018 diabolus
1242 964 1472 1030 invidet,
1516 984 1585 1023 ne
1617 969 1784 1027 homo
1817 984 2049 1037 corque-

468 1056 585 1103 tur.
617 1046 758 1103 Sunt
790 1050 1020 1121 insuper
1056 1052 1157 1107 alii
1192 1055 1359 1111 modi.
1385 1073 1526 1127 quos
1553 1058 1836 1130 sigillatim
1859 1062 2048 1131 expli-

467 1154 595 1194 care
661 1154 888 1196 necesse
951 1158 1061 1203 non
1126 1155 1256 1213 est,
1313 1158 1542 1221 propter
1607 1167 1703 1209 eos
1773 1154 1869 1224 qui
1935 1172 2047 1216 non

464 1231 711 1301 capiunt.

603 1368 772 1444 οπο
810 1352 1381 1469 QUASSTIO
1440 1362 1898 1475 CXXXV.

532 1503 674 1572 Quid
702 1518 777 1564 est
809 1525 935 1589 vera
955 1511 1235 1568 ~humilitas
1261 1516 1357 1573 fet
1378 1520 1636 1587 quomodo
1660 1520 1835 1589 illam,
1862 1523 1970 1581 Deo

799 1579 1110 1650 adjuvante,
1132 1579 1402 1667 exercere:
1433 1588 1667 1645 valemus
1692 1592 1717 1647 ?

1034 1697 1461 1758 RESPONSIO.

2151 523 2282 586 Θεὸς
2332 522 2643 593 λυτροῦται,
2672 521 2802 585 ἴσως
2848 519 3201 586 διδασκάλους
3244 521 3729 595 ῆπτωχοτρόφους

2150 615 2520 686 τυγχάνοντας
2550 632 2565 646 ·
2602 616 2695 669 καὶ
2736 616 2836 685 τὴν
2873 614 2979 686 μὲν,
3010 614 3270 691 πρόθεσιν
3304 615 3487 669 αὐτῶν
3529 617 3729 675 ἀπεδέ-

2151 703 2300 771 ξατο,
2338 704 2476 777 πρὸς
2508 704 2566 779 δὲ
2594 704 2693 774 τὴν
2719 701 2995 773 σωτηρίαν
3025 699 3452 766 ἄλλωνῖτούτους
3482 703 3728 776 ἐλυτρώ-

2152 816 2303 855 σατο.
2332 798 2560 862 Ἄλλους
2611 797 2775 852 πάλιν
2824 795 3135 868 λυτροῦται,
3193 795 3386 869 ἐπειδὴ
3439 797 3572 861 ἴσως
3625 799 3729 855 οὐκ

2149 888 2262 959 ἔχει
2301 888 2541 943 τοιοῦτον
2573 887 2763 959 μισθὸν
2789 886 2852 941 τὸ
2886 888 3144 958 πρᾶγμα,
3169 885 3236 938 δι’
3263 885 3322 938 ὃν
3343 886 3727 957 ἀποθνήσκουο

2150 998 2255 1047 σιν,
2281 975 2392 1049 οἷον
2420 981 2576 1034 αὐτοὶ
2598 978 2901 1050 νομίζουσι.
2929 977 3192 1049 Πολλάκις
3221 976 3277 1030 δὲ
3308 978 3404 1030 καὶ
3428 980 3457 1030 ὁ
3480 977 3741 1051 διάϐολος-

2146 1072 2438 1136 ἀντικοτεϊ,
2469 1071 2557 1125 ἵνα
2592 1059 3020 1142 μὴ’στεφανωθῇ
3043 1068 3071 1119 ὁ
3096 1065 3401 1137 ἄνθρωπος.
3434 1066 3541 1119 Καὶ
3570 1065 3726 1120 ἄλλοι

2144 1163 2201 1217 δὲ
2240 1163 2482 1219 πλεῖστοι
2509 1162 2704 1236 τρόποι
2733 1161 2894 1227 είσὶν,
2930 1159 3022 1224 οὒς
3058 1160 3160 1213 οὐκ
3188 1159 3406 1235 ἀνάγκη
3426 1157 3606 1235 λέγειν
3635 1158 3726 1214 διά

2144 1255 2272 1320 τοὺς
2302 1255 2379 1326 μὴ
2410 1252 2742 1326 χωροῦντας,

2495 1376 3025 1465 ΕΡΩΤΗΣΙΣ
3078 1370 3351 1459 ΡΛΕὀ·

2145 1519 2206 1575 Τί
2232 1521 2404 1574 ἐστιν
2439 1515 2698 1584 ἀληθινὴ
2755 1516 3116 1580 ταπείνωσις
3148 1531 3167 1580 ;
3195 1500 3293 1584 καὶ
3351 1511 3477 1579 πῶς
3525 1507 3723 1575 αὐτὴν

2386 1588 2507 1644 σὺν
2540 1582 2662 1652 Θεῷ
2688 1582 3063 1662 κατορθῶσαι
3108 1582 3413 1654 δυνάμεθα
3438 1598 3460 1647 ;

2738 1699 2924 1754 ΑΠΟΚ
2934 1698 3127 1753 ΡΙΣΙΣ.

531 1782 651 1838 Νοη
705 1786 962 1843 consistit
1002 1789 1298 1849 humilitas
1350 1794 1406 1848 in
1437 1794 1797 1867 hocutquis
1823 1808 2036 1870 peccet,

2212 1795 2327 1849 Ούκ
2382 1793 2550 1860 ἔστιν,
2578 1792 2661 1857 ὥς
2698 1808 2844 1856 τινες
2883 1789 3194 1861 νομίζουσι,
3233 1790 3293 1842 τὸ
3341 1789 3720 1861 ἁμαρτάνειν,

461 1889 631 1961 seque
686 1889 1034 1948 peccatorem
1064 1884 1431 1954 eLsupplicio
1456 1886 1691 1958 dignum
1731 1900 1994 1961 agnoscat
2023 1911 2036 1947 :

460 1957 605 2021 hanc
661 1969 811 2027 enim
861 1971 931 2027 de
971 1987 1031 2028 se
1064 1957 1545 2034 existimationem
1610 1957 1846 2051 quilibet
1905 1998 2040 2052 pec-

459 2065 615 2111 cator
669 2059 856 2126 habet,
882 2061 1067 2119 forsan
1123 2072 1187 2120 et
1238 2065 1733 2137 dmmones,;.jdeo
1784 2072 2042 2129 dicebant

458 2148 682 2204 Christo
711 2169 723 2204 :
768 2171 788 2204 ι
826 2154 1035 2212 Venisti
1065 2166 1193 2214 ante
1253 2167 1473 2231 tempus
1505 2176 1607 2217 nos
1635 2163 1871 2233 perdere
1902 2166 1970 2219 ⁵³.
2014 2184 2033 2219 ι

456 2238 701 2296 Dicendo
733 2252 935 2313 autem,
971 2257 1094 2303 ante
1121 2257 1347 2322 tempus,
1372 2252 1756 2324 significaram
1783 2265 2041 2313 constare

456 2332 562 2386 sibi
619 2349 678 2391 se
734 2335 790 2391 in
838 2339 1089 2408 gehenna
1109 2342 1419 2413 judicatum
1450 2345 1541 2399 iri.
1574 2345 1717 2402 Hinc
1745 2348 1824 2402 ait
1855 2347 2042 2419 Scrip—

456 2433 579 2478 tura
617 2443 630 2477 :
664 2444 683 2477 ι
721 2426 916 2485 Credis
940 2447 1111 2487 unum
1134 2449 1258 2490 esse
1286 2436 1459 2491 Deum
1483 2437 1507 2491 ἲ
1541 2437 1724 2496 Etiam
1752 2439 2031 2497 daemones

455 2516 691 2571 credunt
718 2528 774 2573 et
799 2525 1237 2580 contremiscunt
1259 2525 1324 2582 “.
1357 2546 1377 2580 ι
1403 2523 1575 2598 Igitur
1603 2545 1732 2585 vera
1756 2530 2041 2589 humilitas

455 2611 543 2658 est
586 2606 746 2663 bonis
793 2611 1057 2679 operibus
1086 2614 1346 2671 insistere
1369 2656 1384 2682 ,
1420 2632 1480 2673 se
1505 2633 1641 2674 vero
1670 2620 2036 2688 immundum,

455 2696 666 2768 Deique
699 2699 886 2755 favore
916 2702 1203 2775 indignum
1236 2717 1518 2777 reputare,
1544 2725 1726 2780 neque
1779 2712 2036 2778 salutem,

455 2788 561 2843 nisi
616 2806 684 2845 ex
735 2792 829 2847 Dei
864 2793 1208 2867 benignitate
1239 2798 1346 2854 sibi
1381 2801 1650 2870 polliceri.
1686 2801 2038 2874 Quaecunque

454 2879 602 2935 enim
641 2880 785 2937 bona
836 2897 1004 2954 Opera
1034 2895 1340 2956 patremus,
1372 2904 1486 2945 non
1533 2892 1894 2961 rependimus
1925 2894 2039 2950 Deo

454 2970 630 3027 vicem
672 2989 779 3043 pro
803 2975 921 3030 solo
963 2992 1089 3033 aere
1142 2994 1307 3049 quem
1345 2978 1700 3050 respiramus.
1734 2983 1871 3042 Nam
1907 2984 2039 3040 licet

2142 1887 2237 1940 καὶ
2280 1885 2427 1956 ἔχειν
2467 1882 2658 1938 ἑαυτὸν
2699 1880 3025 1953 ἁμαρτωλὸν
3082 1881 3176 1934 καὶ
3224 1880 3376 1944 ἄξιον
3423 1879 3721 1940 κολάσεως.

2141 1976 2359 2046 Ταύτην
2406 1973 2514 2045 γὰρ
2559 1974 2661 2046 τὴν
2695 1972 2908 2026 ἔννοιαν
2942 1971 3046 2025 πᾶ.
3075 1971 3363 2042 ἄνθρωπος
3392 1969 3722 2042 ἁμαρτωλὸς

2141 2065 2276 2135 ἔχει,
2302 2063 2450 2133 τάχα
2486 2062 2545 2116 δὲ
2590 2063 2684 2114 καὶ
2728 2060 2779 2115 οἱ
2822 2061 3078 2132 δαίμονες
3112 2076 3124 2089 ·
3160 2059 3242 2112 διδ
3287 2058 3381 2112 καὶ
3421 2057 3608 2126 ἔλεγον
3638 2055 3720 2129 τῷ

2139 2155 2361 2229 Χριστῷ
2389 2194 2405 2219 ,
2437 2154 2521 2209 ὅτι
2556 2172 2574 2205 ι
2599 2148 2805 2217 Ἦλθες
2834 2150 2945 2223 πρὸ
2968 2149 3162 2222 καιροῦ
3194 2148 3459 2204 ἀπολέσαι
3492 2151 3663 2219 ἡμᾶς.
3691 2166 3712 2198 ι

2139 2249 2400 2312 Είπόντες
2455 2246 2513 2301 δὲ
2565 2245 2644 2311 τὸ,
2678 2245 2792 2314 apd
2843 2241 3076 2313 καιροῦ,
3107 2242 3408 2313 ὲσήμαναν,
3438 2241 3520 2294 ὃτι
3550 2257 3721 2308 γινωφ

2141 2357 2353 2404 σκουσι,
2381 2338 2475 2393 καὶ
2508 2334 2839 2400 ἐλπίζουσιν,
2863 2334 2938 2398 ὼς
2981 2336 3037 2388 ὲν
3062 2332 3258 2406 γεέννῃ
3285 2333 3403 2385 ἐκεῖ
3452 2348 3722 2401 κατακρισ

2139 2407 2419 2511 θήσονται.
2440 2428 2552 2492 Διὸ,
2575 2427 2649 2491 ὥς
2676 2444 2842 2496 φησιν
2865 2428 2898 2498 ἡ
2921 2425 3135 2498 Γραφὴ.
3160 2426 3240 2478 ὅτι
3264 2444 3280 2474 ι
3310 2426 3383 2478 ΣΞ)
3409 2421 3715 2487 πιστεύεις,

2138 2517 2324 2586 ὅτιέίς
2354 2523 2500 2575 ἐστιν
2527 2518 2555 2570 ὁ
2594 2517 2748 2582 Θεός·
2782 2516 3004 2589 καὶγὰρ
3023 2516 3093 2570 τά
3118 2516 3376 2587 δαιμόνια
3399 2511 3719 2568 πιστεύουσι

2139 2614 2234 2669 καὶ
2281 2604 2618 2686 φρίττουσὶν.
2659 2628 2678 2662 ι
2713 2606 2922 2687 Ούκοῦν
2977 2607 3449 2679 ταπεινοφροσύνη
3505 2604 3718 2675 ἀληθής

2137 2710 2254 2763 ἐστι
2309 2706 2369 2759 τὺ
2416 2705 2679 2778 πράττειν
2732 2700 2801 2756 τὰ
2855 2701 3057 2771 ἀγαθὰ,
3090 2702 3400 2771 λογίζεσθαι
3434 2700 3491 2754 δὲ
3522 2699 3718 2754 ἑαυτὸν

2136 2796 2450 2869 ἀκάθαρτον
2503 2795 2599 2850 καὶ
2650 2793 2868 2859 ἀνάξιον
2905 2791 3001 2847 τοῦ
3051 2791 3211 2858 Θεοῦ,
3243 2792 3331 2846 διὰ
3393 2791 3561 2863 μόνην
3612 2790 3717 2860 τὴν

2138 2885 2549 2959 φιλανθρωπίαν
2579 2884 2743 2940 αὑτοῦ
2783 2885 3024 2955 σωθῆναι
3059 2883 3377 2953 νομίζοντα.
3423 2882 3566 2937 Ὅσα
3602 2881 3716 2952 γάρ

2137 2978 2319 3047 ἀγαθά
2365 2977 2473 3044 ὲάν,
2505 2978 2855 3047 ποιήσωμεν,
2889 2976 2992 3029 οὐκ
3024 2972 3445 3046 ἀπολογούμεθα
3473 2971 3551 3042 τῷ
3594 2970 3718 3041 Θεῷ

454 3066 712 3120 universa
756 3082 880 3136 quae
932 3077 1238 3138 suppetunt
1278 3071 1578 3128 oﬂ‘eramus
1634 3075 1791 3141 Deo;
1826 3076 2033 3131 nullam

2140 3071 2281 3141 ὑπὲρ
2344 3068 2508 3138 μόνου
2554 3067 2722 3122 αὐτοῦ
2779 3066 2873 3121 τοῦ
2932 3066 3094 3138 ἀέρος
3136 3064 3232 3120 τοῦ
3282 3062 3713 3133 ἀναπνεομένου.

452 3157 617 3211 nobis
667 3159 978 3214 mercedem
1031 3160 1220 3226 debet,
1255 3162 1429 3233 ipsius
1462 3164 1613 3219 enim
1644 3165 1831 3220 omnia
1858 3176 2029 3234 sunt;

452 3247 638 3303 nullus
667 3237 982 3319 autemrqui,
1000 3266 1121 3320 quae
1135 3267 1234 3307 sua
1261 3262 1392 3308 sunt
1420 3254 1643 3324 accipit,
1659 3255 1915 3311 oll‘erenti
1937 3257 2035 3313 de-

453 3339 604 3393 bitor
632 3339 888 3395 edicitur.
906 3342 987 3397 De
1001 3352 1220 3410 caetero,
1246 3344 1382 3414 quid
1404 3347 1776 3403 retribuamus
1802 3348 2035 3404 Domino

452 3444 554 3499 pro
590 3429 709 3500 ipso
736 3439 861 3486 ortu
892 3433 1126 3488 nostro?
1153 3449 1257 3505 pro
1286 3436 1446 3491 bonis
1479 3437 1683 3507 quibus
1706 3454 1810 3494 nos
1834 3453 2032 3494 cumu-

452 3521 569 3578 lare
615 3523 872 3594 dignatus
920 3527 1052 3581 est?
1088 3542 1188 3597 pro
1239 3527 1459 3592 liberis,
1503 3545 1605 3601 pro
1661 3529 1892 3597 divitiis,
1927 3545 2031 3600 pro

452 3614 716 3684 periculis
740 3633 808 3672 ex
847 3619 1047 3688 quibus
1079 3619 1284 3689 saepius
1304 3635 1407 3677 nos
1431 3620 1733 3676 liberavit?
1768 3637 1871 3692 pro
1898 3636 2028 3677 san-

452 3704 631 3781 guine,
675 3721 838 3775 quem
871 3722 973 3777 pro
1002 3707 1166 3763 nobis
1214 3708 1454 3765 effudit?
1492 3710 1563 3765 Et
1609 3718 1735 3780 post
1764 3710 1883 3766 haec
1927 3727 2029 3781 pro

450 3794 697 3870 peccatis
746 3796 969 3859 nostris,
1028 3812 1151 3867 quae
1209 3797 1514 3855 clementer
1562 3799 1934 3866 condonavit,
1970 3809 2031 3859 et

452 3899 552 3961 pro
611 3900 782 3956 regno
838 3888 1103 3943 cmlorum
1167 3889 1504 3959 quod-nobis
1528 3890 1833 3961 promisit?

2142 3160 2310 3214 Ὅταν
2353 3159 2463 3230 γὰρ
2493 3158 2589 3213 καὶ
2630 3158 2833 3220 πάντα,
2861 3157 2962 3211 ὅσα
3011 3156 3229 3227 ἔχομεν,
3255 3154 3717 3227 προσενέγκωμεν

2139 3251 2286 3322 αὐτῷ
2314 3291 2330 3320 ,
2365 3251 2423 3304 οὐ
2454 3252 2721 3321 χρεωστεῐ
2748 3250 2879 3319 ἡμῖν
2914 3246 3127 3317 μισθόν.
3153 3245 3328 3299 Αὐτοῦ
3362 3245 3471 3315 γάρ
3498 3246 3613 3299 ἐστι
3642 3244 3718 3298 τά

2142 3342 2432 3414 σύμπαντα
2463 3357 2477 3371 ’
2521 3341 2699 3404 οὐδεὶς
2742 3340 2798 3393 δὲ
2830 3339 2898 3393 τὰ
2943 3338 3052 3392 ἴδια
3094 3336 3419 3408 λαμϐάνων,
3449 3336 3721 3407 χρεωστεῖ

2143 3435 2334 3506 μισθὸν
2370 3433 2553 3488 δοῦναι
2593 3434 2707 3496 τοῖς
2758 3434 3161 3503 προσφέρουσιν
3199 3427 3349 3500 αὐτῷ
3394 3429 3549 3482 αὐτά.
3584 3427 3718 3481 Λοι-

2138 3526 2239 3581 πὸν
2288 3525 2340 3578 τί
2380 3523 2856 3593 ἀνταποδώσωμεν
2899 3521 2976 3593 τῷ
3016 3521 3208 3593 Κυρίῳ
3236 3520 3378 3591 ὑπὲρ
3403 3519 3574 3590 αὐτῆς
3610 3519 3717 3589 τῆς

2135 3618 2402 3693 γενέσεως
2476 3617 2671 3688 ήμῶν;
2727 3615 2868 3688 ὑπὲρ
2933 3614 3042 3669 τῶν
3103 3612 3357 3682 ἀγαθῶν,
3410 3604 3486 3665 ὧν
3547 3610 3716 3675 ἀξίως

2133 3709 2424 3780 ἀχαρίσατο
2485 3709 2658 3779 ἡμῖνς
2728 3707 2870 3779 ὑπὲρ
2939 3706 3183 3771 τέκνων,
3242 3705 3381 3774 ὑπὲρ
3436 3702 3711 3766 πλούτου,

2134 3801 2276 3870 ὑπὲρ
2330 3798 2619 3865 κινδύνων,
2652 3799 2710 3866 ἐξ
2778 3795 2853 3851 ὧν
2890 3797 3171 3861 οπολλάκις
3217 3795 3485 3869 ἐρρύσατο
3523 3794 3711 3865 ήμᾶςς

2134 3891 2274 3964 ὑπὲρ
2327 3890 2420 3945 τοῦ
2461 3891 2731 3967 αἵματος,
2770 3884 2832 3945 οῦ
2881 3889 3131 3959 ὲξέχευεν
3181 3889 3319 3958 ὑπὲρ
3380 3886 3567 3958 ἡμῶν;
3612 3887 3712 3940 καὶ

454 3978 595 4050 μετά
635 3980 807 4036 ταῦτα
861 3981 1022 4036 πάλιν
1062 3984 1200 4055 ὑπὲρ
1254 3986 1364 4039 τῶν
1403 3985 1685 4065 ἁμαρτιῶν
1742 3986 1940 4065 quibi);
2001 3986 2096 4051 καὶ
2142 3986 2262 4050 τότε
2322 3986 2462 4063 ὑπὲρ
2520 3986 2620 4063 τῆς
2679 3983 2953 4057 βασιλείας
3005 3982 3114 4038 τῶν
3170 3978 3436 4054 οὐρανῶν,
3482 3973 3560 4051 ’ἧς
3605 3978 3714 4032 ύπ-

450 4072 640 4144 ἔσχετο
667 4077 829 4146 ἡμίν;

520 4166 659 4222 Cum
690 4168 858 4239 igitur
898 4178 978 4226 tot
1011 4180 1067 4227 et
1097 4180 1245 4229 tanta
1297 4174 1623 4244 debeamus,
1657 4193 1841 4248 neque
1870 4178 2030 4248 quid.

451 4273 615 4327 quam
649 4260 1050 4329 persolvamus,
1075 4271 1278 4333 quanta
1310 4267 1367 4321 in
1391 4267 1708 4324 humilitate
1730 4269 2030 4339 cordisque

451 4350 784 4407 contritione
819 4354 1093 4423 perpetim
1125 4357 1337 4412 versari
1381 4357 1698 4413 debemus?
1730 4359 1803 4414 ita
1847 4367 1909 4414 ut
1934 4373 2032 4414 ne-

451 4437 587 4492 mini
629 4455 731 4496 nos
784 4449 1205 4511 anteponamus,
1241 4436 1519 4501 neminem
1572 4445 2027 4512 condemnemus,

2205 4178 2268 4231 Ei
2303 4171 2397 4232 οὗν
2430 4176 2668 4231 τοσαῦτα
2717 4174 3152 4245 χρεωστοῦντες,
3174 4175 3271 4228 καὶ
3318 4173 3484 4244 μηδὲν
3518 4169 3712 4225 ἀποδι-

2132 4267 2334 4334 δόντες,
2373 4269 2431 4321 iv
2475 4267 2606 4338 ποίᾳ
2648 4266 2978 4320 ταπεινώσει
3021 4267 3117 4319 καὶ
3173 4264 3432 4335 συντριϐῇ
3481 4262 3715 4334 καρδίας

2134 4360 2424 4431 ὀφείλομεν
2457 4353 2599 4417 εἶναι
2631 4359 2925 4422 διαπαντός
2959 4376 2974 4425 ;
3021 4359 3251 4429 μηδενὸς
3298 4355 3711 4427 κατεπαιρόμε-

2134 4469 2235 4518 νοι,
2297 4451 2501 4522 μηδένα
2542 4451 3005 4523 κατακρίνοντες,
3053 4449 3258 4520 μηδένα
3301 4445 3706 4518 λοιδοροῦντες,

450 4530 732 4591 neminem
786 4534 1208 4601 calumniemur,
1239 4539 1562 4592 memoriam
1603 4538 1766 4595 illam
1812 4540 2031 4613 injurias

2139 4543 2330 4614 μηδενὶ
2367 4541 2840 4612 μνησικακοῦντες
2866 4580 2881 4604 ,
2923 4540 3136 4604 πάντας
3185 4541 3505 4608 ἀγαπῶντες
3533 4577 3549 4598 ,
3572 4539 3714 4591 πᾶσι

453 4620 820 4692 deponamus,
845 4641 1039 4682 omnes
1067 4626 1380 4699 diligamus,
1412 4637 1468 4683 et
1510 4628 1772 4687 omnibus
1810 4646 2035 4702 compa-

453 4716 680 4774 tiamur.
740 4716 1135 4775 Desideremus
1193 4721 1490 4775 Dominum
1549 4736 1618 4777 eo
1666 4722 1864 4777 aﬂ‘cctu
1923 4738 2034 4793 quo

453 4807 613 4867 multi
638 4809 845 4872 amicas
873 4808 1213 4867 desiderant.
1247 4811 1369 4865 Non
1401 4828 1527 4868 raro
1559 4813 1708 4868 enim
1739 4814 1944 4869 accidit
1975 4825 2037 4871 ut

454 4900 550 4971 qui
573 4899 809 4971 alicujus
861 4901 1115 4957 mulieris
1158 4902 1461 4972 cupiditate
1498 4906 1810 4971 tenebatur,
1838 4922 2033 4963 omnes

352 5050 357 5055 ,
456 5005 585 5047 suas
618 4989 910 5045 facultates
948 4989 1326 5061 insumpserit.
1351 5009 1463 5063 quo
1491 4995 1751 5051 sordibus
1772 4997 1896 5067 ejus
1927 5012 2030 5066 po-

458 5082 677 5136 tiretur.
709 5081 1027 5139 Timeamus
1069 5084 1265 5148 Deum,
1299 5086 1494 5151 saltem
1526 5096 1585 5143 ut
1617 5088 1760 5149 feras
1789 5097 1845 5143 et
1874 5096 2030 5143 catu-

456 5173 560 5229 IOs.
587 5171 743 5243 Saepe
790 5174 940 5230 enim
990 5176 1267 5248 contingit
1302 5186 1365 5232 ut
1397 5177 1527 5232 dum
1575 5179 1749 5250 aliqui
1786 5179 2029 5235 furatum

457 5263 694 5320 tendunt
719 5307 733 5332 ,
764 5267 1078 5323 caniculum
1118 5268 1413 5324 latrantem
1443 5269 1692 5336 audiant,
1723 5270 2033 5342 pedemque

456 5372 488 5411 ο
520 5358 755 5429 vestigio
814 5359 1082 5424 referant,
1116 5378 1227 5416 non
1278 5361 1474 5416 timore
1522 5361 1643 5427 Dei,
1675 5362 1772 5417 sed
1823 5361 2028 5423 catelli.

456 5448 807 5519 Quapropter
863 5450 1152 5508 timeamus
1213 5452 1411 5508 Deum.
1469 5453 1670 5508 Animo
1728 5453 2033 5510 aﬂiciamur

459 5540 623 5596 sicuti
658 5542 723 5595 ad
766 5552 999 5599 mortem
1050 5544 1320 5612 damnati,
1352 5546 1449 5615 qui
1491 5546 1730 5603 vinculis
1755 5548 2026 5615 adstricti,

533 5697 577 5726 ⁸³
600 5694 790 5756 Matth.
813 5711 923 5761 vtu,
948 5697 1037 5750 ‘29.
1116 5696 1290 5752 “Jac.
1315 5714 1371 5763 ιι,
1405 5698 1486 5752 19.

2136 4632 2565 4703 συμπαθοῦντες.
2594 4632 2930 4703 Ποθὴσωμεν
2999 4632 3090 4686 τὸν
3150 4628 3580 4709 Δεσπότην,-κᾶν
3635 4628 3714 4692 ὡς

2134 4724 2407 4794 ποθοῦμεν
2449 4722 2548 4787 τὰς
2591 4723 2890 4794 ἐταιρίδας.
2920 4722 3189 4786 Πολλάκις
3220 4723 3327 4791 γάρ
3351 4738 3433 4784 τις
3466 4719 3715 4791 ποθήσας

2134 4819 2388 4885 γυναῖκα,
2429 4817 2608 4870 πᾶσαν
2631 4814 2797 4869 αὑτοῦ
2829 4814 2926 4885 τὴν
2960 4812 3195 4884 ὓπαρξιν
3227 4809 3586 4882 ἐδαπάνησεν,
3623 4811 3714 4863 ἵνα

2134 4906 2233 4976 τῆς
2284 4905 2557 4977 ῥυπαρίας
2598 4905 2769 4975 αύτῆς
2819 4903 3073 4974 ἐπιτύχῃ,
3104 4903 3196 4957 Διὸ
3231 4901 3558 4973 φοϐηθῶμεν
3616 4899 3713 4952 τὸν

2133 4996 2288 5060 Θεὸν,
2319 4994 2423 5050 κᾶν
2453 4994 2529 5056 ὡς
2553 4996 2680 5058 τοὺς
2711 4978 2903 5066 θῆρας,
2935 4993 2968 5064 ἦ
2997 4995 3123 5058 τοὺς
3153 4992 3342 5055 κύνας.
3368 4991 3577 5058 Κλέψαι
3597 4988 3714 5059 γάρ

2134 5088 2399 5153 πολλάκις
2454 5087 2863 5157 ἀπερχόμενοι,
2893 5086 2988 5140 καὶ
3020 5087 3205 5155 φωνῆς
3243 5083 3517 5157 κυναρίων
3538 5086 3595 5137 ὲν
3629 5081 3714 5153 τῷ

2132 5183 2283 5252 τόπῳ
2311 5180 2668 5246 ἀκούσαντες,
2695 5179 2896 5243 εὐθέως
2922 5179 3383 5250 ὑποστρέψαντες,
3420 5178 3495 5249 μὴ
3534 5177 3715 5246 φοϐηο

2138 5274 2324 5337 θέντες
2352 5273 2444 5327 τὸν
2472 5272 2628 5338 Θεὸν,
2661 5272 2797 5327 ἀλλά
2838 5272 2969 5336 τοὺς
3020 5271 3209 5336 κύνας.
3239 5269 3332 5324 Διὸ
3378 5266 3717 5340 φοϐηθῶμεν

2141 5365 2323 5419 αὐτόν.
2352 5362 2650 5435 Γενώμεθα
2690 5366 2755 5436 τῇ
2802 5362 2951 5434 ψυχῇ
2992 5361 3180 5433 ὥσπερ
3229 5363 3277 5414 οἱ
3323 5358 3627 5424 κατάδικοι,
3660 5360 3717 5412 οε

2138 5455 2290 5518 ὄντες
2339 5457 2398 5508 ὲν
2444 5455 2565 5518 ταῖς
2612 5455 2882 5523 φυλακαῖς
2905 5493 2921 5517 ,
2949 5451 3244 5516 διαπαντὸς
3291 5442 3713 5522 μεριμνῶντες,

2140 5548 2269 5600 πότε
2318 5545 2533 5618 ἔρχεται
2588 5547 2616 5599 ὁ
2650 5543 2979 5617 ¹ἐξεταστὴς,
3015 5544 3110 5598 καὶ
3165 5540 3438 5597 ἀποδώσει
3489 5539 3719 5609 ἑκάστῳ
