4082 6290
184 262 299 329 ἹΪΠ

1570 265 2085 345 ουίΕδΉοΝΕε.

3367 271 3471 332 798

186 396 310 442 τος,
354 380 443 432 καὶ
487 374 665 439 οὕτως
704 375 783 440 είς
827 368 1375 445 πάνταςάνθρώτιους
1406 378 1704 451 εἰσῆλθεν],
1732 383 1789 433 ὲν

1899 401 2021 457 gere
2053 392 2271 456 oportet
2316 384 2462 455 quod
2511 384 2581 441 ab
2606 384 2868 455 Apostolo
2890 384 3098 440 dictum
3151 392 3278 440 est:
3314 404 3331 435 ‹
3364 384 3473 441 Per

188 465 232 539 ᾧ
271 471 485 531 πάντες
532 468 808 539 ἥμαρτον,
851 488 866 518 ι
902 469 950 520 εί
986 469 1062 539 μὴ
1101 466 1161 520 ὃν
1204 469 1409 540 τρόπον
1437 471 1471 541 ὴ
1517 471 1785 541 καθολικὴ

200 561 514 633 Ἐκκλησία
541 561 756 632 ἐνόησε.
801 560 902 613 Διὰ
936 558 1094 613 τοῦτο
1122 560 1229 631 γὰρ
1282 562 1378 615 καὶ
1418 565 1467 616 οἱ
1516 564 1706 634 μικροὶ
1734 564 1785 617 οἰ

193 653 375 724 μηδὲν
424 651 846 722 ἁμαρτημάτων
899 653 979 715 είς
1046 646 1276 715 ἑαυτοὺς
1314 651 1396 704 ἔτι
1437 654 1783 724 πλημμελεῖν

189 746 515 815 ᾂυνάμενοι,
536 734 842 810 εἰς’ἄφεσιν
854 740 1145 812 ἁμαρτιῶν
1161 739 1381 811 ἀληθῶς
1401 740 1779 811 βαπτίζονται,

1895 493 2069 532 unum
2114 477 2396 531 hominem
2447 484 2736 547 peccatum
2774 475 3029 532 introivit
3080 477 3139 532 in
3176 475 3467 544 mundum,
3558 484 3571 547 έ

1891 577 1948 623 et
1986 584 2087 639 per
2112 576 2401 639 peceatum
2432 584 2603 633 mors,
2660 575 2717 622 et
2751 568 2833 623 sic
2889 567 2946 623 in
2972 583 3165 622 omnes
3213 566 3473 623 homines
3558 566 3567 610 έ

1889 660 2157 730 pervasit,
2189 660 2245 713 in
2281 674 2393 729 quo
2424 674 2616 715 omnes
2640 668 3012 729 peccaverunt
3042 659 3112 724 ",
3146 678 3165 712 ι
3199 657 3474 729 nisiquo-

1891 751 2056 807 modo
2099 751 2373 807 catholica
2441 752 2686 807 Ecclesia
2737 766 2956 821 semper
3020 749 3316 806 intellexit.
3364 749 3473 804 Per

196 838 291 891 ἵνα
332 835 591 906 καθαρθῇ
627 837 687 887 ἐν
712 832 899 897 αὐτοῖς
932 832 1022 887 διὰ
1045 835 1145 904 τῆς
1166 833 1612 902 παλιγγενεσίας,
1647 834 1785 909 ὅπερ

1899 842 2039 896 hunc
2097 841 2247 896 enim
2276 840 2405 897 fidei
2459 856 2729 897 canonem
2779 840 3017 896 infantes
3069 854 3310 911 quoque,
3372 839 3470 909 qui

197 930 470 982 εἵλκυσαν
493 928 582 982 διὰ
612 926 711 997 τῆς
736 925 1142 998 ἀρχαιογονίαςς

1887 931 2103 986 nullum
2162 948 2231 989 ex
2290 947 2351 988 se
2401 941 2689 1003 peccatum
2726 932 3073 987 committere
3135 938 3474 1001 potuerunt,

196 1036 333 1076 vere
366 1023 425 1075 in
450 1031 801 1092 peccatorum
847 1021 1227 1077 remissionem
1258 1020 1613 1095 baptizantur
1654 1039 1669 1076 :
1713 1030 1774 1081 ut
1809 1038 1911 1096 per
1948 1027 2425 1097 regenerationem
2464 1027 2520 1081 in
2548 1026 2630 1081 eis
2657 1025 2955 1098 mundetur
3010 1024 3161 1096 quod
3199 1022 3271 1078 ab
3316 1021 3467 1091 anti:

198 1129 313 1184 qua
344 1112 560 1184 origine
581 1119 997 1167 contraxerunt.

556 1215 1089 1323 ΕΡΩΤΗΣΙΣ
1152 1236 1416 1325 ΡΜΔ’.

210 1381 274 1434 Τί
322 1375 553 1443 δήποτε
590 1375 733 1433 οὔτε
778 1374 1051 1436 πλείονα,
1077 1375 1216 1429 οὔτε
1239 1375 1532 1431 ἐλάττονά
1573 1377 1694 1430 εισι
1722 1372 1793 1429 τὰ

820 1443 869 1498 Ε
877 1445 1156 1513 ὑαγγέλια
1177 1462 1196 1511 ;

818 1556 1210 1613 ΑΠΟΚΡΙΣΙΣ.

2167 1230 2729 1341 ΩΙΗΕΞΤΙΟ
2801 1220 2943 1321 CX
2970 1234 3205 1322 LIV.

1894 1383 2004 1441 Cur
2031 1398 2124 1438 nec
2154 1381 2317 1452 plura
2352 1396 2449 1434 nec
2477 1382 2732 1502 pauciotra
2782 1387 2907 1503 aiunt
2958 1381 3258 1454 Evangelia
3310 1398 3477 1455 quam

2549 1467 2653 1503 aua
2681 1466 2778 1503 uor
3264 1472 3273 1477 “

2549 1466 2778 1520 quatuor
2807 1466 2832 1503 τ
3264 1472 3273 1477 “

2496 1560 2896 1619 RESPONSIO.

289 1652 517 1720 Ἐπειδὴ
538 1650 782 1721 τέσσαρα
811 1649 1052 1720 κλίματα
1075 1649 1170 1702 τοῦ
1202 1650 1431 1721 κόσμου,
1448 1651 1505 1703 ὲν
1525 1644 1569 1719 ᾧ
1597 1652 1789 1719 ἐσμεν,

1965 1658 2104 1715 Cum
2131 1638 2320 1713 mundi
2361 1624 2416 1712 in
2446 1672 2557 1726 quo
2580 1655 2821 1710 vivimus
2852 1663 3094 1725 quatuor
3119 1655 3290 1729 plaga!
3329 1668 3472 1726 smt,

208 1744 337 1808 εἰσὶ,
368 1744 468 1796 καὶ
497 1742 741 1812 τέσσαρα
781 1739 1048 1795 καθολικᾶ
1075 1741 1383 1812 πνεύματα,
1408 1742 1792 1814 κατέσπαρται

208 1839 262 1892 δὲ
296 1840 331 1907 ἠ
370 1834 678 1904 Ἐκκλησία
730 1833 822 1887 ἐπὶ
858 1832 1043 1903 πάσης
1087 1834 1187 1903 τῆς
1216 1834 1342 1902 γῆς,
1376 1833 1567 1898 στύλος
1601 1834 1658 1886 δὲ
1697 1833 1793 1886 καὶ

209 1931 501 1999 στήριγμα
542 1924 873 1996 Ἐκκλησίας
918 1925 978 1977 τὸ
1000 1924 1354 1993 Εύαγγὲλιον,
1388 1926 1482 1980 καὶ
1521 1945 1540 1976 ι
1579 1925 1797 1995 πνεῦμα

208 2020 379 2091 ζωῆς,
406 2039 429 2072 ι
463 2019 688 2081 είκότως
717 2018 988 2085 τέσσαρας
1007 2017 1174 2087 ἐχρῆν
1198 2017 1421 2082 στύλους
1446 2018 1797 2088 ’πανταχόθεν

209 2112 481 2174 πνέοντας
505 2109 605 2181 τὴν
638 2108 972 2180 ἀφθαρσίαν,
1009 2109 1105 2162 καὶ
1136 2110 1632 2180 ἀναζωπυροῦντας
1670 2109 1797 2173 τοὺς

206 2202 561 2274 ἀνθρώπους.
604 2199 697 2265 Ἐξ
746 2193 822 2253 ὧν
880 2200 1139 2272 φανερὸν,
1163 2200 1247 2253 ὅτι
1302 2201 1331 2253 ὁ
1380 2199 1488 2253 τῶν
1543 2199 1797 2254 ἁπάντων

208 2295 463 2365 τεχνίτης
496 2294 688 2361 Λόγος,
724 2311 742 2345 ι
767 2294 794 2346 ὁ
824 2291 1136 2362 καθήμενος
1166 2292 1260 2345 ἐπὶ
1289 2290 1398 2344 τῶν
1430 2290 1732 2362 Χερουϐὶμ,
1770 2310 1789 2343 ›

209 2387 303 2442 καὶ
338 2387 587 2456 συνέχων
618 2385 687 2439 τὰ
718 2386 917 2450 πάντα,
950 2385 1291 2454 φανερωθεὶς
1328 2386 1442 2446 τοῖς
1485 2382 1798 2453 ἀνθρώποις

211 2481 413 2534 ἔδωκεν
444 2480 583 2550 ἡμῖν
630 2477 1014 2548 τετράμορφον
1078 2476 1139 2530 τὸ
1192 2474 1551 2544 Εύαγγέλιον,
1603 2474 1682 2528 ἑνὶ
1739 2475 1798 2529 δὲ

210 2569 487 2640 πνεύματι
538 2567 931 2638 συνεχόμενον,
960 2564 1145 2629 καθὼς
1188 2565 1218 2618 ὁ
1261 2563 1427 2617 Δαϐὶδ
1473 2563 1796 2633 αἰτούμενος

213 2661 379 2716 αὐτοῦ
431 2660 537 2732 τὴν
590 2659 902 2730 παρουσίαν
926 2699 941 2722 ,
975 2657 1164 2726 φησὶν,
1201 2675 1219 2707 ι
1268 2656 1324 2709 '0
1351 2655 1660 2727 καθήμενος
1702 2654 1796 2710 ἐπὶ

211 2752 319 2805 τῶν
355 2750 664 2823 Χερουϐὶμ,
703 2747 1000 2820 ἐμφάνηθι.
1043 2766 1062 2799 ι
1090 2747 1200 2805 Καὶ
1236 2745 1346 2817 γὰρ
1394 2748 1463 2800 τὰ
1513 2743 1797 2816 Χερουϐὶμ

214 2841 658 2914 τετραπρόσωπα
685 2856 699 2870 ⁸
738 2838 919 2894 καὶτὰ
953 2837 1222 2908 πρόσωπα
1251 2834 1432 2891 αὐτῶν
1467 2837 1675 2900 εἰκόνες
1696 2835 1797 2906 τῆς

1897 1760 1955 1807 et
1982 1758 2223 1822 quatuor
2251 1750 2596 1806 universales
2629 1749 2804 1813 venti,
2830 1749 3079 1804 Ecclesia
3125 1758 3311 1805 autem
3367 1750 3477 1806 dif-

1898 1837 2159 1893 fundatur
2185 1854 2281 1908 per
2315 1847 2482 1892 totam
2525 1847 2755 1902 terram,
2790 1838 2950 1908 cujus
3000 1839 3255 1895 columna
3288 1848 3345 1895 ct
3383 1841 3478 1895 fir-
3554 1904 3567 1913 _

1899 1941 2237 1986 mameutum
2300 1938 2385 1985 est
2443 1929 2803 2000 Evangelium
2827 1930 2896 1994 θ’,
2951 1940 3009 1987 ct
3050 1948 3068 1981 ι
3123 1932 3358 2001 spiritus
3395 1934 3480 1988 via

1897 2033 1967 2079 ιω
1995 2024 2099 2091 ’νς
2127 2043 2145 2076 ι
2185 2022 2382 2077 merito
2414 2031 2654 2091 quatuor
2679 2021 2959 2077 columnae
3000 2032 3204 2079 erectae
3227 2032 3382 2091 sunt,
3408 2039 3480 2082 ex

1900 2114 2101 2184 quibus
2131 2111 2269 2167 flans
2292 2112 2521 2182 spiritus
2546 2110 2796 2166 homines
2840 2111 3133 2177 refocillet,
3168 2120 3224 2167 et
3274 2113 3342 2168 ad
3393 2114 3476 2168 in-

1898 2207 2310 2276 corruptionem
2354 2203 2613 2258 adducat.
2675 2201 2817 2257 Hinc
2860 2202 3059 2273 liquet,
3120 2204 3191 2258 ab
3224 2204 3474 2260 omnium

1900 2300 2188 2356 conditore
2215 2297 2351 2353 Filio
2367 2297 2487 2361 Dei,
2511 2316 2529 2347 ι
2554 2295 2649 2366 qui
2667 2294 2828 2350 sedet
2845 2310 3013 2366 super
3033 2294 3337 2351 Cherubirn
3355 2297 3424 2361 τ’,
3452 2315 3473 2348 ι

1898 2401 1954 2448 et
1982 2390 2228 2447 continet
2257 2389 2539 2449 universa,
2570 2403 2695 2442 cum
2751 2401 2811 2442 se
2850 2386 3176 2443 hominibus
3242 2388 3480 2444 manife-

1899 2489 2116 2546 stasset,
2152 2479 2532 2552 quadriforme
2556 2476 2937 2548 Evangelium,
2961 2492 3073 2532 uno
3096 2478 3297 2549 spiritu
3321 2493 3470 2533 com-

1898 2572 2235 2642 prehensum
2268 2568 2602 2640 processisse
2631 2585 2645 2621 :
2680 2576 2848 2637 prout
2875 2576 2932 2622 et
2961 2568 3136 2623 David
3172 2568 3474 2623 adventum

1898 2661 2104 2717 Christi
2129 2661 2432 2731 efﬂagitans
2464 2661 2542 2714 ait
2584 2678 2597 2712 :
2636 2680 2654 2712 ι
2688 2658 2790 2726 Qui
2853 2658 3014 2719 sedes
3048 2674 3216 2728 super
3265 2659 3479 2715 Cheru-

1898 2756 2035 2822 bim,
2083 2754 2438 2810 manifestare
2467 2755 2533 2807 ⁸⁷⁵.
2571 2773 2587 2804 ι
2616 2751 2752 2807 Nam
2806 2750 3105 2805 Cherubim
3133 2759 3372 2820 quatuor
3398 2750 3479 2807 fa-
3557 2759 3565 2770 ‘

1901 2847 2095 2902 ciebus
2130 2852 2406 2909 constant,
2430 2856 2668 2913 quorum
2704 2839 2875 2895 facies
2905 2854 3093 2895 rerum
3128 2856 3157 2894 a
3182 2839 3320 2893 Filio
3378 2838 3479 2893 Dei

217 2933 604 3005 πραγματείας
635 2931 730 2986 τοῦ
770 2930 897 2984 Υίοῦ
937 2929 1029 2984 τοῦ
1061 2928 1219 2984 Θεοῦ.
1257 2930 1330 2983 Τδ
1362 2929 1459 2999 μὲν
1484 2929 1593 2999 γὰρ
1624 2927 1795 2999 πρόσ-

1900 2936 2269 3009 gerendarum
2316 2935 2594 3005 imagines.
2636 2940 2784 2988 sunt.
2827 2930 3011 2987 Prima
3060 2930 3233 2985 facies
3282 2930 3485 2986 similis

216 3044 360 3079 ωπον
384 3040 410 3068 ι
429 3025 574 3092 ζῶον
599 3033 625 3073 γ
649 3066 664 3089 ,
698 3024 850 3094 φασὶ,
893 3022 1093 3083 λέοντι,
1116 3021 1180 3075 τὸ
1231 3019 1552 3092 ἔμπρακτον
1602 3017 1794 3081 αὑτοῦ,

219 3116 311 3169 καὶ
344 3115 698 3187 λήγεμονικὲιν
725 3113 817 3168 καὶ
858 3112 1141 3183 βασιλικὸν
1164 3109 1598 3182 χαρακτηρίζον.
1634 3108 1708 3161 Τὸ
1733 3108 1792 3162 δὲ

222 3207 493 3273 δεύτερον,
530 3207 717 3275 ὅμοιον
753 3205 960 3275 μόσχῳ,
989 3204 1090 3273 τὴν
1123 3202 1483 3274 ίερουργικὴν
1510 3202 1605 3265 καὶ
1653 3201 1801 3272 ίερα-

221 3300 375 3369 τικὴν
411 3297 568 3363 τάξιν
601 3296 885 3368 ἐμφαῖνον.
919 3297 990 3349 Τὸ
1015 3295 1072 3349 δὲ
1117 3295 1302 3367 τρίτον
1334 3289 1457 3363 ἔχον
1506 3292 1800 3362 πρόσωπον

223 3389 533 3460 ἀνθρώπου,
566 3389 667 3458 τὴν
722 3386 866 3441 κατὰ
915 3386 1200 3457 ἄνθρωπον
1252 3384 1419 3439 αὐτοῦ
1453 3420 1465 3430 .
1496 3381 1798 3454 παρουσίαν

224 3481 582 3553 φανερώτατα
606 3478 909 3550 διαγράφον
929 3516 942 3530 .
972 3477 1045 3530 Τὸ
1075 3476 1131 3529 δὲ
1153 3475 1414 3547 τέταρτον
1436 3474 1626 3544 ὅμοιον
1657 3471 1801 3542 ἀετῷ

225 3573 505 3644 πετομένῳ
529 3612 543 3637 ,
567 3571 666 3643 τὴν
700 3569 799 3624 τοῦ
836 3568 1152 3636 [Ινεύματος
1200 3566 1295 3620 ἐπὶ
1335 3565 1434 3635 τὴν
1470 3564 1801 3635 Ἐκκλησίαν

226 3662 596 3734 ἑφιπταμένην
624 3661 769 3715 δόσιν
796 3647 1110 3730 σαῖρηνίζον.
1138 3658 1249 3712 Καὶ
1273 3656 1342 3711 τὰ
1376 3655 1686 3724 Εύαγγέλια
1707 3649 1802 3709 οῦν

224 3756 427 3819 τούτοις
472 3753 770 3823 σύμφωνα,
806 3752 866 3804 ὲν
916 3744 997 3812 οἷς
1031 3740 1392 3817 ὲγκαθέζεται
1440 3747 1695 3820 Χριστός.
1726 3748 1803 3805 Th

230 3847 324 3915 μὲν
355 3846 465 3917 γὰρ
495 3844 641 3898 κατὰ
680 3843 931 3914 Ἰωάννην
971 3841 1071 3912 τὴν
1104 3841 1212 3894 ἀπὸ
1260 3840 1355 3894 τοῦ
1385 3839 1601 3912 Πατρὺς
1631 3841 1799 3894 αὐτοῦ

228 3939 560 4009 ἡγεμονικὴν
612 3935 707 3988 καὶ
750 3933 961 3999 ἔνδοξον
1009 3930 1205 4001 γενεὰν
1256 3932 1559 4005 διηγεῖται,
1592 3931 1752 4001 λέγον
1784 3949 1799 3965 ο

235 4046 254 4080 ι
302 4030 388 4082 Ἐν
430 4030 575 4100 ἀρχῇ
607 4021 675 4096 ἧν
707 4028 736 4079 ὁ
762 4024 957 4093 Λόγος.
999 4042 1016 4076 ι
1054 4022 1127 4083 Τὸ
1173 4022 1231 4077 δὲ
1259 4023 1401 4076 κατὰ
1441 4023 1687 4089 Δουκᾶν,
1713 4023 1803 4077 ὅτε

233 4119 373 4187 ἱεροῦ
397 4131 421 4159 ι
456 4117 808 4192 χαρακτῆρος
840 4118 1111 4187 ὑπάρχον,
1143 4114 1256 4170 ἀπὸ
1279 4115 1372 4169 τοῦ
1407 4114 1678 4186 Ζαχαρίου
1708 4113 1803 4168 τοῦ

225 4196 417 4280 ἶερέως
457 4210 767 4281 θυμιῶντο;
811 4208 890 4279 τῷ
918 4207 1038 4278 Θεῷ
1080 4204 1303 4276 ἤρξατο.
1342 4206 1498 4278 ᾜδει
1539 4205 1649 4276 γὰρ
1674 4246 1689 4272 ,
1722 4207 1805 4261 ὅτι

1900 3026 2047 3082 leoni
2072 3028 2140 3092 ³⁸,
2165 3041 2273 3096 qua
2298 3024 2643 3095 significatur
2675 3021 2884 3077 Christi
2948 3021 3004 3075 in
3062 3016 3275 3091 agendo
3311 3019 3476 3091 432

1900 3114 2214 3178 efficacilas,
2239 3112 2542 3169 dominatio
2560 3127 2654 3166 seu
2699 3109 3065 3180 principatus,
3097 3118 3154 3163 et
3186 3108 3333 3179 regia
3381 3123 3482 3178 po-

1904 3216 2095 3264 testas.
2119 3205 2369 3263 Secunda
2396 3204 2565 3260 facies
2590 3203 2788 3259 similis
2813 3202 2990 3257 vitulo
3016 3202 3085 3267 ",
3109 3217 3216 3272 qua
3271 3201 3482 3257 Christi

1902 3293 2261 3350 sacerdotalis
2288 3302 2346 3347 et
2367 3290 2698 3362 pontificalis
2751 3290 2990 3362 dignitas
3040 3290 3310 3347 innuitur.
3341 3290 3484 3346 Ter-

1904 3385 2000 3448 tia,
2028 3382 2198 3438 facies
2223 3381 2467 3437 hominis
2495 3382 2567 3447 ’7,
2608 3396 2731 3452 qua:
2770 3382 3121 3452 praesentiam
3178 3380 3387 3437 Christi
3427 3382 3484 3436 in

1908 3475 2147 3530 humana
2182 3490 2349 3530 carne
2397 3473 2688 3529 evidenter
2741 3474 3004 3529 delineat.
3038 3474 3243 3540 Quarta
3292 3473 3483 3539 facies,

1905 3567 2102 3622 similis
2149 3567 2348 3636 aquila:
2395 3565 2604 3621 volanti
2651 3566 2718 3631 ",
2756 3565 2966 3622 indicat
3030 3565 3273 3635 Spiritus
3308 3566 3484 3622 sancti

1904 3670 2071 3724 super
2136 3655 2441 3710 Ecclesiam
2485 3655 2723 3709 volantis
2778 3656 3008 3709 donum.
3065 3656 3134 3710 Et
3190 3656 3484 3728 Evangelia

1905 3743 2151 3814 quidem,
2192 3744 2245 3798 in
2281 3743 2484 3812 quibus
2511 3743 2770 3798 Christus
2824 3743 3053 3808 residet,
3104 3742 3192 3798 his
3240 3760 3483 3800 consona

1906 3840 2035 3889 sunt
2073 3851 2085 3886 :
2120 3848 2248 3887 nam
2276 3831 2411 3887 illud
2446 3831 2751 3887 secundum
2792 3831 3086 3897 Joannem,
3117 3833 3483 3902 principalem

1907 3924 2053 3983 illam
2085 3930 2141 3977 et
2168 3922 2459 3994 gloriosam
2511 3919 2925 3992 generationem
2981 3934 3051 3974 ex
3083 3920 3247 3974 Patre
3310 3935 3485 3990 expo-

1907 4017 1989 4071 nit
2017 4033 2029 4069 :
2063 4037 2081 4067 ι
2103 4016 2162 4070 In
2187 4012 2462 4085 principio
2489 4020 2608 4067 erat
2627 4011 2879 4067 Verbum
2912 4013 2981 4066 ’9.
3012 4032 3031 4065 ›
3065 4011 3205 4066 Illud
3232 4027 3365 4067 vero
3395 4027 3484 4066 se-

1909 4107 2153 4163 cundum
2196 4106 2422 4169 Lucam,
2459 4116 2721 4174 tanquam
2774 4103 3137 4158 sacerdotalis
3196 4103 3423 4167 ordinis,
3451 4120 3484 4159 a

1909 4197 2171 4253 Zacharia
2204 4195 2489 4251 sacerdote
2532 4194 2821 4248 incensum
2865 4195 2975 4249 Deo
3043 4194 3301 4251 adolentc
3337 4196 3350 4227 ¹
3397 4196 3486 4250 in-

233 4305 471 4368 σιτευτδς
497 4301 852 4371 ἐτοιμάζεται
878 4301 1079 4372 μόσχος
1116 4299 1257 4370 ὑπὲρ
1286 4300 1386 4371 τῆς
1413 4300 1753 4373 ἀνευρέσεως
1773 4314 1795 4344 ε

1909 4290 2163 4346 choatur.
2193 4288 2417 4342 Sciebat
2453 4286 2604 4341 enim
2638 4285 2876 4343 vitulum
2907 4286 3215 4356 saginatum
3273 4303 3484 4359 pmpa-

232 4395 321 4449 τοῦ
343 4398 621 4467 ’νεωτέρου
665 4393 854 4458 παιδὸς
890 4392 1100 4464 μέλλων
1156 4392 1400 4447 θύεσθαι.
1434 4392 1507 4447 Τὺ
1561 4394 1618 4447 δὲ
1653 4394 1795 4448 κατὰ

1901 4382 2034 4446 rari,
2060 4395 2224 4451 quem
2248 4379 2319 4433 ob
2350 4379 2638 4433 inventum
2684 4379 2968 4450 juniorem
3009 4377 3183 4433 tilium
3232 4379 3487 4435 immola-

234 4486 505 4539 Ματθαίον
570 4484 672 4556 τὴν
763 4483 908 4538 κατὰ
966 4482 1259 4554 ἄνθρωπον
1320 4482 1484 4536 αὑτοῦ
1543 4484 1795 4554 γέννησιν

1901 4472 2012 4528 turi
2052 4478 2230 4526 erant.
2262 4469 2621 4539 Evangelium
2652 4470 2963 4525 secundum
3012 4469 3328 4525 Matthaeum
3377 4471 3484 4525 hu-

239 4576 489 4647 κηρύττει
514 4577 673 4646 λέγον
703 4592 720 4607 ⁸
763 4594 783 4628 ι
814 4575 1007 4638 Βίϐλος
1034 4575 1303 4644 γενέσεως
1337 4573 1513 4645 Ἰησοῦ
1540 4574 1795 4645 Χριστοῦ,

1901 4577 2117 4618 manam
2149 4562 2269 4631 ejus
2299 4560 2712 4631 generationem
2765 4559 3098 4614 annuntiat:
3136 4578 3154 4611 ι
3183 4558 3348 4614 Liber
3390 4574 3485 4630 ges

239 4663 351 4727 υἱοῦ
397 4665 581 4733 Δαϐὶδ,
618 4663 736 4719 υἱοῦ
778 4663 1046 4735 Ἀϐραάμ.
1080 4682 1101 4716 ι
1127 4662 1203 4716 Τὸ
1250 4661 1307 4717 δὲ
1354 4665 1496 4716 κατὰ
1554 4663 1795 4733 Μάρκον¹

1900 4654 2208 4711 nerationis
2227 4652 2358 4709 Jesu
2380 4651 2610 4717 Christi,
2634 4651 2730 4707 filii
2761 4652 2956 4715 David,
2979 4650 3077 4706 filii
3102 4651 3375 4705 Abraham
3399 4652 3439 4705 ’.
3463 4670 3482 4702 ι

238 4754 342 4811 ἀπὸ
392 4755 486 4816 τοῦ
542 4755 886 4828 προφητικοῦ
945 4754 1255 4825 πνεύματος
1283 4794 1299 4820 ,
1353 4752 1449 4807 τοῦ
1498 4753 1558 4821 ἐξ
1637 4754 1795 4825 ὕψους

1910 4746 2050 4803 lllud
2096 4744 2399 4802 secundum
2428 4744 2671 4800 Marcum
2713 4745 3004 4799 exordium
3037 4744 3274 4814 sumpsit
3305 4760 3335 4798 a
3359 4759 3490 4814 pro-

240 4846 474 4911 ὶπιὸντος
506 4850 620 4913 τοῖς
659 4846 968 4920 ἀνθρώποις
1007 4846 1109 4917 τὴν
1147 4845 1325 4916 ἀρχὴν
1370 4845 1687 4917 ἐποιήσατο,
1713 4846 1795 4899 λέ-

1911 4839 2133 4911 phetico
2162 4838 2384 4909 spiritu,
2423 4838 2517 4907 qui
2539 4853 2609 4891 ex
2630 4838 2740 4892 alto
2767 4837 3087 4893 hominibus
3125 4837 3487 4907 supervenit:
3521 4851 3523 4853 ‘

240 4955 328 5008 γον
355 4955 370 4971 ·
403 4938 422 4992 ι
471 4940 638 5013 Ἀρχὴ
674 4939 771 4994 τοῦ
816 4938 1148 5008 Εὐαγγελίου
1195 4936 1369 5009 Ἰησοῦ
1434 4939 1695 5010 Χριστοῦ,
1729 4937 1795 5002 ὡς

1917 4950 1936 4984 ι
1968 4930 2196 4986 Initium
2245 4928 2526 4999 Evangelii
2574 4928 2704 4984 Jcsu
2747 4928 2979 4995 Christi,
3035 4929 3181 4984 sicut
3218 4929 3490 4998 scriptum

239 5030 540 5103 γέγραπται
576 5034 636 5086 δν
674 5030 852 5103 ἰσαῖα
876 5030 955 5101 τῷ
984 5031 1264 5105 προφήτῃ.
1298 5049 1318 5084 ι
1353 5032 1464 5086 Καὶ
1490 5032 1654 5095 αὐτὸς
1677 5032 1736 5086 δὲ
1767 5032 1795 5085 ὁ

1908 5030 1996 5079 est
2036 5022 2093 5077 in
2136 5021 2275 5077 lsaia
2324 5020 2597 5090 propheta
2638 5019 2679 5073 ³.
2711 5039 2730 5072 ι
2767 5019 2912 5087 Quid
2957 5021 3107 5091 quod
3148 5021 3327 5092 ipsum
3389 5022 3487 5076 Dei

242 5121 404 5190 Λόγος
428 5123 523 5177 τοῦ
550 5123 687 5178 Θεοῦ
740 5126 854 5186 τοῖς
895 5123 994 5194 μὲν
1042 5122 1150 5193 πρὸ
1187 5120 1466 5186 Μωῠσὲως
1522 5123 1795 5192 πατριάρ‹

1912 5116 2153 5172 Verbum
2186 5113 2424 5185 gloriosa
2453 5128 2553 5168 sua
2580 5111 2869 5169 divinitate
2899 5115 3331 5169 conversabatur
3359 5130 3486 5169 cum

241 5226 379 5281 χαις,
410 5214 554 5269 κατὰ
581 5213 643 5269 τὸ
679 5212 868 5269 θεῖκὸν
897 5214 994 5267 καὶ⁵
1022 5212 1235 5278 ἔνδοξον
1290 5212 1471 5281 ὁμιλεῖ
1501 5213 1528 5254 b
1550 5228 1563 5242 ’
1592 5214 1705 5277 τοῖς
1745 5213 1795 5267 δὲ

1910 5205 2266 5281 patriarchis,
2307 5201 2403 5273 qui
2458 5201 2698 5273 Moysem
2727 5208 3171 5271 antecesserunt;
3213 5202 3322 5258 illis
3357 5216 3488 5256 vero

310 5347 353 5378 "
386 5345 543 5404 Rom.
574 5363 628 5414 v,
670 5348 755 5403 12.
831 5345 1069 5401 ⁹²1Τίιη.
1095 5361 1174 5410 ru,
1208 5345 1297 5399 15.
1373 5349 1442 5380 ³¹⁶
1480 5340 1679 5400 Ezécb.
1720 5362 1759 5409 ι,

1916 5412 1930 5414 ᾼ
1960 5342 2007 5377 ⁸³
2046 5342 2189 5414 Ρεθι.
2229 5355 2411 5414 XCVI!!!
2453 5339 2505 5414 i_.
2580 5338 2626 5373 ”
2664 5339 2805 5414 Psal.
2845 5356 3024 5414 sgmx,
3061 5341 3118 5395 2.
3158 5338 3486 5414 _"_Ezech.
3543 5378 3550 5383 -

248 5428 285 5478 Ι,
326 5415 405 5470 10.
472 5418 518 5450 ’⁸
559 5410 694 5474 ibid.
770 5416 816 5448 "
856 5416 993 5472 ibid.
1068 5417 1114 5449 "
1153 5415 1287 5471 ibid.
1363 5416 1408 5448 ”
1444 5415 1602 5470 Joan.
1643 5431 1682 5481 I,
1723 5416 1774 5469 1.

1910 5412 2045 5467 Luc.
2080 5428 2120 5475 ι,
2160 5412 2212 5467 5.
2288 5410 2307 5440 ¹
2350 5410 2539 5465 Matth.
2582 5425 2620 5474 ι,
2666 5412 2713 5466 l.
2790 5413 2811 5444 ³
2850 5412 3016 5467 M‘arc.
3060 5427 3101 5479 ι,
3151 5412 3201 5482 1,
3243 5410 3278 5465 2

1509 5548 1739 5605 ἾΑΒΙΕ
1778 5546 2179 5604 ΙιΕΟΤΙΟΝΙςΞ.

314 5648 334 5676 ¹
367 5643 591 5721 πρῶτον.
665 5654 694 5695 1
718 5658 821 5717 pro
850 5639 982 5706 ζῶον
1011 5643 1127 5715 lege
1166 5645 1382 5716 ὅμοιον-
1447 5655 1468 5681 ι
1495 5643 1789 5716 ἱερατικοῦ.
1866 5655 1889 5683 ι
1910 5638 2263 5710 ἀναιρέσεως.
2340 5640 2369 5680 1)
2393 5639 2608 5711 ὡμίλει.
