4082 6290
588 277 694 340 799

1801 286 1863 344 S.
1903 288 2303 352 ANASTASII
2347 294 2676 355 ΞΙΝΑῐΤίΕ

3751 298 3859 361 800

591 391 686 462 qui
730 389 834 446 sub
875 392 992 461 lege
1033 401 1210 456 erant,
1251 393 1649 450 sacerdotalem
1697 396 1973 463 ordinem,
2020 401 2171 471 leges

2294 424 2334 459 ιν
2362 407 2439 476 τῷ
2481 408 2652 477 νόμῳ,
2687 403 2974 477 ἱερατικὴν
3030 402 3184 468 τάξιν
3233 400 3484 472 ἀμένημε
3515 413 3563 456 ε.
3607 405 3759 458 Μετὰ
3795 401 3854 460 δὲ

593 491 653 536 et
705 482 957 537 instituta
981 483 1334 552 praescripsit.
1367 486 1638 557 Deinceps
1661 499 1941 560 assumpta
1974 492 2174 548 buma-

597 588 669 626 na
703 583 920 637 natura,
961 572 1200 642 Spiritus
1225 575 1399 630 sancti
1427 576 1572 632 dona
1605 579 1661 632 in
1706 580 2021 637 universam
2069 593 2178 638 ter-

599 675 715 714 ram
751 661 952 725 emisit,
976 661 1080 715 alis
1099 662 1214 716 suis
1238 678 1340 718 nos
1365 671 1555 734 tegens
1576 655 1964 740 et'protegens.
1988 671 2176 738 Qualis

597 752 767 821 igitur
795 759 879 804 est
898 753 1246 808 conversatio
1273 762 1330 809 et
1357 756 1498 810 ratio
1531 759 1727 827 agendi
1753 760 1877 815 Filii
1901 762 2021 828 Dei,
2052 762 2177 817 talis

594 851 682 897 est
714 851 771 896 et
798 843 1120 897 animalium
1157 843 1351 915 ﬁgura.
1395 846 1463 899 Et
1507 849 1684 916 qualis
1731 858 1815 906 est
1853 852 2177 908 animalium

597 933 830 1002 species,
870 933 995 988 talis
1023 935 1190 989 etiam
1233 944 1320 990 est
1366 937 1646 1008 Evangelii
1686 941 1997 997 character.
2030 944 2178 1010 Qua-

597 1023 883 1079 dril‘ormia
926 1024 1128 1096 quippe
1153 1027 1430 1092 animalia,
1460 1031 1833 1098 quadriforme
1874 1041 1964 1088 est
2005 1035 2176 1090 etiam

598 1117 978 1186 Evangelium,
1024 1125 1080 1172 et
1114 1119 1330 1173 Domini
1362 1123 1709 1176 conversatio
1744 1125 2054 1195 agendique
2093 1144 2180 1182 ra-
2227 1132 2236 1141 ‘

595 1205 696 1259 tio.
729 1205 1037 1276 Eapropter
1069 1218 1307 1276 quatuor
1353 1211 1684 1266 universalia
1721 1222 2048 1272 testamenta
2080 1217 2180 1272 ho-

598 1295 736 1349 mini
779 1295 906 1350 data
945 1306 1113 1351 sunt':
1151 1313 1320 1352 unum
1351 1299 1405 1353 in
1439 1316 1568 1355 arcu
1596 1303 1804 1358 caelesti
1836 1305 2178 1374 temporibus

597 1385 814 1440 Noetici
872 1385 1098 1454 diluvii;
1151 1388 1388 1443 alterum
1452 1389 1766 1446 Abrahamo
1811 1408 1909 1463 per
1961 1395 2179 1466 signum

597 1477 1080 1545 circumcisionis;
1110 1482 1332 1557 tertium
1354 1481 1458 1536 fuit
1476 1484 1746 1553 legislatio
1773 1500 1872 1555 per
1907 1486 2176 1558 Moysem;

599 1579 860 1639 quartum
904 1587 1004 1641 per
1047 1572 1402 1643 Evangelium
1445 1589 1476 1628 a
1523 1575 1758 1630 Domino
1811 1585 2006 1633 nostro
2053 1579 2181 1634 Jesu

606 1660 831 1716 Christo
875 1661 1207 1718 institutum.
1253 1663 1390 1719 Cum
1435 1667 1549 1722 haec
1580 1668 1653 1723 ita
1680 1684 1738 1724 se
1764 1671 2027 1737 habeant,
2055 1675 2182 1729 vani

2276 497 2451 551 ταῦτα
2504 498 2794 568 ἄνθρωπος
2847 496 3144 565 γενόμενος
3177 494 3276 562 τὴν
3322 493 3533 564 δωρεὰν
3561 495 3655 547 τοῦ
3696 498 3855 564 ἁγίου

2278 590 2598 659 Πνεύματος
2628 593 2709 654 είς
2746 592 2927 642 πᾶσαν
2957 586 3235 656 ἐξέπεμψε
3270 589 3371 655 τὴν
3403 586 3528 654 γῆν,
3568 590 3855 653 σκεπάξων

2276 681 2425 751 ἡμᾶς
2462 682 2584 743 ταῖς
2633 677 2826 732 ἑαυτοῦ
2866 675 3146 747 πτέρυξιν.
3185 675 3377 729 Ὀποία
3418 671 3510 730 οὖν
3541 673 3628 747 δή
3680 696 3856 749 πραγ.

2281 771 2480 842 ματεία
2506 770 2601 824 τοῦ
2626 769 2757 822 Υἱοῦ
2791 767 2885 822 τοῦ
2916 766 3075 834 Θεοῦ,
3112 767 3336 851 τοιαύτη
3367 769 3465 822 καὶ
3494 768 3603 821 τῶν
3630 769 3794 833 ’ζώων
3821 775 3851 841 ἡ

2281 866 2487 934 μορφὴ,
2520 864 2618 917 καὶ
2646 862 2807 916 ὁποία
2832 865 2865 933 ἡ
2892 862 2998 915 τῶν
3026 862 3183 926 ζώων
3206 862 3414 934 μορφὴ,
3446 864 3693 929 τοιοῦτος
3717 869 3811 920 καὶ
3831 870 3858 920 ὁ

2279 955 2566 1026 χαρακτὴρ
2615 953 2972 1022 Εὐαγγελίου.
3013 954 3387 1024 Τετράμορφα
3439 955 3549 1029 γὰρ
3601 958 3673 1012 τὰ
3720 957 3856 1022 ξῶα,

2277 1046 2656 1117 τετράμορφον
2688 1047 2783 1099 καὶ
2814 1044 2877 1098 τὸ
2907 1044 3264 1112 Εὐαγγέλιον,
3292 1045 3387 1098 καὶ
3423 1047 3455 1115 ἡ
3503 1049 3856 1116 πραγματεία

2277 1138 2372 1192 τοῦ
2404 1139 2632 1209 Κυρίου.
2680 1139 2792 1190 Καὶ
2817 1138 2908 1192 διὰ
2954 1135 3115 1190 τοῦτο
3140 1138 3409 1208 τέσσαρες
3439 1139 3704 1208 ἐδόθησαν
3734 1142 3858 1194 καθα

2278 1229 2458 1283 ολικαὶ
2486 1229 2746 1299 διαθῆκαι
2769 1232 2837 1300 τῇ
2875 1229 3274 1299 ἀνθρωπότητι·
3312 1230 3409 1300 μία
3439 1231 3539 1300 μὲν
3569 1232 3662 1284 τοῦ
3697 1250 3858 1286 κατα·

2280 1320 2521 1391 κλυσμοΰ
2549 1320 2641 1373 τοῦ
2669 1321 2794 1373 Νῶε
2825 1332 2871 1385 ε,
2903 1320 3000 1374 ἐπὶ
3023 1319 3119 1373 τοῦ
3149 1320 3308 1385 τόξου
3344 1337 3356 1350 ·
3411 1322 3642 1393 δευτέρα
3676 1324 3731 1375 δὲ
3766 1324 3853 1376 τοῦ

2293 1411 2562 1481 Ἀϐραὰμ,
2593 1411 2688 1464 ἐπὶ
2712 1409 2808 1464 τοῦ
2841 1411 3072 1480 σημείου
3098 1413 3200 1479 τῆς
3223 1414 3534 1484 περιτομῆς
3567 1433 3580 1446 ·
3615 1415 3778 1485 τρίτη
3801 1415 3852 1467 δὲ

2282 1504 2316 1574 ὴ
2349 1502 2449 1573 τῆς
2480 1502 2806 1572 νομοθεσίας
2835 1501 2926 1556 διά
2977 1503 3260 1567 Μωῦσέως
3295 1520 3308 1534 ·
3346 1505 3584 1575 τετάρτη
3616 1506 3672 1559 δὲ
3710 1508 3855 1576 ἡτοῦ

2284 1593 2641 1661 Εὐαγγελίου,
2673 1592 2760 1646 διὰ
2793 1591 2886 1646 τοῦ
2917 1592 3127 1665 Κυρίου
3155 1593 3319 1662 ήμῶν
3365 1594 3546 1664 Ἰησοῦ
3598 1596 3854 1666 Χριστοῦ.

2284 1683 2503 1738 Τούτων
2560 1684 2618 1738 δὲ
2675 1682 2848 1748 οὕτως
2903 1684 3164 1754 ἐχόντων,
3213 1685 3434 1755 μάταιοι
3498 1687 3702 1751 πάντες
3769 1689 3860 1742 καὶ

608 1768 857 1823 prorsus,
890 1753 1118 1820 indocti,
1155 1756 1290 1826 quin
1316 1758 1650 1816 et'audaces
1681 1771 1829 1830 sunt,
1857 1765 1952 1834 qui
1984 1773 2183 1821 statam

2294 1773 2540 1854 ἀμαθεῖς,
2572 1774 2800 1843 προσέτι
2829 1745 2886 1827 δὲ
2910 1745 3008 1828 λέξιι
3025 1745 3312 1844 τολμηροὶ,
3339 1776 3385 1828 οί
3415 1745 3739 1839 ἀθετοῦντες
3767 1776 3860 1847 τὴν

606 1843 887 1914 Evangelii
933 1844 1164 1900 formam
1200 1859 1588 1917 aspernantur,
1635 1861 1691 1907 et
1725 1869 1823 1908 seu
1855 1857 2043 1924 plures
2087 1873 2185 1912 seu

606 1935 896 2004 pauciores
957 1936 1380 2007 Evangeliorum
1432 1939 1602 1996 facies
1645 1944 2004 2002 introducunt
2052 1965 2064 2001 :
2104 1949 2184 2003 illi

607 2026 852 2096 quidem,
889 2037 950 2083 ut
988 2028 1283 2084 videantur
1313 2032 1468 2100 plura
1497 2050 1663 2104 quam
1699 2037 1906 2092 veritas
1933 2039 2074 2093 ferat
2105 2041 2189 2094 in-

609 2117 856 2184 venisse,
903 2119 990 2173 isti
1023 2135 1178 2187 vero,
1220 2131 1280 2176 ut
1329 2126 1695 2180 (nconomiam
1729 2136 1786 2181 et
1825 2128 2191 2198 dispensatio-

609 2225 734 2265 nem
775 2211 870 2266 Dci
916 2211 1222 2281 despicatui
1274 2215 1531 2271 habeant.

804 2339 965 2412 533
1009 2342 1078 2446 Ω
1101 2343 1474 2432 U/ESTI
1495 2342 1569 2434 O
1643 2346 1784 2436 CX
1809 2350 1992 2437 LV.

744 2487 882 2555 Quid
920 2498 995 2542 est
1041 2490 1404 2545 circumcisum
1449 2491 1658 2549 Domini
1698 2501 2012 2566 praeputium
2037 2503 2062 2553 ?

1199 2667 1465 2725 RESPON
1479 2667 1606 2727 SlO.

687 2755 979 2825 Exponant
1006 2755 1166 2812 nobis
1209 2773 1428 2828 quoque
1467 2759 1546 2813 illi
1585 2761 1679 2830 qui
1701 2761 1957 2828 obscura,
1993 2767 2197 2837 scripto

620 2861 733 2901 non
764 2845 985 2912 tradita,
1006 2857 1062 2902 et
1089 2847 1315 2903 silentio
1346 2848 1594 2905 involuta
1612 2854 1830 2909 curiose
1857 2865 2194 2923 scrutantur,

620 2953 723 2994 cur
751 2937 1004 2995 Christus
1048 2939 1270 2995 sublimi
1313 2941 1368 2996 in
1399 2943 1608 3012 stipite,
1649 2953 1706 2999 et
1743 2961 1852 3000 non
1900 2948 2004 3002 sub
2057 2957 2198 3006 tecto

624 3031 937 3088 immolatus
983 3032 1088 3088 sit?
1121 3032 1204 3088 An
1252 3049 1361 3089 non
1395 3034 1520 3088 ideo
1555 3052 1802 3105 prorsus,
1840 3049 1901 3093 ut
1939 3041 2082 3097 aeris
2107 3060 2200 3098 na—

623 3133 800 3180 turam
852 3125 1270 3181 sanctificaret?
1315 3126 1384 3181 Et
1444 3127 1607 3182 sicuti
1657 3129 2042 3189 immaculatus
2078 3137 2199 3206 ejus

623 3215 849 3283 sanguis
924 3231 1048 3270 cum
1105 3231 1267 3285 aqua,
1307 3225 1552 3288 tempore
1594 3223 1866 3289 passionis
1901 3224 1956 3277 in
1997 3224 2198 3280 terram

625 3304 932 3370 destillans,
988 3306 1240 3360 eamdem
1288 3307 1604 3375 inundavit;
1665 3311 1738 3366 ita
1782 3323 1838 3368 et
1895 3314 2199 3373 abscissum

624 3397 955 3466 praeputium
1002 3399 1357 3464 occultatum,
1415 3401 1595 3457 eidem
1652 3413 1809 3460 terra:
1852 3409 2198 3466 sanctitatem

626 3485 914 3554 impertiit.
947 3486 1185 3541 Omnino
1231 3498 1415 3545 autem
1459 3493 1638 3548 modis
1691 3510 1830 3564 quos
1884 3499 2036 3554 novit
2084 3501 2200 3570 ipse

622 3575 718 3644 qui
751 3577 1058 3631 voluntarie
1081 3577 1442 3635 circumcisus
1479 3592 1582 3648 est,
1619 3588 1946 3654 prteputium
1978 3606 2201 3649 conser-

625 3669 789 3733 vavit,
841 3679 902 3723 ut
948 3670 1080 3724 illud
1133 3673 1188 3726 in
1235 3675 1643 3730 resurrectione
1686 3691 1786 3731 sua
1835 3692 2142 3736 resumeret
2181 3699 2197 3738 :

621 3775 733 3829 quo
781 3768 842 3814 ut
873 3761 1214 3832 incorrupto,
1263 3765 1342 3820 sic
1388 3773 1446 3820 et
1496 3766 1730 3838 integro,
1776 3771 2067 3841 omnisque
2107 3774 2203 3829 de-

622 3853 800 3911 fectus
839 3866 1062 3926 experte
1097 3875 1326 3929 corpore
1358 3872 1636 3917 constaret
1666 3882 1676 3916 :
1707 3881 1830 3919 nam
1873 3875 1928 3922 et
1949 3879 2198 3926 nostrum

623 3961 829 4017 corpus
878 3948 934 4002 in
972 3951 1379 4007 resurrectione
1411 3955 1670 4010 omnibus
1700 3958 1953 4026 partibus
1981 3961 2201 4017 absolu-

626 4045 742 4090 tum
790 4039 916 4092 erit.

899 4171 1460 4274 QUIESTIO
1534 4179 1941 4271 CXLVI.

622 4309 854 4376 Quinam
893 4315 1106 4384 fuerunt
1145 4320 1226 4374 illi
1244 4339 1477 4397 quorum
1501 4331 1812 4397 sanguinem
1854 4331 2057 4386 Pilatus
2083 4351 2199 4389 cum

1115 4391 1388 4459 sacriﬁciis
1437 4391 1643 4451 miscuit
1693 4400 1749 4450 ‘1’

1216 4504 1610 4562 llESPONSIO.

692 4586 921 4653 Galilzci,
948 4589 1371 4659 qui.doctrinam
1395 4595 1545 4651 .ludaa
1572 4597 1777 4653 (ἱειιίιωί
1809 4604 2159 4660 sectabantur
2182 4648 2196 4671 ,

622 4681 781 4749 cujus
809 4681 970 4736 etiam
1002 4682 1178 4739 Lucas
1210 4685 1264 4738 in
1293 4688 1668 4755 apostolorum
1702 4692 1852 4768 Actis
1878 4698 2128 4753 meminit
2153 4703 2194 4758 ⁸.

624 4771 865 4824 Docebat
898 4784 1102 4839 autem,
1147 4783 1205 4830 ut
1235 4785 1289 4830 et
1329 4777 1602 4848 Iosephus
1627 4781 1681 4836 in
1725 4793 2005 4852 postremo
2031 4805 2198 4860 opere

621 4862 975 4918 Judaicarum
1051 4866 1457 4933 Antiquitatnm
1527 4879 1798 4941 testatur,
1862 4878 2198 4950 multiplices

624 4957 940 5024 phantasias
991 4970 1260 5028 praetextu
1315 4962 1534 5032 pietatis
1565 4975 1864 5035 eructans,
1919 4973 2196 5030 neminem

624 5061 693 5099 ne
746 5046 910 5101 labiis
957 5049 1179 5118 quidem
1219 5052 1377 5105 titulo
1427 5054 1625 5108 domini
1676 5057 2021 5115 afﬁciendum
2056 5080 2199 5132 esse,

624 5145 680 5189 ct
717 5138 823 5193 hoc
863 5156 1041 5210 neque
1092 5142 1338 5204 honoris.
1385 5162 1486 5200 nec
1531 5147 1808 5205 civilitatis
1838 5160 1892 5206 ct
1935 5153 2204 5211 decentia:

626 5231 819 5294 gratia.
853 5231 931 5286 Ex
969 5233 1171 5302 quibus
1201 5236 1379 5300 multi,
1426 5239 1574 5307 quod
1618 5239 1887 5296 Caesarem
1929 5245 2203 5300 dominum

628 5322 903 5388 appellare
947 5325 1340 5391 detrectarent,
1400 5330 1751 5399 gravissimas
1796 5350 1986 5402 pamas
2039 5339 2206 5392 susti-

631 5423 902 5478 nuerunt;
957 5419 1050 5485 qui
1103 5419 1267 5472 etiam
1313 5419 1586 5476 docebant
1632 5424 1898 5479 sacriﬁcia
1933 5429 2044 5482 Deo
2091 5439 2202 5484 non

703 5525 725 5557 ⁸
765 5528 895 5583 Luc.
980 5547 1074 5586 xm
1102 5571 1115 5595 ,
1202 5535 1249 5586 1.
1327 5537 1347 5567 ⁵
1392 5539 1510 5590 Act.
1553 5555 1604 5592 ν.
1648 5540 1736 5594 57.

2293 1865 2434 1918 ίδέαν
2464 1865 2557 1918 τοῦ
2589 1865 2948 1933 Εὑαγγελίου,
2991 1865 3085 1919 καὶ
3125 1865 3233 1918 εἴτε
3264 1866 3512 1930 πλείονα,
3546 1867 3656 1919 εἴτε
3706 1868 3859 1920 ἑλάτ·

2289 1974 2415 2010 τονα
2466 1957 2575 2009 τῶν
2627 1957 2937 2027 εἰρημένων
2983 1957 3458 2027 παρεισφέροντες
3509 1959 3861 2025 Εὑαγγε).ίων

2291 2048 2576 2118 πρόσωπα·
2609 2051 2671 2102 οἱ
2695 2050 2815 2118 μὲν,
2865 2048 2952 2102 ἵνα
3003 2048 3224 2102 πλείονα
3253 2049 3446 2115 δόξωσι
3481 2050 3582 2119 τῆς
3609 2051 3864 2120 ἀληθείας

2291 2141 2664 2211 ἐξευρηκέναι,
2684 2142 2732 2193 oi
2752 2139 2828 2206 δὲ,
2849 2139 2946 2204 τὰς
2969 2140 3276 2212 οἰκονομίας
3300 2141 3434 2197 Θεοῦ
3456 2139 3473 2178 ι
3508 2142 3863 2213 ἀθετήσωσιν.

2652 2347 3180 2436 ΕΡΩΤΗΣΙΣ
3235 2345 3500 2439 PME'.

2403 2484 2463 2538 Τί
2487 2485 2658 2538 ἐστιν
2682 2487 2717 2553 ἠ
2741 2487 3164 2609 περιτμηθεῖοὶα
3196 2487 3302 2541 τοῦ
3335 2489 3554 2555 Κυρίου
3585 2489 3766 2557 ἀκρο-

2957 2573 3105 2609 ουστ
3135 2574 3172 2609 a
3196 2574 3215 2609 :

2957 2573 3215 2622 warm;

2887 2669 3278 2722 ΑΠΟΚΡΙΣΙΣ.

2371 2762 2696 2816 Εἱπάτωσαν
2727 2763 2819 2817 καὶ
2843 2763 2977 2832 ἡμῖν
3006 2763 3055 2813 οἱ
3081 2761 3188 2815 τῶν
3219 2761 3450 2832 ἀδήλων,
3471 2764 3562 2816 καὶ
3588 2764 3885 2835 ἀγράφων,¹

2303 2854 2394 2906 καὶ
2422 2854 2852 2924 σεσιωπημὲνων
2886 2853 3401 2924 περιεργαζόμενοι,
3426 2855 3762 2936 τίνος-ἓνεκα
3795 2858 3874 2926 ἐφ’

2302 2946 2503 3014 ὑψηλοῦ
2557 2947 2650 2999 τοῦ
2699 2947 2874 3017 ίκρίου
2927 2945 3113 2999 θύεται
3173 2949 3552 3017 Χριστὸς,καὶ
3615 2952 3724 3022 οὐχ
3779 2952 3876 3006 ὑπὸ

2305 3039 2500 3107 στέγην
2536 3055 2550 3100 ;
2591 3039 2660 3090 Ἢ
2693 3037 2910 3100 πάντως
2946 3037 3032 3090 ἵνα
3057 3036 3149 3090 τοῦ
3180 3038 3346 3108 ἀέρος
3385 3040 3485 3111 τὴν
3512 3040 3677 3108 φύσιν
3714 3043 3873 3097 καθὰυ

2306 3141 2372 3195 ρη
2401 3143 2415 3191 ;
2449 3125 2558 3178 Καὶ
2599 3124 2789 3197 ὥσπερ
2837 3126 2899 3180 τὸ
2932 3127 3198 3198 ἄχραντον
3229 3129 3400 3182 αὑτοῦ
3438 3125 3579 3202 αἷμα
3607 3134 3753 3202 μετὰ
3787 3134 3876 3188 τοῦ

2303 3216 2494 3280 ὓδατος
2537 3219 2594 3272 ἐν
2643 3217 2721 3287 τῷ
2757 3217 2936 3289 καιρῷ
2973 3217 3066 3272 τοῦ
3094 3219 3301 3284 πάθους
3341 3222 3579 3293 ἐκάθηρε
3613 3224 3720 3295 τὴν
3753 3226 3876 3298 γῆν.

2303 3307 2504 3374 στάξαν
2543 3310 2602 3362 ὲν
2631 3309 2793 3380 αὐτῇ,
2823 3308 2969 3363 οὕτω
2998 3311 3092 3364 καὶ
3120 3311 3152 3381 ἡ
3187 3312 3592 3382 περιτμηθεῖσα
3639 3317 3878 3388 ἀκροϐυ-

2303 3399 2424 3452 στία
2463 3399 2858 3472 κατορυχθεῖσα
2879 3443 2893 3466 ,
2926 3400 3134 3471 ταύτην
3190 3401 3409 3472 ἠγίασε.
3447 3405 3674 3470 Πάντως
3705 3409 3762 3461 δὲ
3792 3410 3878 3462 καὶ

2300 3483 2382 3551 οἷς
2410 3485 2516 3541 οῐδε
2547 3488 2741 3556 λόγοις,
2777 3489 2806 3540 ὁ
2834 3488 3098 3552 ἑκουσίως
3133 3491 3496 3560 περιτμηθεὶς
3539 3493 3779 3562 ἐφύλαξε
3823 3497 3880 3548 τὸ

2301 3578 2656 3650 περιτμηθὲν,
2687 3579 2836 3642 ὅπως
2864 3578 3006 3632 κατά
3031 3579 3121 3632 τὸν
3151 3581 3341 3652 καιρὸν
3370 3584 3470 3652 τῆς
3525 3585 3876 3649 ἀναστάσεως

2301 3667 2487 3731 αὐτοῦ,
2521 3669 2614 3722 καὶ
2655 3669 2795 3721 κατά
2839 3667 3002 3721 τοῦτο
3054 3670 3357 3734 ἀνελλαπῶς
3395 3669 3534 3740 ἔχων
3583 3673 3723 3727 αὐτὸ
3752 3675 3878 3731 ἀνα-

2303 3761 2402 3829 στῇ
2431 3773 2442 3785 ·
2472 3758 2688 3828 πλήρης
2720 3759 2984 3829 ὑπάρχων
3017 3760 3112 3812 καὶ
3143 3760 3420 3830 ἄφθαρτος
3445 3762 3552 3832 ὅλῳ
3578 3763 3660 3833 τῷ
3697 3764 3879 3834 σώμα-

2302 3864 2354 3900 τι
2380 3865 2394 3879 ⁸
2429 3849 2524 3902 καλ⁵
2552 3849 2660 3920 γὰρ
2690 3849 2780 3901 καὶ
2820 3851 2980 3918 ἡμεῖς
3013 3851 3070 3903 ἐν
3099 3853 3166 3921 τῇ
3199 3850 3497 3906 ἀναστάσει
3522 3853 3583 3906 τὸ
3607 3855 3879 3928 ἡμέτερον

2305 3941 2465 4013 σῶμα
2501 3941 2702 4013 πλῆρες
2733 3940 3146 4012 ἀποληψόμεθα.

2639 4193 3169 4280 ΕΡΩΤΗΣΙΣ
3225 4191 3488 4291 ΡΜς’
3508 4259 3527 4277 .

2384 4333 2541 4397 Τίνες
2597 4332 2898 4402 ὑπῆρχον,
2928 4328 3016 4386 ὧν
3056 4333 3142 4402 ,τὸ
3184 4330 3330 4399 αἷμα
3397 4333 3516 4388 τῶν
3582 4335 3815 4390 θυσιῶν

2802 4403 3006 4472 ἔμιξεν
3034 4400 3067 4450 ὁ
3101 4404 3390 4471 Πιλάτος;

2887 4518 3280 4572 ΑΠὉΚΡΙΣΙΣ.

2377 4609 2439 4660 Οί
2477 4607 2770 4674 Γαλιλαῖοι,
2803 4608 2853 4659 oi.
2904 4607 3000 4662 καὶ
3058 4609 3171 4672 τοῖς
3211 4609 3476 4678 δόγμασιν
3524 4610 3881 4680 ἐξακολουθήο

2309 4714 2499 4761 σαντες
2560 4698 2729 4751 Ἰούδα.
2789 4698 2884 4751 τοῦ
2956 4698 3264 4764 Γαλιλαίου,
3317 4694 3378 4755 οὗ
3426 4700 3521 4754 καὶ
3570 4702 3791 4765 Λουκᾶς
3817 4703 3879 4754 ,ὲν

2307 4792 2430 4854 ταῖς
2514 4791 2754 4860 Πράξεσι
2817 4789 2926 4843 τῶν
2973 4791 3293 4845 ἀποστόλων
3349 4791 3647 4863 μέμνηται.
3682 4790 3790 4848 Ἤν
3827 4793 3880 4846 δὲ

2307 4879 2486 4951 δόγμα
2513 4881 2605 4934 τοῦ
2651 4881 2844 4947 Ἰούδα,
2874 4882 2950 4945 ὡς
2971 4883 3067 4938 καὶ
3117 4881 3380 4954 Ἰώσηπος
3433 4886 3494 4938 ὲν
3539 4887 3654 4948 τοῖς
3696 4886 3879 4940 τελευ-

2306 4973 2482 5037 ταίοις
2513 4973 3359 5046 τῆς’ῘουδαῖκῆςἌρχαιογονίας
3384 4986 3411 5026 ε
3437 4976 3606 5043 ἔδειξε
3628 5020 3645 5042 ,
3677 4993 3879 5047 φαντα-

2314 5065 2436 5132 σίαν
2465 5066 2808 5135 ἐξαγγέλλων
2835 5066 3038 5136 πολλὴν
3075 5068 3350 5138 προφάσει
3382 5068 3546 5138 δῆθεν
3577 5069 3878 5130 εὐσεϐείας,

2305 5156 2514 5224 κύριον
2545 5158 2602 5210 δὲ
2652 5157 2788 5227 μηδὲ
2838 5157 3000 5226 μέχρι
3053 5158 3326 5229 στόματος
3374 5159 3583 5227 ἔφασκε
3609 5161 3725 5215 δεῖν
3764 5176 3880 5216 τινα

2305 5247 2506 5315 λέγειν,
2543 5251 2681 5319 μήτε
2725 5248 2863 5302 κατά
2891 5249 3079 5319 τιμὴν,
3114 5252 3250 5320 μήτε
3276 5250 3418 5304 κατά
3473 5250 3876 5324 φιλοσωφροσύ-

2305 5354 2425 5406 νην.
2464 5338 2575 5390 Καὶ
2605 5337 2789 5391 πολλοὶ
2815 5354 2876 5404 γε
2911 5339 3090 5390 αὐτῶν
3125 5341 3253 5409 περὶ
3281 5339 3377 5392 τοῦ
3413 5341 3486 5412 μὴ
3525 5345 3708 5396 εἰπεῖν
3741 5340 3870 5394 Καί·

2310 5447 2452 5500 σαρα
2488 5432 2726 5499 κύριον,
2754 5430 3146 5500 χαλεπωτάτοις
3197 5431 3378 5502 αἰκίας
3449 5435 3750 5504 ὑπέμειναν
3782 5450 3797 5465 '
3831 5428 3876 5482 οἳ

1955 5611 2188 5668 VARI/I3
2221 5614 2622 5670 LECTIONES.

706 5691 1037 5760 εάπὲνειμί.
1117 5695 1250 5748 δοίά
1278 5697 1393 5750 οὖν.
1477 5701 1586 5766 θτῷ
1634 5703 1774 5756 Νῶε.
1864 5706 2155 5772 ίΧριστοῦ.

2242 5711 2266 5749 ε
2290 5709 2690 5780 ἀρχαιολογίας.
2757 5706 2767 5716 ’
