4082 6290
1525 231 1605 244 *ιο

286 316 390 380 θοι
681 349 773 377 καί.

1679 323 2192 397 QUIESTIONES.

3445 323 3550 388 802

286 429 382 479 καὶ⁵
409 425 715 492 ἐδίδασκον,
748 424 882 497 μηδὲ
916 425 1070 498 παρὰ
1112 428 1208 491 τὰς
1243 424 1677 496 διατεταγμένας
1709 432 1766 481 ἐν
1797 428 1875 499 τῷ

1980 443 2096 484 esse
2139 428 2425 485 oﬂ'erenda
2473 430 2578 486 nisi
2609 447 2676 486 cx
2734 434 3055 504 praescripto
3097 434 3233 506 legis
3275 434 3546 492 Mosaicae.

284 518 569 581 Μωῦσέως
611 518 764 589 νόμῳ
797 518 989 580 θυσίας
1035 519 1330 590 ἀναφέρειν
1360 521 1389 561 h
1425 519 1504 589 τῷ
1533 519 1672 590 Θεῷ.
1707 520 1873 575 Ὅθεν

285 608 434 681 ξκαὶ]
462 609 702 662 ἐκώλυον
725 610 824 673 τὰς
854 611 958 664 ὑπὸ
983 613 1077 681 τῆς
1102 612 1392 681 γερουσίας
1415 612 1509 665 τοῦ
1533 612 1665 666 λαοῦ
1693 631 1874 685 παρα-

287 698 578 770 δεδομένας
625 699 874 768 γίνεσθαι
929 703 1061 774 περὶ
1099 702 1201 770 τῆς
1246 702 1520 772 σωτηρίας
1570 702 1668 756 τοῦ
1718 703 1873 773 βασι-

283 788 425 852 λέως
481 790 578 844 καὶ
633 790 744 843 τῶν
786 791 1074 860 Ῥωμαίων
1120 791 1308 855 ἔθνους
1364 792 1575 856 θυσίας.
1631 795 1874 858 Εἰκότως

284 875 383 933 θῦν
425 881 518 934 ἐπὶ
560 882 770 946 τούτοις
804 881 1222 950 ἀγανακτοῦντα
1269 881 1408 952 πρὸς
1435 883 1754 948 Γαλιλαίους
1783 887 1874 939 τὸν

297 969 525 1023 Ἰιλάτον
569 971 827 1024 κελεῦσαι
860 973 876 1012 ἱ
915 973 1068 1043 παρὰ
1095 974 1218 1035 ταῖς
1249 971 1486 1037 θυσίαις,
1519 971 1608 1037 αἶς
1654 975 1876 1051 ἐδόκουν

1977 519 2326 591 Quapropter
2341 521 2610 576 sacriﬁcia
2629 539 2660 577 a
2677 535 2874 580 senatu
2891 542 2992 595 pro
3008 527 3182 582 salute
3206 528 3554 598 imperatoris

1975 621 2032 665 et
2073 613 2446 666 Romanorum
2498 614 2766 683 imperata
2803 617 3192 686 prohibebant.
3225 619 3354 674 Jure
3384 618 3554 689 igitur

1979 706 2188 762 Pilatus
2222 707 2294 761 ob
2323 697 2698 764 haec-Galilaeis
2723 725 3074 774 succensens,
3097 709 3261 780 jussit
3285 725 3382 764 eos
3409 709 3555 764 inter

1976 796 2264 862 sacriﬁcia,
2298 813 2420 867 quae
2460 798 2565 854 sibi
2601 799 2935 854 videbantur
2959 815 3027 854 ex
3054 799 3252 872 Moysis
3298 799 3552 854 instituto

1977 887 2201 954 oll‘erre,
2252 888 2540 955 trucidari,
2590 890 2664 944 ita
2718 899 2779 944 ut
2804 906 2932 945 cum
2968 890 3165 945 oblatis
3209 889 3402 946 hostiis
3429 905 3555 944 san-

1979 978 2102 1048 guis
2148 993 2371 1048 quoque
2411 978 2766 1034 oﬂ'erentium
2806 981 3150 1035 misceretur.

287 1062 435 1115 κατὰ
467 1061 559 1116 τὸν
587 1061 752 1133 νόμον
777 1062 1108 1133 ἀναφέρειν,
1141 1062 1534 1136 ἀναιρεθῆναι,
1565 1065 1706 1122 ὥστε
1737 1068 2106 1140 ἀναμιχθῆναι
2171 1071 2293 1134 ταῖς
2355 1071 2830 1143 προσφερομέναις
2866 1073 3080 1138 θυσίαις
3143 1072 3204 1128 τὸ
3267 1069 3407 1143 αἷμα
3445 1072 3553 1129 τῶν

292 1152 734 1226 προσφερόντων.

593 1274 1116 1362 ΕΡΩΤΗΣΙΣ
1166 1275 1441 1367 ΡΜΖ’.

292 1413 427 1480 Πῶς
458 1399 1013 1485 πᾶσαβλὰσίθημία
1060 1415 1426 1484 ἀφεθήσεται
1474 1416 1596 1482 τοῖς
1643 1417 1869 1485 ἀνθρώ-

363 1501 529 1550 auc;
561 1486 600 1553 ἡ
638 1484 706 1536 δὲ
738 1485 845 1538 τοῦ
878 1486 1229 1553 Πνεύματος
1253 1489 1364 1540 οὐκ
1392 1484 1796 1556 ἀφεθήσεταις

891 1597 1278 1653 ΔΠΟΚΡΙΣΙΣ.

367 1686 546 1739 Πολλά
574 1685 704 1757 γὰρ,
735 1687 890 1757 φησὶ,
925 1688 1047 1741 κατ’
1075 1688 1212 1757 ἐμοῦ
1235 1689 1518 1761 εἰρήκατε,
1559 1692 1640 1745 ὅτι
1675 1693 1876 1756 πλάνος

291 1779 412 1846 εἰμί
478 1778 573 1830 κα)⁸
632 1775 916 1841 ἀντίθεος.
972 1778 1160 1832 Ταῦτα
1215 1775 1311 1834 οῦν
1375 1799 1516 1853 φημι
1579 1785 1726 1853 ὑμῖν,
1775 1785 1874 1838 οὐκ

296 1874 550 1928 ἁπαιτῶν
602 1875 760 1944 δίκην
804 1876 967 1946 ὑμᾶς.
1002 1877 1185 1930 Ἔστω
1211 1875 1341 1947 γὰρ,
1369 1876 1490 1947 ἐμοὶ
1531 1875 1874 1946 παραπαίετε

291 1965 387 2017 διὰ
426 1964 528 2035 τὴν
576 1965 777 2036 σάρκα,
815 1967 880 2037 ἣν
921 1965 1248 2037 περίκειμαι
1281 1979 1298 1996 °
1325 1967 1414 2020 διὰ
1463 1967 1515 2020 τί
1560 1969 1654 2019 καὶ
1693 1968 1772 2029 είς
1814 1965 1877 2018 τὸ

294 2054 524 2122 Πνεῦμα
579 2055 640 2107 τὸ
690 2054 846 2122 ἅγιον
901 2057 1280 2128 ἀμαρτάνετε;
1317 2057 1409 2128 Μὴ
1454 2058 1564 2125 γὰρ
1603 2057 1697 2111 καὶ
1745 2058 1878 2127 περὶ

292 2147 464 2197 αὑτοῦ
504 2144 654 2215 ἔχετέ
685 2163 736 2198 τι
759 2148 956 2213 εἰπεῖν,
989 2149 1070 2202 ὅτι
1115 2148 1445 2219 Ἀγνοοῦμεν
1472 2149 1640 2214 αὑτό;
1684 2149 1782 2202 Διὰ
1813 2149 1876 2222 δὴ

290 2234 455 2288 τοῦτο
511 2235 606 2288 καὶ
661 2237 895 2290 ἐνταῦθα
956 2239 1382 2310 κολασθήσεσθε,
1417 2239 1508 2293 καὶ
1561 2240 1698 2292 ἐκεῖ.
1735 2241 1876 2294 Ὅσα

294 2325 400 2395 μὲν
435 2325 530 2380 οῦν
576 2327 1040 2400 ὲϐλασφημήσατε
1089 2332 1211 2383 κατ’
1245 2331 1402 2401 ἐμοῦ,
1435 2332 1592 2402 φησι,
1627 2332 1735 2402 πρὸ
1781 2331 1874 2384 τοῦ

292 2414 532 2478 πάθους,
564 2417 767 2486 ἀφίημι
813 2418 962 2488 ὑμῖν,
1013 2419 1107 2473 καὶ
1148 2420 1282 2472 αὐτὸ
1319 2420 1376 2473 δὲ
1418 2420 1513 2474 τοῦ
1548 2421 1786 2491 σταυροῦ
1814 2421 1876 2475 τὸ

289 2504 576 2575 τόλμημα.
610 2507 751 2560 Ὅσα
779 2507 835 2560 δὲ
869 2510 950 2570 είς
981 2509 1040 2560 τὸ
1066 2509 1293 2580 Πνεῦμα
1335 2509 1395 2563 τὸ
1426 2511 1582 2579 ἅγιον
1613 2513 1870 2582 ἁμαρτά-

292 2612 443 2661 νετε,
473 2598 568 2649 ἐὰν
609 2597 684 2667 μὴ
717 2600 1114 2668 μετανοήσητε,
1153 2603 1246 2653 καὶ
1293 2593 1397 2654 ὧδε
1445 2601 1873 2672 κολασθήσεσθε,

291 2686 396 2740 καὶ
428 2688 547 2739 ὲκεῑ
571 2705 585 2719 υ
615 2689 712 2740 καὶ
752 2688 857 2760 γὰρ
897 2691 944 2742 οἱ
997 2691 1099 2758 μὲν
1147 2689 1459 2761 ἀνθρώπων
1494 2694 1588 2746 καὶ
1641 2694 1876 2756 ἐνταῦθα

290 2775 646 2842 κολάζονται,
684 2779 777 2831 καὶ
833 2780 967 2843 ἐκεῖ,
995 2779 1072 2842 ὡς
1135 2779 1186 2832 οἱ
1240 2780 1549 2851 Σοδομῖται,
1577 2783 1673 2838 καὶ
1730 2779 1875 2840 οῦτοι

291 2867 474 2920 αὐτοί.
516 2869 627 2921 Καὶ
667 2868 774 2939 γὰρ
821 2868 913 2922 καὶ
959 2867 1198 2922 ἐνταῦθα
1248 2869 1460 2926 ἔδωκαν
1508 2872 1686 2944 δίκην,
1709 2876 1876 2945 ἡνίκα

290 2959 502 3014 επαθον
556 2959 626 3013 τὰ
683 2961 958 3031 ἀνήκεστα
1022 2961 1206 3014 ἐκεῖνα
1257 2961 1357 3032 τῆς
1423 2963 1632 3028 πόλεως
1696 2966 1877 3022 αὐτῶν

293 3052 543 3122 ἀλώσης,
575 3052 674 3105 καὶ
714 3055 832 3105 ἐκεῖ
861 3053 1256 3126 χαλεπωτάτην
1289 3056 1670 3127 ὑπομενοῦσιν.
1705 3060 1770 3113 Οί
1822 3060 1879 3115 δὲ

290 3146 422 3200 ἐκεῖ
469 3145 654 3214 μόνον,
683 3144 759 3207 ὡς
803 3145 830 3197 ὁ
866 3145 1142 3210 πλούσιος.
1189 3148 1253 3201 οι
1289 3147 1347 3202 δὲ
1389 3148 1627 3205 ἐνταῦθα
1693 3152 1877 3223 μόνον,

289 3239 381 3300 ὼς
410 3239 437 3289 ὁ
486 3236 880 3307 πεπορνευκὼς
932 3240 1083 3310 παρὰ
1151 3240 1497 3310 Κορινθίους.
1531 3245 1594 3297 Ol
1636 3243 1694 3298 δὲ
1754 3243 1880 3299 οὕτε

291 3326 561 3394 ἐνταῦθα,
593 3327 718 3382 οὔτε
770 3329 908 3395 ἐκεῖ,
939 3329 1016 3393 ὥς
1065 3347 1212 3396 τινες
1257 3333 1539 3404 προφῆται
1595 3335 1693 3389 καὶ
1739 3336 1878 3390 ἀπό-

293 3436 480 3475 στοΑοι
488 3460 501 3474 .

586 3537 912 3593 Βασιλείαν
939 3538 1008 3593 ἐκ
1052 3538 1171 3593 τῶν
1218 3539 1596 3610 Ἆσκητικῶν.
1705 3545 1711 3551 ’

390 3625 626 3690 Ἐκεῖνος
653 3626 971 3698 βλασφημεῖ
995 3629 1077 3691 είς
1103 3627 1162 3680 τὸ
1195 3627 1422 3698 Πνεῦμα
1447 3629 1509 3682 τὸ
1529 3628 1704 3697 ἅγιον,
1729 3630 1757 3683 ὁ
1782 3629 1880 3693 τὰς

292 3717 614 3786 ἐνεργείας,
643 3719 740 3772 καὶ
786 3719 914 3783 τοὺς
950 3721 1198 3790 καρποὺς
1234 3719 1331 3773 τοῦ
1364 3720 1520 3789 ἁγίου
1558 3720 1880 3791 Πνεύματος

289 3810 366 3865 τδ
389 3810 630 3867 ἐναντίον
656 3812 1032 3883 ἐπιφημίζων,
1057 3813 1195 3882 ὅπερ
1221 3813 1554 3883 πάσχουσινι
1591 3814 1638 3866 οί
1672 3812 1877 3879 πολλοὶ,

253 3947 256 3950 .
291 3899 396 3955 τὸν
450 3901 549 3972 μὲν
584 3903 874 3957 σπουδαῖον
915 3903 1178 3970 πολλάκις
1223 3904 1615 3976 ῥιψοκινδύνως
1667 3905 1880 3961 κενόδο-

293 3993 396 4059 ξον
431 3990 547 4063 [καὶ
588 3992 762 4066 νόθον]
789 3995 1187 4062 ἀποκαλοῦντες
1221 4012 1234 4026 ·
1277 3996 1369 4050 τὸν
1397 3996 1451 4051 δὲ
1482 3996 1646 4068 ζῆλον
1675 3997 1881 4068 ἀγαθὸν

289 4083 786 4155 ἐπιδεικνύμενον,
845 4086 1101 4158 ὀργίλον,
1155 4087 1250 4142 καὶ
1308 4087 1478 4142 πολλὰ
1537 4088 1767 4145 τοιαῦτα
1821 4093 1879 4145 ὲν

291 4176 580 4238 ὑπονοίαις
614 4177 1083 4248 καταψευδόμεθα.

311 4310 380 4396 7
640 4319 1170 4408 ΕΡΩΤΗΣΙΣ
1216 4326 1493 4411 ΡΜΗ’.

296 4445 490 4536 Πιῖξςῃ
511 4450 795 4536 render"
816 4453 849 4505 ὃ
897 4451 1078 4536 ,εἶπεν
1133 4461 1164 4510 ό
1223 4459 1446 4536 βύθιος
1475 4476 1488 4490 ·
1524 4479 1543 4512 ι
1598 4461 1739 4516 Ἐὰν
1771 4463 1874 4536 μὴ

361 4518 640 4602 dabitita,
673 4525 719 4601 ὀ.
745 4525 1285 4602 Παρᾴξιλητοςῌοὺκ
1307 4518 1666 4602 ἓλεῦσεταιξ
1705 4550 1723 4582 ›

371 4587 442 4667 ᾷὲ
472 4589 536 4640 τὸ
565 4591 809 4667 [ζνεῦμα
833 4587 1048 4648 δίδωσι
1083 4587 1209 4661 τοῖς
1244 4597 1614 4667 ἀποστόλοις
1636 4601 1733 4656 διὰ
1765 4587 1870 4658 ἑοῦ

369 4657 800 4729 ἐμφυσήμαέος
825 4678 846 4726 ;

900 4775 1290 4834 ΑΠΟΚΡΙΣΙΣ.

370 4861 474 4916 Διὰ
523 4863 623 4932 μὲν
674 4863 767 4919 τοῦ
809 4868 1208 4940 ὲμφυσήματος
1273 4868 1525 4936 ἐξουσίαν
1568 4877 1662 4929 καὶ
1717 4857 1897 4948 χάριν

288 4953 682 5025 πνευματικὴν
723 4957 953 5029 παρέχει
988 4959 1170 5023 αὐτοῖς
1195 4963 1330 5032 πρὸς
1356 4963 1418 5016 τὸ
1446 4965 1666 5034 ἀφιέναι
1697 4969 1880 5041 ἁμαρ-

287 5046 522 5116 τήματα
551 5063 565 5076 ·
607 5049 804 5118 ἐπάγει
829 5052 960 5122 γὰρ,
1000 5070 1020 5103 ι
1052 5054 1153 5106 Ἀν
1182 5071 1345 5110 τινων
1375 5056 1548 5126 ἀφῆτε
1577 5059 1676 5123 τὰς
1696 5061 1880 5133 ἁμαρ-

286 5135 444 5198 τίας,
493 5137 747 5205 ἀφίενται
772 5157 787 5172 ο
819 5142 887 5196 ἄν
922 5159 1088 5196 τινων
1137 5145 1401 5216 κρατῆτε,
1434 5149 1822 5219 κεκράτηνται.
1857 5172 1876 5205 ›

287 5225 402 5279 Διά
425 5224 481 5278 δὲ
509 5227 609 5298 τῆς
638 5231 1040 5303 ὲπιφοιτήσεως
1073 5235 1174 5304 τῆς
1201 5237 1261 5288 ἐν
1284 5239 1350 5308 τῇ
1382 5238 1757 5314 Πεντηκοστῇ,
1778 5245 1879 5316 τὴν

285 5316 396 5369 τοῦ
429 5317 805 5391 βαπτίσματος
838 5323 1008 5377 αὑτοῦ
1040 5326 1222 5396 χάριν,
1251 5329 1347 5380 καὶ
1373 5329 1472 5402 τὴν
1499 5331 1609 5386 τῶν
1636 5337 1881 5406 σημείων

1905 2926 1952 2990 C

1908 4273 1956 4330 D

2215 1246 2779 1392 QUIESTIO
2852 1292 3324 1382 CXLVII.

1981 1435 2450 1508 Quomodoomnis
2489 1438 2816 1508 blasphemia
2868 1441 3163 1492 remittetur
3208 1439 3500 1492 hominibus
3528 1440 3553 1492 2

2014 1523 2131 1576 qua:
2153 1523 2272 1561 vero
2296 1509 2349 1559 in
2369 1506 2624 1576 Spiritum
2642 1521 2886 1562 sanctum
2913 1517 3009 1574 est,
3031 1525 3135 1562 non
3154 1510 3447 1561 remittetur
3463 1511 3518 1562 “‘l
3579 1563 3582 1566 .

2569 1621 2967 1678 RESPONSIO.

2048 1709 2236 1775 Multa,
2283 1710 2464 1780 inquit
2512 1712 2798 1777 Dominus,
2849 1721 3039 1768 contra
3062 1727 3151 1766 me
3200 1712 3438 1776 dixistis,
3470 1721 3548 1777 ut,

1978 1816 2064 1856 me
2091 1817 2213 1856 esse
2253 1801 2624 1869 seductorem,
2651 1814 2706 1859 et
2742 1805 2854 1858 Deo
2879 1805 3243 1857 contrarium.
3277 1804 3402 1858 Ilaec
3427 1804 3554 1858 dico

1976 1893 2154 1956 vobis,
2175 1892 2338 1964 434.
2360 1909 2471 1948 non
2511 1903 2776 1963 appetens
2803 1893 3090 1949 ultionem.
3121 1894 3253 1949 Esto
3287 1894 3458 1958 enim,
3495 1895 3552 1948 in
3618 1899 3620 1902 ’

1977 1998 2066 2036 me
2111 1982 2472 2052 impegeritis,
2505 1995 2730 2054 propter
2765 1999 2986 2038 carnem
3020 2000 3126 2054 qua
3155 1984 3380 2038 indutus
3408 2000 3550 2046 sum,

1977 2088 2086 2142 qua
2121 2073 2189 2127 de
2232 2089 2397 2128 causa
2435 2075 2489 2128 in
2525 2075 2704 2145 ipsum
2753 2089 2973 2145 quoque
3005 2075 3268 2145 Spiritum
3301 2086 3551 2138 sanctum

1978 2163 2344 2233 delinquitis?
2372 2164 2490 2219 Non
2525 2165 2672 2220 enim
2699 2165 2884 2221 dicere
2925 2167 3158 2235 potestis
3183 2183 3309 2223 eum
3341 2185 3370 2223 a
3396 2169 3554 2224 vobis

1979 2255 2239 2325 ignorari.
2285 2256 2556 2323 Quocirca
2600 2266 2656 2313 et
2707 2259 2799 2313 hic
2834 2267 2891 2314 et
2918 2258 3031 2313 illic
3060 2260 3385 2329 puniemini.
3423 2260 3554 2326 Quae
3664 2270 3678 2340 ί

1977 2357 2173 2402 contra
2215 2363 2302 2403 me
2343 2348 2792 2420 blasphemastis,
2841 2350 3041 2420 inquit,
3063 2338 3190 2406 ante
3219 2353 3550 2422 passionem,

1978 2439 2232 2494 condono
2272 2439 2454 2505 vobis,
2511 2440 2692 2511 ipsum
2739 2457 2958 2511 quoque
3003 2443 3184 2499 crucis
3219 2426 3553 2514 supplicium
3647 2429 3652 2434 ’

1977 2543 2088 2597 quo
2129 2544 2216 2584 me
2276 2530 2558 2586 aﬂecistis.
2607 2533 2677 2585 At
2716 2532 2914 2588 delicta
2959 2542 3139 2588 vestra
3188 2535 3244 2589 in
3285 2535 3553 2605 Spiritum

1977 2629 2251 2688 sanctum,
2298 2623 2404 2679 nisi
2457 2625 2820 2695 resipiscatis,
2877 2634 2936 2681 et
2983 2627 3074 2682 hic
3115 2635 3173 2682 et
3220 2628 3296 2682 ibi
3346 2629 3550 2695 luetis;

1978 2727 2104 2767 nam
2140 2723 2196 2768 et
2241 2730 2311 2770 ex
2340 2715 2660 2772 hominibus
2690 2717 2913 2787 quidam
2946 2718 3038 2773 bic
3081 2727 3138 2773 et
3183 2718 3297 2774 illic
3338 2721 3553 2790 suppli-

1978 2803 2082 2858 ciis
2120 2813 2454 2872 mactantur,
2489 2816 2550 2861 ut
2595 2805 2912 2873 Sodomita,
2961 2815 3018 2862 et
3044 2807 3133 2862 isti
3166 2808 3308 2878 ipsi;
3344 2825 3468 2864 nam
3497 2819 3556 2865 et

1979 2893 2072 2949 hic
2132 2893 2685 2966 dederunt‘poenas,
2747 2898 2968 2966 quando
3018 2907 3262 2954 extrema
3323 2917 3555 2971 quaeque

1981 2986 2229 3057 perpessi
2279 2996 2428 3053 sunt,
2461 2998 2620 3058 capta
2660 2976 2854 3044 eorum
2884 2990 3123 3056 civitate,
3154 3001 3209 3047 et
3245 2992 3319 3047 ibi
3351 2993 3558 3062 gravis-

1981 3077 2121 3132 sima
2142 3079 2411 3149 supplicia
2442 3080 2744 3148 subibunt;
2773 3081 2868 3137 alii
2894 3097 3029 3136 vero
3059 3081 3136 3137 ibi
3184 3083 3382 3148 solum,
3413 3084 3557 3140 sicut

1982 3169 2138 3226 dives
2164 3170 2256 3225 ille
2291 3171 2458 3241 epulo
2490 3173 2532 3226 7.
2568 3172 2678 3228 Alii
2715 3173 2807 3229 hic
2840 3175 3042 3241 solum,
3075 3175 3219 3230 sicut
3255 3174 3558 3231 fornicator

1984 3261 2076 3315 ille
2119 3261 2265 3331 apud
2294 3261 2613 3318 Corinthios
2648 3265 2689 3321 ³.
2720 3266 2825 3322 Alii
2864 3281 3046 3335 neque
3090 3265 3202 3331 hic,
3231 3281 3410 3335 neque
3449 3267 3556 3333 ibi;

1981 3352 2442 3420 quemadmodum
2477 3354 2763 3425 propheta:
2802 3364 2860 3412 et
2909 3357 3166 3426 apostoli.

2357 3551 2541 3608 Sancti
2584 3554 2775 3610 Basilii
2815 3572 2877 3609 ea:
2921 3556 3188 3613 Asceticis.

2056 3641 2150 3696 Ille
2199 3643 2549 3712 blasphemat
2581 3648 2637 3700 in
2687 3647 2953 3717 Spiritum
2997 3656 3270 3715 sanetum,
3301 3649 3393 3719 qui
3425 3665 3559 3720 ope-

1982 3733 2227 3788 rationes
2247 3743 2304 3788 et
2331 3735 2546 3791 fructus
2577 3739 2752 3793 sancti
2784 3739 3024 3808 Spiritus
3057 3742 3351 3796 contrariis
3379 3744 3529 3796 nomi

1979 3824 2146 3880 nibus
2195 3825 2392 3892 allicit;
2426 3836 2487 3881 ut
2534 3812 2734 3884 accidit
2767 3831 2876 3885 illis
2912 3833 3005 3900 qui
3058 3832 3307 3886 sedulum
3352 3841 3406 3886 et
3437 3843 3526 3888 stu

1980 3906 2204 3972 diosum
2229 3917 2584 3974 ambitiosum
2612 3930 2669 3975 et
2687 3923 2933 3992 spurium
2960 3922 3224 3977 audacter
3242 3923 3555 3988 nominant,

1965 4006 2136 4065 illum
2163 4024 2296 4064 vero
2318 4009 2413 4081 qui
2440 4011 2586 4065 bono
2627 4012 2745 4068 zelo
2774 4013 3041 4084 praeditus
3076 4024 3178 4080 est,
3205 4015 3552 4081 iracundum,

1981 4106 2039 4154 et
2083 4099 2178 4169 qui
2210 4099 2382 4155 multa
2417 4101 2524 4156 alia
2564 4101 2730 4174 hujus
2762 4105 2979 4175 generis
3006 4105 3172 4160 tacito
3200 4104 3302 4160 sub
3329 4115 3553 4176 pectore

1980 4190 2231 4246 volvunt.

2209 4325 2766 4429 QUIESTIO
2839 4328 3354 4418 CXLVIII.

1990 4467 2262 4545 Quomodo
2291 4472 2704 4545 jntelligendum
2759 4477 2894 4531 illud
2945 4477 3157 4533 Domini
3207 4497 3226 4533 :
3294 4479 3397 4535 «Si
3451 4501 3558 4538 non

2057 4541 2256 4622 abiero,
2283 4541 2593 4599 Ραναείὲιαδ
2623 4563 2726 4600 non
2756 4549 2920 4622 ueniet
2952 4550 3002 4615 9;
3033 4570 3051 4601 ι
3083 4567 3201 4603 cum
3229 4559 3406 4604 tamen
3437 4553 3558 4622 Spi-

2058 4611 2221 4694 ritum
2270 4624 2513 4720 s’anctum
2571 4617 2819 4688 apostolis
2861 4611 3406 4692 'per'insuﬂlationem
3457 4611 3558 4677 im-

2058 4691 2250 4720 nor-tant

2054 4691 2250 4750 pertiat
2274 4691 2286 4736 Ξ

2575 4803 2977 4860 RESPONSIO.

2055 4891 2160 4945 Per
2215 4892 2639 4950 insuﬂlationem
2697 4899 2906 4966 praebet
2953 4899 3062 4955 illis
3121 4909 3449 4971 potestatem
3504 4913 3561 4957 et

1984 4982 2214 5051 gratiam
2237 4984 2576 5053 spiritualem
2599 4989 2911 5043 remittendi
2939 5002 3190 5060 peccata:
3209 4992 3360 5047 addit
3379 4992 3522 5047 enim
3545 5011 3556 5044 :

1988 5090 2007 5122 ‹
2043 5073 2288 5139 Quorum
2360 5078 2685 5134 remiseritis
2735 5092 2994 5150 peccata,
3050 5086 3447 5151 rcmittentur;
3505 5097 3560 5139 et

1981 5177 2218 5232 quorum
2269 5167 2634 5234 retinueritis,
2676 5179 2887 5226 retenta
2921 5160 3086 5230 erunt
3127 5174 3186 5228 ".
3223 5196 3240 5226 ι
3309 5176 3413 5230 Per
3461 5176 3559 5230 de-

1984 5268 2236 5311 scensum
2293 5274 2426 5313 vero
2475 5261 2528 5314 in
2561 5260 2884 5331 Pentecoste
2934 5267 3167 5336 gratiam
3219 5267 3562 5338 baptismatis

1981 5354 2039 5400 et
2093 5348 2368 5418 signorum
2397 5354 2778 5422 operationem
2807 5355 2914 5411 illis
2939 5357 3166 5429 largitus
3191 5369 3273 5415 est
3306 5362 3374 5416 “.
3403 5359 3559 5419 Unde

371 5459 392 5490 ‘
434 5456 570 5516 Luc.
617 5477 708 5527 ιιι,
763 5464 848 5519 Io.
927 5461 1121 5521 "Luc.
1163 5484 1272 5523 xw.
1347 5470 1368 5502 ⁸
1409 5470 1430 5524 l
1470 5471 1597 5528 Cor.
1641 5492 1688 5531 ν.
1769 5481 1790 5512 ⁹
1825 5481 1876 5538 Jc

1980 5527 1983 5538 .
2021 5501 2128 5551 ιιι-ι,
2169 5490 2220 5542 7.
2303 5492 2344 5524 ¹⁰
2381 5493 2539 5554 Joan.
2584 5511 2672 5558 xx.
2712 5494 2801 5550 25.
2882 5497 2920 5529 ¹¹
2960 5497 3080 5554 Act.
3120 5515 3175 5554 ιι.
3217 5499 3310 5556 .ιὶ

1566 5616 1800 5674 mum
1843 5601 2240 5684 LECTIOS‘ES.

370 5691 398 5731 δ
422 5690 813 5766 ἀναφέρεσθαι.
901 5695 914 5736 ί
948 5697 1303 5755 κελεύσαντα.
1385 5703 1398 5753 i
1430 5705 1731 5780 πάσχομεν.
