3996 6296
255 267 358 327 805

1588 223 1596 230 ’
1631 253 2142 330 QU‘IE-STIONES.

3400 252 3512 314 ,εδδ

255 379 414 433 σολον
471 377 640 450 ἄνδρα
692 375 914 448 ἔχουσα,
969 379 1063 431 καὶ
1119 375 1260 448 [ὼς]
1315 372 1692 444 ἀπορρίψασα,
1737 369 1835 424 και

1958 386 2025 425 na
2053 371 2154 423 sub
2188 376 2521 438 potestatem
2543 369 2785 436 redacta,
2816 371 2906 425 cui
2940 371 3236 440 aliquando
3261 371 3517 430 diabolus

255 471 494 543 Χριστὸν
524 469 1008 542 ἐνστερνισαμένη,
1033 471 1180 539 χήρα
1213 467 1474 537 τυγχάνει
1493 481 1506 496 ·
1543 466 1636 518 καὶ
1664 463 1835 516 δεῖται

256 563 383 617 καθ’
413 561 652 632 ἑκάστην
679 562 899 632 ἡμέραν
933 563 1025 614 καὶ
1069 563 1242 614 νύκτα
1269 559 1364 612 τοῦ
1400 555 1615 629 κριτοῦ,
1647 555 1838 624 λέγου-

260 671 352 707 σαο
392 671 411 704 ι
444 651 765 722 Ἐκδίκησόν
813 667 879 722 με
931 651 1038 704 ἀπὸ
1069 650 1162 704 τοῦ
1209 647 1485 703 ἀντιδίκου
1538 664 1706 717 μου.)
1742 645 1840 708 Τίς

256 745 316 800 δέ
341 747 492 798 ἐστιν
521 744 548 796 6
577 742 871 806 ἀντίδικος,
892 741 1016 796 καθ’
1047 733 1109 794 οὗ
1150 740 1553 809 ἐντυγχάνομεν
1583 737 1837 799 πάντοτε,

261 835 470 906 λεγέτω
504 835 714 904 Πέτρος
739 851 754 866 ο
795 853 813 885 ι
843 834 1070 897 Τεκνία,
1118 833 1471 905 γρηγορεῖτε,
1501 831 1582 883 ὅτι
1631 830 1659 880 6
1701 827 1843 882 ἀντί-

261 928 410 989 δικος
449 924 599 996 ὑμῶν
628 926 656 978 6
686 923 956 987 διάϐολος,
984 923 1058 987 ὡς
1095 922 1233 976 λέων
1262 921 1567 992 ὠρυόμενος
1601 935 1841 989 περιπα-

260 1021 367 1081 τεῖ,
403 1015 585 1086 ζητῶν
614 1013 739 1067 τίνα
788 1013 1038 1084 καταπίῃ
1060 1024 1115 1052 ι·
1158 1029 1176 1062 ι
1279 1011 1566 1078 ἀντιστητε
1629 1007 1843 1076 στερεοὶ

263 1111 331 1178 τῇ
370 1107 574 1160 πίστει.
608 1124 626 1158 ι
666 1105 732 1158 Τί
771 1105 826 1158 δὲ
861 1101 1017 1158 εἶπεν
1071 1105 1099 1157 6
1153 1103 1384 1174 κριτήςς
1441 1119 1460 1153 ‹
1487 1102 1550 1154 El
1603 1101 1704 1154 καὶ
1750 1100 1842 1153 τὸν

265 1201 398 1254 Θεὸν
455 1199 517 1252 οὗ
578 1197 875 1268 φοϐοῦμαι,
937 1195 1063 1248 οὒτε
1130 1192 1415 1261 ἄνθρωπον
1465 1191 1840 1260 ἐντρέπομαι·

267 1291 387 1345 ἀλλ’
419 1285 514 1343 οὖν
544 1306 608 1357 γε
643 1287 887 1351 ἀναστὰς
919 1285 1196 1354 ἐκδικήσω
1225 1282 1417 1347 αὐτὴν,
1447 1282 1534 1336 ἴνα
1571 1279 1647 1351 μὴ
1686 1283 1845 1350 ἐρχο-

271 1383 408 1454 μένη
435 1381 733 1450 ὑπωπιάζῃ
765 1397 852 1448 με.
875 1398 893 1430 ι
931 1379 1042 1431 Καὶ
1072 1376 1327 1446 ἐπιφέρει
1359 1377 1388 1428 6
1421 1373 1625 1444 Κύριος
1648 1372 1842 1439 λέγων’

275 1494 295 1527 ς
325 1473 593 1536 Ἀκούεις,
637 1472 692 1524 τί
721 1471 870 1539 λέγει
913 1473 941 1523 6
969 1469 1170 1540 κριτής
1195 1469 1293 1536 τῆς
1316 1465 1549 1528 ἀδικίας,
1585 1483 1602 1515 ι
1647 1463 1740 1515 καὶ
1785 1461 1846 1514 οὐ

269 1564 656 1634 δικαιοσύνης;
690 1564 902 1633 Κριτής
930 1563 1080 1614 ἐστιν
1124 1559 1348 1623 ἀδίκων,
1388 1574 1404 1607 ι
1430 1554 1666 1608 Δικαίων
1685 1553 1711 1592 b
1739 1552 1848 1623 γὰρ

271 1660 436 1730 νόμος
469 1657 529 1710 οὐ
553 1657 756 1710 κεῖται.
785 1672 802 1704 ι

660 1817 1014 1902 ΕΡΩἸἮ
1027 1815 1193 1900 ΣΙΣ
1247 1815 1426 1899 PN'.

274 1954 407 2021 Πῶς
432 1953 702 2021 ιλόητέον·
740 1971 758 2002 ι
783 1953 844 2005 Ὀ
861 1950 1287 2021 ἔχωνιμάτιον,
1311 1944 1652 2013 πωλησάτω
1681 1941 1850 2006 αὐτὸ,

617 2022 713 2076 καὶ
742 2018 1094 2092 ἀγορασάτω
1115 2018 1451 2089 μάχαιραν;
1480 2037 1498 2067 ι
1532 2093 1539 2101 ι

870 2132 1259 2186 ΑΠΟΚΡΙΣῘΣ.

349 2253 461 2320 Τὴν
517 2249 636 2302 κατ’
685 2245 851 2300 αὑτοῦ
893 2245 1082 2314 ἔφοδον
1125 2244 1234 2297 τῶν
1275 2241 1544 2297 Ἰουδαίων
1590 2237 1858 2311 γνωρίσαι

275 2345 388 2404 τοῖς
447 2337 766 2400 ἀποστόλοις
796 2337 825 2388 6
870 2336 1078 2406 Κύριος
1112 2334 1457 2406 βουλόμενος,
1504 2331 1572 2384 δι’
1605 2331 1856 2398 αἰνίγμα-

174 2468 180 2472 -
277 2451 370 2496 τος
400 2432 498 2502 τῆς
534 2429 810 2503 μαχαίρας
849 2428 1141 2499 ἐδήλωσεν.
1185 2424 1374 2478 Εἰπὼν
1409 2424 1539 2493 γὰρ,
1576 2440 1594 2473 t
1631 2423 1861 2492 Ἀγοραο

281 2526 430 2580 σάτω
455 2524 763 2594 μάχαιραν,
794 2541 813 2574 ι
845 2523 1126 2589 ἐπήγαγεν
1150 2537 1164 2550 ·
1215 2539 1232 2570 ι
1263 2517 1386 2570 Ὅτι
1406 2517 1487 2568 δεῖ
1508 2515 1578 2567 τά
1610 2530 1860 2584 γεγραμ-

281 2617 422 2688 μένα
461 2617 591 2686 περὶ
637 2613 772 2683 ἐμοῦ
807 2612 1147 2682 τελεσθῆναι,
1186 2610 1268 2663 ὅτι
1304 2608 1459 2662 Μετά
1491 2607 1710 2676 ἀνόμων
1743 2605 1863 2657 ἐλο-

280 2709 468 2779 γίσθη.
501 2727 520 2761 ι
577 2704 724 2760 Ὀὔτε
763 2701 856 2760 οὖν
904 2704 1129 2766 τελείως
1171 2700 1624 2774 παρεσιὼπησεν,
1657 2698 1744 2750 ἵνα
1788 2697 1863 2768 μὴ

279 2805 346 2872 τῇ
377 2799 549 2872 ἀθρόᾳ
601 2797 774 2869 ἐφόδῳ
821 2795 1198 2866 ταραχθῶσιν,
1244 2792 1368 2846 οὔτε
1423 2791 1588 2844 πάλιν
1644 2787 1864 2850 τελείως

283 2892 606 2963 ἐγνώρισεν,
641 2891 726 2944 ἵνα
758 2889 835 2960 μὴ
865 2887 1036 2958 δειλίᾳ
1070 2888 1178 2940 τινὶ
1201 2883 1637 2954 κατασχεθῶσιν.
1673 2880 1866 2934 Εἰπόν-

281 3000 394 3036 των
430 2981 486 3034 δὲ
523 2979 632 3033 τῶν
676 2977 972 3049 μαθητῶν·
1009 2993 1027 3027 t
1067 2974 1198 3027 Ἰδοὺ
1240 2968 1342 3028 ὧδε
1380 2971 1648 3042 μάχαιραι
1697 2967 1810 3033 δύο,
1840 2985 1857 3017 ι

1937 463 2172 515 maritus
2214 469 2354 523 erat,
2397 469 2452 514 et
2483 477 2605 530 quae
2632 461 2726 515 illo
2757 463 3044 533 repudiato
3077 462 3358 518 Christum
3401 481 3518 519 am-

1939 553 2220 622 plectitur,
2283 553 2449 607 vidua
2493 566 2608 620 est;
2647 563 2876 624 oratque
2921 556 3150 626 singulis
3195 556 3397 612 diebus
3453 573 3520 611 ac

1940 646 2201 701 noctibus
2245 645 2487 716 iudicem
2530 664 2543 700 :
2605 664 2623 696 ι
2667 647 2896 702 Vindica
2946 665 3034 705 me
3078 649 3148 703 ab
3199 650 3520 705 adversario

1941 749 2065 787 meo
2104 735 2170 786 “.
2208 751 2226 782 ι
2277 733 2411 800 Quis
2469 742 2554 789 est
2602 734 2978 801 adversarius,
3029 737 3295 792 adversus
3354 753 3522 808 quem

1942 832 2208 892 perpetuo
2253 823 2624 878 dimieamus?
2657 825 2805 880 dicat
2855 836 3076 881 sanctus
3109 827 3307 882 Petrus
3341 845 3354 880 :
3386 847 3404 878 ‹
3435 828 3526 882 Fi-

1943 915 2341 986 lioli,vigilate,
2374 916 2502 985 quia
2534 917 2883 972 adversarius
2910 926 3092 974 vester
3127 919 3380 974 diabolus
3408 929 3526 975 tan-

1945 1024 2108 1078 quam
2151 1008 2239 1062 lco
2271 1009 2496 1079 rugiens
2527 1011 2746 1074 circuit,
2781 1027 3036 1080 quaerens
3065 1028 3227 1081 quem
3259 1012 3522 1078 devoret;

1946 1101 2034 1156 cui
2086 1102 2325 1156 resistite
2380 1101 2550 1157 fortes
2586 1104 2641 1157 in
2687 1103 2794 1158 lide
2825 1103 2870 1134 ’⁵
2897 1123 2914 1154 ι
2970 1103 3111 1169 Quid
3155 1120 3286 1158 vero
3314 1103 3528 1174 judex?

1955 1212 1972 1244 ι
2002 1193 2118 1247 Etsi
2167 1194 2339 1247 Deum
2379 1207 2488 1247 non
2537 1193 2725 1259 timeo,
2773 1210 2875 1248 nec
2913 1195 3195 1250 hominem
3241 1210 3526 1258 revereor,

1947 1284 2241 1339 vindicabo
2265 1294 2443 1339 tamen
2470 1286 2642 1348 illam,
2678 1302 2746 1339 ne
2770 1286 2998 1340 veniens
3028 1287 3280 1358 suggillet
3306 1302 3391 1340 me
3419 1287 3484 1339 ".
3504 1305 3522 1335 ι

1951 1377 2247 1448 Subjungit
2270 1377 2538 1431 Dominus
2565 1395 2577 1429 :
2608 1395 2626 1427 ι
2649 1376 2824 1431 Audis
2841 1377 2972 1446 quid
2999 1378 3147 1431 dicat
3171 1378 3342 1448 judex
3369 1377 3534 1448 436

1945 1471 2265 1544 iniquitatis
2293 1490 2310 1522 ›
2340 1479 2397 1526 et
2425 1487 2533 1524 non
2569 1470 2835 1539 justitiae?
2854 1470 3028 1526 Judex
3060 1479 3144 1526 est
3170 1471 3528 1540 injustorum;

1951 1575 2077 1613 nam
2118 1579 2134 1611 ι
2162 1560 2318 1614 Justo
2365 1574 2474 1612 non
2506 1567 2590 1612 est
2634 1559 2722 1613 lex
2771 1560 2948 1628 posita
2992 1561 3056 1611 ³⁷.
3099 1579 3115 1609 ›

2347 1797 2906 1900 ΩΗᾹΞδΤΙΟ
2997 1799 3170 1885 CL.

1958 1946 2228 2012 Quomodo
2271 1943 2673 2009 intelligendum
2703 1943 2840 1996 illud
2873 1960 2886 1996 :
2929 1963 2945 1990 σ
2979 1942 3082 2008 Qui
3119 1944 3270 1997 habet
3303 1945 3537 1998 amicam

2203 2015 2396 2068 vendat
2446 2012 2620 2076 illam,
2673 2023 2720 2064 et
2753 2021 2894 2066 emat
2916 2012 3264 2083 gladium“?
3300 2034 3317 2064 ι

2545 2110 2948 2180 RESPONSIO.

2029 2243 2166 2298 Cum
2212 2241 2480 2296 Dominus
2508 2240 2796 2309 discipulis
2826 2239 2942 2294 suis
2982 2239 3298 2294 Iudaeorum
3344 2240 3540 2295 adver-

1961 2353 2055 2392 sus
2068 2352 2126 2390 se
2142 2334 2551 2406 aggressionem
2570 2343 2625 2387 et
2645 2332 3067 2400 impressionem
3091 2333 3336 2388 indicare
3355 2333 3542 2396 vellet,
3646 2331 3658 2343 "

1929 2429 2250 2499 aanigmate
2295 2426 2533 2495 quodam
2591 2423 2758 2494 gladii
2809 2424 2862 2477 id
2916 2423 3064 2478 fecit.
3115 2423 3248 2477 Nam
3297 2439 3421 2478 cum
3455 2423 3544 2478 di-

1963 2521 2172 2577 xisset:
2226 2537 2243 2569 ι
2273 2517 2435 2572 Emat
2480 2515 2756 2586 gladium,
2805 2535 2822 2566 ›
2859 2515 3108 2570 subdidit
3167 2528 3244 2570 ι’(
3275 2515 3547 2582 Quoniam

1929 2643 1932 2648 -
1963 2613 2145 2668 adhuc
2173 2609 2277 2666 hoc
2315 2608 2464 2679 quod
2500 2609 2766 2678 scriptum
2826 2617 2931 2673 est,
2967 2615 3186 2676 oportet
3221 2608 3440 2677 impleri
3489 2608 3549 2662 in

1964 2720 2052 2758 me
2084 2721 2096 2756 :
2133 2703 2202 2756 Et
2233 2717 2358 2756 cum
2394 2699 2602 2768 iniquis
2633 2698 2934 2767 deputatus
2959 2706 3044 2753 est
3079 2699 3144 2752 ".
3181 2717 3200 2750 ι
3243 2699 3417 2770 Igitur
3448 2713 3549 2753 ne-

1931 2812 2074 2866 que
2121 2794 2348 2848 omnino
2393 2793 2680 2855 subticuit,
2721 2806 2787 2846 ne
2830 2791 3137 2860 improviso
3168 2791 3377 2861 impetu
3437 2800 3555 2846 tul-

1968 2889 2252 2952 barentur,
2299 2900 2480 2956 neque
2510 2885 2754 2940 omnino
2808 2881 3090 2952 patefecit,
3139 2897 3210 2937 ne
3254 2881 3555 2937 formidine

1971 2981 2150 3050 aliqua
2199 2979 2656 3049 percellerentur.
2706 2974 2775 3029 At
2803 2990 2928 3028 cum
2962 2973 3221 3045 discipuli
3255 2975 3554 3030 dicerent:

284 3075 380 3128 καὶ
411 3075 470 3127 τὸ
496 3040 688 3143 λεχθὲν
722 3040 1158 3141 μὴ’συνιέντων,
1209 3040 1390 3128 αὐτός
1415 3040 1578 3133 φησιν
1603 3076 1616 3089 ⁸
1669 3079 1688 3112 ι
1723 3058 1860 3112 Ἱκαα

1979 3094 1997 3125 ι
2033 3040 2335 3128 Ιέοοοᾟυο
2383 3072 2548 3142 gladii
2600 3072 2692 3124 hic
2746 3060 2811 3137 έο,
2856 3090 2876 3121 ι
2929 3085 3032 3125 nec
3086 3040 3296 3124 dictum
3350 3068 3558 3124 Christi

283 3169 374 3221 νόν
406 3169 544 3220 ἐστι.
584 3184 602 3217 ι
637 3163 831 3216 Καίτοι
871 3161 972 3216 οὐκ
999 3155 1066 3230 ἦν
1091 3157 1294 3212 ἱκανόν*
1321 3158 1369 3209 εί
1399 3155 1499 3225 μὲν
1529 3154 1636 3223 γὰρ
1662 3151 1871 3224 ἀνθρω-

289 3259 419 3327 πίνῃ
474 3253 697 3325 βοηθείᾳ
736 3251 1045 3322 κεχρῆσθαι
1087 3248 1290 3310 αὐτοὺς
1341 3246 1614 3316 ἐβούλετο,
1645 3242 1785 3306 οὐδὲ,
1823 3243 1871 3292 εἰ

287 3350 482 3402 ἐκατδν
519 3343 662 3417 ἦσαν
724 3345 1014 3415 μάχαιραι,
1056 3339 1240 3394 ἱκανὸν
1268 3335 1358 3408 ἦν.
1396 3339 1458 3392 El
1491 3337 1547 3390 δέ
1584 3335 1660 3407 μὴ
1692 3334 1871 3397 τοῦτο,

287 3442 384 3496 καὶ
429 3439 486 3493 αί
523 3439 618 3492 δύο
662 3435 938 3507 περιτταί.
981 3435 1094 3487 Καὶ
1132 3433 1306 3500 ὅμως,
1340 3430 1442 3483 οὐκ
1485 3427 1772 3496 ἐξάλειψεν
1813 3425 1873 3477 τὸ

231 3585 235 3589 ,
289 3533 542 3602 αἴνιγμα.
573 3528 692 3592 ,Καὶ
731 3528 841 3598 γὰρ
882 3522 1158 3594 πολλαχοῦ
1192 3521 1444 3591 φαίνεται
1495 3519 1655 3573 τοῦτο
1683 3518 1871 3570 ποιῶν.

303 3623 559 3677 Ἐπειδὰν
613 3621 671 3674 δὲ
731 3619 804 3689 μὴ
839 3619 1078 3694 νοήσωσι
1129 3616 1192 3668 τὺ
1258 3614 1474 3684 λεχθὲν,
1535 3609 1877 3680 παρατρέχει

291 3714 475 3779 τοῦτο,
523 3712 618 3765 καὶ
663 3710 857 3780 ἀφίησι
901 3711 970 3780 τῇ
1020 3707 1126 3761 τῶν
1164 3706 1509 3776 πραγμάτων
1556 3702 1778 3756 ἐκϐάσει
1817 3700 1879 3753 τὸ

299 3807 420 3877 μετ’
450 3801 657 3856 αὐτοῦε
696 3801 794 3871 τὴν
847 3799 1183 3870 κατανόησιν
1236 3798 1344 3851 τῶν
1393 3794 1704 3867 εἰρημένων
1757 3795 1879 3845 ἐπι-

294 3899 515 3970 τρέπων
550 3893 764 3958 λοιπὸν,
799 3892 990 3963 ὥσπερ
1023 3892 1119 3946 καὶ
1150 3892 1236 3944 ὅτε
1275 3885 1461 3944 εἶπεν·
1499 3907 1518 3939 ι
1547 3886 1758 3940 Λύσατε
1787 3884 1880 3938 τὸν

297 3992 427 4044 ναὸν
452 3987 545 4042 τοῦ
581 3985 738 4041 Θεοῦ.
767 4004 786 4038 ι

646 4141 1179 4230 ΕΡΩΤΗΣΙΣ
1235 4133 1484 4225 ΡΝΑ’.

1971 3163 2366 3233 intelligerent,
2408 3164 2696 3232 respondit
2734 3163 2999 3218 Dominus
3033 3179 3046 3216 :
3085 3180 3102 3213 ι
3138 3160 3282 3216 Satis
3318 3169 3406 3216 est
3435 3160 3501 3213 ³⁸.
3531 3179 3549 3212 ι

1970 3256 2296 3325 Quanquam
2346 3255 2481 3309 satis
2535 3269 2648 3308 non
2696 3263 2846 3320 erat;
2904 3269 3031 3308 nam
3076 3253 3122 3308 si
3164 3253 3404 3308 humana
3453 3266 3560 3323 ope

1973 3349 2055 3402 uti
2107 3347 2396 3412 voluisset,
2449 3362 2518 3400 ne
2568 3354 2792 3400 centum
2842 3345 3066 3416 quidem
3119 3345 3282 3416 gladii
3307 3342 3559 3399 suffecis-

1977 3447 2120 3493 sent.
2169 3439 2226 3494 Si
2265 3453 2367 3493 nec
2411 3446 2514 3505 tot,
2567 3437 2734 3493 etiam
2781 3437 2893 3492 duo
2939 3437 3204 3508 superﬂui
3242 3443 3422 3490 erant.
3461 3436 3561 3491 Ni-

1977 3529 2281 3584 hilominus
2339 3528 2570 3599 aenigma
2618 3544 2729 3583 non
2784 3528 3055 3584 dissolvit.
3107 3527 3265 3595 Quod
3324 3537 3380 3582 et
3429 3527 3562 3582 alibi

1977 3620 2178 3690 saepius
2222 3621 2370 3676 fecit.
2404 3621 2540 3676 Nam
2574 3636 2699 3675 cum
2745 3636 2972 3676 sensum
3003 3623 3140 3692 ejus,
3171 3621 3318 3691 quod
3353 3621 3563 3676 dictum
3593 3618 3596 3622 ’

1977 3719 2119 3774 erat,
2168 3727 2278 3765 non
2331 3721 2783 3781 asscquerentur,
2835 3713 3078 3782 praeterit
3138 3712 3294 3776 illud,
3353 3722 3409 3767 et
3458 3711 3567 3782 ipsi

1979 3819 2166 3859 rerum
2215 3805 2438 3860 eventui
2469 3819 2656 3859 veram
2708 3804 3134 3874 intelligentiam
3176 3803 3566 3859 declarandam

1980 3894 2284 3980 permittit;
2335 3903 2395 3950 ut
2441 3904 2497 3949 et
2546 3902 2679 3950 tunc
2715 3909 2842 3949 cum
2871 3895 3012 3949 dixit
3057 3913 3068 3947 :
3110 3913 3127 3945 ι
3158 3893 3370 3949 Solvite
3422 3901 3564 3948 tem-

1982 3988 2135 4058 plum
2187 3988 2294 4043 hoc
2333 3989 2399 4040 ".
2432 4007 2451 4039 ι

2357 4138 2926 4245 ρυλεΕδτῑΙΟ
3001 4142 3230 4227 cu.

301 4307 438 4373 Πῶς
471 4308 504 4361 ὀ
534 4303 729 4376 φιλῶν
756 4302 874 4372 τὴν
897 4300 1112 4371 ψυχὴν
1131 4300 1322 4354 αὐτοῦ
1344 4296 1633 4354 ἀπολέσει
1665 4297 1858 4364 αὐτὴν

1993 4308 2264 4373 Quomodo
2308 4309 2398 4377 ιιιιί
2447 4317 2594 4361 amat
2639 4309 3077 4362 animant-smmi
3121 4310 3304 4379 perdet
3337 4325 3454 4362 eam
3487 4306 3578 4362 ’3?

907 4435 1296 4488 ΑΠΟΚΡΙΣΙΣ.

1958 4391 1962 4418 ’
2381 4450 2389 4458 ’
2582 4436 2985 4493 RESPONSIO.

391 4551 449 4605 Ὀ
484 4551 583 4621 μὲν
628 4549 798 4619 φιλῶν
829 4549 929 4619 τὴν
955 4547 1135 4619 ψυχὴν
1165 4548 1331 4602 αὑτοῦ
1391 4550 1540 4603 ἐστιν
1564 4550 1592 4602 6
1620 4549 1718 4613 τὰς
1762 4551 1858 4603 άτό

2065 4556 2226 4611 Amat
2254 4555 2492 4608 animam
2522 4565 2675 4607 suam
2706 4552 2800 4620 qui
2841 4551 3052 4606 illicitis
3093 4552 3212 4622 ejus
3254 4551 3578 4620 cupiditati-

312 4659 449 4705 πους
496 4639 796 4710 ἐπιθυμίας
855 4639 1024 4709 αὐτῆς
1074 4638 1280 4693 ποιῶνο
1320 4640 1348 4693 6
1383 4640 1442 4695 δέ
1493 4641 1667 4712 μισῶν
1721 4643 1856 4712 αὐτή

1997 4649 2101 4703 bus
2127 4648 2475 4716 obsequitur.
2523 4644 2652 4700 Odit
2682 4644 2828 4698 illam
2857 4643 2950 4713 qui
2973 4659 3148 4699 .noxia
3180 4643 3430 4700 suadenti
3464 4661 3577 4699 non

311 4735 460 4788 ἐστιν
483 4735 511 4786 6
543 4731 616 4802 μὴ
650 4732 815 4785 εἴκων
841 4731 981 4802 αὐτῇ
1013 4731 1082 4784 τὰ
1116 4731 1426 4801 βλάπτοντα
1459 4733 1781 4805 κελευούσῃ.
1829 4733 1860 4786 'l

1994 4740 2361 4809 obtemperat.
2393 4738 2489 4792 llle
2513 4751 2645 4790 vero
2662 4739 2756 4805 qui
2778 4736 3065 4805 plusquam
3090 4743 3309 4805 oportet
3336 4737 3578 4790 animam

309 4829 368 4882 δὲ
421 4827 597 4880 θέλων
647 4824 818 4877 σῶσαι
864 4823 1035 4894 αὑτήν
1081 4825 1230 4877 ἐστιν
1265 4826 1293 4877 6
1342 4823 1446 4894 τὴν
1485 4825 1637 4896 παρὰ
1680 4825 1741 4878 τὸ
1771 4826 1858 4879 δέο

2000 4847 2155 4887 suam
2179 4847 2245 4886 ex
2263 4829 2524 4900 periculis
2537 4829 2749 4883 salvare
2765 4827 2980 4892 nititur,
2997 4827 3192 4896 perdet
3213 4843 3354 4882 eam.
3373 4827 3579 4894 Quem-

313 4917 591 4991 σωτηρίαν
622 4916 720 4986 τὴν
749 4919 814 4970 ἐκ
838 4915 948 4968 τῶν
983 4915 1244 4969 κινδύνων
1267 4917 1555 4985 διαφυγεῖν
1583 4918 1860 4988 ἐφιέμενος

2003 4923 2300 4978 admodum
2369 4921 2535 4976 etiam
2594 4929 2826 4975 mortem
2893 4934 2994 4989 pro
3052 4918 3170 4988 ipso
3213 4921 3268 4972 in
3317 4919 3586 4990 periculis

313 5005 468 5072 οὗτος
498 5008 770 5063 ἀπολέσει
801 5008 993 5077 αὑτήνο
1029 5007 1219 5078 ὥσπερ
1265 5007 1434 5061 αὐτοῦ
1481 5010 1539 5062 ἐν
1567 5012 1682 5073 τοῖς
1712 5010 1860 5063 κινδὺ

2003 5013 2234 5077 obitam,
2269 5012 2504 5067 salutem
2543 5020 2722 5066 vocat.
2755 5009 2896 5063 «Hic
2926 5009 3096 5075 enim,
3118 5007 3317 5080 inquit,
3337 5010 3583 5066 inveniet

314 5117 431 5162 νοις
459 5097 754 5169 γινομένην
777 5096 1056 5152 ἀπώλειαν
1091 5098 1368 5168 σωτηρίαν
1398 5099 1704 5169 ὠνόμασεν.
1743 5119 1761 5151 ι
1790 5095 1860 5155 OE

2003 5121 2126 5161 eam
2157 5105 2213 5158 in
2231 5104 2402 5158 vitam
2434 5111 2695 5159 aeternam
2718 5102 2782 5154 ³⁸.
2813 5120 2831 5152 ι

314 5208 407 5254 τος
424 5191 554 5262 γὰρ,
577 5190 768 5262 φησὶν,
797 5189 1087 5260 εὑρίσκειιι
1120 5191 1293 5261 αὐτὴν
1327 5193 1408 5256 είς
1430 5190 1575 5255 ζωὴν
1601 5191 1839 5248 αἰώνιον.
1871 5214 1889 5245 ι

325 5416 360 5427 ..
386 5349 438 5427 ,ἢ
462 5349 596 5427 Ll'f'
626 5365 779 5427 m3”).
930 5350 1016 5427 ’ξι
1041 5351 1195 5427 Ροιτο
1223 5365 1274 5411 νς
1299 5349 1366 5427 ἕξ
1397 5349 1448 5404 9·
1469 5419 1510 5427 η
1528 5351 1576 5427 ’.⁸
1608 5351 1742 5405 Luc.
1765 5369 1860 5406 xvn

1958 5359 1986 5409 ι.
2066 5356 2169 5427 "Nl
2190 5355 2332 5427 Tim.
2364 5371 2400 5421 l,
2429 5355 2481 5408 9.
2561 5355 2604 5386 ’⁸
2638 5354 2772 5409 Luc.
2813 5371 2944 5421 χχιι,
2974 5355 3063 5412 56.
3142 5356 3185 5389 ’³
3217 5355 3349 5410 ibid.
3377 5357 3462 5410 57.
3540 5355 3586 5386 ³ο

325 5419 460 5473 ibid.
500 5419 591 5473 38.
666 5421 707 5450 "
747 5419 879 5472 ibid.
958 5421 1002 5452 ³⁸
1033 5421 1191 5475 Joan.
1216 5429 1273 5482 η,
1303 5420 1389 5473 19.
1467 5419 1692 5475 “Joan.
1737 5438 1832 5486 xu,

2034 5427 2078 5457 ”
2113 5426 2248 5479 ibid.

1611 5583 1842 5640 VARI/fl
1879 5584 2281 5639 LECTIONES.

398 5704 419 5726 ι
444 5693 750 5744 καταπιεῖν.
835 5692 1100 5762 ινδικαίῳ.
1183 5705 1203 5732 τ
1233 5697 1369 5766 μετά
1410 5695 1600 5752 ταῦτα.
1677 5698 1959 5766 ιιεὺρήσει.
