3996 6296
1735 237 1788 290 s.

536 237 642 307 8m
872 352 1432 468 QUIESTIO
1503 359 1788 448 CLII.

537 505 808 578 Quomodo
841 505 1184 578 intelligenda
1218 506 1286 578 sit
1329 503 1596 578 triduana
1621 498 1921 575 sepultura,
1948 512 1996 556 et
2027 518 2110 556 re-

1041 576 1300 630 surrectio
1348 572 1546 628 Christi
1573 573 1599 625 Ρ

857 687 950 742 EX
1007 683 1276 742 SEVERO
1330 681 1788 741 ANTIOCHENO.

608 779 923 846 Quemlibet
963 777 1108 832 diem
1167 792 1198 829 a
1242 790 1472 845 vespera
1515 783 1862 846 computare,
1896 783 1954 830 et
1983 785 2108 828 cum

536 867 879 940 praecedente
904 877 1068 922 nocte
1119 882 1222 922 ceu
1251 881 1422 920 unum
1452 865 1711 936 copulare
1732 867 1994 921 solemus.
2019 864 2110 920 Sic

535 961 683 1016 enim
717 969 772 1014 et
813 955 1042 1030 Moyses,
1074 973 1199 1011 cum
1234 957 1288 1010 in
1333 953 1520 1010 Exodo
1549 956 1904 1010 caaremonias
1945 949 2108 1028 437

535 1048 759 1106 Pascha:
793 1058 852 1105 et
899 1048 1232 1120 Azymorum
1285 1047 1687 1102 solemnitatem
1741 1046 2104 1114 describeret,

536 1141 675 1196 dixit
705 1159 720 1194 :
759 1159 776 1191 ι
809 1139 1108 1209 Incipiente
1135 1143 1332 1208 quarta
1361 1134 1573 1192 decima
1597 1136 1685 1192 die
1713 1138 1876 1208 primi
1905 1139 2109 1196 mensis

537 1245 569 1284 a
599 1245 842 1298 veSpera,
867 1227 1171 1282 comedetis
1197 1239 1366 1294 panes
1385 1233 1605 1296 az’ymos
1619 1224 1680 1275 ³⁸.
1714 1243 1732 1274 ι
1755 1219 1856 1280 Ubi
1889 1224 2108 1280 initium

536 1319 820 1390 sequentis
857 1318 967 1373 diei
997 1317 1066 1372 ab
1094 1325 1411 1386 antegressa
1439 1327 1665 1383 vespera
1701 1314 2032 1380 numeravit,
2053 1323 2109 1370 et

534 1410 876 1465 vacationem
908 1425 938 1462 a
968 1407 1248 1462 laboribus
1280 1405 1337 1460 in
1385 1405 1623 1460 Sabbato
1671 1405 1745 1459 ita
1795 1405 2106 1474 descripsit,

537 1507 601 1553 ut
641 1507 702 1554 et
755 1498 1100 1567 prmeedente
1160 1505 1346 1560 nocte,
1399 1504 1455 1550 et
1493 1494 1741 1564 sequenti
1800 1494 1890 1549 die
1932 1495 2106 1550 otium

536 1587 785 1659 agerent.
846 1589 1038 1643 Testes
1099 1587 1171 1641 do
1216 1586 1455 1650 Judzeos,
1507 1584 1601 1654 qui
1674 1599 1850 1653 usque
1895 1587 1949 1639 in
2003 1585 2106 1640 ho-

1735 222 1796 290 S.
1836 223 2234 290 ANASTASII
2275 218 2606 293 εΙΝΑιΤΑὲ

2136 347 2186 402 Δ

3685 227 3794 290 803

2551 367 3079 456 ΕΡΩἸἪΣΙΣ
3141 367 3386 450 ΡΝΒ’·

2215 494 2348 573 Πῶς
2374 505 2630 577 νοητέον
2658 505 2774 575 τὴν·
2801 505 2909 577 τοῦ
2940 505 3166 577 Κυρίου
3198 502 3513 574 (ptri;pr
3573 498 3795 570 ταφὴν,

2532 619 2588 643 ,ν
2723 574 2844 630 καὶ
2878 574 3220 630 ἀνάστασιν
3228 589 3250 638 ;

2391 682 2764 738 ΑΠΟΚΡΙΣΙΣ
2801 680 3118 743 szHPor
3153 664 3594 734 ANTloxEIAs.

2299 770 2571 845 Ἐκάστην
2591 776 2805 846 ἡμέραν
2826 775 2918 843 ἀφ’
2947 773 3186 842 ἑσπέρας
3217 770 3470 843 ἀριθμεῖν
3494 771 3796 843 εἰώθαμεν,

2217 869 2314 922 καὶ
2351 863 2490 938 μετὰ
2513 866 2610 938 τῆς
2645 865 3029 938 προλαϐούσης
3057 863 3252 927 νυκτὸς
3283 863 3446 926 εἰς’ἓν
3474 864 3794 920 συνάπτειν.

2221 953 2381 1014 Οὕτω
2435 958 2546 1030 γὰρ
2580 957 2672 1012 καὶ
2724 959 2782 1012 ὲν
2813 959 2880 1028 τῇ
2919 955 3084 1026 ἐξόδῳ
3112 953 3175 1007 τὸ
3205 955 3398 1024 Πάσχα
3429 957 3526 1008 καὶ
3557 957 3664 1027 τὴν
3691 958 3798 1011 τιῖιν

2215 1043 2472 1121 Ἃξύμων
2501 1049 2697 1120 ἑορτὴν
2739 1049 3159 1118 διαταττόμενος
3197 1049 3226 1100 ὁ
3260 1047 3506 1116 Μωῠσῆς
3551 1046 3794 1118 ἔφησεν*

2223 1163 2242 1196 ι
2283 1139 2618 1213 Ἀρχομένης
2652 1139 2754 1211 τῆς
2808 1137 3416 1209 τεσσαρεσκαιδεκάτης
3439 1137 3536 1190 τοῦ
3571 1138 3794 1209 πρώτου

2219 1233 2410 1304 μηνὸς,
2435 1231 2525 1298 ἀφ’
2553 1225 2796 1300 ἑσπέρας
2838 1223 3022 1282 ἒδεσθε
3057 1222 3260 1298 ἄζυμα,
3306 1245 3326 1279 ι
3363 1219 3593 1298 ὑιαὶ’τῆν
3619 1229 3794 1298 ἀρχὴν

2221 1320 2322 1392 τῆς
2381 1321 2511 1393 ἑξῆς
2546 1321 2757 1392 ἡμέρας
2806 1319 2915 1374 ἀπὸ
2947 1322 3046 1388 τῆς
3102 1317 3484 1390 προλαϐούσης
3535 1319 3794 1390 ἡμέραν

2217 1413 2517 1485 ἠρίθμησε,
2573 1413 2666 1464 καὶ
2713 1409 2807 1464 τοῦ
2841 1409 3115 1462 Σαὸϐἀτου
3143 1409 3201 1462 δὲ
3253 1408 3354 1476 τὴν
3403 1409 3608 1478 ἀργίαν
3654 1409 3798 1462 οὓτω

2218 1497 2560 1574 παρέδωκεν,
2595 1499 2738 1556 ὥστε
2769 1501 2869 1572 τὴν
2901 1500 3280 1574 προλαϐοῦσαν
3311 1499 3508 1564 νύκτα,
3555 1501 3654 1554 καὶ
3699 1501 3797 1571 τὴν

2217 1596 2412 1666 ἐφεξῆς
2443 1583 2655 1667 ἡμέραν
2683 1589 2884 1664 σχολὴν
2911 1591 3086 1658 ἄγεινδ
3117 1591 3212 1644 καὶ
3239 1589 3493 1660 δηλοῦσιν
3533 1579 3796 1657 Ἰουδαῖοι,

523 1681 796 1735 ἰιίθηιιιῐη
837 1677 986 1733 diem
1021 1677 1074 1731 id
1111 1677 1424 1740 observant,
1453 1674 1659 1744 quippe
1691 1675 1786 1744 qui
1819 1690 1928 1728 non
1963 1675 2108 1730 illam

2217 1684 2380 1754 μέχρι
2421 1683 2518 1736 καὶ
2561 1683 2804 1754 τήμερον
2843 1679 3004 1742 τοῦτο
3047 1679 3431 1748 φυλάττοντες,
3461 1681 3560 1733 καὶ
3594 1681 3660 1733 οὐ
3703 1682 3800 1752 τὴν

535 1779 755 1826 noctem
783 1785 904 1840 qua:
931 1768 1228 1848 Sabbatum
1261 1765 1642 1836 subsequitur,
1677 1767 1772 1822 sed
1811 1767 1958 1821 illam
1989 1782 2109 1836 quas

2222 1775 2359 1842 μετὰ
2415 1774 2476 1826 τδ
2530 1773 2826 1837 Σάϐϐατον,
2877 1770 3014 1826 ἀλλὰ
3063 1771 3162 1840 τὴν
3216 1769 3323 1840 πρὸ
3372 1769 3466 1822 τοῦ
3514 1771 3798 1825 Σαϐϐάτου

537 1860 938 1930 antegreditur,
964 1859 1269 1913 cessatione
1313 1857 1382 1911 ab
1421 1856 1684 1926 operibus
1721 1864 1777 1911 et
1805 1857 1990 1926 quiete
2021 1872 2109 1912 co-

2217 1864 2387 1918 νύκτα
2419 1867 2484 1934 τῇ
2519 1865 2688 1935 ἀργίᾳ
2741 1865 2836 1916 καὶ
2869 1865 2933 1933 τῇ
2963 1861 3124 1932 σχολῇ
3150 1861 3444 1930 τιμῶντες.
3483 1862 3602 1914 Καὶ
3628 1863 3798 1930 ἡμεῖς

536 1947 686 2007 lunt.
726 1944 795 2005 Et
834 1966 936 2005 nos
968 1951 1027 2005 in
1057 1949 1444 2005 observatione
1486 1947 1762 2003 Dominici
1807 1950 1939 2016 diei,
1969 1964 2110 2020 prae-

537 2044 822 2099 cedentem
872 2050 1116 2107 noctem,
1161 2048 1422 2110 tanquam
1453 2055 1580 2095 cum
1627 2039 1718 2094 die
1773 2040 2108 2109 cepulatam,

535 2145 592 2191 et
635 2151 746 2190 non
797 2142 1118 2204 sequentem
1168 2140 1386 2186 noctem
1430 2144 1779 2184 veneramur.
1814 2128 2110 2196 Quodlibet

535 2227 684 2282 enim
725 2227 905 2281 noctis
931 2224 1153 2293 dieique
1186 2221 1535 2276 intervallum
1559 2228 1665 2280 est.
1704 2229 1764 2274 ut
1790 2221 1867 2276 ita
1895 2221 2109 2290 loquar,

537 2333 707 2373 unum
753 2331 974 2387 corpus,
1027 2324 1085 2371 et
1123 2312 1395 2384 quidquid
1433 2312 1636 2382 aliquis
1684 2309 1850 2366 faciat
1890 2312 2000 2366 illis
2030 2311 2113 2368 vi-

535 2409 675 2480 ginti
721 2415 960 2478 quatuor
1003 2405 1180 2467 horis,
1237 2405 1294 2460 id
1342 2404 1438 2458 illo
1477 2403 1569 2458 die
1627 2402 1826 2459 fecisse
1885 2403 2108 2460 dicitur.

536 2498 788 2570 Exempli
831 2498 1028 2568 gratia,
1077 2513 1205 2552 cum
1251 2496 1398 2566 quis,
1427 2495 1641 2550 modica
1667 2495 2112 2566 peregrinatione

540 2591 718 2655 ﬁnita,
770 2592 828 2646 in
861 2591 1097 2661 patriam
1135 2589 1222 2644 vel
1272 2588 1548 2642 civitatem
1601 2601 1754 2642 suam
1787 2588 2108 2653 revertitur,

539 2683 658 2738 sive
693 2681 958 2744 secunda,
992 2680 1110 2736 sive
1157 2681 1316 2734 tertia
1337 2665 1704 2732 hebdomadis
1721 2678 1810 2733 die
1829 2687 1924 2732 aut
1950 2679 2108 2745 hora,

539 2789 734 2830 omnes
767 2773 960 2829 dicunt
986 2772 1135 2826 hunc
1171 2771 1412 2827 secunda
1437 2771 1524 2825 vel
1551 2773 1710 2826 tertia
1735 2771 1828 2828 die.
1855 2770 2108 2838 rediisse,

541 2872 818 2935 totamque
847 2863 994 2920 diem
1015 2877 1137 2935 quze
1166 2870 1250 2918 est
1275 2879 1384 2916 una
1408 2879 1532 2918 cum
1559 2862 1903 2934 praecedente
1927 2873 2107 2931 nocte,

540 2957 973 3028 peregrinationi
1015 2956 1135 3028 ejus
1181 2955 1472 3025 deputant.

608 3135 838 3204 Oportet
883 3133 1050 3205 igitur
1095 3146 1198 3187 nos
1239 3139 1456 3200 tempus
1504 3129 1772 3186 triduana:
1813 3129 2114 3202 sepulturas

2138 3032 2180 3089 C

2215 1955 2271 2009 δὲ
2305 1955 2404 2026 τὴν
2428 1957 2568 2008 κατὰ
2614 1954 2714 2024 τὴν
2758 1953 3044 2024 Κυριακὴν
3077 1951 3314 2023 ἡμέραν,
3343 1949 3443 2022 τὴν
3482 1949 3801 2021 προλαϐοῦ-

2219 2062 2318 2097 σαν
2342 2043 2513 2097 νύκτα
2545 2044 2821 2114 τιμῶμεν,
2852 2043 2928 2106 ὼς
2951 2045 3016 2113 τῇ
3050 2027 3240 2114 ἡμέριξ⁴
3263 2045 3332 2112 τῇ
3368 2034 3467 2112 μιᾷ
3521 2059 3798 2096 συναπτο-

2220 2134 2418 2204 μένην,
2473 2133 2568 2186 καὶ
2627 2133 2690 2184 οὐ
2743 2131 2842 2202 τὴν
2885 2131 3084 2200 ἐφεξῆς
3130 2130 3324 2184 νύκτα.
3369 2130 3640 2184 Ἐκάστου
3693 2133 3800 2204 γὰρ

2217 2221 2563 2292 νυχθήμερον
2593 2221 2674 2284 ἓν,
2721 2219 2796 2284 ὡς
2841 2220 2908 2274 ἄν
2944 2236 3028 2282 τις
3071 2219 3202 2291 είπη
3229 2217 3276 2284 ί,
3315 2219 3476 2290 σῶμα
3521 2223 3672 2283 ἐστις
3709 2226 3802 2276 καί

2214 2311 2350 2379 ὅπερ
2378 2311 2442 2365 ἄν
2465 2327 2548 2373 τις
2571 2310 2775 2382 ποιήσῃ
2794 2313 2850 2364 ὲν
2878 2309 2976 2380 μιᾷ
3003 2306 3588 2380 τῶνείκοσιτεσσάρων
3613 2311 3797 2382 ὡρῶν,

2216 2403 2402 2473 ἐκείνῃ
2427 2405 2494 2474 τῇ
2515 2402 2698 2474 ἡμέρᾳ
2727 2402 2878 2472 πάσῃ
2903 2401 3120 2471 λέγεται
3151 2403 3493 2473 πεπραχέναι
3525 2404 3593 2457 τὸ
3623 2407 3801 2476 πρᾶγ-

2219 2513 2316 2566 μα.
2353 2491 2481 2548 Οἷον
2527 2495 2658 2548 ὅταν
2687 2511 2770 2558 τις
2799 2493 3000 2565 μικρὰν
3049 2493 3367 2564 ἀποδημίαν
3411 2495 3796 2566 στειλάμενος,

2217 2587 2296 2646 είς
2328 2583 2427 2654 τὴν
2463 2583 2598 2637 ίδίαν
2627 2583 3009 2654 ὲπιστρέψοιεν
3047 2583 3280 2653 πατρίδα
3309 2578 3404 2638 καὶ
3435 2585 3622 2650 πόλιν,
3663 2586 3701 2658 ἢ
3742 2589 3799 2641 ὲν

2215 2677 2284 2744 τῇ
2339 2673 2592 2744 δευτέρᾳ,
2633 2674 2668 2744 ἡ
2713 2675 2782 2744 τῇ
2821 2673 2978 2744 τρίτη
3018 2673 3116 2742 τῆς
3165 2673 3463 2741 ἑϐδομάδος
3505 2675 3721 2747 ἡμέρα,
3763 2679 3796 2747 ἡ

2216 2765 2372 2838 ὥραν
2396 2765 2613 2830 πάντες.
2627 2764 2899 2833 λέγουσιν,
2930 2763 3006 2827 ὼς
3040 2765 3097 2817 '0
3123 2762 3272 2816 δεῖνα
3299 2766 3366 2835 τῇ
3389 2763 3626 2836 δευτέρᾳ
3657 2783 3800 2837 παρ.

2217 2861 2460 2925 εγενετο,
2491 2857 2524 2928 ἡ
2561 2858 2626 2926 τῇ
2673 2856 2869 2927 τρίτῃο
2909 2855 3004 2909 καὶ
3047 2854 3147 2924 τὴν
3170 2855 3352 2908 πᾶσαν
3396 2853 3641 2926 ἡμέραν,
3672 2857 3798 2926 ἣτις

2217 2946 2336 3001 ἐστὶ
2371 2948 2470 3018 μία
2500 2946 2642 3016 μετὰ
2677 2947 2778 3014 τῆς
2809 2945 3185 3016 προλαόούσης
3218 2945 3434 3010 νυκτὸς,
3459 2945 3561 3016 τὴν
3605 2947 3796 3017 ἐπιδη-

2214 3038 2346 3108 μίαν
2375 3037 2543 3090 αὺτοῦ
2573 3035 3046 3107 προσλογίζονται.

2285 3129 2407 3200 Χρὴ
2461 3123 2554 3181 οὖν
2597 3129 2807 3180 ἐκεῖνον
2851 3125 2943 3180 τὸν
2985 3115 3177 3198 καιρδν
3213 3126 3361 3198 ἡμᾶς
3407 3129 3638 3181 σκοπεῖν
3693 3129 3794 3198 τῆς

539 3225 830 3280 desumere
861 3224 930 3278 ab
957 3239 1024 3278 eo
1057 3231 1300 3290 tempore
1329 3237 1440 3290 quo
1469 3219 1788 3277 incarnatus
1812 3221 1910 3276 Dei
1943 3222 2109 3278 Filius

2217 3219 2514 3290 τριημέρου
2545 3217 2745 3286 ταφῆς,
2779 3217 2876 3286 τῆς
2907 3218 2990 3281 εἰς
3025 3219 3116 3270 τὸν
3147 3218 3281 3288 ᾅδην
3309 3219 3673 3284 καταϐάσεως
3697 3221 3791 3275 τοῦ

539 3313 608 3368 ad
643 3313 848 3368 inferos
887 3311 1172 3366 descendit
1205 3327 1218 3363 :
1247 3309 1451 3364 abhinc
1484 3309 1634 3364 enim
1681 3325 1810 3366 vere
1841 3319 1898 3366 et
1933 3313 2109 3382 reipsa

2217 3309 2592 3378 σαρκωθέντος
2627 3307 2762 3360 Θεοῦ
2795 3308 2999 3375 Λόγου·
3040 3308 3101 3372 ἐξ
3129 3301 3190 3362 οὗ
3224 3309 3366 3363 κατὰ
3395 3309 3659 3382 ἀλήθειαν
3693 3313 3790 3382 γέ·

541 3407 596 3458 in
623 3405 786 3460 corde
817 3412 972 3458 terra:
1007 3402 1235 3458 exstitit.
1267 3401 1338 3456 At
1365 3416 1500 3456 vero
1527 3401 1581 3456 in
1607 3401 1772 3456 corde
1803 3415 1961 3458 teme
1987 3401 2110 3469 fuit,

541 3503 830 3566 postquam
861 3495 916 3549 in
942 3509 1106 3548 cruce
1129 3493 1459 3562 exspiravit;
1489 3500 1619 3548 tunc
1643 3494 1792 3548 enim
1831 3513 1850 3546 ι
1887 3493 2114 3548 descen-

541 3587 624 3641 dit
656 3587 709 3640 in
738 3585 1026 3640 inferiores
1053 3591 1238 3656 partes
1268 3592 1428 3638 terrae
1457 3584 1524 3649 ",
1557 3602 1576 3635 ι
1612 3591 1672 3638 ut
1697 3585 1776 3640 ait
1797 3583 2108 3654 Apostolus.

536 3678 712 3748 Igitur
757 3665 826 3733 ab
865 3677 1162 3732 emissione
1201 3675 1430 3746 spiritus
1470 3677 1825 3732 numeranda:
1861 3689 1969 3734 tres
2007 3679 2113 3734 illm

540 3767 658 3822 dies
687 3775 744 3822 et
787 3774 996 3821 noctes.
1045 3765 1218 3820 Porro
1261 3765 1516 3835 spiritum
1560 3765 1744 3819 emisit
1787 3765 1920 3820 hora
1968 3782 2111 3821 nona

538 3856 886 3922 Parasceves,
921 3855 1132 3911 relictis
1168 3854 1350 3925 adhuc
1390 3869 1458 3908 ex
1488 3853 1580 3908 illa
1606 3853 1695 3909 die
1727 3855 1904 3910 tribus
1938 3855 2108 3910 horis.

539 3945 680 4014 Quia
709 3947 873 4018 igitur
895 3947 1196 4001 Parasceve
1232 3960 1358 4000 eum
1401 3953 1714 4016 antegressa
1755 3954 1916 4001 nocte
1945 3962 2112 4017 copu-

538 4035 703 4100 latur,
751 4037 1052 4092 secundum
1099 4036 1553 4092 consuetudinem
1594 4051 1625 4090 a
1673 4037 1844 4090 sacris
1885 4037 2112 4092 Litteris

541 4127 817 4192 traditam,
841 4137 1010 4181 totam
1040 4127 1370 4181 Parasceves
1397 4125 1543 4180 diem
1583 4134 1637 4180 et
1668 4135 1885 4181 noctem
1924 4128 2110 4182 Domi-

541 4231 670 4268 num
705 4215 760 4268 in
803 4215 966 4270 corde
993 4223 1152 4270 terrae
1176 4215 1452 4286 peregisse
1484 4215 1806 4286 cogitamus.
1843 4216 2111 4286 Deinceps

538 4315 665 4374 post
714 4305 844 4360 solis
873 4320 1150 4381 occasum
1197 4305 1489 4358 inchoatur
1549 4304 1847 4360 Sabbatum
1901 4315 1957 4360 et
2003 4321 2107 4360 nox

2213 3418 2370 3470 γονεν
2399 3405 2456 3454 ὲν
2499 3403 2564 3471 τῇ
2601 3401 2798 3471 καρδία
2838 3401 2940 3470 τῆς
2972 3399 3098 3471 γῆς.
3149 3401 3342 3468 Γέγονε
3391 3401 3449 3454 δὲ
3507 3404 3654 3472 μετὰ
3691 3405 3791 3478 τὴν

2213 3495 2510 3548 Εκπνευσιν
2563 3511 2581 3544 ι
2631 3491 2881 3566 καταϐὰς
2924 3493 3006 3554 είς
3055 3491 3124 3544 τὰ
3169 3492 3457 3564 κατώτερα
3499 3495 3642 3566 μέρη
3687 3495 3791 3564 τῆς

2212 3586 2336 3655 γῆς,
2357 3603 2375 3635 ι
2421 3584 2496 3648 ὥς
2528 3564 2693 3653 φησιν
2726 3585 2754 3635 ὁ
2803 3581 3151 3646 Ἀπόστολος.
3189 3583 3322 3636 Ἀπὸ
3357 3585 3421 3636 ὲκ
3453 3564 3743 3650 meum»;
3765 3588 3791 3627 ⁸

2210 3677 2396 3728 τοίνυν
2423 3671 2757 3744 ἀριθμητέον
2788 3673 2858 3725 τὰ
2899 3674 3023 3743 τρία
3055 3673 3376 3744 νυχθήμερα
3399 3691 3415 3705 ⁶
3447 3676 3640 3743 γέγονε
3662 3677 3725 3729 δὲ
3757 3679 3791 3747 ἡ

2212 3767 2508 3827 ἐκπνευσις
2539 3766 2597 3816 ὲν
2624 3766 2691 3834 τῇ
2721 3765 2917 3836 ὲννάτῃ
2961 3764 3082 3836 ὥρᾳ
3125 3763 3226 3834 τῆς
3257 3765 3646 3837 Παρασκευῆς,
3679 3766 3795 3821 λει-

2212 3860 2465 3931 πομένων
2498 3859 2608 3910 τῶν
2644 3859 2815 3928 τριῶν
2850 3857 3008 3927 ὡρῶν
3054 3857 3158 3926 τῆς
3205 3859 3439 3929 ἡμέρας.
3489 3861 3646 3912 Ἐπεὶ
3695 3854 3795 3914 οὖν

2209 3953 2242 4022 ἡ
2271 3948 2604 4020 Παρασκευὴ
2633 3951 2696 4017 τῇ
2724 3947 3072 4020 προλαϐοῦσι]
3103 3949 3258 4001 νωιτί¹
3282 3948 3618 4003 συνάπτεται
3645 3951 3794 4004 κατᾶ

2211 4045 2310 4112 τὴν
2336 4043 2395 4096 ὲν
2433 4045 2499 4111 τῇ
2537 4041 2732 4110 Γραφῇ
2772 4039 3225 4110 παραδεδομένην
3253 4039 3569 4110 συνήθειαν,
3606 4043 3794 4096 πᾶσαν

2211 4133 2310 4202 τὴν
2349 4133 2447 4201 τῆς
2477 4129 2838 4201 Παρασκευῆς
2867 4131 3084 4200 ἡμέραν
3111 4131 3206 4184 καὶ
3255 4132 3428 4184 νύκτα
3457 4130 3796 4202 λογιζόμεθα

2209 4223 2302 4276 τὸν
2331 4223 2536 4292 Κύριον
2569 4224 2626 4274 ἐν
2654 4223 2720 4291 τῇ
2750 4216 2953 4292 καρδίᾳ
2981 4221 3082 4290 τῆς
3107 4221 3212 4290 γῆς
3243 4223 3631 4290 πεποιηκέναι.
3664 4224 3796 4276 Λοι-

2211 4314 2312 4366 πὸν
2341 4313 2398 4366 δὲ
2426 4313 2570 4383 μετὰ
2602 4313 2700 4384 τὴν
2731 4311 2825 4366 τοῦ
2850 4310 3003 4383 ἡλίου
3037 4312 3191 4364 δύσιν
3219 4312 3395 4383 ἀρχὴν
3421 4312 3697 4382 λαμϐάνει
3731 4317 3797 4369 τὸ

537 4393 679 4462 ejus.
719 4377 882 4462 quam
915 4393 1089 4448 Judaei
1123 4408 1342 4463 quoque
1379 4393 1629 4463 religiose
1656 4394 1968 4450 observant.
1997 4395 2108 4451 Hac

2217 4375 2524 4470 Σάϐϐατον,
2563 4375 2668 4459 καὶ.
2691 4406 2725 4475 ἡ
2760 4375 2926 4458 αὐτοῦ
2974 4403 3071 4468 νὺξ
3102 4375 3522 4474 παραλαμϐάνει
3559 4405 3622 4458 τὸ
3651 4407 3794 4460 Σάε-

538 4485 652 4538 sola
689 4485 823 4555 (tota
853 4493 911 4538 et
939 4484 1170 4554 integra)
1203 4498 1326 4537 cum
1363 4482 1734 4553 subsequente
1759 4485 1847 4540 die
1877 4485 1933 4539 in
1973 4487 2109 4543 locis

2217 4496 2396 4549 Βατον.
2449 4497 2561 4550 Καὶ
2603 4499 2638 4566 ἡ
2687 4495 2854 4548 αὐτοῦ
2897 4493 3016 4558 νὺξ,
3057 4494 3126 4564 ἡν
3179 4495 3273 4548 καὶ
3329 4495 3574 4550 Ἰουδαῖοι
3628 4499 3796 4566 ἁγίαν

536 4571 912 4630 subterraneis
956 4573 1220 4628 Dominus
1270 4583 1518 4628 versatus
1557 4583 1662 4630 est.
1710 4575 1937 4632 Peracto
1975 4577 2110 4634 Sab-

2209 4586 2465 4656 τιμῶσιν.
2499 4587 2544 4639 'I'
2547 4585 2720 4658 αὐτην
2745 4581 2840 4640 οὖν
2866 4588 2894 4640 ὁ
2924 4587 3130 4657 Κύριος
3162 4585 3330 4656 μόνην
3360 4587 3499 4656 μετὰ
3528 4590 3634 4658 τῆς
3663 4588 3793 4659 ἑξῆς

537 4665 683 4728 bato,
717 4675 773 4720 et
799 4681 900 4736 per
936 4664 1069 4720 solis
1107 4679 1361 4720 occasum
1391 4666 1628 4736 expleto,
1666 4669 1833 4738 cmpit
1861 4684 1968 4724 nox
1997 4671 2107 4726 diei

2217 4680 2569 4750 συνημμένης
2591 4675 2807 4750 ἡμέρας
2834 4679 2894 4732 ὲν
2938 4681 3053 4742 τοῖς
3083 4674 3458 4749 καταχθονίοις
3487 4681 3790 4752 πεποίηκε.

535 4755 850 4822 Dominieae,
881 4757 970 4812 cui
997 4753 1148 4810 nocti
1184 4769 1421 4826 sequens
1445 4757 1566 4813 dies
1605 4773 1674 4813 ex
1705 4761 2106 4818 consuetudine

2217 4769 2320 4826 Τοῦ
2357 4767 2415 4824 δὲ
2460 4769 2740 4825 Σαὸϐἀτου
2777 4769 3184 4840 διαγενομένου,
3234 4771 3330 4823 καὶ
3370 4771 3436 4840 τῇ
3481 4770 3579 4824 τοῦ
3633 4772 3790 4842 ἡλίου
3845 4795 3859 4842 ε

535 4846 832 4916 Scriptura:
873 4854 1275 4916 consequenter
1312 4846 1726 4904 adnumeratur.
1775 4849 1854 4904 Ita
1889 4851 2103 4906 videbi-

2208 4858 2360 4912 δύσει
2413 4857 2836 4928 περαιωθέντας,
2890 4857 3094 4929 ἤρξατο
3127 4859 3312 4912 λοιπὸν
3341 4859 3375 4928 ἡ
3418 4857 3518 4923 νὺξ
3542 4860 3647 4928 τῆς
3675 4862 3786 4913 Κυ-

449 5010 454 5015 ῃ
534 4955 657 4993 mus
689 4939 980 4993 Dominum
1007 4937 1064 4993 in
1087 4937 1348 4993 noctiduo
1379 4939 1676 4996 Dominicae
1702 4956 1734 4996 a
1757 4943 1989 4997 mortuis
2019 4959 2108 5007 re.

2217 4951 2432 5020 ριακῆς.
2465 4949 2546 5020 Τῇ
2573 4949 2629 5002 δὲ
2672 4947 2832 5002 νυκτὶ
2863 4949 3046 5012 πάλιν,
3083 4949 3179 5002 καὶ
3222 4951 3288 5018 τῇ
3324 4947 3528 5018 ἐφεξῆς
3559 4950 3786 5020 ἡμέραι

533 5029 836 5084 surrexisse
866 5047 880 5084 :
907 5045 1032 5084 nam
1055 5029 1149 5101 qui
1177 5039 1386 5100 partem
1423 5031 1572 5086 illius
1590 5033 1833 5088 noctidui
1861 5035 1916 5088 in
1939 5035 2103 5093 corde

2217 5039 2350 5092 κατὰ
2381 5038 2481 5108 τὴν
2525 5038 2698 5108 αὐτῆς
2731 5037 3023 5108 συνήθειαν
3063 5039 3163 5108 τῆς
3195 5037 3438 5108 Γραφῆς,
3469 5038 3792 5098 ἀκολούθως

536 5128 697 5176 terra;
717 5121 950 5192 peregit,
973 5129 1148 5176 totum
1175 5121 1250 5176 ibi
1275 5121 1552 5192 peregisse
1575 5132 1831 5178 censetur
1854 5142 1867 5176 :
1897 5141 1926 5178 a
1945 5135 2102 5195 parte

2217 5129 2610 5200 προλογίζεται.
2631 5131 2737 5182 Καὶ
2755 5129 3110 5201 εὑρεθήσεται
3135 5131 3164 5183 ὁ
3191 5129 3392 5200 Κύριος
3427 5130 3487 5182 ἐν
3509 5128 3592 5201 τῷ
3605 5131 3780 5184 τοιού·

533 5211 678 5264 enim
715 5219 887 5266 totum
933 5211 1298 5282 cognoscitur.
1327 5210 1672 5281 Quapropter
1708 5213 1763 5267 in
1803 5215 2103 5272 Parasceve

2217 5240 2281 5286 τῳ
2315 5220 2646 5292 νυχθημέρῳ
2693 5221 2794 5291 τῆς
2834 5223 3121 5292 Κυριακῆς
3162 5219 3404 5284 ἀναστὰς
3437 5220 3504 5274 ὲκ
3545 5220 3779 5292 νεκρῶν.

535 5310 864 5368 postremam
887 5301 1132 5366 noctidui
1156 5309 1363 5372 partem
1384 5303 1441 5356 in
1463 5296 1840 5359 subterraneis
1862 5307 2098 5377 peregit;

2217 5312 2315 5364 Kal.
2362 5311 2472 5382 γὰρ
2509 5313 2538 5363 ὁ
2577 5309 2678 5380 τὴν
2719 5309 2897 5382 ἀρχὴν
2932 5307 3030 5364 τοῦ
3069 5309 3412 5380 νυχθημέρου
3451 5311 3695 5381 ποιήσας
3723 5313 3782 5364 ἰν

605 5435 649 5468 ³⁵
687 5436 860 5494 Exod.
893 5455 988 5503 xu,
1038 5438 1124 5494 18.
1203 5440 1248 5472 ³⁸
1272 5441 1474 5511 Ephes.
1521 5453 1596 5506 Iv,
1621 5439 1676 5494 9.

1831 5508 2060 5565 VARle
2098 5510 2494 5568 LECTIONES.

619 5594 910 5664 εὲσπέρας.
995 5595 1008 5633 ί
1038 5597 1197 5651 είποι.
1277 5599 1302 5638 ⁸
1325 5596 1542 5651 videtur
1567 5614 1675 5652 una
1715 5613 1818 5653 vox
1846 5599 1902 5652 in
1931 5599 2038 5656 MS.
2120 5603 2196 5674 δὴ
2225 5601 2419 5674 ἐφεξῆς
2445 5601 2651 5674 ἡμέρα.
