4082 6290
636 282 642 292 ’
679 274 783 341 8ίῦ

1918 274 1979 332 S.
2008 266 2405 330 ANASTASII
2436 266 2760 330 SINAITE

3728 251 3733 254 ’
3828 222 3929 333 ειιῑ

681 394 1024 467 parationem
1066 400 1415 462 peccatorum
1464 408 1493 445 a
1538 388 1764 452 sanctis,
1805 393 1861 441 ct
1903 385 2121 456 dignam
2164 398 2259 455 pro

2363 384 2576 445 ουσίαν.
2620 387 2713 438 καὶ
2774 384 2865 437 τὸν
2920 386 3028 439 ἀπὸ
3088 382 3196 439 τῶν
3246 386 3417 455 ἁγίων
3472 386 3774 457 ἀφορισμδν
3826 390 3926 440 τῶν

677 488 944 559 cujusque
975 484 1188 539 meritis
1216 483 1660 539 retributionem.
1685 479 1754 533 At
1778 493 1911 533 vero
1944 479 2124 548 janute
2165 492 2255 531 oc-

678 577 886 643 clusio,
935 583 1248 631 sanctorum
1296 572 1679 644 mysteriorum
1737 570 2019 639 ingressus
2072 566 2259 621 divina

678 666 953 731 salutatio,
981 674 1039 719 et
1080 663 1344 738 Symboli,
1375 677 1485 731 quo
1529 661 1692 716 ﬁdem
1737 658 2085 729 proﬁtemur,
2118 657 2259 711 reci—

676 758 833 823 tatio,
883 754 1130 811 indicant
1175 753 1518 809 sensibilium
1580 746 1892 810 transitum,
1941 747 2262 818 intelligibi-

675 849 809 905 lium
832 845 1354 909 manifestationem,
1385 859 1579 899 novam
1610 842 1771 896 nobis
1797 838 1983 901 traditi
2012 836 2258 907 mysterii

676 940 1109 1007 successionem;
1136 937 1447 1008 generalem
1473 934 1719 994 omnium
1745 947 1871 988 cum
1900 930 2014 985 Deo
2033 937 2091 984 et
2115 928 2259 982 inter

677 1047 735 1087 se
763 1029 1136 1094 concordiam,
1170 1028 1608 1090 consensionem,
1644 1023 1969 1080 charitatem
2016 1027 2072 1076 st
2102 1018 2259 1073 iden-

679 1125 913 1189 titatem,
941 1131 997 1177 et
1020 1136 1122 1192 pro
1147 1120 1326 1176 modis
1346 1119 1550 1190 quibus
1577 1118 1810 1173 salutem
1838 1111 2022 1182 adepti
2047 1124 2257 1173 sumus,

677 1217 974 1289 gratiarum
1001 1215 1296 1271 actionem.
1324 1212 1721 1268 Sanctissimus
1746 1205 1978 1277 Trisagii
2001 1205 2257 1274 hymnus,

677 1307 747 1363 ab
777 1307 988 1380 angelis
1018 1306 1397 1362 indesinenter
1420 1305 1701 1360 decantari
1728 1302 1942 1365 solitus,
1971 1299 2135 1354 docet
2159 1311 2261 1351 nos

678 1399 930 1455 cmlestes
957 1408 1012 1453 et
1041 1405 1330 1453 terrestres
1373 1398 1611 1451 virtutes
1641 1393 1901 1450 consonis
1932 1389 2162 1445 vocibus
2207 1387 2260 1440 in

677 1490 850 1545 altera
897 1489 1009 1544 vita
1058 1489 1231 1543 Deum
1264 1487 1603 1542 laudaturas.
1637 1484 1914 1539 lnvocatio
1947 1489 2129 1536 autem
2166 1478 2265 1533 Dei

676 1578 875 1643 Patris,
908 1587 963 1633 et
988 1578 1369 1649 pronuntiatio
1400 1578 1550 1631 illius
1582 1595 1594 1629 :
1628 1576 1770 1632 Unus
1796 1583 2032 1635 sanctus,
2063 1579 2263 1638 etquae

677 1676 1008 1739 sequuntur,
1038 1677 1093 1722 et
1124 1676 1439 1723 sanctorum
1470 1666 1855 1738 mysteriorum
1886 1660 2258 1734 participatio,

676 1758 839 1814 docet
860 1774 1053 1814 omnes
1076 1759 1191 1814 fore
1219 1758 1362 1813 ﬁlios
1392 1766 1447 1814 et
1470 1757 1625 1828 quasi
1658 1767 1920 1828 cognatos
1949 1755 2064 1809 Dei.

2359 476 2724 547 ἁμαρτωλῶν,
2755 480 2850 531 καὶ
2877 480 2978 549 τὴν
2999 479 3217 533 δικαίαν
3245 481 3378 552 πρὸς
3404 481 3502 550 τὴν
3524 480 3753 534 ἑκάστου
3775 481 3926 547 ἀξίαν

2357 560 2616 640 ἀμοιϐἧν.
2667 570 2732 622 Ἦ
2756 570 2810 623 δὲ
2840 572 2950 623 τῶν
2970 572 3151 642 θυρῶν
3184 574 3413 636 κλείσις,
3446 574 3541 626 καὶ
3569 576 3603 642 ἡ
3632 574 3738 626 τῶν
3762 575 3926 641 ἁγίων

2361 661 2679 732 μυστηρίων
2714 662 2934 727 εἴσοδος.
2970 666 3063 717 καὶ
3093 667 3120 716 ό
3151 665 3295 728 θεῖος
3321 667 3634 736 ἀσπασμὸς,
3665 668 3753 719 καὶ
3778 669 3811 737 ἡ
3835 666 3924 719 τοῦ

2365 751 2638 821 συμϐόλου
2695 744 2796 822 τῆς
2841 754 3078 817 πίστεως
3130 756 3436 828 ὲκφώνησις
3486 758 3641 828 δηλοί
3693 759 3791 828 τὴν
3824 758 3925 810 τῶν

2363 841 2642 910 αἰσθητῶν
2674 844 2930 914 πάροδον,
2962 846 3055 899 καὶ
3088 846 3183 917 τὴν
3213 847 3323 899 τῶν
3360 846 3571 918 νοητῶν
3609 851 3924 920 φανέρωσιν,

2362 932 2459 986 καὶ
2492 932 2590 1003 τὴν
2617 936 2809 1003 καινὴν
2835 934 2930 988 τοῦ
2963 938 3097 1008 περὶ
3122 939 3270 1007 ἡμᾶς
3297 937 3443 991 θείου
3480 941 3785 1010 μυστηρίου
3817 940 3926 992 δια-

2359 1022 2543 1092 δοχὴν,
2569 1024 2665 1076 καὶ
2694 1023 2794 1094 τὴν
2824 1026 3040 1079 πάντων
3071 1028 3208 1096 πρὸς
3231 1029 3456 1093 ἑαυτούς
3478 1047 3537 1083 τε
3564 1032 3661 1085 καὶ
3689 1032 3778 1083 τὸν
3802 1032 3926 1084 Θεὸν

2361 1113 2735 1185 γενησομένην
2753 1116 3030 1183 ὁμόνοιαν,
3059 1118 3151 1170 καὶ
3172 1119 3656 1188 όμογνωμοσύνην,
3685 1122 3775 1173 καὶ
3800 1122 3923 1189 ἀγάι

2364 1219 2497 1273 πην,
2532 1204 2628 1257 καὶ
2652 1205 2982 1275 ταυτότητά,
3016 1207 3111 1260 καὶ
3139 1209 3238 1277 τὴν
3266 1208 3350 1277 ἐφ’
3374 1205 3456 1272 οἷς
3494 1201 3779 1280 ἐσώθημεν
3808 1213 3926 1282 1pc-

2363 1308 2487 1358 ποις
2518 1296 2896 1368 εὐχαριστίαν.
2942 1301 3005 1352 'll
3032 1299 3090 1352 δὲ
3118 1301 3215 1354 τοῦ
3251 1301 3549 1372 Τρισαγίον
3582 1305 3684 1374 τὴν
3722 1305 3928 1357 ἁπάὺο

2363 1385 2473 1440 τῶν
2506 1386 2533 1426 ιι
2570 1389 2680 1440 τῶν
2711 1390 2962 1458 ἀγγέλων
2981 1392 3305 1462 ἀγιαστικὴν
3329 1393 3641 1463 δοξολογίαν
3670 1397 3927 1464 ἐκφαίνει,

2351 1478 2462 1558 ’καὶ
2501 1479 2600 1550 τὴν
2628 1484 3003 1554 γενησομένην
3029 1487 3169 1538 κατὰ
3197 1486 3287 1538 τὸν
3317 1487 3585 1555 μέλλοντα
3626 1488 3799 1540 αἰῶνα
3830 1490 3931 1541 τῶν

2363 1568 2632 1636 οὐρανίων
2687 1574 2781 1624 καὶ
2818 1573 3079 1640 ἐπιγείων
3133 1576 3442 1645 δυνάμεων,
3491 1577 3568 1641 ὡς
3607 1574 3676 1647 ἦν
3708 1574 3749 1642 ι,
3785 1579 3931 1631 πολι-

2365 1661 2514 1713 τείαν
2557 1665 2651 1716 καὶ
2693 1664 2938 1736 ἀγωγὴν,
2973 1668 3079 1721 καὶ.
3123 1671 3444 1738 συμφωνίαν
3485 1674 3583 1742 τῆς
3613 1673 3929 1741 505.9107“?-

2294 1741 2334 1793 Β
2377 1751 2442 1803 Ἠ
2471 1751 2526 1804 δὲ
2565 1755 2810 1826 μακαρία
2837 1758 2934 1811 τοῦ
2962 1759 3097 1812 Θεοῦ
3130 1762 3222 1813 καὶ
3258 1762 3471 1833 Πατρδς
3506 1741 3815 1833 ἐπίκλησις,
3848 1766 3934 1816 καὶ

676 1852 710 1919 ἡ
737 1850 830 1904 τοῦ
861 1846 965 1917 Εἷς
1006 1850 1195 1921 ἅγιος,
1228 1852 1323 1905 καὶ
1375 1849 1484 1904 τῶν
1531 1851 1656 1919 ἑξῆς
1691 1849 2026 1918 ὲκφώνησις,
2081 1844 2173 1898 καὶ
2224 1841 2256 1909 ή
2293 1841 2402 1893 τῶν
2432 1843 2605 1911 ἁγίων
2637 1851 2955 1921 μυστηρίων
3022 1853 3346 1924 μετάληψις,
3409 1856 3507 1926 τὴν
3542 1858 3633 1909 ἐπὶ
3660 1857 3794 1909 πᾶσι
3846 1857 3934 1909 καὶ

677 1947 768 1999 ἐπὶ
796 1949 1012 2000 πάντων
1036 1944 1305 2016 ἐσομένην
1334 1945 1604 1998 υἱοθεσίαν
1639 1947 1734 1997 καὶ
1757 1944 2066 2013 οἰκειότητα
2096 1937 2266 2009 δηλοῖ.

676 2059 870 2115 Isidori
912 2057 1196 2113 Pelusiotae
1223 2074 1286 2112 ex
1328 2057 1584 2129 Epistolis
1618 2059 1737 2127 (lib.
1764 2076 1802 2123 1,
1831 2054 2076 2123 25,-12‘2,
2113 2055 2255 2123 13-6).

747 2152 945 2209 Pacem
994 2150 1255 2207 sacerdos
1306 2166 1376 2206 ex
1414 2151 1955 2221 cathedrae‘lasligio
2004 2147 2261 2207 Ecclesiae

682 2246 991 2310 annuntiat,
1042 2246 1336 2301 Dominum
1372 2245 1584 2301 scilicet
1628 2245 1850 2301 imitans
1881 2245 1936 2298 in
1973 2244 2141 2299 coelos
2170 2257 2261 2295 as-

678 2346 981 2408 sumptum,
1042 2338 1264 2406 quando
1312 2336 1601 2406 discipulis
1647 2330 1764 2392 shis
1820 2335 2258 2390 benedictionem

677 2440 734 2484 et
780 2430 1007 2500 reliquit
1048 2438 1103 2483 et
1152 2428 1327 2483 dedit.
1389 2428 1527 2483 Illud
1576 2438 1785 2491 autem,
1830 2429 1976 2499 quod
2024 2443 2055 2481 a
2102 2427 2259 2497 plebe

681 2521 1048 2591 respondetur
1083 2538 1096 2573 :
1131 2520 1198 2574 Et
1223 2536 1340 2573 cum
1367 2521 1557 2588 spiritu
1600 2530 1711 2584 tuo,
1744 2520 1887 2575 hanc
1939 2518 2104 2574 habet
2134 2534 2260 2573 sen-

683 2614 957 2693 tentiam:
990 2612 1186 2666 Pacem
1220 2612 1445 2680 quidem
1477 2613 1638 2668 nobis
1668 2612 1975 2683 praebuisti,
2008 2611 2259 2675 Domine,

2662 2057 2954 2127 Ἰσιδώρου
2991 2062 3058 2115 ἐκ
3106 2061 3225 2116 τῶν
3273 2066 3659 2123 Ἐπιστολῶν.

2437 2145 2677 2219 Εἰρήνην
2711 2153 2739 2204 ό
2772 2152 2951 2223 ἱερεὺς
2972 2148 3089 2207 ’ἀπὸ
3120 2157 3213 2210 τοῦ
3240 2156 3408 2226 ὕψους
3437 2159 3535 2229 τῆς
3573 2160 3842 2231 καθέδρας
3870 2166 3931 2233 τῇ

2379 2235 2680 2312 Ἐκκλησία
2737 2245 3160 2313 ἐπιφθέγγεται·
3218 2251 3311 2303 τὸν
3350 2252 3556 2321 Κύριον
3605 2252 3762 2326 [ἀπὸ]
3811 2256 3933 2308 καθ·

2367 2329 2529 2401 ἐδρας
2572 2335 2932 2405 μιμούμενος,
2981 2328 3519 2411 ἀναλαμϐαιόμενον,
3576 2347 3800 2415 εἰρήνην
3841 2349 3934 2414 τὴν

2366 2421 2598 2488 οἰκείαν,
2638 2426 2733 2478 καὶ
2783 2428 3036 2495 ἀφιέντα,
3072 2433 3165 2483 καὶ
3214 2433 3445 2487 διδόντα.
3483 2435 3555 2487 Τὸ
3595 2436 3673 2488 δέ’
3707 2438 3816 2492 Καὶ
3856 2428 3933 2503 ⁸τῷ

2364 2515 2659 2581 πνεύματί
2685 2534 2824 2579 σου,
2857 2520 3003 2589 παρὰ
3029 2522 3123 2575 τοῦ
3146 2522 3274 2577 λαοῦ
3302 2527 3749 2598 ἀποκρινόμενον,
3786 2530 3934 2583 τοῦτο

2363 2605 2552 2676 δηλοῖ·
2595 2609 2836 2681 Εἰρήνην
2874 2612 2974 2681 μὲν
3025 2616 3160 2683 ἡμίν
3185 2618 3479 2687 παρέσχες,
3515 2621 3713 2692 Κύριε,
3742 2624 3843 2692 τὴν
3881 2626 3936 2676 ἐν

684 2704 789 2759 hoc
816 2712 922 2770 est,
956 2712 1205 2757 mutuam
1236 2703 1589 2757 concordiam
1627 2722 1639 2756 :
1674 2718 1863 2773 pacem
1892 2711 2074 2758 autem
2106 2702 2259 2757 nobis

2366 2697 2618 2768 ἀλλήλοις
2646 2702 2930 2770 ὁμόνοιαν·
2991 2709 3213 2776 εἰρήνην
3251 2708 3308 2762 δὲ
3357 2710 3447 2774 δὸς
3487 2715 3641 2782 ἡμῖν,
3674 2716 3775 2785 τὴν
3807 2715 3935 2786 πῴς

668 2795 771 2863 da,
820 2795 926 2849 hoc
969 2802 1075 2859 est,
1120 2795 1393 2865 ejusmodi
1428 2804 1607 2868 tecum
1656 2795 2098 2866 conjunctionem
2140 2811 2259 2864 quas

2370 2790 2429 2842 σὲ
2458 2791 2766 2862 ἀδιαίρετον
2818 2795 3033 2861 ἕνωσιν,
3091 2801 3178 2852 ἵνα
3227 2801 3303 2871 τῷ
3343 2804 3615 2873 πνεύματί
3663 2824 3754 2860 σου
3791 2811 3933 2879 εἰρη-

679 2887 834 2943 nnllo
873 2887 1038 2942 modo
1077 2886 1267 2941 divelli
1298 2887 1494 2957 possit,
1527 2897 1587 2941 ut
1616 2902 1740 2942 cum
1771 2886 1983 2955 Spiritu
2033 2896 2128 2941 tuo
2163 2903 2259 2957 pa-

2368 2882 2641 2949 νεύοντες,
2672 2885 2701 2938 ὃ
2726 2887 2858 2956 ἡμῖν
2884 2890 2943 2959 ὲν
2965 2891 3107 2961 ἀρχῇ
3138 2891 3235 2961 τῆς
3262 2893 3625 2964 δημιουργίας
3651 2899 3932 2970 ἐνέθηκας,

679 2980 811 3044 cati,
854 2994 1018 3049 quem
1071 2978 1236 3034 nobis
1285 2979 1340 3033 in
1373 2979 1672 3034 creationis
1702 2977 1859 3032 initio
1901 2977 2177 3044 indidisti,
2229 2995 2259 3034 a

2369 2975 2664 3046 ἀχώριστοι
2701 2979 2799 3044 τῆς
2835 2979 2934 3048 σῆς
2963 2984 3184 3052 ἀγάπης
3215 2986 3597 3058 τυγχάνωμεν.

680 3082 773 3127 tua
810 3071 1083 3128 charitate
1136 3070 1370 3125 distrahi
1422 3085 1785 3139 nequeamus.

754 3163 894 3216 Pura
943 3160 1037 3215 illa
1086 3159 1287 3215 sindon
1330 3175 1453 3231 quas
1500 3160 1602 3213 sub
1645 3159 1957 3215 divinorum
1988 3158 2261 3214 donorum

680 3252 990 3306 ministerio
1038 3266 1278 3320 expansa
1330 3259 1434 3316 est,
1485 3251 1708 3321 Josephi
1745 3251 2151 3306 Arimathensis
2177 3258 2264 3305 est

678 3341 1070 3397 ministerium.
1118 3342 1189 3397 Ut
1218 3342 1364 3395 enim
1416 3342 1506 3396 ille
1538 3328 1752 3396 Domini
1798 3358 1998 3412 corpus
2029 3342 2263 3397 sindone

674 3432 991 3487 involutum
1050 3432 1352 3501 sepulturae
1411 3433 1690 3487 mandavit
1731 3433 1799 3497 ⁸⁸,
1861 3434 2057 3488 eodem
2101 3432 2263 3487 modo

680 3539 782 3578 nos
813 3523 1210 3593 propositionis
1241 3526 1449 3593 panem'
1487 3524 1541 3579 in
1575 3525 1808 3580 sindone
1832 3523 2257 3589 sanctiﬁcantes,

678 3614 885 3670 Christi
908 3629 1114 3684 corpus
1143 3614 1262 3669 sine
1282 3614 1629 3669 dubitatione
1656 3616 1981 3685 reperimus.
2006 3616 2260 3675 Linteum

681 3707 842 3772 ill‘ud,
879 3721 1003 3761 cum
1050 3722 1161 3777 quo
1201 3705 1366 3779 442
1396 3707 1613 3763 diaconi
1650 3707 1705 3761 in
1748 3708 1953 3762 sanctis
1985 3707 2262 3777 mysteriis

681 3815 882 3855 munus
943 3815 1103 3854 suum
1159 3800 1405 3865 obeunt,
1462 3799 1829 3855 humilitatem
1888 3798 2259 3868 Domini,qui

681 3892 1079 3961 discipulorum
1118 3890 1286 3961 pedes
1327 3890 1461 3944 lavnt
1491 3898 1547 3945 et
1574 3891 1826 3956 extersit,
1860 3890 2022 3944 nobis
2052 3890 2107 3943 in
2142 3905 2260 3944 me-

682 3985 913 4040 moriam
963 3982 1181 4052 redigit.
1227 3982 1369 4036 lllud
1418 3992 1601 4037 autem
1630 3982 1931 4037 amiculum
1964 3982 2109 4051 quod
2145 3981 2261 4050 epi-

682 4091 882 4146 scopus
920 4072 1166 4129 humeris
1200 4081 1399 4143 gestat,
1434 4083 1598 4143 atque
1628 4089 1694 4128 cx
1736 4074 1881 4138 lana,
1910 4089 2020 4128 non
2050 4088 2116 4128 ex
2148 4074 2261 4127 lino

681 4175 999 4222 contextum
1023 4174 1127 4228 est,
1160 4167 1281 4219 ovis
1316 4165 1466 4219 illius
1497 4180 1661 4234 quam
1706 4165 1971 4220 Dominus
1998 4165 2260 4219 aberran-

682 4268 791 4313 tem
837 4260 1112 4329 quazsivit,
1148 4259 1536 4328 inrcntamque
1568 4258 1814 4313 humeris
1857 4259 1974 4313 suis
2011 4257 2257 4321 sustulit,

681 4351 877 4420 pellem
910 4351 1180 4422 designat.
1205 4349 1510 4419 Episc0pus
1528 4349 1698 4415 enim,
1721 4350 1816 4419 qui
1834 4349 2038 4405 Christi
2070 4359 2256 4422 typum

612 4468 629 4485 κ
680 4443 844 4513 gerit,
891 4443 1063 4513 ipsius
1095 4457 1323 4495 munere
1372 4440 1643 4510 fungitur,
1696 4441 1816 4510 ipso
1856 4441 2023 4495 etiam
2054 4441 2252 4526 habitu

617 4521 620 4523 Α
683 4535 814 4590 illud
846 4535 1105 4589 omnibus
1137 4533 1401 4596 ostendit,
1432 4547 1490 4585 se
1526 4531 1659 4585 boni
1692 4531 1842 4586 illius
1875 4541 1931 4587 et
1951 4532 2132 4603 magni
2163 4521 2255 4602 pa-

680 4625 849 4681 storis
887 4625 1220 4680 imitatorem
1251 4639 1393 4689 csse,
1425 4623 1517 4692 qui
1552 4623 1735 4693 gregis
1772 4623 2122 4701 inﬁrmitates
2151 4625 2255 4679 sibi

678 4716 938 4771 ferendas
974 4716 1279 4786 proposuit.

681 4803 867 4861 Sancti
896 4804 1085 4858 Basilii
1116 4820 1178 4857 ex
1220 4804 1351 4858 libro
1385 4807 1448 4857 de
1488 4802 1689 4874 Spiritu
1741 4811 1926 4856 sancto
1966 4804 2109 4874 (cap.
2139 4805 2257 4873 27).

754 4957 1014 5027 Dogmata
1049 4970 1170 5026 qua:
1212 4971 1267 5009 ιη
1318 4955 1557 5010 Ecclesia
1588 4955 1976 5024 praedicantur,
2008 4956 2256 5026 quaedam

684 5045 955 5103 habemus
986 5062 1017 5101 e
1063 5044 1313 5101 doctrina
1356 5046 1688 5116 scriptorum
1735 5047 1977 5117 prodita,
2009 5048 2257 5117 quadam

688 5153 882 5195 rursus
914 5155 982 5194 ex
1022 5139 1397 5209 apostolorum
1444 5139 1739 5194 traditione
1788 5141 1844 5194 in
1879 5140 2161 5211 mysterio,
2203 5141 2255 5194 id

688 5240 789 5295 est,
820 5230 876 5285 in
905 5230 1125 5285 occulto
1156 5229 1355 5285 tradita
1386 5230 1712 5299 recepimus.
1740 5229 1985 5295 Quorum
2020 5240 2255 5300 utraque

763 5367 810 5401 ⁸⁸
845 5366 979 5422 Luc.
1000 5382 1150 5427 χχιιι,
1184 5364 1272 5419 55.

2449 3155 2509 3209 Ἦ
2541 3156 2597 3211 δὲ
2634 3158 2851 3232 καθαρά
2885 3161 3075 3215 σινδὼν
3102 3164 3136 3228 ἡ
3171 3164 3565 3236 ὑφαπλουμένη
3598 3172 3665 3239 τῇ
3700 3170 3815 3224 τῶν
3843 3173 3939 3225 δώ,

2368 3260 2476 3313 ρων
2530 3246 2807 3320 διακονία,
2866 3252 2898 3320 ἡ
2957 3253 3051 3306 τοῦ
3109 3255 3470 3325 Ἀριμαθαίου
3527 3258 3678 3313 ἐστὶν
3745 3263 3937 3331 Ἰωσὴφ

2366 3337 2700 3407 λειτουργία.
2744 3341 2830 3403 Ὠς
2879 3343 2989 3412 γὰρ
3042 3346 3248 3410 ἐκεῖνος
3293 3347 3353 3400 τὸ
3398 3348 3491 3401 τοῦ
3523 3350 3734 3420 Κυρίου
3788 3354 3939 3423 σῶμα

2368 3428 2566 3481 σινδόνι
2606 3431 2888 3500 ὲνειλήσας
2939 3432 3015 3504 τῷ
3047 3435 3206 3505 τάιρῳ
3234 3437 3622 3508 παρέπεμψεν,
3652 3440 3803 3496 οὕτω
3849 3444 3937 3497 καὶ

2366 3517 2460 3568 ἐπὶ
2493 3520 2726 3582 σινδόνος
2760 3523 2923 3591 ἡμεῖς
2971 3525 3063 3578 τὸν
3096 3527 3260 3596 ἄρτον
3301 3530 3413 3599 τῆςι
3428 3528 3745 3601 προθέσεως
3784 3536 3937 3604 ἁγιά-

2365 3607 2572 3672 ζοντες,
2601 3611 2762 3681 σῶμα
2789 3615 3025 3682 Χριστοῦ
3054 3617 3392 3684 ἀδιστάκτως
3421 3624 3779 3692 εὑρίσκομεν.
3797 3627 3860 3681 Ἦ
3886 3626 3938 3680 δὶ

2364 3700 2544 3770 ὀθόνη.
2578 3702 2695 3772 μεθ’
2721 3701 2789 3777 ἧς
2820 3706 3227 3778 λειτουργοῦσιν
3247 3713 3305 3762 ὲν
3333 3715 3443 3776 τοῖς
3467 3715 3645 3782 ἁγίοις
3676 3719 3729 3769 oi
3760 3717 3939 3772 διάκο-

2363 3808 2465 3854 νοι,
2505 3794 2603 3861 τὴν
2637 3794 2730 3846 τοῦ
2765 3795 3005 3863 Χριστοῦ
3035 3799 3447 3870 ἀναμιμνήσκει
3478 3805 3839 3868 ταπείνωσιν,
3862 3807 3937 3859 νί-

2362 3882 2562 3951 ψαντος
2584 3886 2710 3947 τοὺς
2731 3886 2898 3950 πόδας
2926 3888 3035 3941 τῶν
3065 3890 3326 3961 μαθητῶν
3355 3894 3451 3946 καὶ
3477 3895 3847 3965 ὲκμάξαντος.
3873 3893 3939 3950 Th

2362 3973 2420 4025 δὲ
2455 3975 2548 4027 τοῦ
2581 3976 2888 4029 ἐπισκόπου
2938 3978 3256 4050 ὠμοφόριον
3285 3981 3397 4052 (19.)
3432 3983 3490 4049 ἐξ
3523 3986 3684 4055 ἐρέας
3712 3985 3799 4050 ὃν,
3829 3987 3938 4041 ἀλλ’

2363 4064 2423 4117 οὐ
2454 4064 2625 4129 λίνου,
2658 4064 2757 4137 τὴν
2804 4067 2901 4121 τοῦ
2935 4069 3212 4139 προϐάτου
3254 4072 3419 4143 δοράν
3469 4076 3756 4145 σημαίνει,
3810 4079 3942 4148 ὅπερ

2354 4155 2638 4227 ’πλανηθὲν
2669 4156 2908 4228 ζητήσας
2929 4160 2957 4212 ὁ
2979 4160 3300 4232 Κύριοςξέπὶ
3328 4164 3439 4217 τῶν
3462 4164 3629 4235 ὤμων
3653 4169 3938 4223 ἀνέλαϐεν.

2374 4243 2432 4299 Ὀ
2467 4248 2576 4318 γὰρ
2616 4248 2917 4312 ἐπίσκοπος
2971 4253 3054 4314 εἰς
3115 4253 3281 4321 τόπον
3312 4253 3389 4309 ὣν
3429 4255 3526 4309 τοῦ
3578 4258 3848 4328 Χριστοῦ,
3885 4261 3945 4312 τδ

2362 4335 2523 4406 ἔργον
2571 4339 2783 4393 ἐκείνου
2841 4340 3060 4412 πληροῖ,
3102 4343 3197 4397 καὶ
3229 4345 3472 4401 δείκνυσι
3524 4351 3660 4402 πᾶσι
3705 4350 3802 4404 διὰ
3850 4350 3940 4403 τοῦ

2366 4430 2664 4499 σχήματος,
2705 4431 2788 4484 ὅτι
2823 4438 3069 4504 μιμητής
3105 4436 3222 4489 ἐστι
3249 4436 3348 4490 τοῦ
3380 4440 3618 4508 μεγάλου
3656 4442 3939 4511 ποιμένος,

2364 4523 2455 4579 καὶ
2482 4521 2580 4586 τὰς
2616 4523 2899 4588 ἀσθενείας
2927 4525 3147 4581 πάντων
3178 4528 3369 4600 φέρειν
3399 4530 3871 4602 προϐεϐλημένος.

2371 4776 2781 4863 Τοῦλμειράλου
2813 4772 3134 4871 Βασίλειον
3190 4797 3263 4871 ἐκ,
3290 4797 3398 4852 τοῦ
3441 4802 3575 4867 περί
3612 4802 3720 4854 τοῦ
3770 4804 3939 4871 ἁγίου

2859 4866 3204 4934 Πνεύματος·
3234 4870 3439 4937 λόγου.

2434 4955 2558 5008 Τῶν
2599 4958 2657 5008 ὲν
2701 4959 2766 5027 τῇ
2816 4958 3116 5031 Ἐκκλησία
3166 4962 3602 5032 πεφυλαγμένων
3651 4950 3939 5037 δογμάτων

2365 5046 2433 5100 τά
2464 5046 2562 5118 μὲν
2603 5048 2666 5100 ὲκ
2695 5048 2795 5118 τῆς
2825 5051 3103 5120 ἐγγράφου
3130 5052 3479 5118 διδασκαλίας
3507 5056 3728 5126 ἔχομεν,
3772 5059 3844 5113 τὰ
3886 5058 3938 5110 δὲ

2366 5142 2428 5194 ἐκ
2463 5140 2562 5210 τῆς
2587 5140 2696 5194 τῶν
2737 5142 3054 5196 ἀποστόλων
3081 5146 3433 5216 παραδόσεως
3457 5148 3780 5203 διαδοθέντα
3812 5152 3938 5222 ημῖν

2365 5234 2421 5284 ὲν
2455 5231 2742 5302 μυστηρίῳ
2799 5234 3237 5305 παρεδεξάμεθα.
3271 5237 3449 5309 "Amp
3506 5241 3803 5314 ἀμφότερα
3846 5244 3937 5311 τὴν

1992 5430 2225 5486 VARle
2262 5431 2557 5487 LECTION
2562 5433 2658 5487 ES.

2196 5568 2425 5627 ΝΟΤᾹΞ.

765 5670 874 5740 (ίὲ)
923 5669 1288 5738 ’φορ-(ἔριον.
1337 5668 1479 5733 Νοη,
1513 5676 1573 5721 ut
1616 5665 1731 5731 alii,
1771 5665 2042 5735 ἐπωμίδα,
2075 5668 2533 5737 δυρετίιιιηιεναίσ,
2559 5667 2655 5724 sed
2684 5667 2929 5740 pallium.
2967 5671 3292 5741 (ALEIANNJ

760 5506 787 5548 ι
818 5508 1116 5561 ἄπαυστον.
1195 5502 1212 5543 ι
1240 5505 1316 5565 εἰς
1347 5504 1497 5573 μίαν.
