4082 6290
244 290 341 358 821

1622 302 2143 377 QUESTIONES.‘

3351 319 3354 322 ’
3396 298 3508 360 8'22

249 405 359 463 Τοῦ
395 406 686 488 adfarier:
719 409 1016 488 ηιξ-πρὸς
1040 411 1376 488 Εὔϐουλον,
1406 412 1559 488 πῶς-
1591 416 1626 468 d
1687 412 1821 483 Υἱὸς

1950 414 2180 488 i‘jusdem
2222 408 2292 466 ad
2327 406 2615 475 Eubulum,
2648 405 2925 488 quomodo
2971 406 3195 467 Verbum
3237 421 3311 461 ea;
3350 406 3509 475 Patre

438 479 543 533 καὶ
575 480 770 551 Λόγος
801 480 870 536 ἐκ
898 479 1018 537 τοῦ
1047 482 1278 552 Πατρός
1308 482 1627 554 ἐγεννήθη.

240 646 249 650 -
315 596 524 666 Ὥσπερ
557 594 669 665 γὰρ
716 597 746 649 6
776 596 1050 667 ἡμέτερος
1078 595 1238 666 λόγος
1262 597 1324 651 τὸ
1355 597 1563 667 ἀφανὲς
1591 596 1691 666 τῆς
1718 597 1823 667 ψυ-

249 689 348 761 χῆς
376 688 763 759 βουλευτήριον
813 690 894 752 εἰς
942 688 1060 758 φῶς
1113 690 1437 761 προσφέρει,
1477 690 1620 743 οὕτω
1662 691 1759 744 καὶ
1797 693 1825 744 6

252 780 371 843 Υἱὸς
398 780 493 833 καὶ
521 779 694 848 Λόγος
722 778 820 833 τοῦ
859 779 998 833 Θεοῦ
1029 780 1091 834 τὸ
1127 781 1621 853 ἀποκεκρυμμένον
1649 783 1707 835 ὲν
1747 781 1825 853 τῷ

254 871 425 942 Πατρὶ
452 871 560 943 πρὸ
593 871 815 944 ναίὼνων
850 873 1151 943 μυστήριον
1189 876 1254 945 τῇ
1293 873 1588 945 οἰκουμένῃ
1635 874 1826 943 ἐφανέ-

252 981 412 1035 ρωσε.
439 965 552 1019 Καὶ
575 964 767 1035 ὥσπερ
809 967 838 1018 ὀ
874 964 1031 1034 λόγος
1058 964 1286 1036 προῖὼν,
1313 965 1435 1020 οὐδὲ
1467 966 1573 1020 τὸν.
1598 965 1826 1034 λέγοντα

252 1058 447 1127 γυμνοῖ
489 1057 589 1113 καὶ
615 1056 710 1111 τὸν
755 1057 1029 1112 ἀκούοντα
1061 1057 1286 1129 ’πληροῖξΔ
1333 1057 1554 1129 ἔρχεται
1602 1057 1714 1129 γὰρ
1747 1059 1826 1122 είς

253 1150 340 1202 τὸν
378 1149 653 1203 ἀκούοντα
687 1149 787 1204 οὐκ
838 1149 1210 1220 ἀφιστάμενος
1239 1148 1335 1203 τοῦ
1368 1150 1650 1219 λέγοντος⁴
1683 1147 1829 1217 οὓτω

254 1241 343 1295 καὶ
374 1245 403 1295 6
444 1241 581 1295 Θεοῦ
616 1242 791 1315 Δόγος
818 1240 895 1297 ὣν
922 1244 981 1297 ὲν
1012 1241 1091 1314 τῷ
1118 1243 1316 1313 Πατρὶ,
1351 1240 1483 1314 ἦλθε
1511 1242 1649 1313 πρὸς
1682 1244 1830 1312 ἡμᾶς

257 1334 419 1405 σαρκί
433 1352 448 1368 ο
501 1332 626 1387 οὔτε
655 1334 752 1389 τοῦ
794 1334 1011 1405 Πατρδς
1053 1334 1348 1405 χωρισθεὶς
1376 1334 1465 1388 διὰ
1510 1333 1610 1405 τὴν
1641 1334 1827 1402 φύσιν,

257 1428 345 1480 καὶ
376 1428 506 1497 ἡμῖν
550 1424 771 1492 ἑνωθεὶς
795 1425 886 1480 διὰ
916 1425 1018 1497 τὴν
1059 1427 1246 1498 χάριν,
1263 1426 1412 1494 ,Θεὸς
1438 1424 1516 1483 ὢν
1540 1428 1619 1496 τῇ·
1644 1425 1829 1494 φύσει,

256 1520 424 1587 Λόγος
473 1518 530 1572 δὲ
570 1518 672 1589 τὴν
702 1510 1134 1599 προσωνυμίαν.
1180 1519 1394 1591 Ὠσπερ
1433 1519 1542 1590 γὰρ
1577 1519 1833 1587 Ἰωάννης

255 1611 539 1681 ἄνθρωπος
571 1611 647 1664 ὣν
671 1613 737 1681 τῇ
765 1609 947 1680 φύσει,
973 1611 1125 1680 φωνὴ
1153 1609 1333 1681 βοῶσα
1368 1609 1575 1680 ἐκλήθη
1606 1619 1627 1640 °
1663 1608 1754 1664 διὰ
1773 1608 1834 1662 τὸ

257 1701 463 1765 ἀπαθὲς
489 1701 593 1771 τῆς
616 1699 851 1772 φύσεως.
893 1721 912 1754 ι
951 1702 1042 1754 Ἕν
1078 1702 1220 1774 ἀρχῇ
1262 1697 1331 1774 ἦν
1374 1703 1402 1754 6
1435 1702 1629 1770 Λόγος,
1665 1719 1683 1753 ι
1717 1700 1831 1754 ἀλλ’

2444 497 2451 501 '
2540 479 2777 554 genitum
2808 480 2897 534 sit.

1994 596 2431 666 Quemamodum
2476 592 2712 649 verbum
2752 597 3004 646 nostrum
3050 589 3287 646 obscura
3326 595 3382 641 et
3418 603 3510 641 ar-

1926 709 2060 750 cana
2098 693 2304 747 mentis
2353 686 2586 744 consilia
2634 687 2691 741 in
2735 687 2912 740 lucem
2960 682 3191 754 profert,
3230 679 3312 736 sic
3338 680 3512 735 Filius

1926 795 1982 844 et
2023 785 2266 843 Verbum
2299 781 2398 838 Dei
2424 779 2811 837 absconditum
2849 778 2907 832 in
2935 778 3096 832 Patre
3135 783 3267 831 ante
3311 774 3513 830 sarcula

1927 878 2257 952 mysterium
2295 875 2417 932 orbi
2465 883 2732 930 terrarum
2761 869 3042 942 patefecit.
3087 869 3151 924 Et
3189 865 3357 925 sicuti
3392 882 3523 922 ver-

1926 972 2080 1035 bum,
2140 968 2362 1039 quando
2402 964 2706 1036 profertur,
2746 962 3067 1033 qunentem
3103 974 3215 1014 non
3245 957 3511 1020 denudat,

1928 1068 1985 1117 et
2023 1067 2209 1114 tamen
2267 1055 2544 1112 auditoris
2582 1067 2746 1109 aures
2782 1051 2994 1122 implet,
3040 1049 3192 1104 venit
3241 1049 3399 1105 enim.
3445 1048 3512 1105 ad

1930 1152 2261 1215 auditorem,
2306 1164 2415 1204 non
2459 1146 2767 1203 abscedens
2798 1144 2867 1199 ab
2896 1135 2964 1198 eo
2994 1144 3091 1213 qui
3122 1141 3372 1212 loquitur
3405 1140 3515 1194 :ita

1930 1246 2097 1302 etiam
2136 1244 2236 1298 Dei
2278 1241 2544 1306 Verbum,
2593 1237 2744 1309 quod
2778 1245 2864 1293 est
2922 1236 2977 1290 in
3014 1235 3199 1299 Patre,
3244 1233 3398 1287 venit
3447 1230 3514 1285 ad

1930 1350 2035 1391 nos
2075 1335 2133 1390 in
2171 1349 2359 1399 carne,
2405 1347 2510 1387 nec
2545 1335 2861 1400 separatum
2896 1333 2982 1383 est
3008 1342 3038 1381 a
3077 1326 3237 1382 Patre
3290 1330 3519 1393 propter

1931 1438 2211 1492 naturam,
2259 1425 2426 1481 nobis
2471 1433 2659 1479 tamen
2702 1421 3083 1492 coniunctum.
3118 1425 3345 1489 propter
3392 1431 3528 1487 ενοι

1935 1520 2089 1582 tiam,
2115 1518 2262 1571 Deus
2284 1513 2560 1569 exsistens
2588 1518 2810 1577 natura,
2841 1508 3080 1570 Verbum
3110 1521 3244 1561 vero
3273 1504 3520 1576 appella-

1934 1610 2109 1664 tione.
2155 1603 2634 1674 Quemadmodum
2671 1601 2822 1657 enim
2872 1598 3136 1662 Joannes,
3180 1597 3276 1668 qui
3322 1603 3522 1671 natura

1936 1701 2104 1755 homo
2130 1705 2272 1763 erat,
2302 1695 2610 1766 appellatus
2631 1701 2718 1748 est
2742 1706 2850 1746 vox
2884 1691 3131 1745 clamans
3155 1690 3523 1757 "...pr0ptcr

257 1791 317 1845 οὐ
353 1790 514 1860 λόγος
560 1790 931 1854 ἀνυπόστατος
956 1806 971 1821 ·
1005 1791 1055 1843 οί
1095 1771 1330 1863 μὲν-λίάρ
1370 1790 1522 1845 ἄλλοι
1551 1790 1835 1862 προστάγ-

1950 1788 2440 1862 nnpassibilitatem
2471 1784 2635 1858 445
2662 1790 2877 1838 natura:
2907 1800 2921 1836 :
2952 1800 2970 1833 ι
3004 1778 3370 1865 Inpri‘ncipio
3403 1785 3525 1837 erat

260 1900 409 1952 ματα
440 1883 537 1936 καὶ
577 1881 928 1950 δικαιώματα
970 1883 1306 1955 τυγχάνουσι
1353 1881 1513 1937 Θεοῦ.
1551 1883 1609 1936 '0
1653 1882 1710 1936 δὲ
1740 1898 1837 1953 μο-

259 1977 482 2047 νογενὴς
511 1974 643 2038 Υἱὸς
657 1974 832 2043 Λόγος
855 1972 1028 2039 ἐστὶν,
1053 1956 1117 2028 ού
1146 1973 1442 2039 συλλαϐαῖς
1471 1974 1565 2027 καὶ
1595 1974 1837 2044 ῥήμασιν

258 2071 694 2139 ἐκφωνούμενος,
726 2069 865 2124 ἀλλά
893 2068 1065 2138 Λόγος
1089 2067 1249 2137 λόγον
1286 2067 1430 2139 ζωῆς
1456 2066 1835 2139 χαριζόμενος.

256 2162 395 2232 Φησὶ
419 2162 552 2246 γάρς
586 2181 605 2215 ι
641 2161 708 2215 EE
727 2178 811 2226 τις
839 2160 1029 2216 ἀκούει
1068 2178 1173 2234 μου
1201 2160 1292 2215 τὸν
1337 2140 1513 2232 λόγον,
1536 2158 1659 2230 ,ἔχει
1694 2157 1839 2230 ζωὴν

257 2254 497 2311 αἰώνιον.
531 2272 551 2308 ι

331 2453 447 2525 Τοῦ
472 2455 662 2510 αὐτοῦ
691 2454 759 2510 ἐκ
795 2454 900 2510 τοῦ
932 2453 1083 2523 πρὸς
1124 2440 1434 2524 Εὐάγξριον
1467 2452 1765 2522 μοναχόν.

334 2550 435 2601 ’ον
467 2547 670 2618 τρόπον
716 2546 774 2600 δὲ
834 2548 862 2599 6
913 2546 1250 2618 προφορικδς
1310 2545 1469 2615 λόγος
1533 2544 1842 2614 ἀδιαίρετος

262 2639 366 2709 μέν
410 2639 527 2692 ἐστι
569 2638 669 2709 τῆς
711 2636 1237 2708 προσενεγκαμένης
1299 2635 1503 2707 ψυχῆς,
1570 2636 1662 2688 καὶ
1722 2636 1844 2698 ταῖς

257 2731 465 2803 ψυχαῖς
497 2731 552 2801 δὲ
578 2730 689 2784 τῶν
726 2730 1098 2802 ἀκροωμένων
1145 2714 1296 2783 οὐδὲν
1339 2722 1503 2801 ἦττον
1552 2728 1610 2781 ὲν
1659 2725 1845 2796 ταυτῷ

259 2824 614 2888 καθίσταται,
644 2823 907 2895 κάκείνης
948 2823 1024 2894 μὴ
1055 2822 1451 2900 χωριζόμενος,
1486 2822 1581 2877 καὶ
1630 2821 1843 2885 τούτοις

260 2916 676 2988 εὑρισκόμενος,
709 2916 906 2970 ἕνωσιν
928 2915 985 2968 δὲ
1016 2914 1218 2986 μᾶλλον
1262 2914 1295 2986 ἢ
1348 2913 1615 2985 διαίρεσιν
1661 2913 1843 2968 αὐτῶν

259 3021 320 3057 τε
367 3006 463 3059 καὶ
503 3005 614 3059 τῶν
671 3005 960 3078 ἡμετέρων
1000 3005 1191 3076 ψυχῶν
1243 3004 1651 3078 ἐργαζόμενοςο
1701 3004 1845 3061 οὕτω

1937 1883 2183 1942 Verbum
2230 1881 2298 1946 ⁸⁸,
2329 1898 2348 1931 ι
2388 1877 2488 1935 sed
2532 1876 2777 1933 Verbum
2822 1862 3159 1937 subsistens;
3188 1862 3325 1931 ‘alia
3372 1868 3549 1925 enim-

1935 1976 2104 2034 verba
2148 1982 2280 2030 sunt
2312 1970 2570 2032 mandata
2601 1977 2657 2025 et
2680 1964 3111 2039 iustificationes
3144 1951 3264 2019 Dei.
3303 1961 3373 2027 At
3402 1962 3523 2017 uni-

1937 2068 2161 2144 genitus
2205 2064 2391 2121 Filius.
2431 2062 2676 2122 Verbum
2704 2068 2812 2124 est,
2835 2072 2947 2112 non
2976 2053 3200 2128 syllabis
3236 2062 3293 2110 et
3321 2053 3527 2110 dictio-

1937 2145 2105 2216 nibus
2131 2156 2431 2230 prolatum,
2457 2152 2553 2210 sed
2586 2151 2849 2218 Verbum,
2886 2147 3035 2221 quod
3062 2147 3231 2203 vitam
3258 2145 3525 2219 suppedi-

1942 2260 2060 2309 tat:
2096 2270 2113 2304 ι
2147 2250 2204 2306 Si
2230 2248 2361 2320 quis
2394 2259 2708 2303 sermonem
2742 2257 2925 2299 meum
2954 2239 3130 2308 audit,
3164 2238 3331 2295 habet
3356 2238 3522 2294 vitam

1941 2354 2203 2402 aeternam
2245 2342 2313 2399 “.
2351 2360 2371 2394 ι
2472 2416 2477 2420 ἡ

2180 2459 2435 2531 Ejusdem
2479 2458 2551 2513 ad
2603 2456 2896 2526 Evagrium
2948 2453 3287 2507 monachum.

2013 2552 2491 2623 Quemadmodum
2546 2564 2731 2607 sermo
2773 2548 2869 2619 qui
2917 2544 3204 2618 profertur
3254 2542 3529 2599 indivisus

1944 2657 2029 2706 est
2059 2650 2128 2705 ab
2165 2648 2346 2703 anima
2379 2661 2504 2716 quae
2546 2641 2778 2715 profert,
2808 2650 2867 2697 et
2897 2640 3264 2695 nihilominus
3295 2635 3529 2699 audien-

1947 2743 2086 2803 tium
2128 2739 2332 2809 animis
2363 2722 2632 2804 illabitur,
2658 2737 2735 2792 ita
2760 2744 2823 2791 ut
2850 2734 2920 2789 ab
2956 2733 3051 2787 illa
3078 2747 3187 2787 non
3219 2737 3528 2807 separetur,

1947 2842 2002 2895 et
2042 2820 2230 2887 tamen
2289 2830 2347 2884 in
2392 2827 2706 2891 illis,insit,
2762 2824 3063 2896 potiusque
3114 2822 3261 2876 inter
3318 2818 3549 2874 animos

1947 2931 2168 2979 nostros
2199 2931 2258 2978 et
2286 2921 2528 2986 illorum,
2560 2918 2845 2973 unionem
2896 2929 3063 2985 quam
3105 2909 3559 2982 disiunctionem.

1948 3016 2149 3073 elliciat
2168 3033 2195 3085 ι
2220 3015 2302 3071 sic
2330 3014 2511 3085 cogita
2540 3012 2740 3068 Filium
2770 3027 2801 3065 a
2832 3008 2994 3066 Patre
3021 3005 3243 3076 penitus
3272 3018 3381 3059 non
3408 3015 3534 3057 esse

268 3112 361 3165 μοι
384 3095 497 3148 νόει
525 3096 620 3149 καὶ
649 3096 744 3150 τὸν
768 3096 896 3149 Υἱὺν
945 3095 1040 3149 τοῦ
1098 3096 1317 3167 Πατρδς
1369 3097 1446 3168 μὴ
1505 3096 1847 3169 χωρισθέντα

1951 3117 2286 3179 separatum,
2310 3116 2369 3161 ut
2408 3121 2512 3161 nec
2538 3103 2825 3173 Spiritum.
2843 3107 3092 3157 sanctum
3122 3113 3152 3155 a
3181 3096 3345 3158 Filio,
3366 3102 3538 3164 prout

264 3188 511 3252 πώποτε,
529 3189 625 3243 καὶ
657 3187 848 3242 τούτου
872 3189 929 3243 δὲ
961 3190 1125 3243 πάλιν
1148 3190 1208 3246 τὸ
1237 3189 1394 3260 ἅγιον
1415 3188 1666 3260 Πνεῦμα,
1688 3190 1847 3261 όμοί-
1864 3238 1887 3251 ._

263 3299 340 3344 ως
368 3280 447 3345 ὡς
484 3282 541 3334 ὲν
577 3280 655 3352 τῷ
687 3281 765 3353 νῷ
797 3282 896 3354 τὴν
930 3281 1261 3357 ἐνθύμησιν.⁶
1296 3282 1383 3346 Ὡς
1415 3282 1523 3355 γὰρ
1580 3285 1705 3345 οὐκ,
1733 3282 1849 3338 ἔστι

269 3374 479 3445 μεταξὺ
513 3374 606 3427 νοῦ
634 3376 728 3428 καὶ
755 3375 1129 3447 ἐνθυμήσεως,
1196 3376 1292 3428 καὶ
1344 3376 1523 3448 ψυχῆς
1585 3376 1852 3448 διαίρεσιν

268 3465 633 3535 ὲπινοηθῆναί
662 3482 785 3519 τινα
823 3466 918 3519 καὶ
950 3468 1153 3537 τομὴν,
1185 3466 1359 3532 οὕτως
1393 3467 1515 3520 οὐδὲ
1562 3465 1657 3519 τοῦ
1693 3466 1857 3534 ἁγίου

268 3555 615 3625 Πνεύματος,
654 3558 748 3610 καὶ
773 3556 871 3611 τοῦ
907 3557 1041 3611 Υίοῦ
1076 3558 1292 3628 [ἰατρὸς
1351 3560 1409 3611 ὲν
1464 3559 1613 3629 μέσῳ
1656 3557 1850 3629 τομὴν,

267 3645 302 3716 ἢ
339 3646 613 3717 διαίρεσιν
645 3648 1002 3720 ἐπινοηθῆναι
1060 3667 1216 3704 ποτε.
1273 3649 1419 3703 Διότι
1483 3649 1590 3703 τῶν
1647 3649 1854 3721 νοητῶν

271 3735 371 3788 καὶ¹
414 3736 577 3790 θείων
624 3737 931 3808 ἀδιαίρετος
983 3740 1017 3808 ἡ
1067 3739 1249 3808 φύσις,
1307 3739 1341 3810 ἢ
1392 3738 1486 3791 καὶ
1534 3737 1594 3793 ὃν
1654 3738 1855 3808 τρόπον

268 3827 375 3896 οὐχ
405 3821 600 3881 οἷόντε
658 3830 821 3885 πάλιν
880 3831 938 3887 ὲν
990 3831 1145 3903 μέσῳ
1195 3830 1290 3885 τοῦ
1332 3832 1556 3899 κύκλου,
1614 3832 1710 3887 καὶ
1756 3833 1856 3903 τῆς

270 3922 497 3985 ἀκτῖνος
525 3922 619 3977 τοῦ
660 3924 816 3994 ἡλίου
844 3914 1109 3996 διαίρεσιν
1136 3926 1514 3997 εὑρίσκεσθαι,
1545 3925 1661 3980 ἀλλ’
1689 3929 1722 3997 ἡ
1757 3927 1857 3998 μὲν

270 4011 440 4074 ἀκτὶς
496 4015 767 4085 συνῆπται
821 4013 900 4085 τῷ
954 4015 1162 4087 κύκλῳ,
1212 4018 1310 4070 καὶ
1339 4020 1367 4071 6
1395 4017 1597 4080 κύκλος
1624 4012 1736 4070 οἷόν
1774 4035 1860 4082 τις

273 4097 558 4168 ὀφθαλμὸς
588 4101 911 4156 ἀποστέλλει
942 4106 1222 4177 πανταχοῦ
1251 4105 1351 4170 τὰς
1393 4108 1639 4171 ἀκτῖνας,
1685 4105 1861 4171 οὕτως

272 4184 394 4243 οἷόν
445 4208 589 4254 τινες
646 4193 757 4255 τοῦ,
790 4194 1007 4267 Πατρδς
1061 4197 1286 4261 ἀκτῖνες
1329 4197 1720 4269 ἀπεστάλησαν
1774 4198 1861 4267 ἐφ’

272 4285 451 4352 ἡμᾶς.
478 4285 507 4337 ὅ
531 4301 591 4337 τε
617 4284 982 4359 φθεαγγώδης
1003 4297 1030 4338 P
1056 4288 1206 4354 Υίὺς,
1230 4290 1326 4344 καὶ
1345 4289 1408 4343 τὸ
1429 4290 1583 4358 ἅγιον
1610 4290 1859 4360 Πνεῦμα.

216 4426 223 4431 .
278 4375 505 4445 ’Ὠσπερ
525 4375 637 4447 γὰρ
653 4378 710 4430 αἱ
728 4377 827 4431 τοῦ
854 4379 1029 4448 φωτὸς
1058 4380 1278 4445 ἀκτῖνες
1317 4381 1619 4453 ἀμέριστον
1642 4382 1862 4453 ἔχουσαι

1953 3213 2056 3254 nec
2099 3214 2132 3253 a
2174 3204 2358 3252 mente
2404 3193 2668 3266 cogitatio
2696 3192 3026 3263 sejungitur;
3060 3183 3535 3256 Quemadmodum

1952 3290 2097 3345 enim
2145 3289 2298 3343 nulla
2326 3299 2415 3345 est
2443 3289 2588 3343 inter
2623 3294 2884 3351 mentem,
2917 3282 3304 3349 cogitationem
3335 3287 3393 3334 ct
3421 3277 3539 3332 ani-

1954 3396 2096 3435 mam
2142 3379 2343 3434 divisio
2398 3395 2495 3434 seu
2544 3378 2744 3445 sectio,
2794 3378 2871 3433 ita
2924 3391 3027 3431 nec
3076 3375 3220 3430 inter
3268 3369 3536 3441 Spiritum

1954 3480 2229 3536 sanctum,
2267 3472 2491 3535 Filium,
2533 3480 2590 3526 et
2645 3472 2868 3524 Patrem
2918 3468 3028 3523 ulla
3074 3465 3336 3522 distantia
3390 3461 3541 3517 inve-

1955 3548 2136 3629 nitur,
2195 3563 2325 3633 quia
2376 3562 2835 3621 intellectualium
2899 3567 3099 3614 natura
3148 3557 3383 3613 indivisa
3434 3564 3539 3611 est.

1956 3657 2192 3720 Rursus,
2256 3654 2727 3726 quemadmodum
2781 3655 2930 3708 inter
2975 3652 3166 3711 orbem
3211 3659 3267 3706 et
3326 3650 3541 3706 radius!~

1957 3750 2092 3805 solis
2121 3748 2271 3803 nulla
2318 3747 2521 3807 divisio
2558 3746 2875 3810 intercedit,
2908 3745 3004 3801 sed
3036 3744 3224 3800 radius
3251 3758 3376 3798 cum
3408 3742 3544 3797 orbe

1958 3840 2289 3910 coniunctus
2331 3847 2438 3902 est,
2475 3847 2534 3893 et
2582 3836 2738 3893 orbis
2776 3845 3031 3905 tanquam
3082 3833 3279 3889 oculus
3319 3832 3542 3902 quidam

1959 3930 2162 3986 emittit
2230 3943 2653 4000 quoquoversus
2706 3927 2911 3990 radios,
2978 3925 3060 3981 sic
3119 3934 3378 3994 tanquam
3429 3923 3544 3979 duo
3622 3971 3635 3979 .

1960 4021 2139 4077 Patris
2188 4021 2330 4077 radii
2377 4019 2445 4075 ad
2493 4034 2595 4075 nos
2628 4015 2936 4073 transmissi
2967 4024 3121 4079 sunt,
3154 4015 3422 4079 Verbum,
3446 4029 3544 4070 seu

1962 4113 2154 4178 Filius,
2181 4120 2238 4168 et
2261 4111 2505 4183 Spiritus
2533 4118 2763 4167 sanctus
2797 4126 2811 4163 :
2844 4109 3012 4165 sicuti
3047 4108 3198 4162 enim
3230 4108 3373 4163 lucis
3403 4107 3546 4162 radii

1963 4205 2170 4261 habent
2196 4206 2340 4260 inter
2372 4219 2431 4261 se
2465 4210 2661 4259 mutuo
2689 4202 2985 4258 indivisam
3030 4200 3441 4265 habitudinem,
3472 4200 3546 4254 ita

1964 4307 2025 4353 ut
2051 4313 2157 4354 nec
2185 4313 2215 4352 a
2245 4298 2368 4353 luce
2394 4310 2497 4353 nec
2544 4312 2576 4352 a
2606 4311 2665 4353 se
2706 4294 2943 4351 invicem
2991 4302 3370 4364 scgregentur,
3400 4304 3458 4347 et
3480 4291 3546 4347 ad

1966 4404 2069 4443 nos
2117 4404 2293 4458 usque
2328 4387 2680 4459 splendorem
2710 4401 2871 4442 suum
2918 4385 3315 4447 transmittant,
3354 4383 3547 4437 eodem

271 4466 425 4519 κατᾶ
478 4470 641 4537 φύσιν
687 4470 788 4549 τὴν
821 4471 975 4542 ⁸’πρὸς
1020 4472 1256 4544 ἀλλήλας
1318 4474 1525 4544 σχέσιν,
1583 4473 1709 4529 οὔτε
1764 4475 1848 4528 τοῐ

1964 4481 2133 4536 modo
2180 4480 2357 4536 Filius
2401 4489 2456 4535 et
2497 4479 2741 4552 Spiritus
2773 4489 3020 4541 sanctus,
3068 4477 3322 4550 geminus
3373 4475 3552 4531 Patris

270 4556 462 4626 φωτὸς
512 4560 876 4631 χωρίζονται,
934 4562 1058 4617 οὔτε
1116 4564 1363 4635 ἀλλήλων
1422 4565 1862 4636 ἀποτέμνονται,

272 4651 379 4706 καὶ
416 4650 614 4721 μέχρις
641 4653 802 4725 ἡμῶν
836 4655 937 4724 τὴν
992 4658 1152 4728 χάριν
1203 4656 1296 4711 τοῦ
1352 4659 1531 4727 φωτὸς
1592 4658 1864 4713 ἀποστέλ-

272 4744 490 4807 λουσιν,
522 4743 666 4799 οὕτω
702 4748 797 4801 καὶ
825 4750 854 4800 6
888 4748 1037 4812 Υἱὸς,
1090 4749 1183 4802 καὶ
1216 4748 1277 4802 τὸ
1305 4749 1532 4819 Πνεῦμα
1570 4750 1632 4803 τὸ
1686 4750 1865 4819 ἅγιον,

273 4839 311 4907 ἡ
343 4836 569 4906 δίδυμος
597 4838 691 4892 τοῦ
728 4840 944 4911 Πατρός
977 4842 1157 4907 ἀκτὶς,
1197 4842 1292 4895 καὶ
1343 4842 1539 4914 μέχρις
1587 4841 1745 4912 ήμῶν
1794 4842 1871 4894 δι-

278 4932 524 4983 ικνεῖται
559 4931 659 5001 τῆς
689 4932 948 5002 ἀληθείας
979 4934 1040 4987 τὸ
1076 4934 1213 5004 φῶς,
1244 4934 1339 4988 καὶ
1382 4934 1462 5003 τῷ
1498 4936 1685 5006 llath
1742 4953 1869 4989 συν-

276 5029 517 5099 ήνωται.
579 5030 678 5084 Ὃν
726 5030 928 5100 τρόπον
976 5031 1034 5085 δὲ
1081 5032 1173 5085 ἐπί
1222 5048 1366 5096 τινος
1415 5031 1626 5086 ὑδάτων
1663 5031 1870 5099 πηγῆς.

276 5118 656 5189 νεκταριῶδες
687 5120 938 5188 ἀφθόνως
973 5122 1313 5193 προϊεμένης
1372 5121 1516 5193 ὕδωρ
1579 5123 1871 5193 συμϐαίνει

281 5213 530 5285 ῥεύματι
558 5214 908 5286 παμπληθὲς,
943 5216 1038 5269 καὶ
1098 5217 1314 5287 ῥεῖθρον
1358 5215 1737 5286 ἀκατάσχετον
1794 5219 1873 5277 εἰς

280 5307 577 5376 ποταμοὺς
638 5308 732 5360 δύο
786 5308 864 5378 τῷ
925 5308 1159 5380 ῥεύματι
1220 5308 1567 5378 τέμνεσθαι⁸
1634 5308 1765 5377 μίαν
1814 5307 1872 5373 ἐξ

281 5399 413 5461 ἑνὸς
467 5397 751 5471 ὀρθαλμοῦ
793 5397 892 5469 τὴν
948 5401 1078 5471 ῥοὴν
1105 5400 1164 5465 ἐξ
1192 5400 1367 5472 ἀρχῆς
1401 5400 1726 5471 ἐσχηκότας,
1758 5398 1875 5469 δερ-

383 5534 615 5592 "Joan.
641 5532 783 5601 1,23.
840 5536 883 5568 ⁸³
911 5535 1045 5591 ibid.
1078 5534 1125 5587 l.
1207 5532 1250 5565 ”
1276 5533 1434 5590 Joan.
1470 5551 1524 5603 v,
1557 5534 1647 5590 ει.

1967 4572 2178 4639 radius,
2211 4589 2335 4628 cum
2376 4574 2538 4629 Patre
2570 4572 2763 4629 intime
2792 4572 3085 4634 uniu'ntur,
3129 4577 3184 4624 et
3235 4576 3415 4623 tamen
3458 4582 3548 4621 vc-

1966 4663 2148 4719 ritatis
2181 4664 2369 4718 lumen
2402 4663 2467 4719 ad
2497 4678 2598 4718 nos
2634 4677 2808 4732 usque
2834 4657 3248 4716 transfundunt.
3287 4658 3356 4712 Et
3389 4656 3551 4711 sicuti

1969 4758 2025 4812 in
2048 4757 2198 4813 fonte
2231 4758 2514 4828 perpetuis
2549 4758 2707 4828 aquis
2733 4755 2957 4827 copioso
2979 4752 3241 4825 perennis
3262 4750 3353 4805 ille
3377 4748 3553 4804 ﬂuxus

1973 4864 2117 4919 saepe
2144 4848 2199 4902 in
2223 4848 2366 4902 duos
2395 4847 2592 4903 fluvios
2620 4848 2759 4912 abit,
2790 4846 2881 4917 qui
2915 4845 2983 4900 ab
3019 4843 3177 4898 initio
3200 4859 3268 4897 ex
3297 4857 3406 4896 una
3438 4855 3545 4895 sca-

1978 4944 2131 4996 tebra
2163 4940 2504 5005 scaturiunt;
2552 4940 2815 5010 deinceps
2845 4939 2985 4993 duos
3018 4937 3311 4992 distinctos
3361 4948 3554 4989 cursus

1977 5037 2191 5093 tenent,
2240 5028 2380 5082 nihil
2427 5029 2748 5084 nocumenti
2799 5028 3125 5085 substantia:
3171 5042 3237 5080 ex
3284 5023 3555 5081 divisione

1977 5121 2148 5181 illata,
2178 5120 2278 5174 etsi
2301 5119 2449 5173 enim
2484 5135 2653 5175 cursu
2692 5128 2750 5175 et
2786 5121 2898 5176 situ
2931 5120 3073 5175 facta
3106 5126 3189 5174 est
3220 5115 3446 5182 divisio,
3478 5121 3555 5178 at,

1976 5213 2020 5272 si
2067 5213 2302 5282 liquoris
2349 5211 2667 5282 qualitatem
2728 5222 2975 5283 spectes,
3035 5211 3333 5283 utrobique
3394 5222 3555 5263 unam

1976 5304 2339 5375 eamdemque
2372 5318 2599 5374 prorsus
2633 5303 2883 5359 invenies
2911 5321 2925 5369 ;
2958 5314 3014 5359 et
3036 5304 3291 5375 quamvis
3314 5300 3556 5373 praedicti

1980 5398 2133 5454 fluvii
2188 5398 2381 5469 procul
2413 5412 2441 5451 a
2475 5412 2531 5451 se
2566 5394 2802 5451 invicem
2852 5396 3240 5466 dispescantur
3270 5404 3325 5451 ct
3363 5393 3432 5449 ab
3452 5393 3552 5447 ori-

1595 5647 1831 5707 VARlA‘I
1866 5642 2274 5704 LECTIONES.

363 5755 390 5783 ε’
417 5747 650 5819 Aliquid
676 5747 762 5802 hic
794 5748 969 5803 deest.
1054 5745 1136 5801 Μ’.
1170 5745 1477 5817 φεγγὼδης.
