4082 6290
594 301 699 366 827

1809 307 1870 365 S.
1913 307 2312 368 ANASTASII
2353 311 2677 373 SINAITJE

3773 280 3891 386 sas

597 427 744 466 enim
779 425 892 466 non
942 421 1157 481 potest,
1213 413 1318 467 nisi
1370 413 1496 481 quis
1541 415 1790 470 sedulam
1843 417 2183 488 multamque

2288 420 2458 484 καίως
2491 423 2805 476 ὑποτίθεται
2830 421 2908 493 (2)
2929 422 3136 490 λέγων·
3163 425 3523 494 Σχολὰσατε
3549 426 3656 482 και
3667 425 3884 496 γνῶτε,

599 519 824 572 operam
875 503 1140 568 orationi,
1166 519 1446 573 sacraeque
1501 505 1803 576 Scriptura:
1831 509 2056 565 lectioni
2085 512 2188 566 im-

602 595 826 664 pendat,
863 605 924 648 ut
952 605 1048 650 aut
1075 596 1354 664 postulata
1385 613 1415 652 a
1445 597 1559 653 Deo
1589 598 1870 669 impetret,
1890 613 1986 657 aut
2011 604 2187 664 Deum

603 705 730 743 \ere
753 696 1072 758 cognoscat.

666 950 726 1004 Si
783 950 937 1004 enim
984 950 1038 1009 in
1082 951 1454 1020 pereuntibus
1507 955 1710 1010 artium
1765 957 1970 1014 scholis
2025 960 2189 1035 longo

601 1054 850 1111 tempore
892 1044 1166 1114 quispiam
1222 1047 1502 1103 interdum
1535 1058 1804 1116 versatus,
1832 1051 1924 1104 vix
1969 1054 2186 1108 tandem

601 1137 882 1208 vulgarem
915 1138 1189 1193 condiscit
1211 1148 1420 1206 artem;
1459 1149 1669 1210 quanto
1703 1144 1879 1214 magis
1914 1160 2042 1200 eum
2093 1149 2188 1217 qui

601 1226 696 1280 Dei
747 1229 1121 1298 cognitionem
1171 1229 1336 1300 450
1399 1233 1690 1301 acquirere
1745 1235 1910 1305 eique
1966 1238 2188 1306 placere

601 1318 809 1385 studet,
844 1336 1042 1376 vacare
1065 1331 1287 1392 Oportet
1314 1325 1444 1389 Deo,
1476 1334 1533 1380 et
1564 1341 1738 1396 usque
1767 1329 1834 1383 ad
1872 1328 2036 1384 linem
2063 1333 2190 1389 vita:

600 1411 840 1466 animam
889 1427 1047 1467 suam
1104 1414 1388 1470 ferventer
1438 1426 1495 1472 et
1549 1417 1832 1483 ardenter,
1880 1421 2036 1489 quasi
2085 1422 2190 1477 alis

601 1501 938 1570 quibusdam
971 1503 1038 1557 ad
1071 1519 1197 1559 eum
1222 1505 1474 1560 elevare?
1496 1507 1693 1562 Nonne
1727 1508 1885 1564 vides
1909 1512 2190 1580 quomodo

602 1595 681 1648 illi
727 1595 824 1664 qui
885 1597 1190 1666 temporale
1233 1606 1291 1652 et
1349 1598 1620 1654 caducum
1659 1600 1951 1670 imperium
2000 1603 2187 1674 adepti

601 1695 755 1748 sunt,
790 1685 972 1741 oblata
1003 1688 1083 1742 rei
1110 1688 1364 1758 gerenda:
1399 1691 1712 1756 occasione,
1747 1708 1777 1747 a
1829 1695 2068 1764 propriis
2092 1711 2187 1751 co—

2291 511 2380 564 ὅτι
2413 511 2527 582 ἐγώ
2560 517 2676 582 εἶμι
2705 515 2738 567 ὀ
2769 513 2932 576 Θεός.
2989 513 3176 576 Ἐκτδς
3211 515 3310 583 μὲν
3363 515 3476 587 γάρ
3525 515 3730 586 σχολῆς
3786 521 3890 572 καὶ

2293 602 2496 670 πολλῆς
2543 603 3020 674 προσεδρίας.τῆς
3065 606 3124 658 ὲν
3183 608 3306 670 ταῖς
3357 610 3723 679 προσευχαῖς,
3787 610 3891 663 καὶ

2286 695 2348 747 ὲν
2388 698 2507 756 ταῖς
2551 694 2726 759 θείαις
2767 696 2876 748 τῶν
2909 695 3142 766 Γραφῶν
3168 698 3565 767 ἀναγνώσεσιν,
3597 701 3702 754 οὐκ
3729 701 3893 756 ἐστιν

2290 783 2414 838 οὔτε
2443 788 2512 840 τὰ
2560 790 2838 859 αἰτήματα
2886 787 3095 856 λαϐεῖν,
3157 789 3281 844 οὔτε
3341 792 3434 846 τὸν
3480 792 3615 849 Θεὸν
3662 793 3894 865 άληθῶς

2290 878 2608 944 ἐπιγνῶναι.

2333 1023 2335 1026 .
2361 973 2424 1026 Et
2449 974 2558 1044 γάρ
2583 977 2640 1026 ἑν
2664 977 2784 1039 ταῖς
2815 975 3228 1046 ἀπολλυμέναις
3254 977 3366 1031 τῶν
3411 977 3620 1048 τεχνῶν
3664 977 3894 1048 σχολαῖς

2290 1064 2558 1128 πολλάκις
2617 1084 2704 1130 τις
2752 1069 2982 1138 χρόνους
3041 1071 3263 1134 ἱκανοὺς
3318 1069 3662 1141 πεποιηκὼς,
3727 1071 3894 1142 μόλις

2291 1156 2422 1208 ποτὲ
2457 1157 2554 1228 τὴν
2585 1159 2857 1228 τυχοῦσαν
2909 1160 3154 1232 ἠδυνήθη
3211 1161 3408 1232 μαθεῖν
3461 1163 3684 1234 τέχνην,
3735 1165 3896 1234 πότῳ

2293 1247 2499 1319 μᾶλλον
2555 1251 2584 1302 ὁ
2623 1251 2721 1320 τὴν
2747 1251 2843 1305 τοῦ
2872 1252 3009 1307 Θεοῦ
3045 1253 3270 1321 γνῶσιν,
3305 1257 3398 1308 καὶ
3421 1257 3521 1326 τὴν
3547 1257 3686 1326 πρὸς
3718 1257 3896 1310 αὐτὸν

2287 1339 2654 1412 εὐαρέστησιν
2693 1343 3043 1413 κατορθῶσαι
3104 1344 3457 1417 βουλόμενος,
3504 1347 3716 1416 ὀφείλει
3763 1366 3896 1419 σχοο

2288 1431 2473 1496 λάζειν
2501 1435 2559 1486 ὲν
2610 1433 2758 1504 Θεῷ,
2811 1435 2910 1488 καὶ
2959 1435 3179 1506 θερμῶς
3236 1437 3332 1490 καὶ
3389 1438 3658 1509 ὲμπύρως
3717 1439 3894 1508 μέχρι

2287 1523 2480 1588 τέλους
2527 1523 2674 1596 ζωῆς
2705 1525 2802 1596 τὴν
2850 1525 3050 1580 ἑαυτοῦ
3099 1527 3281 1598 ψυχὴν
3333 1527 3478 1600 ἔχειν
3532 1529 3672 1600 προς
3717 1531 3894 1584 αὐτον

2289 1619 2705 1688 ἐπτερωμένηνς
2730 1621 2842 1689 Οὐχ
2861 1620 2996 1690 ὁρᾷς
3017 1619 3146 1683 τοὺς
3173 1621 3275 1683 τὰς
3302 1619 3563 1690 βιωτικὰς
3591 1621 3691 1676 καὶ
3715 1640 3895 1695 προτ-

2291 1711 2517 1780 καίρους
2572 1710 2956 1782 λαμϐάνοντας
2997 1712 3196 1783 ἀρχὰς,
3237 1712 3356 1776 πῶς
3407 1711 3634 1766 ἐπειδὰν
3684 1715 3890 1784 καιροῦ

599 1777 965 1844 gitationibus
999 1781 1154 1835 velut
1179 1781 1248 1835 ab
1291 1781 1418 1851 igne
1463 1781 1770 1838 incitentur
1801 1794 1858 1838 et
1892 1785 2185 1856 impellan-

2288 1777 2432 1866 τινος
2460 1800 2785 1874 δράξωνται,
2805 1803 2893 1868 ιὼς
2922 1804 3027 1857 ὑπὸ
3059 1804 3230 1876 πυρὸς
3265 1803 3574 1875 ὠθούμενοι
3614 1805 3723 1859 ὑπὸ
3779 1805 3894 1859 τῶν

603 1880 712 1935 tur,
743 1870 818 1924 ita
843 1879 903 1924 ut
927 1872 1161 1940 quilibet
1201 1873 1420 1927 illorum
1467 1874 1614 1929 dicat
1642 1894 1656 1928 :
1684 1875 1956 1942 Quantam
1989 1886 2183 1934 nactus

598 1975 721 2015 sum
763 1964 1276 2031 opportunitatem!
1305 1963 1480 2030 Quam
1528 1965 1638 2021 late
1680 1967 1975 2024 dominorl
2003 1969 2180 2036 Quam

600 2068 797 2123 magno
848 2053 1084 2123 imperio
1136 2055 1348 2124 potior!
1405 2055 1581 2122 Quam
1631 2057 1773 2112 laetis
1831 2061 2184 2116 successibus

597 2146 784 2200 omnia
820 2147 957 2200 mihi
988 2147 1290 2202 eveniunt!
1343 2147 1642 2212 Ditescam,
1677 2159 1982 2214 exstruam,
2020 2151 2182 2221 plan-

599 2239 748 2303 tabo,
803 2239 1032 2307 rapiam,
1089 2239 1397 2309 arnpliabo,
1444 2248 1824 2307 antevertam,
1888 2251 2182 2313 antequam

599 2329 839 2385 fortuna!
862 2340 918 2384 et
967 2331 1277 2385 occasionis
1303 2333 1535 2386 mutatio
1565 2333 1802 2390 accidat.
1837 2335 1959 2390 Non
1983 2351 2184 2407 exspe-

597 2419 781 2484 ctabo,
813 2435 923 2474 non
957 2419 1284 2474 cunctabor.
1327 2419 1528 2476 Nescio
1573 2421 1724 2476 enim
1773 2425 1909 2494 quid
1961 2435 2183 2496 postera

598 2512 738 2566 t‘erat
762 2511 904 2566 dies.
934 2511 1020 2566 Ab
1062 2511 1149 2565 his
1178 2521 1236 2566 et
1291 2512 1347 2567 id
1374 2529 1552 2584 genus
1578 2515 1705 2571 aliis
1750 2518 2184 2587 cogitationibus

597 2603 825 2673 plurimi
856 2604 1196 2667 mortalium,
1239 2605 1396 2674 quasi
1424 2622 1453 2659 a
1501 2607 1851 2664 dannonibus
1903 2611 2095 2680 agitati
2125 2621 2185 2665 et

603 2695 853 2750 instincti
882 2697 1264 2765 impelluntur,
1292 2707 1350 2752 ct
1373 2698 1430 2752 in
1477 2699 1645 2770 hujus
1669 2701 1797 2756 vita:
1849 2703 2187 2759 sollicitudi-

519 2769 530 2782 ’
598 2786 766 2841 nibus
794 2787 1185 2856 praefocantur,
1217 2789 1428 2858 absque
1475 2791 1589 2844 ullo
1641 2793 1916 2862 profectu.
1957 2795 2072 2852 Nec
2097 2797 2184 2851 ul-

598 2882 707 2934 lam
743 2878 810 2933 de
869 2879 1052 2934 anima
1105 2896 1296 2935 curam
1330 2883 1666 2952 suscipiunt.
1716 2885 1831 2941 Nec
1881 2887 1951 2944 de
1983 2899 2183 2959 morte,

599 2985 703 3025 nec
729 2969 796 3025 de
821 2972 1002 3040 poenis
1029 2971 1251 3038 futuris,
1289 2989 1392 3028 nec
1417 2975 1484 3029 de
1513 2976 1748 3046 judicio.
1793 2978 1900 3034 Sed
1945 2980 2061 3036 fere
2084 2999 2187 3038 nos

600 3062 750 3132 ipsos
777 3064 1113 3133 ignoramus,
1138 3076 1196 3120 et
1238 3065 1572 3137 decipimus.
1619 3070 1689 3124 Et
1727 3071 1940 3127 utinam
1965 3073 2072 3130 hoe
2094 3091 2186 3130 so-

599 3154 716 3208 lum
743 3156 923 3210 levius
959 3158 1164 3212 malum
1191 3156 1366 3214 foret!
1401 3161 1541 3229 quin
1600 3170 1657 3216 et
1687 3173 1880 3218 mutuo
1923 3181 2026 3221 nos
2055 3167 2186 3222 odio
2215 3154 2274 3212 ’³-

599 3249 1012 3318 prosequimur,
1047 3250 1338 3318 conviciis,
1371 3253 1859 3320 insidiis,invidia,
1891 3259 2188 3316 calumniis

599 3349 656 3392 ct
678 3343 998 3395 seommatis
1024 3343 1360 3412 appetimus,
1377 3345 1724 3411 divexamus,
1744 3359 1800 3404 et
1831 3350 2182 3408 incessimus:

600 3432 901 3502 nullusque
927 3443 1182 3490 nostrum
1219 3437 1286 3491 ad
1321 3449 1546 3508 peccata
1581 3457 1678 3495 sua
1705 3441 1949 3496 animum
1985 3443 2184 3499 adver-

604 3525 706 3578 tit:
741 3527 929 3582 nullus
957 3528 1028 3583 de
1073 3545 1247 3584 onere
1272 3547 1374 3586 suo
1404 3534 1680 3589 sollicitus
1717 3544 1834 3601 est;
1865 3537 1960 3591 sed
2001 3539 2189 3607 proxi-

603 3633 818 3672 morum
866 3631 1182 3678 nostrorum
1238 3637 1462 3695 peccata
1499 3629 1718 3683 curiose
1750 3631 2070 3685 lustramus.
2103 3631 2182 3687 Ad

599 3711 802 3764 eollum
857 3728 1032 3783 usque
1084 3730 1244 3770 coeno
1290 3717 1447 3771 obliti
1495 3735 1708 3785 sumus,
1751 3736 1854 3775 nec
1879 3722 2183 3792 quidquam

600 3803 757 3870 pensi
787 3803 1079 3861 habemus.
1100 3805 1181 3860 Ad
1205 3817 1548 3864 senectutem
1595 3825 1773 3880 usque
1795 3811 1976 3866 aliena
2020 3827 2186 3868 cura-

601 3909 742 3959 mus,
781 3911 961 3965 neque
1007 3897 1064 3952 in
1121 3898 1242 3968 ipso
1276 3901 1434 3956 senio
1480 3902 1621 3956 mala
1664 3904 1889 3972 propria
1914 3905 2184 3974 expendi-

599 4003 744 4042 mus.
780 3989 990 4044 Minuta
1011 3990 1242 4046 fratrum
1277 4002 1596 4048 nostrorum
1625 4005 1808 4050 errata
1857 3997 2181 4063 intuemur;

597 4090 652 4133 at
677 4081 910 4146 trabem,
939 4100 1061 4153 quae
1084 4092 1168 4140 est
1195 4087 1249 4140 in
1289 4089 1454 4142 oculo
1505 4099 1720 4154 nostro,
1765 4105 1876 4144 non
1907 4090 2181 4146 videmus.

598 4169 849 4227 l’andere
874 4175 1168 4230 criminum
1213 4187 1536 4233 nostrorum
1588 4179 1954 4250 deprimimur
2001 4191 2058 4237 et
2095 4183 2183 4236 in-

597 4263 897 4320 ﬂectimur.
925 4268 994 4321 Et
1032 4277 1214 4323 tamen
1241 4271 1463 4326 curiose
1498 4273 1552 4327 in
1587 4273 1825 4327 aliorum
1871 4272 2184 4329 defectibus

596 4355 928 4428 delictisque
958 4360 1284 4431 indagandis
1329 4379 1693 4435 occupamur.
1738 4365 1930 4435 Neque
1962 4367 2046 4420 vel
2082 4366 2184 4419 hac

2291 1893 2438 1948 ἰδίων
2483 1894 2762 1964 λογισμῶν
2790 1894 3111 1949 ἐλαύνονται.
3148 1895 3243 1950 καὶ
3303 1895 3698 1960 συνωθοῦνται,
3754 1897 3895 1952 Etcu-

2289 2003 2415 2048 στος
2442 1986 2623 2038 αὐτῶν
2651 1986 2746 2039 καὶ
2774 1983 2947 2052 λέγει·
2988 1987 3113 2057 Ἐφ’
3142 1989 3267 2042 ὅσον
3301 1980 3462 2058 εὗρον
3489 1989 3681 2058 καιρόν
3705 1989 3892 2058 ι-Ἒφ¹

2283 2079 2410 2135 ὅσον
2444 2078 2670 2147 κρατῶί
2719 2080 2836 2150 Ἐφ’
2863 2083 2985 2134 ὅσον
3017 2080 3126 2152 ἔχω
3175 2079 3240 2133 τὸ
3279 2081 3590 2134 ἐπιτάττειν
3639 2080 3740 2134 καὶ
3772 2084 3892 2135 εισ-

2286 2170 2614 2225 ακούεσθαιι
2650 2171 2766 2240 Ἐφ’
2793 2173 2916 2226 ὅσον
2937 2173 3008 2226 τὰ
3040 2173 3178 2244 πρὸς
3197 2173 3284 2226 τὸν
3312 2171 3428 2244 βίον
3457 2173 3771 2244 πράγματά
3792 2192 3894 2242 μοι

2285 2262 2487 2326 εύθέως
2523 2264 2824 2318 ὑπακούειί
2858 2265 3174 2336 Πλουτήσω,
3213 2264 3407 2328 κτίσω,
3438 2262 3723 2333 φυτεύσω,
3783 2267 3890 2335 ἁρ-

2287 2355 2470 2417 πάσω,
2501 2355 2773 2420 πλατυνῶ,
2807 2355 3086 2428 προλάσω.
3141 2355 3337 2426 πρὶνῆ
3395 2356 3624 2426 γένηται
3686 2357 3887 2427 καιροῦ

2286 2448 2635 2520 παραλλαγή.
2689 2448 2780 2518 Μὴ
2841 2447 3120 2518 ἀναμενῶ,
3193 2445 3268 2518 μὴ
3315 2445 3608 2517 ἀμελήσω·
3677 2447 3742 2502 ού
3775 2449 3888 2518 γὰρ

2286 2535 2424 2601 οἶδα,
2452 2541 2504 2592 τί
2542 2540 2822 2612 τέξεταιή
2876 2540 3132 2596 ἐπιοῦσα.
3182 2540 3318 2594 Ὺπδ
3371 2540 3578 2594 τούτων
3621 2542 3719 2594 κιιιίι⁵
3772 2541 3889 2594 τῶν

2286 2627 2550 2681 τοιούτων
2593 2629 2876 2700 λογισμῶν
2909 2630 2960 2682 οἱ
3021 2629 3209 2683 πολλοὶ
3267 2629 3376 2684 τῶν
3423 2629 3754 2702 ἀνθρώπων,
3803 2631 3890 2694 ὡς

2287 2718 2394 2772 ὑπὸ
2447 2719 2715 2790 δαιμόνων
2747 2721 3096 2792 ἐλαυνόμενοι
3152 2722 3246 2776 καὶ
3279 2721 3706 2792 συνωθούμενοι,
3744 2739 3888 2779 κατ-

2288 2813 2610 2883 επείγονται
2665 2816 2725 2867 ἐν
2759 2818 3094 2886 πειρασμοῖς
3122 2818 3216 2869 καὶ
3259 2815 3556 2886 μερίμναις
3590 2816 3884 2886 βιωτικαῖς

2291 2907 2750 2977 συμπνιγόμενοι,
2779 2909 2876 2961 xui.
2907 2911 2968 2961 ού
3001 2908 3482 2979 τελεσφοροῢντες.
3543 2910 3657 2962 Καὶ
3700 2909 3884 2972 οὐδεὶς

2289 3002 2474 3065 αὐτοῖς
2519 3001 2679 3070 λόγος
2718 3003 2848 3074 περὶ
2890 2999 3088 3074 ψυχῆς,
3119 3005 3246 3076 περὶ
3275 3003 3530 3067 Θανάτου,
3556 3005 3690 3074 περὶ
3720 3002 3888 3057 κολάο

2291 3110 2449 3158 σεως,
2513 3095 2642 3165 περὶ
2684 3095 2941 3165 κρίσεως.
2972 3089 3141 3150 Ἆλλᾶ
3172 3097 3358 3166 σχεδὸν
3383 3097 3613 3160 ἑαυτοὺς
3639 3097 3884 3166 ἀγνοοῦ-

2294 3202 2415 3256 μεν,
2452 3188 2547 3240 καὶ
2575 3188 2897 3258 ἀπατῶμεν.
2940 3189 3053 3243 Καὶ
3083 3189 3195 3242 εἴθε
3231 3189 3391 3260 μόνον
3421 3191 3584 3244 τοῦτο
3613 3205 3628 3222 ⁸
3659 3191 3886 3246 ἔλαττον

2289 3277 2356 3330 ἂν
2377 3273 2447 3348 ἦν
2469 3279 2529 3332 τὸ
2555 3280 2726 3333 κακόν
2756 3296 2770 3311 ’
2805 3281 2942 3334 ἀλλὰ
2967 3283 3063 3334 καὶ
3101 3281 3386 3352 ,ἀλλήλους
3445 3283 3736 3353 μισοῦμεν,
3781 3285 3884 3338 καὶ

2289 3370 2676 3440 λοιδοροῦμεν,
2733 3373 2830 3426 καὶ
2883 3373 3338 3444 ἐπιϐουλεύομεν,
3385 3376 3484 3428 καὶ
3547 3376 3876 3447 φθονοῦμεν,

2289 3460 2381 3513 καὶ
2425 3461 2811 3530 memon“,
2869 3467 2966 3518 καὶ
3023 3465 3392 3538 σκὼπτομεν·
3456 3471 3556 3524 καὶ
3593 3472 3769 3535 οὐδεὶς
3820 3475 3881 3540 ἐξ

2247 3586 2249 3589 -
2287 3553 2446 3624 ἡμῶν
2484 3557 2746 3627 προσέχει
2777 3560 2902 3621 ταῖς
2940 3557 3137 3612 ἑαυτοῦ
3169 3560 3506 3630 ἁμαρτίαις,
3542 3562 3720 3625 οὐδεὶς
3777 3581 3881 3634 με-

2292 3648 2463 3716 ριμνᾷ
2490 3646 2553 3698 τὸ
2593 3648 2788 3702 ἑαυτοῦ
2837 3649 3100 3720 φορτίον·
3153 3651 3290 3704 ἀλλὰ
3355 3651 3425 3706 τὰ
3483 3654 3596 3707 τῶν
3650 3655 3881 3723 πλησίον

2289 3739 2448 3809 ἡμῶν
2477 3727 2858 3812 ἁμαρτήματα
2903 3743 3216 3814 σκοποῦμεν
3268 3745 3532 3816 ἀκριϐῶς,
3579 3746 3686 3810 ἓως
3739 3765 3881 3816 τρα-

2287 3831 2456 3900 χήλου
2490 3831 2735 3902 γέμομεν
2798 3833 3088 3906 βορϐόρου,
3136 3837 3231 3889 καὶ
3281 3838 3436 3890 οὐδὲν
3499 3839 3629 3908 περὶ
3684 3837 3880 3892 τούτου

2287 3923 2764 3994 διαμεριμνῶμεν.
2801 3925 2950 3990 ’Ἕως
2996 3927 3186 3998 γήρως
3217 3928 3287 3982 τὰ
3321 3929 3436 4002 τῶν,
3461 3928 3664 4000 ἐτέρων
3719 3948 3882 4002 μηρί’

2293 4015 2534 4086 μνῶμεν,
2565 4018 2660 4069 καὶ
2687 4017 2809 4068 οὐδὲ
2841 4019 2900 4070 ὲν
2930 4017 3078 4089 αὐτῷ
3106 4018 3185 4089 τῷ
3205 4021 3352 4090 γήρᾳ
3397 4019 3467 4074 τά
3490 4021 3702 4074 ἑαυτῶν
3731 4025 3882 4077 κακὲ

2288 4108 2625 4178 ἐρευνῶμεν.
2683 4109 2794 4162 Καὶ
2838 4110 2906 4163 τὰ
2964 4110 3065 4178 μὲν
3123 4112 3300 4184 μικρὰ
3353 4113 3718 4184 ἐλαττιτιματα
3765 4116 3881 4170 τῶν

2288 4200 2537 4271 ἀδελφῶν
2625 4202 2784 4270 ἡμῶν
2851 4202 3164 4274 βλέπομεν,
3209 4206 3310 4275 τὴν
3352 4206 3409 4258 δὲ
3459 4197 3616 4260 δοκδν
3672 4207 3769 4278 τὴν
3823 4209 3880 4261 ἐν

2287 4290 2554 4362 ὀφθαλμῷ
2591 4293 2749 4363 ἡμῶν
2779 4294 2842 4346 οὐ
2879 4293 3173 4363 βλέπομεν.
3221 4295 3361 4349 Ὑπὸ
3385 4296 3480 4350 τοῦ
3511 4298 3736 4368 φορτίου
3766 4300 3881 4352 τῶν

2289 4384 2710 4454 ἁμαρτημάτων
2739 4386 2896 4457 ἡμῶν
2920 4389 3460 4469 κατακαμπτὸμεθα,
3516 4391 3613 4444 καὶ
3657 4391 3725 4444 τὰ
3765 4393 3880 4446 τῶν

597 4449 814 4506 ratione
846 4453 1249 4510 erubescimus.
1282 4457 1503 4516 Nemini
1550 4459 1862 4526 parcimus;
1894 4456 2174 4512 neminem

2288 4475 2462 4528 ἄλλων
2501 4477 2866 4548 ἐλαττώματα
2895 4481 3394 4550 περιεργαζόμεθα·
3430 4485 3525 4538 καὶ
3554 4481 3672 4536 οὔθ’
3703 4484 3880 4550 οὕτως

595 4559 951 4612 reveremur;
979 4547 1074 4602 sed
1107 4563 1302 4603 omnes
1329 4550 1670 4614 mordemus,
1698 4565 1891 4604 omnes
1915 4550 2186 4606 devorare

595 4635 847 4702 nitimur,
898 4653 1122 4707 parvos,
1160 4656 1408 4712 magnos,
1434 4651 1644 4699 sontes.
1679 4641 1948 4706 insontes,
2004 4656 2186 4697 sacer-

594 4729 775 4794 dotes,
803 4731 1058 4787 doctores
1085 4745 1326 4793 nostros.
1357 4736 1621 4789 ductores
1656 4743 1899 4798 nostros,
1935 4734 2186 4790 admoni-

597 4823 768 4882 tures.
797 4831 854 4878 et
888 4822 984 4893 q'ui
1020 4840 1122 4879 nos
1169 4825 1236 4879 a:l
1281 4825 1512 4879 meliora
1549 4833 1832 4880 revocant.
1878 4826 2181 4897 Propterea

595 4913 678 4967 ira
709 4914 806 4968 Dei
853 4915 1018 4970 nobis
1064 4915 1358 4970 incumbit.
1403 4916 1704 4986 Propterea
1739 4915 2072 4988 afﬂigimur,
2123 4924 2182 4971 et

595 5005 650 5059 in
678 5007 882 5061 multas
908 5007 1248 5064 calamitates
1295 5018 1353 5064 et
1380 5009 1664 5080 angustias
1689 5010 2049 5076 incurrimus,
2074 5039 2080 5044 -
2101 5010 2180 5064 vi-

595 5099 796 5156 delicet
845 5100 917 5156 ob
946 5101 1250 5158 e'ecitatem
1305 5118 1414 5174 qua
1453 5102 1792 5158 detinemur.

2285 4566 2680 4636 αἰσχυνόμεθα,
2727 4569 2940 4632 οὐδενὸς
2992 4571 3309 4642 φειδόμεθα,
3363 4573 3552 4626 ούδὲνα
3615 4575 3878 4630 εὐλαϐού-

2288 4658 2446 4726 μεθα·
2473 4659 2610 4711 ἀλλὰ
2647 4659 2856 4730 πάντας
2884 4661 3159 4732 δάκνομεν
3182 4679 3196 4695 ο
3240 4663 3452 4728 πάντας
3485 4667 3873 4737 κατεσθίομεν,

2283 4749 2410 4810 τῡὺς
2449 4751 2704 4820 μικροὺς,
2741 4753 2868 4815 τοὺς
2930 4753 3226 4823 μεγάλους,
3278 4756 3408 4818 τοὺς
3464 4757 3696 4820 αἰτίους,
3746 4759 3877 4822 τοὺς

2286 4830 2566 4896 ἀναιτίους
2597 4873 2612 4896 ,
2675 4835 2800 4898 τοὺς
2853 4835 3040 4906 ἱερεῖς,
3094 4839 3232 4901 τοὺς.
3277 4837 3637 4902 διδασκάλους
3687 4841 3871 4911 ἡμῶν,

2287 4923 2414 4986 τοὺς
2442 4923 2772 4992 ὁδηγοῦντας
2794 4927 2964 4998 ἡμᾶς,
3001 4929 3130 4992 τοὺς
3159 4927 3569 4995 νουθετοῦντας,
3603 4934 3701 4984 καὶ
3749 4932 3874 4986 ἐπι-

2291 5015 2649 5086 στρέφοντας.
2691 5017 2802 5071 Καὶ
2835 5017 2922 5072 διὰ
2962 5019 3123 5074 τοῦτο
3159 5023 3193 5093 ἡ
3219 5021 3362 5093 ὀργῆ
3411 5023 3506 5075 τοῦ
3541 5023 3678 5076 Θεοῦ
3709 5024 3875 5096 ἐπέρ-

2293 5125 2448 5178 χεται
2485 5111 2569 5178 ἐφ’
2605 5111 2776 5180 ἡμᾶς.
2824 5111 2926 5164 Διὰ
2968 5110 3129 5166 τοῦτο
3181 5113 3576 5186 παιδευόμεθα,
3629 5115 3723 5169 καὶ
3767 5131 3868 5168 πα⁹

597 5193 926 5266 ραὸιδόμεθα
969 5195 1051 5260 εἰς
1081 5195 1279 5260 πολλὰς
1307 5195 1518 5267 θλίψεις
1549 5197 1644 5250 καὶ
1677 5197 2051 5268 περιστάσεις,
2079 5199 2168 5252 διὰ
2202 5199 2303 5271 τὴν
2329 5201 2669 5272 κατέχουσαν
2705 5202 2853 5272 ἡμᾶς
2879 5201 3162 5274 πώρωσιν.

2105 5355 2332 5413 ΝΟΤλΕ.

671 5467 747 5539 (Ξ)
784 5469 1149 5538 Ἀναγκαῖως
1177 5473 1522 5527 ὑποτίθεται
1553 5469 1668 5538 τὴν
1701 5469 2000 5536 τῆς⁴πρὸς
2032 5471 2181 5524 Θεὸν

599 5539 993 5607 πικίλσεδρείας
1052 5543 1310 5608 σχολήν.
1358 5543 1480 5597 Non
1535 5541 1612 5596 ita
1673 5541 1813 5595 bene
1879 5543 2176 5610 interpres,

601 5611 746 5664 unt-is
781 5611 860 5664 his
891 5611 1061 5690 verbis
1090 5613 1150 5666 ob
1180 5612 1356 5690 oculos
1385 5613 1563 5683 ponit,
1595 5611 1746 5665 nulli
1781 5619 1876 5690 aut
1915 5612 2176 5690 przcccpti

601 5691 697 5730 aut
745 5679 1099 5734 necessitatis
1146 5679 1468 5742 mentione,
1517 5696 1641 5736 cum
1709 5683 1875 5735 verba
1916 5679 2175 5735 auctoris

604 5759 938 5817 pt'act'ptnm
993 5761 1208 5817 Sonent,
1257 5769 1320 5807 ac
1363 5751 1583 5805 inducta
1637 5753 1936 5806 auctoritas
1987 5760 2170 5821 μυίαις

2295 5471 2488 5552 l"ac_a_tc
2517 5482 2566 5528 et
2588 5477 2901 5546 cognoscite,
2924 5487 3033 5552 etc.
3057 5477 3190 5552 Erat
3214 5478 3278 5552 in
3296 5479 3493 5552 Bai-ar.
3519 5479 3872 5552 προπδρεέαν

2292 5543 2488 5622 σχολῄν
2510 5560 2522 5573 ’
2559 5543 2662 5622 pro
2701 5547 3064 5622 qu_o_conjicit
3087 5548 3352 5622 _Canisius
3375 5543 3673 5622 legendum
3702 5543 3870 5618 προσ-

2287 5613 2512 5690 εδρείλν.
2548 5613 2638 5690 {cui
2673 5613 2867 5690 egohﬁv
2889 5634 2901 5646 ·
2927 5613 3053 5690 qua:
3087 5619 3256 5690 lectio
3310 5613 3460 5674 cum“
3477 5613 3870 5690 superioribus

2285 5685 2577 5754 congruit:
2604 5687 2635 5758 ἡ
2668 5687 2773 5758 γὰρ
2807 5685 3133 5765 προσὲδρεία
3163 5691 3254 5745 καὶ
3282 5692 3467 5764 σχολή.
3499 5685 3783 5748 contuens.
