3996 6296
308 250 419 318 833
1513 249 1793 311 ORATIO
1835 250 1931 318 DE
1973 250 2033 310 S.
2073 251 2371 312 SYNAXI.
3468 259 3574 323 83L

307 367 475 419 τοῦτο
506 365 793 434 κάθαρσις,
844 359 980 417 ἀλλὰ
1022 357 1084 416 τὸ
1119 362 1425 431 ἀποφυγεῖν
1461 363 1556 416 καὶ
1585 363 1885 417 ἀποπλῦναι

2000 374 2334 435 ceptumque
2366 376 2470 431 est,
2521 375 2581 420 ut
2608 368 2735 435 quis
2763 367 2960 439 fugiat,
2987 378 3043 423 et
3069 372 3575 441 einacuietpeccati

308 458 405 510 τὸν
456 456 626 528 ῥύπον
678 456 785 510 τῶν
835 457 1284 526 ἁμαρτημάτων,
1345 454 1439 535 καλ
1480 454 1886 525 ’ὲξομολο-γήσει,

2000 456 2442 526 inquinamenta,
2480 466 2537 512 et
2566 461 2934 521 confessione,
2962 471 3019 514 et
3047 462 3331 532 lacrymis,
3356 464 3571 517 animo-

311 552 409 603 καὶ
438 550 671 619 δάκρυσι
697 591 711 615 ,
769 551 862 603 καὶ
891 549 1038 619 ψυχῇ
1067 549 1889 619 τεταπεινωμένῃοάποσμήχειν

1998 564 2106 616 que
2137 548 2431 603 bumiliato
2466 557 2523 603 et
2549 552 2790 605 demisso
2836 551 3165 606 delictorum
3191 564 3416 608 catenas
3465 557 3576 609 sol~

310 640 421 692 τῶν
449 640 865 709 ἁμαρτημάτων
893 640 991 701 τὰς
1021 640 1207 708 σειρὰς
1230 640 1327 708 (7),
1355 641 1449 692 καὶ
1471 638 1644 701 οὕτως
1666 640 1888 706 προσέρ-

1819 640 1897 706 ἐρ·
1996 650 2122 704 vat,
2166 641 2361 710 sicque
2384 642 2453 696 ad
2485 642 2838 698 immaculata
2870 646 3131 714 mysteria
3153 648 3397 701 accedat.

312 729 504 799 χεσθαι
536 733 644 792 τοῖς
675 730 965 800 ἀκράντοις
997 732 1340 801 μυστηρίοις.
1934 729 1967 741 ””
2556 796 2563 801 ι

398 820 536 874 Ἀλλ’
565 823 694 884 ἴσως
726 824 848 891 ἐρεῖ
876 838 959 886 τις
980 836 994 852 ⁸
1031 823 1144 874 Οὐκ
1172 823 1401 891 εὑχαρες
1433 837 1521 890 μοι
1555 820 1617 874 τὸ
1640 819 1896 890 δακρύειν

2065 818 2133 872 At
2152 818 2296 873 forte
2343 819 2548 874 dixerit
2572 820 2699 888 quis
2723 837 2736 870 :
2757 821 3024 890 Meipsum
3052 821 3257 876 deﬂere
3280 834 3336 878 et
3367 825 3573 879 lamen-

310 913 410 965 καὶ
464 912 684 984 θρηνεῖν
731 913 943 967 ἑαυτόν.
1013 914 1111 965 Διὰ
1157 913 1244 977 τί;
1283 913 1405 965 Ὅτι
1453 914 1515 964 οὗ
1560 914 1765 976 πονεῖς,
1816 913 1888 964 ὅτι

1998 910 2099 963 tari
2151 909 2300 963 haud
2342 911 2649 980 jucundum
2702 911 2837 964 mihi
2888 913 3113 966 accidit.
3152 912 3267 978 Qua
3297 914 3364 968 de
3405 930 3572 971 causa

309 1005 412 1057 οὐκ
458 1004 718 1075 αἰσθάνῃ,
774 1004 857 1056 ὃτι
907 1004 969 1056 οὐ
1014 1004 1204 1073 λογίζῃ
1258 1003 1358 1073 τὴν
1403 1003 1642 1073 φοϐερὰν
1682 1002 1887 1078 ἡμέραν

1995 1001 2330 1067 vero?Quia
2380 1018 2491 1055 non
2545 1003 2999 1073 laboras,‘453
3033 1004 3163 1072 quia
3228 1021 3338 1059 non
3375 1007 3568 1070 sentis,

309 1099 412 1162 τῆς
436 1096 664 1166 κρίσεως
684 1111 695 1123 ·
727 1096 876 1166 ὅμως
902 1097 951 1147 εἰ
980 1097 1041 1148 οὐ
1068 1096 1298 1149 δύνασαι
1323 1095 1615 1165 δακρῦσαι,
1647 1097 1750 1149 κᾶν
1778 1096 1887 1149 ὲπί-

1993 1094 2122 1163 quia
2151 1108 2263 1148 non
2302 1095 2607 1163 perpendis
2641 1095 2946 1149 terribilem
2996 1096 3142 1149 illam
3171 1097 3370 1166 judicii
3398 1098 3570 1152 diem.

310 1204 450 1239 πονα
479 1187 761 1252 στέναξον,
793 1188 887 1239 καὶ
920 1182 1242 1254 στύγνασον,
1280 1186 1485 1239 καὶτὸν
1504 1186 1714 1255 γέλωτα
1737 1187 1888 1256 περί-

1992 1185 2367 1239 Nihilominus
2394 1186 2439 1239 si
2475 1185 2605 1239 ﬂere
2628 1202 2738 1241 non
2768 1195 2928 1255 potes
2950 1229 2963 1252 ,
3003 1190 3194 1242 saltem
3248 1190 3568 1259 ingemisce,

307 1277 500 1346 κοψαι,
537 1278 642 1331 κᾶν
673 1276 773 1347 τὴν
804 1277 1040 1344 ἔπαρσιν
1067 1278 1398 1347 ἀπόρριψον,
1436 1279 1529 1331 καὶ
1561 1280 1699 1346 μετὰ
1726 1278 1885 1346 φόϐου

1993 1284 2050 1328 et
2085 1275 2336 1330 molestia
2369 1273 2583 1328 allicere
2612 1292 2625 1326 :
2689 1276 2855 1328 risum
2892 1278 3216 1345 comprime,
3274 1279 3569 1333 elationem

311 1367 628 1439 παράστηθι
683 1367 761 1437 τῷ
807 1370 1073 1439 Δεσπότῃ,
1107 1370 1234 1431 τοὺς
1271 1368 1584 1439 ὀφθαλμοὺς
1620 1369 1758 1439 πρὸς
1791 1371 1889 1440 γῆν

1994 1365 2190 1436 abjice.
2212 1366 2279 1419 Et
2310 1383 2434 1419 cum
2470 1374 2667 1420 timore
2700 1366 2934 1420 Domino
2964 1369 3180 1432 assiste,
3214 1371 3393 1425 oculis
3416 1371 3572 1424 humi

309 1456 583 1520 νενευκὼς
610 1499 625 1521 ,
680 1460 774 1510 καὶ
816 1459 1278 1530 καταϐεϐλημένῳ
1306 1459 1384 1530 τῷ
1411 1461 1720 1530 φρονήματι
1746 1462 1887 1529 αὐτῷ

1993 1457 2210 1521 deﬁxis,
2242 1457 2557 1527 spirituque
2582 1458 2847 1526 depresso
2893 1468 2949 1512 et
2984 1469 3263 1527 prostrato
3300 1462 3404 1531 ipsi
3434 1478 3570 1516 con-

308 1548 821 1619 ἐξομολογούμενος.
858 1551 970 1620 Οὐχ
1002 1552 1133 1621 ὁρᾷς
1165 1552 1292 1613 τοὺς
1323 1551 1401 1620 τῷ
1431 1552 1660 1622 ὲπιγείῳ
1685 1552 1886 1622 βασιλεί

1992 1550 2173 1604 titens.
2210 1550 2407 1603 Nonne
2450 1549 2603 1603 vides
2637 1551 2759 1603 illos
2792 1550 2888 1620 qui
2943 1560 3162 1605 terreno
3205 1552 3318 1623 regi
3365 1562 3567 1616 astant,

310 1642 790 1710 παρισταμένους,
842 1641 1102 1703 πολλάκις
1146 1641 1202 1694 δὲ
1248 1644 1343 1695 καὶ
1384 1642 1573 1695 ἀσεϐεῖ
1599 1642 1734 1707 ὄντι,
1773 1644 1888 1705 πῶς

1993 1648 2049 1693 et
2095 1640 2298 1708 sapius
2356 1640 2582 1709 quidem
2638 1641 2847 1710 impio,
2892 1643 3173 1711 quomodo
3217 1643 3267 1697 ei
3306 1643 3569 1698 assistant

308 1731 457 1801 αὐτῷ
481 1733 847 1802 παρίστανται
881 1735 1021 1802 μετὰ
1049 1732 1233 1803 πάσης
1261 1732 1570 1798 εὐλαϐείας,
1603 1734 1741 1801 μετὰ
1767 1733 1886 1802 φρί-

1992 1748 2117 1787 cum
2154 1733 2305 1787 omni
2338 1734 2680 1795 reverentia,
2713 1750 2835 1787 cum
2877 1744 3117 1789 tremore
3160 1736 3214 1789 in
3261 1737 3438 1805 ipsum
3482 1754 3569 1791 re-

306 1839 409 1893 κης
457 1822 593 1894 πρὸς
633 1824 793 1875 αὑτὸν
836 1820 1264 1889 ὲνατενίζοντες,
1329 1824 1467 1892 μήτε
1505 1823 1884 1893 φθεγγόμενοι,

1993 1824 2311 1893 spicientes,
2364 1824 2572 1892 absque
2628 1825 2738 1877 ulla
2775 1840 2929 1887 voce,
2995 1826 3261 1886 motione,
3308 1836 3405 1880 aut
3455 1827 3568 1881 cir-

311 1915 452 1985 μήτε
506 1913 1012 1984 παρακινούμενοι,
1076 1915 1215 1985 μήτε
1271 1913 1717 1985 περισπώμενον
1774 1915 1889 1968 ἀλλ’

1993 1915 2446 1983 eumagitationc,
2482 1914 2656 1983 quieti
2711 1930 2962 1983 prorsus,
2999 1916 3331 1983 pavorisque
3381 1916 3567 1986 pleni?

307 2008 366 2057 ἐν
397 2005 598 2075 ἡσυχίᾳ
635 2005 728 2057 καὶ
759 2004 910 2073 φόϐῳ
939 2003 1089 2074 αὐτῷ
1126 2005 1556 2074 παριστάμενοι;
1591 2005 1784 2074 Ἡμεῖς
1812 2005 1885 2069 δὲ,

1991 2006 2060 2060 Αι
2111 2022 2212 2060 nos
2262 2005 2316 2060 in
2372 2006 2606 2059 ecclesia
2652 2007 2816 2059 aliter
2851 2022 2959 2059 non
3017 2008 3239 2074 agimus
3284 2022 3448 2076 quam
3512 2008 3569 2061 in

305 2096 381 2160 ὡς
433 2097 490 2148 ὲν
538 2096 751 2166 θεάτρῳ
797 2096 829 2167 ἢ
881 2095 1185 2167 βαλανείῳ,
1240 2095 1412 2159 οὕτως
1452 2099 1511 2148 ὲν
1537 2098 1602 2167 τῇ
1634 2096 1728 2148 τοῦ
1754 2097 1883 2148 Θεοῦ

1996 2100 2233 2160 theatro,
2261 2108 2353 2151 aut
2378 2099 2597 2162 balneo,
2632 2098 2891 2173 ridendo,
2926 2096 3209 2165 nugando,
3240 2097 3559 2168 garriendi».

305 2189 576 2258 ἐκκλησίᾳ
634 2188 1064 2257 παριστάμεθα,
1128 2189 1438 2257 γελῶντες,
1500 2187 1883 2258 φλυαροῦντες,

1991 2189 2106 2255 Qua
2142 2189 2355 2243 ratione
2390 2189 2492 2257 ipsi
2526 2204 2627 2242 nos
2668 2176 2932 2252 fallimus,
2955 2187 3061 2241 rati
3106 2203 3210 2241 nos
3252 2188 3305 2241 in
3337 2188 3569 2243 ecclesia

305 2280 795 2349 λογολεσχοῦντες,
855 2280 1085 2343 ἑαυτοὺς
1132 2281 1475 2344 ἀπατῶντες,
1528 2280 1624 2332 καὶ
1667 2280 1889 2333 δοκοῦν·
1990 2290 2134 2329 esse.

305 2389 396 2434 τες
418 2371 494 2441 (8)
523 2373 603 2424 ὅτι
629 2374 686 2424 ἐν
714 2371 981 2441 ἐκκλησίᾳ
1008 2370 1417 2441 παριστάμεθα.

378 2465 492 2517 Οὐκ
517 2460 688 2524 οἶδας.
719 2464 800 2514 ὅτι
830 2464 1067 2533 ἰατρεῖον
1094 2464 1187 2514 καὶ
1211 2463 1378 2533 λιμήν
1401 2463 1549 2514 ἐστιν
1580 2464 1611 2532 ἡ
1635 2461 1728 2515 τοῦ
1753 2461 1887 2514 Θεοῦ

2060 2463 2141 2519 An
2169 2464 2393 2533 ignoras
2446 2462 2737 2518 ecclesiam
2794 2463 2888 2517 Dei
2952 2462 3225 2519 oﬂicinam
3302 2465 3567 2520 medicam

304 2556 604 2625 ἐκκλησία;
634 2556 757 2607 Ἐὰν
786 2550 879 2608 οὖν
917 2557 972 2607 ἐν
1000 2554 1078 2625 τῷ
1129 2557 1354 2625 ἰατρείῳ
1404 2554 1665 2626 διαμένῃς
1693 2558 1882 2620 νοσων,

1991 2572 2135 2621 esse,
2161 2565 2219 2610 et
2254 2554 2520 2625 portum?
2544 2554 2597 2608 Si
2632 2554 2870 2623 igiturin
2907 2555 3070 2609 domo
3096 2555 3293 2609 medici
3316 2573 3345 2610 a
3374 2556 3569 2609 morbo

304 2651 402 2704 καὶ
455 2649 529 2718 μὴ
579 2647 1039 2717 θεραπευόμενος,
1090 2648 1220 2699 πότε
1254 2647 1435 2699 λοιπὸν
1469 2645 1743 2718 ίαθήσῃδ;
1795 2648 1882 2700 καὶ

1993 2658 2088 2703 tuo
2106 2665 2216 2703 non
2240 2647 2531 2704 libereris.
2553 2647 2644 2700 ubi
2674 2648 2740 2699 de
2762 2655 2964 2700 caetero
2991 2646 3316 2700 curaberis?
3342 2646 3409 2699 Et
3438 2646 3481 2700 si
3512 2647 3568 2699 in

304 2742 403 2794 ἐὰν
450 2742 507 2793 ὲν
539 2740 616 2809 τῷ
649 2740 834 2810 λιμένι
878 2739 1117 2810 χειμάζῃ
1145 2781 1160 2804 ,
1216 2740 1319 2792 ποῦ
1350 2739 1532 2793 λοιπὸν
1559 2741 1882 2808 ἡσυχάσειςς

1990 2748 2158 2809 portu
2190 2736 2453 2791 ﬂuctibus
2471 2736 2720 2804 agiteris,
2760 2736 2854 2788 ubi
2887 2745 3080 2804 postea
3120 2733 3418 2804 quiesces?
3442 2735 3567 2789 Sta-

305 2832 564 2903 Στήκετε,
597 2831 853 2895 δυσωπῶ,
892 2832 1011 2900 μετ’
1033 2831 1343 2894 εὐλαϐείας.
1380 2833 1617 2901 Στήκετε
1641 2831 1777 2900 μετὰ
1796 2831 1883 2896 φό-

1994 2840 2068 2894 te,
2131 2829 2385 2891 obsecro,
2451 2841 2575 2880 cum
2628 2827 2961 2881 reverentia.
3003 2825 3157 2880 State
3206 2841 3330 2880 cum
3368 2826 3565 2879 timore

304 2923 403 2975 ϐου
440 2925 496 2975 ὲν
526 2926 591 2993 τῇ
620 2924 830 2994 φοϐερᾷ
854 2922 972 2994 ὥρᾳ
1001 2924 1098 2993 τῆς
1124 2925 1434 2993 ἀναφορᾶς·
1467 2923 1554 2993 οἵᾳ
1578 2924 1684 2993 γὰρ
1712 2923 1882 2976 διαθέ-

1993 2921 2283 2977 tremenda
2315 2921 2409 2974 illa
2429 2918 2758 2974 elevationis
2783 2918 2941 2972 hora;
2988 2918 3108 2984 Quo
3158 2920 3307 2974 enim
3342 2917 3563 2982 aﬂectu,

306 3031 432 3080 σει,
487 3017 582 3068 καὶ
632 3014 727 3080 οἴῳ
775 3013 1024 3085 λογισμῷ
1073 3015 1409 3086 παρίσταται
1458 3015 1686 3076 ἕκαστος
1733 3014 1884 3082 ὑμῶν

1990 3023 2041 3068 et
2076 3029 2187 3083 quo
2217 3013 2425 3076 animo,
2459 3012 2695 3080 quisque
2727 3012 2820 3063 illo
2857 3021 3104 3079 tempore
3139 3011 3380 3073 assistit;
3405 3011 3485 3065 sic
3507 3018 3567 3065 et

305 3109 427 3160 κατ’
449 3107 664 3177 ἐκείνην
692 3108 792 3177 τὴν
820 3105 970 3178 ὥραν
990 3146 1008 3170 ,
1067 3105 1241 3169 οὕτως
1286 3107 1381 3159 καὶ
1411 3107 1883 3175 προσαναφέρεται

1990 3106 2059 3160 ad
2092 3106 2392 3159 Dominum
2430 3120 2656 3158 sursum
2697 3104 2898 3156 fertur.
2938 3103 3209 3172 ’Λναφορά
3252 3101 3420 3163 enim,
3448 3102 3564 3155 sive

303 3196 383 3265 τῷ
414 3198 681 3267 Δεσπότῃ.
716 3198 991 3268 Ἀναφορὰ
1014 3197 1122 3264 γὰρ
1152 3197 1367 3264 λέγεται
1396 3196 1486 3250 διὰ
1511 3199 1572 3248 τὸ
1598 3199 1732 3267 πρὸς
1756 3198 1881 3248 Θεὸν

1988 3199 2231 3252 elevatio
2285 3196 2516 3256 dicitur,
2563 3194 2692 3263 quia
2749 3208 2970 3247 sursum
3023 3194 3090 3247 ad
3141 3194 3313 3246 Deum
3360 3192 3560 3246 fertur.

304 3289 693 3359 ἀναφέρεσθαι.
732 3289 1054 3358 Παράστηθι
1079 3285 1171 3342 οὖν
1198 3288 1277 3357 τῷ
1310 3289 1428 3356 Θεῷ
1455 3291 1469 3328 ί
1506 3289 1626 3357 μεθ’
1659 3288 1882 3357 ἡσυχίας

1988 3289 2199 3343 Assiste
2223 3288 2396 3358 igitur
2414 3287 2524 3340 Deo
2546 3286 2737 3354 quiete
2767 3296 2824 3339 et
2850 3293 3183 3353 compuncto
3209 3284 3398 3338 corde.
3420 3282 3565 3338 Con-

303 3382 401 3434 καὶ
447 3379 815 3444 κατανύξεως.
879 3380 1308 3450 Ἐξομολόγησαι
1358 3380 1435 3446 τῷ
1483 3380 1602 3446 Θεῷ
1650 3380 1739 3433 διὰ
1777 3380 1881 3432 τῶν

1989 3380 2019 3433 ti
2032 3392 2155 3434 tere.
2184 3382 2298 3433 Deo
2335 3396 2434 3449 per
2463 3377 2780 3431 sacerdotes
2808 3388 3035 3445 peccata
3066 3376 3197 3445 ltua.
3241 3375 3562 3432 Condemna

306 3471 499 3540 ἱερέων
529 3472 624 3533 τὰς
648 3472 924 3540 ἁμαρτίας
949 3488 1064 3523 σου.
1101 3471 1479 3523 Καταδίκασόν
1504 3487 1598 3522 σου
1624 3470 1721 3533 τὰς
1744 3471 1884 3541 πρά-

1986 3472 2234 3525 actiones
2267 3479 2414 3533 tuas,
2442 3478 2499 3524 et
2521 3484 2591 3522 ne
2612 3468 2929 3523 erubescas.
2959 3468 3054 3525 Est
3081 3469 3228 3522 enim
3259 3470 3432 3539 pudor
3471 3471 3562 3539 qui

303 3562 439 3629 ξεις,
462 3564 556 3614 καὶ
585 3562 661 3630 μὴ
685 3562 999 3631 αἰσχυνθῇς·
1019 3561 1135 3613 ἔστι
1160 3561 1268 3632 γὰρ
1290 3563 1551 3629 αἰσχύνη
1575 3561 1881 3628 ἐπάγουσα

1987 3561 2210 3615 adduxit
2236 3569 2533 3630 peccatum,
2565 3566 2615 3611 et
2667 3567 2743 3611 est
2775 3559 2946 3628 pudor
2985 3560 3076 3628 qui
3103 3559 3331 3628 gloriam
3354 3568 3406 3612 et
3435 3577 3562 3630 gra-

300 3654 616 3721 ἁμαρτίαν,
671 3652 769 3705 καὶ
821 3652 993 3705 ἔστιν
1033 3653 1296 3720 αἰσχύνη
1345 3651 1494 3714 δόξα
1548 3653 1645 3705 καὶ
1687 3652 1878 3721 χάρις.

1987 3655 2118 3707 tiam
2143 3652 2162 3682 ⁵
2197 3650 2364 3719 parit.
2393 3647 2712 3702 Condenma
2748 3656 2799 3703 te
2831 3647 2888 3700 in
2919 3656 3216 3716 conspectu
3251 3648 3558 3713 hominum,

303 3744 649 3812 Κατὰκρινον
673 3743 901 3795 σεαυτὸν
933 3741 1163 3798 ἐνώπιον
1184 3742 1505 3814 ἀνθρώπων,
1539 3744 1623 3796 ἵνα
1651 3745 1881 3799 ἐνώπιον

1987 3753 2049 3799 ut
2078 3757 2264 3798 coram
2298 3740 2510 3810 angelis
2560 3746 2788 3807 totoque
2834 3740 3044 3793 mundo
3064 3740 3241 3793 Judex
3274 3749 3326 3795 te
3359 3743 3562 3811 justiti-

302 3832 553 3902 ἀγγέλων
608 3835 704 3885 καὶ
755 3834 954 3895 παντὸς
1007 3833 1102 3885 τοῦ
1149 3833 1355 3902 κόσμου
1409 3836 1436 3887 ὁ
1484 3838 1678 3905 κριτής
1710 3852 1769 3887 σε
1798 3835 1880 3888 δι-

1984 3845 2094 3892 cet.
2151 3830 2312 3904 Pete.
2343 3831 2811 3894 misericordiam,
2845 3839 2969 3900 pete
3015 3832 3258 3895 veniam,
3309 3842 3436 3902 pete
3470 3850 3558 3886 re-

301 3925 545 3998 καιώσῃ·
578 3925 802 3994 αττησαι
829 3924 998 3990 ἕλεος,
1034 3927 1255 3997 αῖτησαι
1283 3927 1637 3997 συγγνώμην,
1658 3928 1879 3996 αῐτησαι

1984 3926 2307 3983 missionem
2333 3924 2766 3995 praeteritorum,
2803 3933 2860 3977 et
2919 3923 3358 3979 liberationema
3415 3925 3562 3979 l‘utn-

300 4018 495 4084 ἄφεσιν
525 4015 633 4068 τῶν
664 4014 1066 4085 παρελθόντων,
1104 4018 1198 4068 καὶ
1227 4016 1498 4088 λύτρωσιν
1525 4017 1633 4070 τῶν
1663 4019 1878 4087 μελλόν-

1984 4022 2084 4086 ris,
2114 4028 2177 4081 ut
2201 4019 2367 4089 digne
2402 4016 2471 4071 ad
2523 4023 2675 4071 tanta
2733 4017 2995 4088 mysteria
3048 4020 3299 4081 accedas,
3332 4025 3393 4071 ut
3422 4033 3559 4087 pura

300 4122 429 4168 των,
465 4106 552 4159 ἵνα
579 4107 898 4176 πρεπόντως
927 4109 1039 4169 τοῖς
1073 4106 1399 4178 μυστηρίοις
1430 4109 1753 4181 προσέλθῃς,
1792 4109 1878 4162 ἵνα

1984 4109 2325 4167 conscientia
2353 4122 2559 4177 corpus
2586 4116 2641 4161 et
2664 4106 2990 4177 sanguinem
3017 4107 3340 4177 participes,
3365 4117 3427 4163 ut
3456 4109 3559 4162 tibi

301 4197 529 4268 καθαρῷ
579 4197 842 4250 συνειδότι
899 4198 993 4250 τοῦ
1050 4196 1304 4268 σώματος
1360 4198 1455 4250 καὶ
1506 4198 1601 4250 τοῦ
1647 4199 1879 4270 αἵματος

1983 4206 2145 4261 cedat
2171 4204 2241 4258 ad
2284 4200 2738 4258 emundationem
2792 4209 2850 4255 et
2894 4201 3290 4270 expiationem,
3342 4217 3452 4256 non
3489 4203 3557 4256 ad

305 4288 646 4362 μεταλάϐῃς,
694 4290 781 4341 ἵνα
816 4307 911 4342 σου
943 4291 1022 4353 εἰς
1050 4290 1336 4359 κάθαρσιν,
1382 4292 1476 4342 καὶ
1508 4290 1582 4361 μὴ
1610 4293 1684 4353 εἰς
1712 4294 1877 4346 κατά-

1981 4296 2275 4368 judicium.
2301 4293 2448 4348 Audi
2479 4292 2727 4347 divinum
2761 4293 2994 4347 Paulum
3017 4294 3330 4348 dicentem:
3369 4295 3559 4348 Probat

302 4395 478 4449 κριμα
501 4381 749 4450 γένηται.
776 4381 1043 4434 ’Ἄκουσον
1070 4380 1164 4432 τοῦ
1191 4380 1337 4433 θείου
1363 4380 1571 4432 Παύλου
1595 4381 1845 4449 λέγοντος
1862 4399 1876 4413 ·

1981 4359 2163 4443 autem
2185 4386 2416 4455 scipsum
2435 4384 2608 4446 homo,
2641 4392 2690 4437 et
2715 4384 2790 4436 sic
2823 4383 2886 4436 de
2937 4400 3074 4451 pane
3101 4383 3196 4437 illo
3229 4386 3371 4450 edat,
3404 4393 3455 4438 et
3495 4387 3559 4438 de

302 4469 660 4540 Δοκιμαζὲτω
685 4471 753 4525 δὲ
787 4470 1090 4538 ἕκαστοςὶ
1128 4473 1379 4536 ἑαυτὸν,
1435 4475 1531 4525 καὶ
1575 4474 1764 4540 οὕτως
1809 4475 1879 4529 ἐκ

1985 4477 2146 4531 calice
2191 4473 2351 4527 bibat.
2409 4470 2511 4537 Qui
2535 4473 2674 4525 enim
2713 4473 3001 4527 manducat
3055 4482 3103 4527 et
3151 4474 3271 4527 bibit
3318 4475 3553 4542 indigne,

303 4563 409 4617 τοῦ
434 4563 616 4641 ἄρτου
646 4564 911 4629 ἐσθιέτω,
960 4566 1057 4618 καὶ
1091 4565 1159 4618 ἐκ
1188 4564 1291 4619 τοῦ
1317 4567 1605 4634 ποτηρίου
1638 4570 1875 4623 πινέτω.

1978 4568 2241 4641 judicium
2262 4563 2361 4619 sibi
2392 4563 2678 4617 manducat
2710 4571 2761 4616 et
2797 4564 2942 4629 bibit,
2970 4581 3074 4619 non
3127 4564 3425 4630 diiudicamt
3440 4581 3556 4617 cor-

369 4677 390 4708 ⁸
427 4681 600 4737 Eccli.
625 4698 697 4746 iv,
736 4682 826 4736 25.

1934 728 1967 741 ιιι.

1592 4798 1823 4854 νΑΒΙΛΞ
1856 4798 2257 4856 LECTIONES.

375 4891 405 4933 1³
427 4888 564 4947 Cod.
592 4889 869 4961 ίατρεύσῃ.
957 4892 969 4929 ί
1005 4889 1139 4945 Can.
1172 4889 1413 4960 Χριστῷ.
1509 4886 1522 4938 i
1566 4890 1870 4959 ἄνθρωπος.

1875 5007 2108 5063 NOTAE.

379 5092 659 5178 (7)“Haud
691 5096 949 5178 ndubium
1002 5112 1126 5178 esse
1158 5096 1409 5177 vitiosam
1460 5097 1722 5178 litteram.
1766 5115 1874 5169 qua
1983 5098 2049 5178 ad
2122 5095 2907 5178 dignam"communionem,
2970 5093 3153 5164 deque
3202 5103 3552 5164 peccatorum

304 5164 830 5236 θεῖτ”Λποσμήχειν
863 5168 1052 5236 σειράς
1073 5185 1085 5197 ·
1122 5183 1225 5221 nec
1255 5166 1402 5220 enim
1433 5177 1639 5222 catenae
1655 5164 1873 5225 abster-
1982 5164 2234 5222 eluendis
2254 5166 2533 5220 sordibus.
2558 5164 2838 5221 Counsns.

339 5244 575 5316 untur_a
606 5234 874 5316 corpore;
910 5234 1124 5316 idcirco
1182 5237 1477 5316 legendum
1511 5240 1701 5307 putavi
1747 5241 1873 5292 σπί-
2034 5239 2127 5316 _(8_;
2159 5236 2368 5316 Haech
2388 5236 2574 5300 editis,
2607 5236 2806 5316 lacuna
2935 5250 3039 5316 ms.
3072 5234 3394 5316 Legendum
3420 5251 3557 5316 vero

337 5320 437 5380 αςο
471 5313 534 5360 ut
560 5316 754 5380 urgeat
775 5305 1543 5380 Anastasius_inetapliorani,
1559 5323 1635 5380 iac
1666 5325 1873 5380 purga-
1987 5305 2406 5380 μῆδοκρῦντες-
2441 5322 2505 5360 ac
2528 5306 2804 5380 negative,
2842 5305 3042 5380 liquet,
3078 5305 3347 5375 quidquid
3384 5308 3558 5359 inter-

302 5376 534 5447 tjonem,
580 5378 671 5430 cui
723 5377 929 5430 insistit
968 5385 1082 5447 toto
1113 5378 1219 5432 hoc
1249 5393 1503 5431 numero.
1556 5376 1868 5447 [nte—rprés:
1984 5376 2110 5446 pres
2165 5377 2395 5431 devoret
2441 5393 2453 5429 :
2490 5392 2557 5431 ex
2589 5392 2657 5430 eo
2715 5376 2863 5447 enim
2891 5376 3037 5445 quod
3096 5392 3206 5430 non
3237 5386 3559 5444 reputemus

302 5444 627 5499 Delictorum
668 5455 885 5500 catenas
930 5445 1137 5512 solvat;
1191 5447 1285 5501 sed
1341 5456 1429 5503 est
1476 5448 1581 5503 hoc
1628 5444 1872 5504 alienum
1980 5444 2103 5501 esse
2133 5447 2310 5501 nosin
2340 5447 2461 5502 loco
2488 5461 2668 5509 sacro,
2695 5461 2759 5500 ac
2812 5444 2924 5500 Deo
2958 5448 3241 5512 assistere,
3275 5455 3425 5501 tanta
3462 5447 3556 5499 ilia

304 5515 460 5570 valde
487 5529 519 5569 a
552 5516 706 5570 verbi
749 5517 900 5588 illius
942 5517 1367 5588 signiﬁcatione,
1414 5532 1518 5572 nec
1564 5518 1868 5588 quidquam
1980 5533 2296 5586 peccamus,
2327 5532 2392 5571 ac
2418 5533 2520 5572 nos
2546 5516 2882 5588 decipimus,
2921 5516 2997 5588 ita
3044 5517 3099 5570 in
3135 5533 3204 5572 eo
3258 5517 3556 5583 habentes,

304 5598 685 5658 consequens:
736 5585 878 5658 nihil
907 5585 1052 5658 enim
1103 5587 1370 5658 hactenus
1399 5588 1467 5642 de
1512 5585 1750 5642 vinculis
1774 5599 1869 5644 aut
1974 5585 2039 5642 ac
2068 5588 2401 5642 haberemus
2441 5588 2497 5642 in
2525 5585 2757 5658 profano
2790 5587 2931 5642 loco.
2966 5586 3149 5643 (luis.

304 5654 582 5711 solutione
605 5654 675 5711 ab
705 5656 807 5722 eis,
846 5657 942 5712 sed
976 5656 1155 5712 solum
1181 5657 1250 5712 de
1283 5658 1521 5727 puritate
1554 5661 1869 5715 necessaria
