3996 6296
453 265 556 328 8'35

1654 258 1716 315 'S.
1758 251 2166 322 ANASTASII
2204 247 2532 322 SlN,-\1'l‘.i£

3653 233 3770 296 835

457 396 554 452 pus
587 372 820 431 Domini.
841 375 966 430 Ideo
995 376 1136 428 inter
1165 390 1252 428 vos
1273 371 1644 440 multiinfirmi
1667 381 1714 424 et
1734 369 2038 432 imbecilles,

2181 369 2225 420 0
2250 367 2360 435 γὰρ
2393 362 2616 417 ἐσθίων
2643 357 2744 414 καὶ
2767 357 2962 411 πίνων
2987 349 3251 421 ἀναξίως
3275 391 3289 418 ,
3348 351 3533 422 κρῖμα
3559 349 3767 414 ἑαυτῷ

462 441 511 526 et
538 469 808 524 dormiunt
833 467 986 522 multi
1022 467 1064 522 ⁸.
1094 464 1506 521 Animadvertis
1562 463 1945 518 inﬁrmitatem
1990 471 2048 515 et

2180 459 2341 512 σθιέι
2398 455 2495 507 καὶ
2551 453 2756 516 πίνει,
2811 449 2899 519 μὴ
2954 448 3277 514 διακρίνων
3323 445 3392 498 τὸ
3433 441 3623 512 σῶμα
3656 442 3767 496 τοῦ

465 571 702 618 mortem
727 560 926 614 crebro
957 560 1091 615 oriri
1120 575 1190 614 ex
1237 559 1344 614 hoc
1395 555 1546 627 quod
1580 555 1806 626 indigne
1853 555 1921 610 ad
1957 555 2045 609 di-

466 656 595 709 vina
629 653 888 726 mysteria
918 653 1140 707 aditur?

541 926 704 982 Forte
730 923 916 979 dices:
947 924 1015 978 Et
1044 923 1301 992 quisnam
1327 921 1530 992 dignus
1550 920 1668 975 est?
1691 919 1828 974 Novi
1857 918 1963 972 hoc
1995 925 2051 971 et

469 1034 592 1092 ego.
615 1017 872 1072 Atta'men
897 1016 1101 1086 dignus
1127 1015 1248 1079 lies,
1282 1013 1590 1069 dummodo
1626 1012 2052 1083 velis.Agnosce

476 1120 528 1167 te
549 1117 928 1181 peccatorem.
960 1108 1127 1178 Eripe
1163 1116 1215 1162 te
1257 1123 1287 1160 a
1322 1115 1572 1176 peccato.
1600 1105 1821 1160 Absiste
1855 1120 1885 1158 a
1920 1119 2052 1174 pec-

473 1212 622 1268 cato,
651 1211 708 1256 et
747 1201 914 1273 454
939 1217 969 1254 a
998 1199 1236 1264 malitia,
1278 1208 1334 1254 et
1372 1200 1441 1254 ab
1471 1200 1574 1253 ira.
1601 1197 1846 1254 Ostende
1885 1211 2054 1267 opera

473 1294 837 1364 paenitentiae.
866 1292 1038 1346 Indue
1061 1290 1512 1360 temperantiam,
1540 1287 2053 1351 mansuetudinem,

474 1387 974 1457 longanimitatem.
1028 1385 1104 1438 De
1147 1383 1428 1437 fructibus
1485 1382 1715 1452 iustitiae
1754 1395 1946 1450 prome
2000 1380 2054 1433 in

474 1494 680 1548 egenos
717 1476 1252 1540 condolesccntiam,
1302 1483 1358 1528 et
1387 1473 1604 1527 viscera
1639 1471 2055 1541 misericordia),

477 1567 789 1637 dignusque
815 1566 994 1618 factus
1025 1580 1107 1618 es.
1141 1564 1342 1619 Preces
1371 1563 1540 1616 funde
1567 1563 1634 1616 ad
1666 1563 1842 1617 Deum
1871 1563 2058 1616 animo

477 1661 742 1725 contrito,
778 1668 836 1713 et
887 1659 1000 1729 ipse
1051 1657 1307 1728 implebit
1365 1657 1668 1727 petitiones
1704 1666 1852 1723 tuas;
1903 1657 2054 1726 quia,

2147 550 2398 617 Κυρίου.
2457 545 2564 600 Διά
2586 543 2766 598 τοῦτο
2812 543 2883 594 ἐν
2910 541 3054 610 ὑμῖν
3097 538 3318 593 πολλοὶ
3341 536 3641 600 ἀσθενεῖς
3663 535 3765 589 καὶ

2151 641 2448 711 ἇρῤωστοι
2473 677 2488 703 ,
2544 635 2644 689 καὶ
2693 632 3013 703 κοιμῶνται
3059 631 3279 685 ἱκανοί.
3323 629 3495 700 Ὀ-ρᾷς
3541 631 3632 680 ὅτι
3669 629 3765 681 καὶ

2149 731 2432 792 ἀσθένεια,
2460 727 2558 780 καὶ
2581 726 2809 780 θάνατοι
2838 724 2914 786 ὡς
2945 723 3038 776 ἐπὶ
3059 721 3122 774 τδ
3144 722 3400 776 πλεῖστον
3421 721 3763 787 ἐπάγονται,

2150 823 2242 877 διὰ
2261 823 2330 882 τὸ,
2347 803 2584 886 ἀναξίως
2611 821 2724 882 τοῖς
2748 817 2916 870 θείοις
2943 815 3267 886 μυστηρίοις
3299 813 3722 886 προσέρχεσθαι
3748 831 3762 874 ς

2237 913 2380 967 Ἀλλ’
2399 913 2533 975 ἴσως
2562 913 2730 981 ἐρεῖς·
2763 908 2873 962 Καὶ
2896 908 2978 970 τίς
3003 907 3175 973 ἄξιος,
3201 906 3438 976 φησίνι;
3472 902 3617 958 Οἶδα
3643 905 3758 956 105-
3771 899 3801 955 ἀ

2153 1025 2216 1062 το
2247 1004 2430 1074 κάγώ.
2485 1002 2629 1056 Ἀλλ’
2667 1002 2821 1072 ὅμως
2871 999 3021 1063 ἄξιος
3053 999 3298 1068 γενήσῃ,
3347 998 3516 1068 μόνον
3549 998 3603 1049 εἰ
3639 995 3760 1066 βου-

2154 1100 2346 1171 ληθῇς.
2426 1094 2730 1164 Ἐπίγνωθι
2797 1091 2996 1146 σαυτόν
3055 1091 3406 1161 ἁμαρτωλόν.
3475 1091 3766 1159 Ἐκκοιξον

2157 1193 2353 1247 ἑαυτὸν
2382 1192 2483 1261 τῆς
2513 1186 2816 1260 ἁμαρτίας.
2857 1182 3157 1253 Ἀπόστηθι
3189 1183 3288 1252 τῆς
3315 1181 3622 1251 ἁμαρτίας,
3670 1183 3762 1233 καὶ

2157 1290 2255 1359 τῆς
2277 1285 2566 1356 πονηρίας,
2591 1281 2803 1350 καὶτῆς
2821 1279 3011 1350 ὀργῆς.
3034 1277 3219 1341 Δεῖξον
3239 1277 3307 1328 τὰ
3334 1275 3436 1344 τῆς
3457 1275 3762 1346 μετανοίας

2158 1379 2326 1450 ἔργα·
2388 1373 2663 1430 ἀναλαϐοῦ
2721 1363 3111 1442 σωφροσύνην,
3167 1367 3483 1439 πραότητα,
3545 1383 3764 1436 μακρο-

2161 1472 2386 1542 θυμίαν.
2441 1463 2743 1530 Ἐπίδειξαι
2807 1463 3158 1534 συμπάθειαν
3219 1461 3328 1514 ἀπὸ
3377 1459 3616 1529 καρπῶν
3685 1458 3764 1508 δι·-

2160 1561 2460 1630 καιοσύνης
2508 1559 2604 1610 ἐπὶ
2637 1559 2752 1619 τοῖς
2796 1552 3101 1624 δεομένοις,
3148 1551 3244 1605 καὶ
3297 1554 3536 1619 γέγονας
3587 1548 3764 1613 ἄξιος,

2163 1655 2397 1726 Δεήθητι
2425 1650 2522 1706 τοῦ
2552 1649 2688 1704 Θεοῦ
2719 1651 2776 1701 ὲν
2795 1648 2944 1717 ψυχῇ
2975 1644 3444 1715 συντετριμμὲνῃ,
3476 1643 3575 1695 καὶ
3598 1643 3766 1702 uini;

477 1753 586 1808 nisi
619 1753 726 1806 hoc
760 1751 982 1814 feceris,
1031 1751 1236 1804 frustra
1274 1750 1330 1804 in
1365 1749 1600 1804 ecclesia
1636 1760 1854 1819 tempus
1900 1749 2057 1803 teris.

2178 1717 2576 1818 πληροφορήσει
2631 1741 2700 1795 τὰ
2749 1739 3038 1810 αἰτήματά
3078 1754 3172 1790 σου
3195 1753 3210 1766 ·
3265 1737 3390 1788 ἐπεὶ
3419 1738 3469 1788 εἰ
3499 1735 3582 1805 μὴ
3609 1734 3771 1786 τοῦτο

478 1847 601 1902 Non
628 1861 747 1900 mea
777 1845 894 1899 lucc
925 1861 1052 1908 vox,
1088 1843 1184 1898 sed
1216 1843 1438 1897 Domini
1464 1843 1731 1898 dicentis:
1765 1841 1905 1906 Quid
1921 1843 2061 1895 enim

480 1935 692 1988 dicitis:
723 1932 964 1996 Domine,
1003 1931 1252 1996 Domine,
1301 1939 1349 1984 et
1383 1947 1487 1984 non
1517 1931 1693 2000 facitis
1735 1929 2064 1983 voluntatem

483 2028 684 2083 meam"
705 2029 728 2082 ἵ
751 2027 964 2082 Etenim
986 2025 1119 2094 ﬁde:
1141 2027 1254 2080 sine
1275 2025 1523 2096 aperibus
1538 2034 1750 2079 mortua
1769 2033 1843 2076 est
1858 2022 1901 2077 ⁸.
1921 2022 2064 2088 Quid

483 2122 650 2193 ergo?
673 2120 944 2191 obiecerit
967 2119 1114 2190 quis,
1155 2135 1224 2174 an
1251 2119 1382 2190 quia
1407 2119 1549 2172 male
1573 2117 1735 2171 factis
1763 2116 2065 2170 obstrictus

485 2230 632 2279 sum,
664 2213 790 2267 ideo
819 2211 890 2266 ab
941 2211 1190 2266 oratione
1233 2226 1480 2274 cessare,
1506 2224 1689 2279 neque
1735 2209 1790 2263 in
1832 2208 2066 2264 ecclesia

487 2302 586 2358 Dei
617 2302 830 2358 versari
877 2300 1102 2355 debeo?
1146 2301 1268 2356 Non
1312 2301 1431 2356 haac
1479 2315 1604 2354 mea
1655 2315 1836 2365 meus,
1884 2315 2067 2369 neque

488 2396 604 2450 huc
629 2409 752 2448 mea
775 2393 953 2448 tendit
1003 2392 1206 2446 oratio.
1241 2391 1350 2446 Sed
1383 2391 1664 2461 quomodo
1704 2405 1866 2444 orare
1900 2407 2069 2460 opor-

491 2493 626 2550 teat,
659 2485 933 2539 admoneo
979 2492 1062 2548 ut,
1099 2499 1225 2540 cum
1252 2482 1324 2538 ad
1379 2483 1691 2537 orationem
1729 2481 2069 2546 accedimus,

491 2577 694 2632 divinae
719 2575 994 2646 majestati
1034 2574 1434 2628 convenienter
1457 2582 1736 2640 astemus;
1778 2588 1849 2627 ne
1875 2581 1932 2627 et
1967 2586 2072 2626 n0-

492 2668 582 2723 bis
599 2667 870 2720 Dominus
898 2665 1050 2720 dicat
1093 2663 1251 2734 quod
1287 2663 1531 2719 Judieis:
1587 2665 1789 2718 Domus
1815 2681 1933 2718 mea
1975 2663 2072 2716 do-

495 2775 614 2814 mus
649 2757 908 2811 orationis
939 2756 1230 2822 vocabitur,
1273 2771 1362 2809 vos
1391 2771 1514 2808 vero
1537 2756 1714 2825 facitis
1754 2755 1908 2809 illam
1958 2770 2076 2825 spe-

496 2849 710 2902 luncam
733 2845 1006 2900 latronum
1028 2845 1071 2898 ⁸.
1095 2844 1152 2900 Si
1175 2845 1326 2899 enim
1348 2844 1654 2900 vendentes
1671 2853 1728 2899 et
1749 2853 1999 2899 ementes
2020 2843 2076 2898 in

494 2937 730 2996 Judaico
758 2936 962 3006 templo
985 2935 1220 3006 ﬂagellis
1254 2953 1285 2991 a
1312 2936 1552 2992 Domino
1585 2937 1748 3008 ejecti
1775 2945 1928 3003 sunt,
1956 2951 2080 3006 qua“:
2105 2954 2123 2964 ’ν

497 3043 663 3100 poena
716 3036 774 3083 et
843 3027 1098 3098 gehenna
1160 3027 1500 3084 decernetur
1561 3027 1672 3082 illis
1728 3029 1824 3099 qui
1869 3029 2078 3084 mutuis

499 3120 772 3177 conviciis
804 3136 864 3175 se
881 3121 1275 3190 proscindunt,
1308 3129 1365 3175 et
1392 3119 1724 3190 iniuriarum
1754 3119 2078 3198 memoriam

502 3213 782 3269 retinent?
803 3213 947 3279 Quid
965 3213 1225 3283 supplicii
1250 3229 1361 3268 non
1383 3212 1666 3282 inﬂigetur
1687 3213 1872 3278 nobis,
1893 3214 1986 3284 qui
2012 3214 2082 3270 de

505 3306 708 3361 castris
735 3306 832 3360 Dei
849 3319 1172 3372 censemur,
1198 3315 1257 3362 et
1283 3306 1506 3362 diabolo
1527 3305 1896 3378 subjicimuri

573 3487 645 3546 At
663 3489 814 3544 enim
841 3503 967 3545 cum
993 3488 1256 3546 sacerdos
1301 3491 1378 3545 sit
1413 3490 1688 3567 mediator
1733 3492 1882 3547 inter
1912 3491 2086 3548 Deum

508 3589 567 3636 et
607 3580 886 3647 homines,
934 3581 1224 3652 Deumque
1273 3597 1378 3652 pro
1408 3583 1656 3652 peccatis
1705 3582 2090 3640 multitudinis

510 3671 796 3742 propitiet,
824 3671 1138 3738 considera,
1171 3687 1296 3736 oro,
1340 3689 1453 3744 quo
1492 3685 1660 3746 pacto
1707 3691 1906 3732 omnes
1942 3693 2088 3747 pra:-

511 3765 729 3820 muniat
767 3773 824 3819 et
867 3763 1204 3832 obtestetur,
1245 3765 1338 3822 bis
1378 3767 1540 3836 quasi
1591 3769 1780 3824 verbis
1822 3771 2091 3840 populum

512 3856 828 3926 alloquens.
890 3853 1378 3928 Quandoquidem,
1436 3859 1772 3924 charissimi,
1814 3877 1902 3916 me
1947 3862 2094 3918 inter

513 3963 611 4003 vos
633 3957 690 4002 et
731 3949 904 4003 Deum
942 3948 1011 4003 ad
1041 3948 1188 4005 hanc
1221 3950 1511 4022 mysticam
1548 3966 1797 4008 mensam
1826 3952 2096 4008 mediato-

515 4055 632 4096 rem
693 4039 1088 4106 constituistis,
1141 4042 1313 4097 etiam
1363 4050 1530 4113 atque
1569 4044 1738 4099 etiam’
1789 4060 1991 4101 moneo
2033 4053 2096 4100 ut

517 4147 736 4190 mecum
764 4148 953 4202 parem
991 4133 1341 4204 diligentiam
1370 4133 1710 4191 adhibeatis.
1730 4134 2026 4191 Abscedite
2064 4155 2096 4193 a

517 4224 738 4280 cunctis
767 4224 892 4278 vitae
923 4223 1090 4295 hujus
1111 4225 1388 4295 cogitatis.
1415 4225 1724 4281 Valedicite
1764 4228 1918 4282 omni
1968 4245 2098 4284 cor-

519 4329 820 4385 porearum
849 4329 1036 4370 rerum
1066 4331 1239 4372 curae.
1269 4316 1515 4386 Tempus
1545 4317 1696 4372 enim
1739 4326 1828 4373 est
1860 4335 1972 4375 non
2007 4338 2100 4376 va-

2165 1840 2454 1908 ποιήσεις,
2520 1835 2699 1906 μάτην
2753 1829 3041 1902 σχολάζεις
3087 1831 3146 1882 ὲν
3191 1831 3258 1900 τῇ
3289 1827 3585 1898 ἐκκλησίᾳ.
3652 1829 3772 1878 Οᾲκ

2164 1932 2295 2003 ἐμὸς
2326 1932 2354 1983 ὁ
2384 1929 2566 1996 λόγος,
2591 1925 2728 1980 ἀλλὰ
2762 1923 3059 1994 δεσποτικὴ
3085 1925 3118 1992 ἡ
3145 1924 3318 1992 φωνή·
3359 1921 3420 1974 Τί
3449 1922 3586 1990 γὰρ,
3609 1922 3773 1988 ’,τη-εὶ.

2165 2023 2372 2091 ,λέγετε
2403 2020 2471 2072 τὸ
2503 2059 2518 2080 ,
2578 2019 2776 2085 Κύριε,
2820 2018 3021 2084 Κύριε,
3081 2014 3184 2068 καὶ
3223 2017 3296 2068 οὐ
3331 2013 3558 2066 ποιεῖτε
3589 2013 3655 2066 τὸ
3681 2014 3775 2065 σέο

2164 2111 2331 2183 λημά
2370 2127 2529 2182 μου;
2591 2110 2700 2163 Καὶ
2739 2108 2851 2179 γὰρ
2901 2109 2938 2176 ἡ
2981 2109 3188 2172 πίστις
3219 2106 3398 2175 χωρὶς
3431 2105 3556 2158 τῶν
3582 2105 3778 2173 arri.»-

2166 2205 2352 2272 νεκρά
2373 2204 2530 2258 ἐστι.
2565 2203 2677 2256 Καὶ
2701 2202 2776 2264 τί,
2803 2200 2992 2270 φησὶν,
3020 2199 3212 2268 ἐπειδὴ
3236 2197 3453 2268 πονηρὰ
3475 2198 3619 2268 ἔργα
3642 2201 3774 2266 ἕλω,

2168 2297 2230 2349 οὐ
2257 2296 2337 2348 δεῖ
2365 2292 2802 2365 προσεύχεσθαις
2841 2291 2902 2343 οὐ
2928 2290 3011 2343 δεῖ
3040 2291 3098 2342 ὲν
3121 2292 3188 2360 τῇ
3213 2289 3309 2342 τοῦ
3333 2289 3472 2342 θεοῦ
3498 2290 3710 2358 ἐκκλης
3727 2294 3779 2359 ἴα

2173 2387 2486 2458 σχολάζειν;
2514 2387 2586 2438 03
2608 2383 2766 2438 τοῦτο
2785 2383 2950 2451 λέγω,
2971 2383 3090 2436 οὐδὲ
3111 2382 3273 2435 τοῦτο
3299 2383 3612 2450 ἐπιτρέπω·
3638 2383 3730 2434 ἁλὶ
3749 2385 3780 2432 .‘x

2171 2478 2231 2531 τδ
2255 2477 2331 2540 ὡς
2356 2477 2440 2530 δεῖ
2469 2474 2872 2546 προσεύχεσθαι
2902 2472 3230 2545 παρακαλῶ,
3253 2473 3341 2524 ἵνα
3372 2474 3430 2527 ὲν
3454 2477 3580 2537 ταῖς
3606 2491 3781 2542 προτ-

2173 2571 2363 2639 ευχαῖς
2395 2567 2831 2638 προσερχόμενοι
2868 2564 3190 2636 θεοπρεπῶς
3222 2566 3649 2636 παριστάμεθα·
3691 2566 3780 2618 ἵνα

2180 2661 2256 2732 μὴ
2286 2661 2384 2716 καὶ
2414 2659 2550 2730 πρὸς
2582 2659 2731 2728 ἡμᾶς
2761 2658 2892 2730 εἴπῃ
2923 2660 2952 2710 ὁ
2978 2658 3250 2728 Χριστὸς,
3309 2657 3506 2726 ῶσπερ
3535 2659 3634 2710 καὶ
3667 2661 3785 2720 τίῆ

2189 2753 2492 2815 Ἰουδαίας·
2541 2751 2604 2804 '0
2633 2747 2800 2817 οἶκός
2821 2769 2942 2820 μου
2974 2747 3140 2816 οἷκος
3167 2748 3524 2818 προσευχῆς
3552 2749 3788 2816 2.11797)-

2177 2861 2390 2910 σεται,
2467 2845 2635 2915 ὑμεῖς
2691 2843 2760 2898 δὲ
2829 2843 3160 2910 ἐποιήσατε
3212 2843 3405 2897 αὐτὸν
3467 2845 3789 2905 σπήλαιον

2178 2935 2445 3006 λῃστῶν.
2529 2938 2594 2990 Εἰ
2637 2937 2746 3008 γὰρ
2803 2937 2854 2989 οἱ
2904 2935 3216 3000 πωλοῦντες
3269 2937 3363 2990 καὶ⁵
3411 2936 3791 3006 ἀγοράζοντες

2107 3070 2150 3128 c
2183 3033 2242 3082 ἒν
2291 3027 2370 3098 τῷ
2399 3027 2678 3098 Ἰουδαῖκῷ
2718 3029 2832 3100 ναῷ
2875 3030 3211 3100 τυπτόμενοι
3247 3027 3356 3082 ὑπὸ
3380 3029 3593 3099 Κυρίου
3627 3028 3794 3082 ὲόιῶ-

2184 3121 2414 3192 χθησαν,
2443 3121 2494 3173 οἱ
2527 3118 2899 3191 λοιδοροῦντες
2925 3119 3210 3190 ἀλλήλους,
3249 3120 3344 3173 καὶ
3375 3118 3790 3191 μνησικακοῦνο

2183 3231 2300 3280 τες,
2335 3214 2498 3276 ποίας
2527 3213 2638 3285 ἄρα
2667 3212 2948 3277 κολάσεως
2977 3215 3072 3268 καὶ
3099 3213 3326 3282 γεέννης
3348 3212 3788 3282 ἀξιωθήτονταιε

2187 3307 2251 3360 Τί
2290 3307 2348 3360 δὲ
2396 3305 2706 3377 πεισόμεθα
2739 3307 2790 3359 οἱ
2821 3305 2900 3376 τῷ
2921 3305 3043 3376 Θεῷ
3070 3307 3534 3378 συνταττόμενοι,
3587 3307 3687 3361 καὶ
3712 3306 3792 3377 τῷ

2186 3399 2419 3472 διαϐόλῳ
2452 3398 2892 3468 ὑποτασσόμενοι
2913 3416 2929 3465 ;

2271 3491 2494 3563 Ἐπειδὴ
2536 3491 2644 3562 γὰρ
2711 3491 2945 3562 μεσίτης
3001 3490 3099 3544 τοῦ
3141 3490 3279 3544 Θεοῦ
3333 3491 3431 3544 καὶ
3477 3490 3791 3562 ἀνθρώπων

2189 3587 2218 3638 ὁ
2247 3584 2427 3656 ἱερεὺς
2454 3582 2738 3653 τυγχάνει,
2797 3584 2893 3637 καὶ
2938 3583 3082 3654 ὑπὲρ
3106 3583 3357 3655 ἀφέσεως
3386 3583 3497 3636 τῶν
3524 3581 3622 3634 τοῦ
3646 3583 3782 3652 πλή-

2194 3677 2323 3742 θους
2365 3676 2657 3748 ἁμαρτιῶν
2686 3674 2818 3730 Θεδν
2845 3675 3168 3742 ἑξιλεοῦται·
3209 3676 3394 3747 βλέπε,
3430 3675 3553 3736 πῶς
3580 3677 3792 3739 πάντας

2195 3769 2690 3840 προασεραλίζεται,
2727 3769 2824 3824 καὶ⁵
2852 3767 3314 3842 διαμαρτύρεται,
3341 3769 3548 3824 ὡσανεὶ
3573 3769 3653 3840 τῷ
3678 3769 3794 3840 λαῷ

2193 3859 2422 3917 τοιαῦτά
2465 3878 2590 3916 τινα
2641 3860 3048 3932 φθεγγόμενος·
3089 3860 3440 3932 Ἐπειδήπερ,
3495 3853 3541 3914 ὦ
3571 3859 3790 3932 ἄνδρες,

2199 3955 2430 4026 μεσίτην
2465 3971 2534 4025 με
2573 3953 2712 4026 πρὸς
2739 3953 2874 4008 Θεὸν
2907 3951 3052 4024 ὑπὲρ
3083 3952 3236 4025 ὑμῶν
3269 3953 3362 4006 ἐπὶ
3392 3953 3492 4024 τῆς
3516 3939 3793 4023 μυστικῆς

2195 4047 2404 4116 ταύτης
2433 4045 2715 4118 τραπέζης
2753 4045 3044 4116 ὲστήσατε,
3082 4043 3408 4115 παρακαλῶ,
3443 4043 3792 4097 σπουδάσατε

2199 4135 2293 4191 καὶ
2323 4139 2484 4209 ὑμεῖς
2519 4138 2620 4192 σὺν
2648 4135 2776 4208 ἐμοί
2794 4151 2808 4166 ·
2847 4136 3125 4207 ἀπόστητε
3160 4135 3352 4188 πασῶν
3380 4135 3490 4187 τῶν
3519 4131 3794 4204 βιωτικῶν
3845 4183 3856 4196 ,

2197 4229 2441 4283 ἐννοιῶν.
2497 4227 2883 4298 Καταλείψατε
2922 4228 3104 4280 πᾶσαν
3139 4227 3464 4298 σωματικὴν
3496 4227 3788 4296 φροντίδα·
3823 4247 3842 4286 5

2201 4321 2513 4395 προσευχῆς
2543 4321 2654 4390 γὰρ
2683 4319 2961 4386 ὲκτενοῦς,
2999 4320 3115 4374 ἀλλ’
3139 4321 3239 4374 οὐκ
3267 4320 3529 4390 ἀσχολίας
3551 4323 3796 4388 ματαίας

522 4421 608 4460 na:
625 4406 1027 4475 occupationis,
1059 4407 1156 4462 sed
1195 4414 1425 4462 attenta:
1447 4416 1505 4462 et
1538 4408 1768 4464 intentae
1806 4411 2073 4467 orationis

2203 4419 2231 4470 ὁ
2274 4415 2487 4485 καιρός.
2544 4413 2864 4476 ’Λκοὺσατε,
2905 4413 2958 4466 τί
2991 4415 3018 4466 ὁ
3044 4413 3290 4477 διάκονος
3319 4413 3450 4483 ὑμῖν
3477 4416 3798 4484 προσφωνεῖ

521 4498 850 4555 Auscultate
898 4499 1036 4569 quid
1079 4499 1354 4554 diaconus
1397 4500 1561 4555 vobis
1609 4502 1917 4556 acclamct:
1945 4502 2098 4560 State

521 4591 786 4656 decenter,
810 4601 949 4646 state
978 4607 1097 4644 cum
1117 4593 1324 4644 timore.
1351 4590 1721 4647 Attendamus
1747 4593 1814 4648 ad
1849 4605 2098 4652 sanctam

593 4727 614 4758 ‘
653 4728 674 4782 Ι
702 4727 828 4784 Cor.
867 4729 1153 4796 xt,28-50.
1235 4733 1254 4764 "
1286 4734 1480 4789 Matth.
1514 4751 1608 4801 vn,
1635 4735 1724 4790 2|.

2205 4506 2378 4574 λέγων
2405 4522 2417 4535 ·
2483 4503 2722 4574 Στῶμεν
2753 4503 2951 4572 καλῶς
2977 4506 3052 4573 (9)
3072 4547 3088 4571 ,
3143 4503 3382 4574 στῶμεν
3402 4505 3554 4574 μετὰ
3577 4507 3794 4573 φόϐου.

2207 4599 2548 4672 Προσχῶμεν
2600 4601 2670 4671 τῇ
2721 4599 2853 4673 ἁγίᾳ
2895 4599 3144 4670 ἀναφορᾷ
3180 4598 3313 4670 (l0),
3350 4598 3625 4652 κλίνωιιεν
3671 4601 3797 4661 τοὺς

1801 4737 1822 4768 ⁸
1843 4736 1958 4792 Jac.
1987 4754 2046 4803 ll,
2070 4739 2161 4794 20.
2240 4739 2262 4768 ³
2285 4738 2479 4793 Matth.
2510 4754 2621 4803 xxi,
2650 4737 2736 4791 15.

1819 4877 2053 4935 ῩΑΒΙᾹΞ
2095 4878 2506 4937 LECTIONES.

600 4943 625 4982 ι
657 4943 696 4998 f.
728 4943 875 5010 ἄξιός
903 4945 1048 4998 ἐστιν
1075 4963 1090 5011 ;

2043 5048 2278 5106 ΝΟΤΛῗ.

529 5131 676 5214 ⁸..(9)
704 5134 987 5214 [labentur
1011 5136 1131 5191 inec
1179 5137 1469 5214 inlacobi
1505 5135 1753 5207 Liturgia
1813 5154 1988 5207 usque
2039 5139 2108 5192 ad

529 5203 620 5277 illa
658 5205 848 5272 vc'rba,
885 5207 1161 5276 κλίνωμελ
1187 5211 1311 5270 τοὺς
1339 5209 1591 5277 αὐχένας·
1628 5203 1772 5277 quau
1795 5203 2109 5277 etscquen-

531 5273 627 5338 tia,
661 5291 770 5328 non
792 5286 1020 5348 exstant
1050 5273 1102 5331 in
1129 5279 1370 5348 vulgatis
1399 5273 1662 5348 liturgiis;
1687 5280 1880 5333 saltem
1897 5273 2106 5345 omnia,

527 5352 685 5423 etout
713 5346 1008 5423 adiacono
1036 5346 1292 5423 dicenda.
1320 5346 1598 5423 Namilla,
1623 5349 1988 5423 ᾅδω-σχῶμεν
2016 5349 2110 5423 τον

529 5418 654 5466 νοῦν
685 5419 778 5468 καὶ
820 5421 920 5482 τὰς
965 5419 1230 5490 nuptiis:
1269 5421 1324 5473 in
1370 5421 1564 5490 eadem
1617 5418 1813 5473 Jacobi
1850 5419 2106 5490 Liturgia

530 5495 864 5559 sequuntur.
914 5489 1010 5542 sed
1057 5489 1290 5544 dicenda
1323 5506 1352 5543 a
1380 5489 1702 5553 sacerdote;
1767 5489 1972 5559 quibus
2021 5489 2086 5545 re

531 5555 807 5629 spondent
843 5575 967 5628 quze
998 5563 1250 5627 sequenti
1274 5577 1510 5614 numero
1547 5570 1706 5629 urget
1740 5555 2062 5617 Anastasius
2101 5604 2106 5608 .

533 5622 728 5700 ἔχομεν
750 5622 894 5700 προς
914 5629 1002 5682 τὸν
1023 5622 1245 5698 Κῦριον-
1273 5631 1536 5684 Habemus
1549 5622 1956 5696 ad‘Dominnm;
1988 5647 2110 5700 qute

575 5717 584 5747 ι
613 5697 807 5752 Jacobi
837 5698 1085 5761 Liturgia
1114 5697 1261 5754 edita
1321 5701 1729 5766 desiderantur,
1761 5701 1950 5766 utique
1993 5697 2114 5757 mu-

2217 5140 2333 5201 tila,
2363 5152 2597 5208 quaeque
2647 5153 2712 5191 ex
2746 5136 2868 5192 istis
2906 5150 2968 5192 ac
2999 5132 3385 5207 Clirysostomi
3441 5131 3696 5206 Liturgia
3727 5135 3798 5192 sit

2215 5209 2524 5264 sarcienda.
2565 5208 2851 5263 Costnens.

2278 5278 2400 5404 5m)
2451 5278 2758 5332 Turrianus
2802 5279 2948 5349 apud
2988 5277 3276 5332 Canisium
3331 5278 3448 5334 hare
3516 5277 3690 5333 verba
3719 5277 3797 5332 sic

2316 5349 2458 5403 didit
2485 5366 2496 5401 :
2527 5351 2879 5403 Attendamus
2912 5349 2982 5403 ad
3017 5357 3263 5402 sanctam
3297 5348 3668 5404 elevationem.
3690 5348 3797 5404 Sed

2212 5348 2458 5404 reddidit
2485 5366 2496 5401 :
2527 5348 2879 5403 Attendamus
2912 5349 2982 5403 ad
3017 5357 3263 5402 sanctam
3297 5348 3668 5404 elevationem.
3690 5348 3797 5404 Sed

2213 5420 2465 5490 ἀναφορὰ
2523 5420 2798 5490 signiﬁcat
2845 5419 3204 5490 oblationem,
3269 5419 3354 5473 vel
3403 5421 3798 5490 mysteriorum

2211 5481 2671 5546 celebr'ationevm.
2711 5491 2802 5544 Sic
2836 5489 2982 5559 apud
3017 5489 3325 5544 Palladium
3363 5490 3418 5544 in
3462 5481 3592 5544 Vita
3618 5490 3800 5561 Chry-

2215 5562 2442 5614 sostomi
2485 5561 2726 5626 ε”Υμνοῑ
2781 5561 2878 5628 μὲν
2908 5562 3000 5614 καὶ
3053 5561 3325 5628 ἀναφοραὶ
3379 5561 3694 5631 μυστηρίων
3743 5565 3802 5610 ἐν

2219 5635 2339 5693 ταῖς
2367 5631 2637 5699 φυλακαῖς
2671 5631 3044 5700 ἐπετελοῦντο,
3078 5633 3132 5684 in
3165 5631 3466 5686 carceribus
3511 5632 3798 5700 perfunge-

2221 5694 2417 5755 bantur
2441 5701 2814 5772 mysteriorum
2849 5694 3223 5756 celebrationes
3252 5744 3266 5766 ,
3299 5709 3354 5756 ct
3376 5694 3520 5772 apud
3566 5694 3800 5756 Lambe—
