4082 6290
589 216 694 278 83‘.)
1793 214 1858 272 S.
1897 213 2299 273 ANASTASll
2341 215 2668 276 ΞΙΝΑΙΤΕ
3776 213 3909 278 840

663 330 806 396 Quid
868 331 969 396 ais,
1005 331 1206 386 homo?
1257 346 1358 384 cur
1408 329 1550 385 adeo
1604 331 1869 385 audacter
1919 329 2185 384 adversus

2362 330 2426 381 Ti
2462 330 2662 398 λέγεις,
2701 330 2958 402 ἄνθρωπε
2986 347 3000 394 ;
3025 329 3076 382 τί
3111 328 3403 399 τολμηρῶς
3438 328 3582 382 κατὰ
3612 324 3710 379 τοῦ
3742 327 3907 380 Θεοῦ

593 421 765 475 Deum
821 420 1142 476 insoleseis?
1188 420 1449 476 Memoria
1499 419 1804 484 malorum,
1843 435 1966 489 quae
2013 419 2182 473 frater

2294 421 2582 495 νεανιεύῃ;
2633 425 3010 494 Μνησικακεῖς
3059 419 3202 474 κατὰ
3231 421 3325 474 τοῦ
3365 419 3604 488 ἀδελφοῦ
3642 437 3744 472 σου
3779 420 3910 490 μά-

593 513 696 568 tibi
729 515 938 577 intulit,
968 515 1114 584 apud
1142 524 1194 568 te
1219 513 1366 582 viget
1395 529 1408 564 :
1436 527 1626 566 ensem
1657 513 1712 565 in
1745 512 1900 566 illum
1929 513 2181 576 exacuis;

2294 531 2491 584 χαιραν
2515 514 2668 585 αὐτῷ
2703 515 2938 576 ἀκονῶν,
2977 515 3073 569 καὶ
3121 514 3309 578 δόλους
3343 513 3465 568 κατ’
3497 512 3666 566 αὐτοῦ
3710 531 3906 566 κατα-

592 605 756 661 dolos
794 606 874 660 illi
910 607 1281 666 machinaris;
1317 615 1372 660 et
1403 606 1508 659 hoc
1537 605 1912 675 perniciosum
1943 605 2094 658 virus
2129 605 2184 658 in

2294 605 2578 670 σκευάζων
2601 647 2616 667 ,
2651 607 2746 660 καὶ
2777 607 2870 660 τὸν
2899 607 3142 677 πονηρὸν
3196 607 3274 660 [δν
3335 607 3393 659 ἐν
3432 609 3498 677 τῇ
3550 607 3763 678 καρδίᾳ
3791 623 3900 660 oon

592 698 758 752 corde
788 707 884 751 tuo
911 697 1271 763 circumfers;
1307 697 1528 750 interim
1561 706 1742 750 tamen
1779 696 1845 750 ad
1873 699 2044 750 Deum
2077 697 2188 748 cla-

2294 698 2498 768 φέρων,
2531 700 2626 752 καὶ
2653 699 2784 769 βοᾷς
2811 700 2890 770 τῷ
2921 699 3061 770 Θεῷ·
3089 699 3263 768 Ἀφες
3294 717 3384 768 μοι
3411 698 3480 750 τὰ
3506 698 3900 768 ὀφειλήματα,

591 805 710 844 mas
736 808 749 842 :
777 789 1006 844 Dimitte
1037 790 1171 842 mihi
1199 789 1385 844 debita
1415 805 1560 849 mea.
1590 790 1733 844 sicut
1756 797 1811 842 et
1839 804 1939 857 ego
1967 787 2186 842 dimitto

2294 791 2364 854 ὡς
2405 791 2564 858 κάγὼ
2594 791 2787 861 ἀφῆκα
2825 792 2904 862 τῷ
2943 792 3202 865 ὁφειλέτῃ
3235 808 3378 862 pou;
3409 789 3689 856 Εὗξασθαι
3719 787 3905 861 ἦλθες

591 880 831 935 debitori
861 895 1004 934 meo.
1030 880 1315 935 Venistine
1356 888 1416 933 ut
1447 880 1501 933 in
1533 880 1630 934 Dei
1661 880 1896 933 ecclesia
1931 894 2184 948 precare-

2294 884 2347 936 ἐν
2379 885 2446 954 τῇ
2493 881 2590 936 τοῦ
2635 883 2773 936 Θεοῦ
2813 884 3104 956 ἐκκλησίᾳ,
3139 885 3173 956 ἢ
3205 884 3549 954 abstinebat;
3588 887 3758 954 χάριν
3789 885 3900 938 λα-

592 971 690 1034 ris,
721 985 791 1023 an
829 977 888 1023 ut
921 969 1190 1023 mentircr
1213 969 1275 1022 s?
1305 984 1375 1021 an
1411 976 1473 1022 ut
1503 967 1738 1038 gratiam
1777 967 2082 1036 reciperes,
2116 983 2185 1021 an

2294 971 2426 1034 ὅεῖν,
2455 971 2488 1042 ἢ
2525 971 2696 1042 ὀργὴν
2723 973 3162 1039 ὲπισπάσασθαι;
3185 974 3380 1042 ἄφεσιν
3406 975 3698 1044 ἁμαρτιῶν
3731 974 3908 1044 ποιή-

592 1071 654 1116 ut
689 1064 828 1117 iram
868 1078 965 1116 seu
1003 1061 1309 1116 vindictam
1352 1061 1454 1115 tibi
1497 1060 1847 1115 accerseres?
1892 1067 1952 1113 ut
1988 1060 2186 1114 remis-

2297 1063 2532 1125 σασθαι,
2567 1064 2602 1136 ἢ
2650 1064 2975 1134 προσθήκην
3014 1064 3538 1136 πλημμελημάτων;
3600 1067 3904 1136 σωτηρίαν

591 1157 805 1211 sionem
850 1167 1208 1224 peccatorum
1253 1153 1606 1222 impetrares,
1638 1169 1706 1206 an
1749 1151 2188 1206 additamentum

2294 1154 2718 1226 κομίσασθαι,ἥ
2769 1155 3029 1224 κόλασιν;
3081 1157 3195 1227 Οὐχ
3239 1157 3396 1228 ὁρᾷς,
3453 1157 3542 1210 ὃτι
3591 1156 3683 1210 δια
3729 1157 3906 1211 τοῦτο

591 1265 884 1320 poenarum
932 1266 1056 1318 qua:
1092 1249 1200 1302 tuis
1235 1247 1479 1318 peccatis
1515 1247 1752 1301 debita?
1781 1245 1989 1302 Venisti
2026 1245 2188 1299 deni—

2294 1248 2654 1318 ἀσπαζόμεθα
2692 1247 2961 1316 ἀλλήλους
3009 1249 3130 1303 κατ’
3182 1250 3398 1318 ἐκείνην
3442 1249 3543 1318 τὴν
3585 1248 3744 1318 ὥραν
3789 1249 3904 1318 τὴν

592 1357 699 1411 que
731 1350 790 1394 ut
818 1343 1053 1395 salutem
1084 1342 1388 1408 acciperes,
1411 1356 1479 1392 an
1509 1351 1568 1392 ut
1595 1339 1968 1407 supplicium?
1997 1337 2188 1391 Nonne

2294 1340 2556 1411 φοῦερὰν,
2588 1340 2675 1393 ἵνα
2710 1341 2890 1395 πάντα
2920 1339 3276 1410 σύνδεσμον
3307 1339 3548 1405 ἀδικίας
3578 1342 3678 1393 καὶ
3715 1341 3900 1411 σκλη-

591 1433 752 1488 vides
803 1433 950 1502 quod
995 1433 1100 1486 sub
1143 1429 1681 1484 illam'trcmendam
1728 1429 1920 1482 horam
1963 1439 2189 1498 propter

2295 1433 2588 1502 ροκαρδίας
2620 1431 2882 1502 ῥίψαντες
2913 1435 2970 1486 ὲν
3010 1433 3232 1504 καθαρᾷ
3282 1431 3482 1504 καρδίᾳ
3523 1430 3602 1502 τῷ
3631 1433 3898 1502 Δεσπζτῃ

591 1526 702 1580 hoc
733 1525 912 1595 ipsum
943 1540 1044 1578 nos
1073 1533 1269 1577 mutuo
1301 1539 1354 1576 in
1388 1521 1578 1575 osculo
1607 1523 1760 1590 pacis
1789 1521 2186 1590 amplexantur,

594 1627 655 1672 ut
690 1619 842 1672 omni
880 1617 1222 1687 colligatione
1262 1615 1554 1685 impietatis
1581 1615 1644 1678 ³³,
1678 1621 1735 1667 et
1767 1612 1953 1667 cordis
1985 1613 2190 1666 duritie

591 1711 832 1782 abjecta.
865 1724 1008 1780 puro
1041 1709 1210 1762 corde
1245 1707 1310 1759 ad
1346 1707 1642 1760 Dominum
1681 1705 2046 1760 accedamus?

665 1807 709 1855 υ
749 1803 934 1863 homo,
967 1801 1100 1870 quid
1149 1800 1299 1868 agis?
1347 1799 1479 1852 dum
1530 1798 1710 1867 angeli
1760 1807 1966 1852 sanctae
2009 1797 2189 1852 Missae

593 1894 773 1950 ofﬁcio
807 1893 1156 1954 ministrant,
1185 1891 1280 1946 sed
1311 1893 1416 1945 alis
1446 1891 1696 1945 volantes
1731 1906 1944 1945 sacram
1979 1901 2037 1945 et
2067 1906 2187 1961 my-

592 1987 788 2042 sticam
827 2000 1073 2039 mensam
1115 1984 1396 2046 obvclant,
1429 1983 1558 2036 dum
1601 1983 1909 2038 Cherubini
1947 1985 2188 2037 circum-

593 2086 763 2140 stant,
799 2087 856 2129 et
901 2075 1138 2145 Trisagii
1186 2074 1450 2144 hymnum
1495 2079 1644 2129 clara
1683 2091 1820 2130 voce
1864 2075 2186 2140 'concinunt,

593 2168 886 2238 Seraphin:
927 2183 1050 2221 cum
1087 2163 1254 2238 456
1289 2167 1604 2222 reverentia
1639 2182 1697 2220 se
1733 2167 2026 2232 inclinant,
2054 2167 2186 2221 dum

595 2261 844 2329 pontifex
880 2259 1322 2313 miscricordiam
1355 2258 1454 2313 Dei
1493 2258 1593 2312 tibi
1627 2259 2025 2328 deprecatione
2055 2274 2188 2313 con-

593 2352 768 2415 ciliat,
801 2351 1065 2405 omnibus
1103 2351 1317 2404 interea
1359 2349 1561 2404 timore
1603 2361 1768 2419 atque
1809 2358 2050 2404 tremore
2089 2349 2188 2404 de—

595 2441 740 2506 fixis,
774 2442 907 2496 dum
957 2443 1148 2510 Agnus
1191 2441 1286 2494 Dei
1333 2443 1704 2504 sacrificatur,
1743 2441 1955 2511 Spiritu
2001 2451 2190 2496 sancto

593 2535 837 2604 desuper
887 2533 1350 2604 superveniente;
1405 2535 1536 2588 dum
1595 2535 1782 2604 angeli
1836 2535 2190 2589 invisibiliter

594 2640 817 2679 omnem
859 2627 1124 2694 populum
1171 2625 1542 2686 circumeunt,
1577 2625 1934 2694 fideliumque
1977 2626 2192 2680 animos

595 2715 816 2785 signant
837 2723 893 2768 et
917 2714 1274 2776 describunt,
1299 2729 1410 2766 non
1439 2715 1825 2783 perhorrescis
1847 2716 1960 2784 (13)
1978 2715 2188 2780 animo,

597 2805 748 2876 quod
789 2805 1055 2874 despicis,
1081 2814 1138 2860 et
1169 2804 1325 2859 .Iudze
1364 2806 1616 2859 osculum
1654 2807 1808 2860 fratri
1849 2807 2036 2871 offers,
2064 2807 2192 2862 diu-

597 2909 930 2968 turnamque
954 2907 1011 2952 et
1035 2909 1284 2952 tenacem
1311 2896 1641 2967 injuriarum
1669 2898 1996 2952 memoriam
2024 2911 2192 2968 atque

597 2991 974 3062 perniciosum
1003 2989 1280 3058 serpentis
1307 3004 1580 3042 venenum
1614 3005 1745 3060 erga
1776 2991 2001 3044 fratrem
2035 2999 2190 3043 tuum

600 3083 656 3137 in
701 3083 872 3137 corde
921 3090 1016 3136 tuo
1057 3080 1250 3134 intime
1297 3079 1626 3134 abscondis?
1665 3090 1720 3134 et
1765 3089 1821 3134 tu
1865 3081 2192 3136 abscondita

599 3173 789 3228 cordis
830 3173 1184 3244 cognoscenti
1232 3171 1375 3226 dicis
1419 3189 1432 3224 :
1481 3171 1706 3226 Dimitte
1753 3173 1913 3238 mihi,
1947 3173 2091 3227 sicut
2138 3183 2196 3228 et

603 3280 708 3336 ego
743 3265 967 3319 dimitto
1008 3264 1166 3318 fratri
1212 3264 1374 3319 meo?
1409 3265 1674 3334 Nunquid
1717 3265 1840 3320 talis
1883 3274 1975 3320 tua
2017 3270 2194 3322 oratio

603 3357 908 3428 quidquam
942 3355 1130 3411 differt
1161 3373 1192 3411 a
1229 3356 1372 3410 mala
1409 3356 1840 3426 imprecatione?
1877 3358 2012 3412 b‘cce
2045 3359 2193 3428 quod

602 3449 768 3512 dicis,
798 3455 992 3502 contra
1021 3449 1259 3518 teipsum
1287 3447 1433 3502 uicis
1463 3465 1476 3500 :
1508 3446 1566 3502 Si
1597 3447 1838 3512 dimitto,
1868 3448 2113 3515 dimitte;
2148 3452 2192 3505 si

604 3539 850 3611 ignosco,
879 3539 1134 3609 ignosce;
1167 3539 1213 3593 si
1243 3539 1572 3608 compatior,
1600 3549 1950 3609 compaterc;
1987 3541 2032 3593 si
2063 3539 2196 3594 reti-

603 3645 710 3684 neo
743 3631 1014 3683 tenaciter
1041 3629 1370 3700 injuriarum
1401 3631 1724 3685 memoriam
1757 3630 2027 3686 adversus
2059 3647 2193 3686 con-

604 3737 824 3778 servum
852 3738 1063 3786 meum,
1087 3731 1145 3776 et
1172 3732 1229 3775 tu
1257 3720 1462 3787 retine;
1493 3721 1537 3776 si
1566 3722 1799 3788 irascor,
1825 3721 2064 3777 irascere
2094 3741 2106 3775 :
2140 3724 2194 3778 in

605 3829 714 3885 qua
742 3830 1002 3870 mensura
1032 3815 1252 3879 metior,
1277 3816 1334 3868 in
1371 3829 1434 3867 ea
1467 3813 1781 3868 remetiaris
1807 3814 1946 3868 mihi
1977 3832 1990 3868 :
2025 3816 2072 3869 si
2097 3832 2196 3886 per

603 3908 1020 3964 simulationem
1073 3905 1220 3976 ﬁngo
1263 3921 1351 3960 me
1392 3905 1612 3960 veniam
1667 3905 1836 3972 dare,
1881 3907 2050 3962 etiam
2095 3925 2195 3977 per

605 4000 1019 4056 simulationem
1051 3997 1494 4052 misericordiam
1520 3999 1699 4052 fictam
1729 4013 2055 4068 consequar.
2081 4000 2195 4070 Ego

607 4099 803 4146 contra
851 4091 1270 4159 mem-etipsum,
1307 4104 1340 4142 ο
1385 4089 1640 4154 Domine,
1675 4090 2006 4144 sententiam
2050 4091 2192 4146 fero.

607 4181 810 4236 Audivi
852 4182 1003 4236 enim
1043 4181 1398 4234 tremendum
1441 4180 1672 4234 verbum
1717 4189 1872 4234 tuum
1922 4197 1936 4234 :
1980 4181 2046 4237 In
2088 4199 2195 4254 qua

609 4289 860 4328 mensura
901 4274 1069 4327 mensi
1112 4273 1340 4344 fueritis,
1373 4274 1680 4327 remetiatur
1712 4273 1852 4327 vobis
1879 4273 1940 4328 ιδ.
1972 4274 2040 4328 Ει
2078 4292 2090 4328 :
2135 4274 2194 4330 Si

2294 1524 2683 1595 προσέλθωμεν
2703 1540 2717 1590 ;

2362 1793 2427 1846 Τί
2487 1795 2700 1860 ποιεῖς,
2751 1794 3049 1867 ἄνθρωπες
3114 1797 3366 1866 ἀγγέλων
3418 1797 3895 1871 λειτουργούντων

2290 1885 2681 1956 ὲξαπτερύγων
2721 1887 2822 1960 τὴν
2849 1888 3118 1960 μυστικὴν
3146 1891 3430 1963 τράπεζαν
3463 1890 3893 1952 καλυπτὰντων,

2290 1977 2399 2030 τῶν
2458 1978 2746 2049 Χερουϐὶμ
2797 1982 3246 2051 παρισταμένων,
3302 1983 3396 2034 καὶ
3449 1983 3544 2034 τὸν
3598 1983 3894 2054 τρισάγιον

2292 2069 2462 2136 ὕμνον
2525 2069 2759 2140 λαμπρᾷ
2815 2072 2880 2142 τῇ
2939 2073 3090 2142 φωνῇ
3154 2075 3549 2143 κεκραγότων,
3623 2075 3736 2126 τῶν
3785 2075 3882 2126 Σε-

2295 2161 2472 2232 ραφὶμ
2503 2160 2622 2230 μετ’
2653 2161 2944 2226 εὐλαϐείας
2989 2165 3336 2232 κεκυφότων,
3367 2167 3464 2219 τοῦ
3510 2167 3829 2236 ἀρχιερέως
3860 2175 3889 2204 ι

2293 2251 2436 2322 ὑπὲρ
2485 2250 2580 2304 σοῦ
2622 2251 3042 2322 ὲξιλεουμένου,
3090 2255 3305 2306 πάντων
3341 2253 3491 2323 φόϐῳ
3541 2256 3640 2307 καὶ
3691 2255 3889 2324 τρόμῳ

2290 2341 2690 2412 διανοουμένων
2735 2349 2790 2403 ο,
2817 2343 2913 2396 τοῦ
2969 2343 3167 2409 Ἀμνοῦ
3201 2343 3294 2397 τοῦ
3329 2345 3463 2398 θεοῦ
3507 2344 3887 2414 σφαγιαζομέ-

2291 2423 2406 2500 νου,
2435 2433 2528 2487 τοῦ
2557 2431 2876 2504 Πνεύματος
2903 2435 2999 2488 τοῦ
3021 2436 3186 2504 ἁγίου
3221 2435 3432 2490 ἄνωθεν
3461 2439 3883 2506 ἐπιφοιτῶντος.

2293 2526 2544 2596 ἀγγέλων
2581 2527 2834 2599 ἀοράτως
2881 2527 3061 2582 πάντα
3103 2529 3194 2580 τὸν
3239 2529 3368 2582 λαὸν
3415 2523 3882 2600 περι-τρεχόντων,

2293 2619 2390 2672 καὶ
2415 2620 2512 2681 τὰς
2534 2618 2644 2671 τῶν
2673 2619 2883 2672 πιστῶν
2911 2630 2940 2668 Ρ
2967 2619 3148 2691 ψυχὰς
3185 2621 3600 2691 σημειουμένων
3637 2624 3652 2679 ί
3663 2621 3748 2693 14)
3783 2621 3886 2674 καὶ

2294 2711 2798 2782 ἀπογραψαμένων,
2823 2713 2886 2765 οὐ
2913 2714 3160 2783 φρίττεις
3185 2713 3571 2784 καταφρονῶν,
3591 2715 3686 2766 καὶ
3705 2715 3883 2768 ἀσπα-

2296 2805 2433 2875 σμὸν
2477 2804 2768 2858 Ἰουδαϊκὸν
2801 2805 2892 2858 τὸν
2924 2805 3156 2876 ἀδελφὸν
3208 2808 3617 2876 ἀσπαζόμενος.
3649 2811 3745 2863 καὶ
3778 2826 3883 2862 που

2293 2893 2612 2964 λυχρονίους
2665 2897 3037 2964 μνησικακίας
3088 2899 3182 2950 καὶ
3228 2898 3318 2950 τὸν
3369 2899 3617 2970 ὀλέθριον
3645 2901 3738 2952 τὸν
3781 2899 3881 2954 τοῦ

2221 3019 2262 3074 C
2296 2988 2473 3056 ὄφεως
2508 2990 2565 3041 ὲν
2593 2990 2659 3058 τῇ
2707 2987 2909 3058 καρδίᾳ
2950 3006 3044 3042 σου
3087 2991 3525 3061 ἐναποκρύπτων
3579 2992 3718 3066 κατὰ
3779 2992 3882 3047 τοῦ

2296 3080 2522 3150 ἀδελφοῦ
2548 3098 2640 3134 σου
2668 3097 2682 3146 ;
2714 3083 2831 3144 πῶς
2846 3085 2908 3135 οὺ
2929 3083 3170 3152 φρίττεις
3191 3085 3284 3138 καὶ
3307 3085 3693 3148 καταπίπτεις,
3717 3085 3796 3156 τῷ
3813 3087 3882 3140 τὰ

2297 3177 2517 3244 κρυπτὰ
2561 3175 2662 3243 τῆς
2695 3179 2923 3245 καρδίας
2975 3176 3295 3244 γινώσκοντι
3351 3177 3548 3246 λέγων,
3591 3179 3760 3246 Ἀφες
3787 3197 3882 3249 μοι

2295 3265 2372 3329 ὡς
2413 3265 2567 3333 κάγὼ
2603 3269 2792 3336 ἀφῆκα
2833 3268 2910 3338 τῷ
2940 3268 3154 3338 ἀδελφῷ
3209 3287 3348 3340 μους
3380 3271 3433 3323 τί
3465 3270 3714 3340 διαφέρει
3743 3289 3882 3323 κατ·

2297 3359 2488 3429 ἀραςή
2512 3362 2737 3429 τοιαύτη
2761 3377 2854 3414 σου
2887 3361 3021 3431 εὐχή
3042 3377 3057 3427 ;
3099 3363 3232 3415 Ἰδοὺ
3255 3361 3282 3414 ὃ
3301 3363 3451 3431 λέγει
3470 3385 3504 3429 ·,
3534 3363 3654 3416 καθ’
3685 3364 3880 3416 ἑαυτοῦ

2297 3453 2598 3524 ἀποφαίνῃο
2633 3453 2694 3504 Εἰ
2726 3452 2870 3520 ἀφῶ,
2898 3453 3057 3522 ἀφεςο
3091 3456 3138 3507 εἰ
3173 3455 3464 3526 συγχωρῶ,
3499 3455 3878 3526 συγχώρησον·

2298 3543 2344 3595 εί
2359 3561 2423 3594 συ
2433 3543 2654 3614 μπαοῶ,
2675 3561 2738 3596 συ
2747 3544 3058 3614 μπάθησον·
3076 3549 3123 3598 εἰ
3139 3546 3330 3616 κρατῶ
3348 3550 3722 3619 μνησικακίαν
3743 3549 3879 3621 πρὸς

2297 3637 2388 3688 τὸν
2436 3635 2722 3689 σύνδουλόν
2756 3655 2884 3706 μου,
2934 3639 3234 3706 κράτησον·
3286 3639 3336 3690 εἰ
3385 3640 3884 3710 όργίζομει,ὀργίο

2299 3728 2476 3798 contr
2501 3730 2558 3781 ὲν
2584 3721 2628 3796 ᾧ
2649 3729 2835 3799 μέτρῳ
2861 3732 3076 3798 μετρῶ,
3097 3729 3426 3800 μετρηοήτω
3458 3747 3572 3800 μοι’
3600 3733 3649 3783 εί
3670 3733 3727 3784 ἐν
3745 3733 3880 3786 ὑπο-

2297 3819 2478 3890 κρίσει
2494 3819 2846 3889 συγχωρῶ,ὲν
2863 3819 3392 3889 ὑποκρίσειὲλεηοῶ.
3413 3819 3554 3889 Ἐγὼ
3577 3822 3676 3888 τὴν
3699 3823 3881 3891 ψῆφον

2299 3910 2422 3963 κατ’
2455 3910 2698 3980 ἐμαυτοῦ
2754 3911 3040 3980 ποιοῦμαι,
3069 3912 3350 3965 Δέσποτα’
3389 3913 3601 3983 ἥκουσα
3639 3915 3748 3984 γὰρ
3777 3915 3880 3985 τῆς

2299 4001 2538 4071 φοϐερᾶς
2565 4017 2656 4054 σου
2697 4003 2881 4070 φωνῆς
2911 4003 3006 4070 τῆς
3028 4001 3318 4072 λεγούσης,
3344 4003 3427 4055 ὅτι
3475 4002 3579 4057 Ἑν
3606 3997 3656 4071 ᾧ
3688 4003 3882 4073 μέτρῳ

2292 4093 2559 4163 μετρεῖτε
2578 4135 2594 4160 ,
2627 4093 3199 4164 ἀντιμετρηθήσεται
3265 4094 3427 4164 ὑμῖν.
3462 4095 3574 4148 Καί
3599 4111 3614 4124 ·
3646 4094 3879 4164 Ἐὰν-μὴ

2297 4183 2490 4252 ἀφῆτε
2506 4184 2630 4250 τοῖς
2651 4185 2985 4253 ἀνθρώποις
3000 4185 3071 4238 τὰ
3086 4183 3530 4254 παραπτώματα
3548 4184 3769 4248 αὐτῶν,
3782 4187 3882 4239 οἰ·-

2296 4273 2364 4328 δὲ
2389 4279 2420 4328 ὀ
2441 4275 2647 4343 Πατὴρ
2676 4275 2844 4346 ὑμῶν
2869 4278 2902 4329 ό
2923 4275 3204 4343 οὐράνιος
3231 4275 3456 4344 ἀφήσει
3480 4275 3649 4345 ὑμῖν.
3665 4275 3881 4330 Τούτων

609 4382 715 4420 non
737 4367 1041 4420 dimiseritis
1065 4365 1360 4420 hominibus
1380 4375 1593 4436 percata
1611 4381 1813 4429 eorum,
1837 4381 2002 4437 neque
2025 4366 2189 4422 Pater

2298 4364 2392 4424 οὖν
2410 4367 2521 4421 τῶν
2547 4367 2798 4437 ἀψευδῶν
2825 4385 2919 4421 σου
2947 4367 3141 4436 φωνῶν
3161 4371 3282 4432 ταῖς
3299 4368 3613 4435 ἀποφάσεσι
3637 4367 3879 4432 πεισθεὶς

607 4467 778 4512 vester
803 4457 1022 4512 caelestis
1054 4457 1278 4512 dimittet
1310 4456 1449 4510 vobis
1473 4457 1538 4510 ⁸⁵.
1569 4455 1710 4510 Huic
1735 4455 2033 4511 verborum
2067 4467 2192 4514 tuo-

684 4598 728 4629 ¹³
749 4598 854 4652 lsa.
882 4613 1026 4662 Lvnt,
1051 4599 1105 4652 6.
1184 4597 1225 4628 ⁸³⁵
1248 4597 1441 4652 Matth.
1465 4613 1556 4664 vn,
1577 4596 1630 4650 2.

1709 4597 1753 4628 ’⁵
1777 4596 1966 4652 Matth.
1990 4615 2061 4665 vr,
2087 4601 2171 4655 i3.

2301 4459 2488 4529 ἀφῆκα
2543 4458 2639 4514 καὶ
2699 4459 3056 4531 συνεχώρησα
3106 4461 3218 4522 τοῖς
3272 4458 3568 4513 πταίσασιν
3629 4459 3710 4524 είς
3758 4460 3877 4530 ἐμὲ,

1913 4737 2146 4796 νΑιιιχΕ
2186 4739 2595 4797 ιΕετιοΝΕδ.

684 4835 711 4864 ⁵³
739 4825 925 4884 Canis.
948 4825 1244 4896 κεκυφότας
1268 4824 1361 4878 τοῦ
1384 4827 1700 4898 ἀρχιερέως.

1781 4836 1806 4863 ⁰
1837 4827 2021 4884 Canis.
2059 4830 2506 4902 διακονουμένων.

2583 4841 2611 4880 P
2642 4829 2878 4900 μυστῶν.

2119 4949 2356 5009 ΝΟΤΕ.

687 5039 798 5112 (15)
831 5038 967 5094 Mala
1003 5039 1761 5112 interpunctione,acrunius
1789 5041 1944 5095 vocis
1981 5041 2090 5096 levi
2125 5043 2182 5097 in

616 5110 724 5166 tlne
745 5110 1157 5180 depravatione,
1193 5111 1333 5164 male
1367 5110 1457 5164 hic
1494 5111 1644 5180 edita
1682 5113 1868 5166 luxata
1904 5121 2084 5178 erant,
2117 5127 2184 5168 ac

615 5179 904 5252 perperam
944 5180 1183 5252 reddita,
1233 5180 1512 5252 attributis
1545 5179 1882 5252 Cherubinis
1933 5199 2056 5252 qua:
2085 5200 2184 5238 au-

613 5249 1015 5334 ctor’ponspne.
1037 5249 1341 5321 Scriptura:
1362 5251 1487 5334 Isai.
1521 5268 1574 5307 Vl
1613 5252 1810 5334 tribnit
1831 5249 2180 5334 Seraphinis,

613 5336 681 5376 ac
729 5319 1070 5392 Seraphinis,
1125 5319 1248 5392 quae
1295 5333 1490 5376 auctor
1542 5323 1771 5377 ascribit
1829 5319 2076 5392 pontiﬁci
2113 5319 2184 5380 ac

615 5391 912 5473 sacerdoti.
963 5391 1179 5463 Quippe
1230 5391 1520 5473 Seraphim
1551 5391 1886 5473 _Trisa_gium
1917 5393 2181 5458 clamant,

617 5461 984 5532 sacerdosque
1011 5461 1323 5517 reverentia
1349 5461 1412 5517 ac
1455 5471 1602 5517 metu
1638 5461 1911 5516 inclinans
1949 5478 2020 5518 ac
2065 5480 2186 5518 ecr-

619 5545 784 5593 nuus,
822 5531 1092 5600 divinum
1131 5547 1337 5586 numen
1391 5537 1492 5588 sub
1524 5533 1579 5587 id
1637 5541 1854 5600 tempus
1889 5534 2185 5589 conciliat:

621 5599 842 5672 tametsi
893 5601 946 5653 in
980 5601 1204 5672 Apocal.
1249 5618 1322 5666 iv,
1374 5619 1428 5656 v.
1467 5603 1520 5666 8,
1568 5619 1678 5656 non
1728 5599 2042 5672 Seraphim,
2091 5605 2188 5659 sed

617 5668 880 5722 animalia
914 5668 1286 5740 appellantur,
1321 5671 1416 5740 qui
1461 5673 1540 5727 sic
1587 5668 2188 5740 clamantfvidentur-

2293 5059 2403 5122 que
2422 5043 2466 5122 _ii
2495 5041 2608 5122 ipsi
2625 5039 2957 5122 rsignificar’i,
2983 5037 3188 5122 quibus
3223 5039 3680 5122 regius_Ps_altes
3705 5044 3869 5122 Deut]:

2293 5109 2538 5170 insidere
2562 5115 2658 5176 ait,
2677 5109 3038 5180 nomina‘tque
3065 5109 3391 5178 Cherubim,
3419 5113 3560 5169 Psal.
3589 5130 3716 5180 LXX,
3745 5131 3794 5170 v.
3816 5117 3868 5180 ε,

2289 5194 2348 5241 et
2369 5183 2526 5238 alibi.

2361 5255 2484 5326 (te)
2497 5253 2616 5306 Τῶν
2640 5271 2706 5324 ση
2717 5271 2780 5322 με
2789 5269 2868 5306 too
2875 5253 3068 5322 μένων.
3083 5267 3278 5326 eorum
3297 5253 3394 5324 qui
3413 5263 3869 5326 sacramentorum

2290 5324 2930 5397 participes_erant,_ac‘
2953 5338 3057 5397 nec
3089 5324 3500 5385 catechumeni,
3543 5341 3649 5380 nec
3698 5329 3869 5396 poeni-

2287 5393 2510 5458 ientes,
2529 5394 2632 5466 sed,
2656 5411 2799 5448 πιστι
2820 5395 2856 5456 ί,
2895 5393 3077 5466 ﬁdeles
3097 5411 3175 5466 ac
3201 5397 3399 5458 sancti,
3431 5411 3570 5466 quos
3594 5393 3742 5451 solos
3761 5397 3871 5452 dia-

2289 5465 2716 5536 conusjubebat
2740 5480 2791 5536 ιιι
2811 5481 2988 5528 mere,
3015 5464 3110 5536 ubi
3143 5465 3254 5536 jam
3282 5469 3350 5520 ad
3380 5464 3495 5520 rem
3528 5481 3737 5520 sacram
3757 5476 3870 5522 erat

2291 5535 2726 5606 procedendum.
2777 5535 2890 5591 Vox
2946 5534 3183 5606 πιστῶν,
3235 5551 3400 5604 quam
3451 5536 3602 5590 edita
3651 5537 3865 5600 habent,

2292 5605 2513 5660 videtur
2560 5605 2734 5671 magis
2788 5621 2854 5659 ex
2910 5621 3012 5660 usu
3059 5605 3457 5672 ecclesiastico,
3519 5607 3656 5660 nihil
3711 5623 3864 5664 sensu

2294 5677 2512 5732 diversa
2550 5678 2616 5731 ab
2644 5693 2706 5731 ea
2737 5691 2902 5746 quam
2939 5675 3157 5732 edimus
3182 5691 3250 5730 ex
3269 5677 3393 5731 eod.
3427 5677 3616 5748 Regio.
