3996 6296
75 306 205 372 833

1152 307 1237 371 IN
1273 307 1828 371 HEXAEMERON.
1853 331 1925 345 -
1959 302 2381 383 PREEATIO.

3293 297 3399 382 sit

81 418 324 473 blicum
351 411 604 470 omnium
628 422 988 484 conspectum
1010 422 1164 480 sunt,
1188 431 1252 471 ea
1278 417 1457 487 palam
1479 424 1536 473 et
1562 416 1710 471 inter
1743 421 1782 476 Α
1811 414 2011 472 Omnia
2043 415 2193 471 enim
2231 428 2355 484 quae
2381 421 2512 468 sunt
2541 411 2596 467 in
2638 410 2797 466 cmlis
2826 420 2882 464 et
2917 410 2973 465 in
3014 418 3163 466 terra
3186 449 3202 475 ,
3257 411 3405 467 Deus

85 526 156 565 se
225 508 591 564 coharcnter
656 505 1007 576 exposituri,
1068 518 1448 580 congruenter
1502 508 1711 565 divinis

89 598 646 656 consecrationibus
673 612 1009 654 arcanorum
1054 600 1151 655 Dei
1204 604 1707 666 sacramentorum,

95 693 394 747 universo
446 690 612 746 simul
658 690 826 745 niisto
878 692 1085 761 populo
1140 707 1431 763 nunquam
1471 708 1594 749 eam
1633 693 1714 750 ia-

97 786 277 841 ciunt
306 783 712 845 ostensionem,
747 782 1070 853 priusquam
1094 785 1191 856 qui
1217 786 1480 858 liturgire,
1515 786 1571 842 id
1597 794 1708 851 est,

100 877 217 946 qui
270 876 505 947 publico
536 885 736 945 praeest
773 889 1059 930 sacrorum
1099 879 1339 943 muneri,
1387 888 1514 949 post
1549 895 1715 950 supe-

103 968 334 1022 riorem
367 975 425 1021 et
452 981 577 1036 quas
605 974 692 1022 est
716 965 855 1021 citra
876 967 1050 1023 ullum
1086 968 1336 1025 medium
1360 1013 1375 1037 ,
1412 970 1510 1025 Dei
1553 970 1717 1026 chori

108 1059 565 1126 ordinationem,
597 1067 858 1131 tanquam
883 1076 1017 1117 voce
1038 1071 1309 1132 praestans
1327 1062 1551 1134 quidam
1574 1080 1715 1135 ιιι-τερ

114 1163 392 1214 eo,stans
429 1161 583 1207 extra
618 1152 1031 1208 sacratissimas
1059 1162 1269 1222 portas,
1299 1155 1553 1225 iussione
1602 1170 1719 1211 ma-

115 1245 277 1298 xima
307 1244 616 1300 sec'reverit
647 1244 719 1299 ab
757 1244 939 1315 adytis
978 1244 1047 1299 ad
1075 1262 1199 1317 quae
1225 1262 1336 1301 non
1390 1246 1525 1304 licet
1562 1263 1720 1304 acce-

118 1336 290 1401 dere,
328 1353 429 1392 eos
472 1337 679 1408 quibus
708 1352 820 1392 non
872 1338 1004 1393 licet
1035 1339 1107 1394 iis
1145 1338 1255 1394 frui
1299 1355 1364 1395 ac
1404 1341 1716 1411 percipere,

124 1428 340 1483 timens
367 1430 524 1483 illum
548 1429 794 1485 sordidis
837 1431 1093 1488 vestibus
1133 1432 1392 1487 indutum
1436 1434 1494 1489 in
1534 1435 1718 1490 Evan-

124 1520 281 1591 gelio
304 1521 349 1584 ⁸,
402 1520 498 1590 qui
543 1522 865 1592 longissime
913 1521 1019 1578 fuit
1066 1525 1336 1594 expulsus
1390 1541 1422 1581 a
1470 1525 1714 1596 nuptiali

127 1613 418 1676 convivio,
455 1614 720 1684 quoniam
748 1630 858 1670 non
894 1628 1304 1688 praeparaverat
1333 1629 1546 1674 vestem
1580 1634 1719 1675 con-

129 1704 459 1759 venientem
486 1705 676 1761 divino
703 1707 782 1761 illi
826 1708 1013 1779 epulo.
1056 1708 1141 1764 Ad
1191 1710 1300 1765 hoc
1340 1721 1528 1767 autem
1579 1727 1723 1783 opus

130 1813 242 1853 nos
288 1800 738 1867 componendum
774 1801 1052 1865 venimus,
1109 1817 1221 1856 non
1250 1817 1404 1873 spem
1450 1812 1724 1873 ponentes

132 1889 192 1943 in
223 1890 515 1953 facundia,
543 1894 940 1964 'suavibusque
967 1894 1174 1950 tabulis
1195 1905 1251 1950 et
1277 1895 1464 1967 nugis,
1490 1905 1722 1966 arteque

133 1980 365 2036 dicendi
404 1976 744 2051 Grtecorum,
779 2002 884 2042 nec
906 1988 1106 2043 armati
1145 1987 1345 2043 iambis
1386 1988 1640 2044 trucibus
1669 1998 1726 2045 et

135 2072 438 2128 inutilibus
471 2093 483 2127 :
525 2074 812 2153 Christum
852 2079 1003 2132 enim
1035 2079 1305 2135 habemus
1344 2080 1450 2135 via:
1492 2080 1721 2147 ducem,

137 2164 236 2232 qui
255 2162 503 2219 Graecam
531 2169 851 2239 sapientiam
871 2168 1006 2224 dicit
1027 2185 1149 2225 esse
1165 2170 1452 2225 stultitiam
1483 2181 1535 2225 et
1559 2175 1727 2228 crucis

139 2258 560 2312 eIinanitionem
594 2260 637 2313 '.
687 2259 997 2331 Loquimur
1036 2263 1185 2318 enitn
1225 2264 1294 2320 de
1343 2263 1530 2321 divina
1576 2265 1728 2322 Scri-

142 2358 338 2417 ptura.
373 2365 496 2419 quae
536 2352 789 2421 exposita
843 2354 1073 2424 quidem
1124 2354 1232 2410 fuit
1282 2371 1385 2427 per
1429 2358 1727 2427 quamdam

142 2440 302 2494 vocis
334 2442 666 2497 tenuitatem
717 2453 775 2499 et
823 2445 1027 2517 linguai
1062 2447 1406 2515 tarditatem,
1458 2464 1489 2505 a
1539 2451 1732 2521 paucis

143 2541 332 2585 autem
358 2541 443 2587 est
467 2534 795 2592 conﬁrmata
820 2545 877 2593 et
904 2548 1120 2604 ornata,
1173 2540 1355 2611 iisque
1392 2542 1734 2613 agrestibus-

147 2642 257 2695 que
288 2637 345 2680 et
369 2627 760 2696 piscatoribus,
782 2638 840 2685 et
863 2633 1154 2688 sutoribus
1174 2642 1232 2688 et
1259 2633 1562 2689 illitteratis
1587 2650 1603 2688 :
1624 2651 1730 2706 pu-

147 2719 398 2789 dorcque
431 2720 618 2777 aﬂecit
650 2724 952 2793 sapientes,
997 2741 1206 2796 eosque
1235 2726 1483 2783 ostendit
1531 2726 1732 2782 stultos

146 2821 207 2868 et
235 2814 484 2868 inutiles.
522 2814 897 2881 Quamobrem
919 2817 976 2871 in
1012 2820 1331 2888 praesentia,
1363 2835 1391 2874 a
1427 2819 1591 2875 nobis
1619 2836 1734 2875 non

150 2906 373 2960 dicetur
408 2907 475 2961 de
513 2908 706 2977 figuris
742 2918 799 2963 et
829 2910 1160 2976 intervallis,
1210 2927 1318 2967 nec
1365 2912 1435 2968 de
1490 2913 1734 2969 circum-

152 2998 469 3053 aetionihus
498 3009 555 3053 et
584 3000 827 3055 motibus
856 3009 912 3055 et
934 3003 1283 3073 rcgressibus
1317 3004 1372 3059 in
1402 3021 1535 3060 suos
1554 2995 1739 3072 locos,

1757 1764 1797 1819 Β

1810 511 1971 585 prius
1996 508 2314 564 construxit
2349 507 2405 562 in
2449 505 2723 576 sapientia
2775 504 2845 560 ad
2891 506 3015 575 ejus
3066 503 3297 576 ﬁguram
3346 512 3406 557 et

1811 604 2061 676 priorem
2115 599 2575 671 descriptionem.
2621 598 2690 653 Et
2727 596 2879 666 quod
2914 596 3101 652 statim
3149 612 3180 651 a
3223 595 3405 667 prima
3506 642 3512 649 .

1812 696 1967 752 vocis
2006 693 2327 759 eﬂ'ectione,
2384 693 2508 762 ejus
2555 690 2915 746 fundamenta
2960 698 3017 745 et
3060 697 3405 743 structuram

1814 798 1872 846 ct
1898 788 2308 860 apparitionem
2326 795 2380 842 et
2406 785 2874 841 illuminationem
2906 783 3402 855 praemeditabatur

1815 885 2071 957 etprius
2115 881 2495 945 describebat,
2551 888 2609 936 et
2660 896 2761 950 per
2808 879 3052 949 primum
3104 877 3309 934 caelum
3348 885 3408 933 et

1815 975 2146 1040 secundum,
2180 981 2239 1029 et
2279 986 2404 1044 quae
2444 979 2574 1026 sunt
2624 971 2681 1028 in
2744 971 2882 1041 ipsis
2922 968 3242 1035 luminaria,
3300 982 3407 1024 nec

1817 1069 1925 1125 hoc
1961 1069 2180 1132 solum,
2234 1066 2330 1122 sed
2385 1064 2550 1121 etiam
2613 1078 2712 1134 per
2768 1063 2949 1133 ipsum
2993 1062 3168 1117 solem
3216 1069 3277 1116 et
3314 1060 3409 1114 lu»

1817 1176 1968 1227 nam,
2003 1169 2061 1216 et
2092 1167 2295 1215 terram
2317 1199 2331 1222 ,
2357 1167 2417 1214 et
2435 1170 2632 1227 aquas,
2654 1154 2971 1227 etplantas,
2994 1163 3054 1209 ει
3078 1166 3301 1223 pecora,
3349 1157 3409 1211 et

1818 1256 2100 1319 volucres,
2128 1249 2416 1324 etpisces;
2448 1256 2525 1316 et,
2555 1256 2616 1303 ut
2638 1247 2810 1303 semel
2830 1246 3033 1310 dicam,
3060 1261 3160 1317 per
3184 1258 3405 1299 omnem

1820 1356 2135 1405 creaturam
2164 1343 2287 1401 οωιί
2321 1351 2378 1397 et
2412 1352 2595 1403 teme,
2628 1338 2915 1396 Christum
2937 1338 3033 1408 qui
3080 1339 3137 1392 in
3184 1339 3320 1409 ipsis
3350 1347 3410 1393 et

1821 1457 1923 1514 per
1953 1441 2126 1511 ipsam
2163 1436 2434 1506 loquitur,
2490 1432 2757 1504 praedicat
2806 1440 2863 1487 et
2909 1430 3202 1503 magniﬁce
3257 1446 3410 1486 eom-

1823 1532 2067 1589 mendat.

1892 1626 2019 1682 Haec
2049 1625 2270 1679 discens
2298 1622 2548 1678 Ecclesia
2578 1619 2820 1675 exsultat
2851 1624 2908 1673 et
2932 1615 3151 1671 letatur
3186 1657 3200 1680 ,
3232 1618 3405 1687 gestit

1825 1719 2278 1783 etilluminatur,
2309 1724 2367 1771 et
2406 1714 2671 1770 adversus
2703 1711 2959 1767 inﬁdeles
2985 1711 3178 1765 valens
3209 1725 3292 1765 -ac
3323 1724 3414 1763 ro-

1826 1814 1990 1868 busta
2005 1809 2277 1872 redditur,
2300 1808 2387 1861 vel
2411 1805 2597 1877 potius
2620 1812 2870 1860 armatur
2893 1821 2908 1869 ;
2937 1818 3036 1858 eos
3052 1802 3412 1861 convincens.

1826 1903 2098 1959 dedecore
2127 1898 2391 1961 alliciens,
2411 1897 2665 1960 vincens,
2685 1894 2952 1951 exsiliens
2967 1903 3024 1949 et
3050 1892 3371 1963 tripudians
3396 1909 3410 1945 :

1829 1993 2107 2065 siquidem
2152 1991 2413 2045 universa
2463 2004 2586 2059 quae
2640 1986 2898 2043 cernitur
2939 1994 2998 2041 et
3041 1985 3416 2055 intelligentia

1828 2085 2143 2157 percipitur
2197 2092 2473 2143 creatura,
2512 2080 2580 2134 ad
2631 2081 2752 2149 ejus
2802 2079 3099 2149 imaginem
3130 2086 3188 2132 et
3226 2078 3414 2147 sponsi

1829 2179 1915 2235 sui
1940 2177 2147 2234 Christi
2176 2176 2335 2247 prius
2358 2180 2676 2231 constructa
2699 2173 2805 2228 fuit
2826 2180 2885 2227 et
2907 2172 3276 2242 prmtigurata.
3299 2170 3415 2227 lloc

1833 2279 1920 2327 cst
1942 2270 2091 2326 enim
2122 2267 2471 2340 mysterium,
2492 2265 2639 2336 quod
2674 2272 2805 2320 ante
2832 2264 3031 2320 srecnla
3057 2274 3115 2319 et
3136 2280 3166 2317 a
3191 2278 3416 2333 genera-

1833 2360 2080 2416 tionibus
2104 2359 2266 2428 prius
2280 2355 2498 2412 dellniit
2520 2357 2683 2421 Deus,
2702 2364 2764 2411 et
2792 2352 3226 2425 praedestinavit.
3258 2351 3414 2409 Unde

1831 2453 1999 2509 etiam
2056 2451 2262 2506 dicitur
2318 2449 2466 2503 Deus
2531 2448 2715 2530 omnia
2772 2449 2829 2503 in
2894 2455 3062 2518 caput
3128 2443 3415 2512 redegisse

1832 2548 1888 2594 et
1937 2533 2286 2593 instaurassc
2352 2535 2408 2590 in
2457 2533 2745 2591 Christo“.
2794 2533 2939 2602 Quid
2969 2543 3056 2588 est
3090 2554 3093 2557 ·
3122 2532 3178 2588 in
3243 2541 3413 2603 caput

1834 2632 2115 2704 redegisse
2164 2640 2221 2686 ct
2271 2631 2614 2685 instaurasse
2646 2669 2663 2695 ,
2715 2643 2882 2699 quam
2954 2642 3020 2683 ea
3069 2642 3200 2697 qua?
3239 2625 3418 2681 ratio-

1835 2724 2003 2780 nibus
2031 2723 2088 2779 in
2137 2723 2258 2792 ipso
2281 2722 2440 2792 prius
2483 2729 2647 2776 erant
2676 2720 2909 2791 ﬁgurata
2945 2728 3001 2775 et
3028 2718 3357 2774 adumbrata
3390 2757 3405 2783 ,

1836 2818 2018 2889 reipsa
2065 2816 2227 2872 factis
2282 2816 2338 2870 in
2381 2816 2502 2887 ipso
2539 2827 2664 2870 esse
2696 2814 2966 2885 impleta?
2999 2814 3195 2870 Omnia
3220 2812 3374 2868 enim
3401 2854 3415 2877 ,

1836 2912 2040 2982 inquit,
2074 2927 2168 2983 per
2198 2912 2397 2979 ipsum,
2432 2918 2483 2964 ct
2508 2910 2564 2963 in
2586 2909 2700 2980 ipso
2733 2906 2945 2963 Christo
2971 2906 3113 2977 facta
3153 2914 3421 2973 sanatam

1838 3016 1957 3073 qua:
1979 3002 2036 3055 in
2065 2999 2205 3055 catis
2235 3016 2398 3067 quam
2433 3015 2552 3072 qua:
2578 3004 2633 3054 in
2668 3009 2837 3062 terra,
2891 2997 3122 3053 uisibilia
3149 3005 3201 3052 et
3232 2997 3417 3051 invisi-

152 3104 258 3144 nec
287 3089 354 3144 de
381 3092 646 3159 posituris
675 3103 732 3149 et
773 3093 1220 3160 alterationibus,
1254 3112 1361 3152 nec
1390 3097 1459 3152 dc
1487 3099 1736 3154 motibus
1763 3107 1805 3163 ο
1840 3093 1992 3158 bilia,
2024 3094 2130 3148 sive
2160 3092 2356 3149 Throni
2375 3132 2389 3158 ,
2429 3094 2537 3147 sive
2572 3091 2994 3155 Dominationes,
3057 3092 3166 3145 sive
3214 3089 3424 3144 Princi-

155 3182 212 3235 in
246 3183 461 3249 orbem,
497 3199 598 3240 nec
629 3185 698 3239 de
734 3186 1096 3256 antipodibus
1122 3199 1178 3244 et
1202 3189 1272 3244 de
1297 3191 1552 3260 partibus
1581 3193 1733 3259 caeli,

154 3284 213 3330 et
236 3274 458 3330 Saturni
495 3277 762 3342 motibus,
794 3294 897 3333 nec
935 3280 1004 3334 de
1032 3282 1156 3337 coeti
1192 3293 1346 3337 motu
1371 3294 1425 3339 et
1446 3284 1733 3351 gradibus,

158 3381 264 3420 nec
307 3366 375 3421 de
424 3369 570 3422 luna:
631 3377 756 3422 ortu
792 3379 849 3423 et
896 3370 1142 3436 deiectu,
1197 3387 1380 3443 neque
1422 3389 1619 3430 rursus
1669 3375 1739 3429 de

157 3459 325 3512 astris
376 3468 430 3513 et
473 3461 858 3530 singularibus
907 3479 1030 3533 quas
1075 3464 1133 3518 in
1181 3465 1269 3519 cis
1311 3466 1742 3521 considerantur

159 3549 366 3613 stellis;
402 3565 523 3603 non‘
551 3552 620 3605 de
648 3562 771 3606 ortu
820 3568 1090 3623 aquarum
1146 3562 1204 3609 et
1253 3556 1740 3619 inundationibus,

157 3642 449 3709 exquibus
471 3656 568 3694 eos
592 3656 813 3711 quoque
842 3645 939 3713 qui
970 3645 1026 3697 in
1060 3645 1198 3700 locis
1223 3646 1362 3703 liunt
1388 3654 1739 3703 terraemotus

161 3732 375 3786 visione
410 3733 1020 3806 apprehentleruntqui
1063 3751 1123 3791 se
1170 3738 1225 3792 in
1257 3740 1647 3795 mathematica
1687 3751 1745 3798 ct

162 3826 266 3879 hac
297 3825 659 3894 conjecturali
689 3834 811 3881 arte
844 3838 1243 3897 exercuerunt,
1272 3847 1302 3886 a
1334 3846 1445 3902 qua
1477 3841 1742 3904 tanquam

165 3916 235 3969 ab
267 3916 501 3970 exitiosa
557 3917 647 3972 lue
684 3918 945 3973 liberavit
975 3920 1281 3976 Ecelesiam
1326 3938 1556 3989 verum,
1594 3926 1744 3995 quod

169 4007 225 4060 in
258 4009 417 4063 terris
443 4019 724 4064 versatum
782 4021 887 4074 est,
927 4008 1195 4069 Verbum.
1229 4015 1365 4069 Nam
1411 4017 1545 4086 quid
1600 4018 1742 4073 lucri

168 4100 375 4168 ceperit
412 4101 657 4157 Ecclesia
713 4103 757 4160 si
802 4104 1066 4161 dilicerit
1091 4107 1409 4163 universam
1442 4111 1745 4166 motionem

171 4191 302 4245 solis
327 4200 384 4246 et
413 4192 575 4260 lunae,
598 4204 656 4249 et
684 4196 832 4260 cmli,
858 4205 910 4251 et
946 4205 1110 4252 terra:
1133 4208 1190 4252 et
1214 4207 1509 4254 ventorum
1527 4212 1585 4257 et
1611 4204 1745 4258 stel-

172 4282 383 4347 larum,
437 4296 809 4357 praeterquam
852 4289 1028 4344 solam
1079 4303 1407 4359 pereuntem
1454 4305 1511 4350 et
1555 4296 1746 4351 falsam

172 4374 529 4443 Opinionem?
580 4378 808 4436 Discens
858 4388 1045 4437 autem
1083 4391 1141 4439 et
1184 4384 1419 4440 audiens
1480 4388 1630 4457 quod
1676 4389 1747 4444 ab

174 4466 295 4534 ipso
323 4467 435 4521 Deo
466 4469 856 4527 universorum
895 4473 1159 4530 eﬂ'ectore
1203 4476 1403 4532 cﬂ'ecta
1458 4487 1589 4533 sunt
1630 4479 1747 4535 duo

174 4559 408 4627 opilicia,
448 4578 616 4618 unum
648 4565 874 4634 quidem
911 4583 1039 4637 quo
1052 4568 1460 4638 produceretur
1494 4573 1662 4629 homo
1688 4584 1746 4631 et

178 4650 257 4720 (ut
277 4655 443 4707 semel
470 4654 673 4721 dicam)
702 4673 792 4713 res
815 4660 1000 4715 omnis
1041 4675 1248 4725 creata,
1293 4663 1530 4719 alterum
1555 4676 1743 4723 autem

179 4744 437 4811 quohene
466 4757 611 4802 esset
632 4759 688 4803 et
712 4750 878 4805 homo
901 4760 957 4806 ct
986 4753 1248 4815 universa
1279 4769 1366 4809 res
1384 4765 1592 4822 creata,
1618 4774 1744 4813 cum

183 4836 289 4904 ipse.
310 4852 532 4892 carnem
566 4843 836 4912 suscepit,
854 4845 1105 4900 liberatis
1121 4845 1384 4902 omnibus
1399 4847 1469 4902 ab
1486 4848 1743 4916 interitu,

181 4942 298 4979 eum
326 4942 384 4982 ut
411 4929 550 4985 bene
576 4946 767 4989 essent
791 4947 1131 5006 acceperunt
1165 4955 1180 4991 :
1213 4938 1440 5009 etquod
1471 4919 1743 5011 tanquam

181 5021 438 5090 propheta
472 5023 695 5080 divinus
724 5027 900 5083 Moses
928 5030 1180 5098 praevidit
1214 5030 1385 5085 etiam
1416 5032 1748 5100 productio-

182 5132 298 5169 nem
328 5132 382 5170 et
409 5116 691 5185 opificium
717 5130 991 5176 creaturae
1036 5121 1103 5176 ad
1138 5121 1246 5177 hoc
1290 5131 1351 5175 ut
1381 5122 1522 5177 bene
1567 5123 1662 5178 sit.
1691 5134 1747 5179 et

184 5205 920 5276 scribensquemadmodum
962 5211 1029 5265 ad
1086 5211 1192 5266 hoc
1235 5220 1470 5267 utcssct
1514 5212 1755 5267 deducta

183 5299 468 5364 exstiterit,
504 5300 556 5354 in
594 5302 710 5369 ipsa
739 5303 906 5357 etiam
942 5302 1230 5373 Scriptura
1261 5305 1639 5375 inseruitejus
1667 5323 1757 5361 re-

185 5390 561 5448 formationem
597 5409 693 5463 per
724 5394 1007 5449 Christum
1045 5397 1115 5450 ad
1155 5396 1260 5451 hoc
1282 5406 1343 5450 ut
1375 5397 1516 5452 bene
1541 5398 1635 5462 sit,
1662 5398 1757 5451 sed

185 5482 580 5553 styloquodam
609 5485 942 5555 prophetico
965 5485 1320 5555 obscureque
1344 5495 1402 5540 et
1436 5485 1756 5557 allegorice.

253 5655 274 5731 Ξ
302 5657 486 5731 Matth.
544 5676 670 5720 xxn.
700 5661 734 5716 2
764 5677 915 5731 seqq.

194 5731 229 5761 “
262 5729 391 5782 ibid.
481 5731 519 5763 ²¹
560 5732 693 5786 Luc.
726 5748 761 5793 ι,
814 5729 901 5785 .33.

994 5663 1013 5693 ⁷
1048 5662 1219 5718 lCor.
1246 5680 1321 5725 Ill,
1362 5664 1444 5718 19.

983 5733 1024 5763 ³³
1054 5735 1188 5787 han.
1219 5751 1309 5798 vn,
1348 5736 1426 5788 li.

1840 3195 1998 3257 putus
2019 3195 2068 3240 et
2094 3184 2410 3250 Potestates,
2431 3186 2611 3239 omnia
2640 3199 2735 3254 per
2756 3184 2931 3254 ipsum
2951 3191 3000 3237 et
3021 3183 3077 3238 in
3105 3183 3220 3254 ipso
3238 3189 3423 3235 creata

1838 3287 1963 3333 sunt
1995 3280 2018 3312 θ
2050 3295 2065 3345 ;
2100 3278 2199 3333 Dei
2235 3287 2421 3335 autem
2456 3276 2756 3348 Apostolus
2784 3277 2977 3333 dicens
3007 3276 3197 3331 omnia
3238 3280 3296 3330 et
3335 3273 3423 3328 vi-

1841 3371 2026 3426 sibilia
2051 3383 2109 3428 et
2139 3370 2448 3427 invisibilia
2482 3369 2539 3424 in
2568 3369 2796 3427 Christo
2825 3384 2950 3427 esse
2978 3377 3187 3434 creata,
3234 3375 3425 3437 aperte

1842 3463 2088 3518 ostendit
2105 3472 2162 3518 et
2176 3463 2340 3519 docet
2358 3462 2507 3534 quod
2529 3463 2645 3535 ipsa
2669 3463 2838 3519 etiam
2859 3461 3156 3518 invisibilis
3172 3469 3426 3515 creatura

1844 3553 2005 3622 prius
2033 3551 2265 3623 figurata
2296 3559 2354 3608 et
2378 3552 2521 3608 facta
2551 3552 2657 3608 fuit
2686 3554 2741 3608 in
2780 3552 3004 3608 Christo
3049 3560 3108 3607 et
3154 3551 3424 3607 Ecclesia.

1847 3641 1954 3698 Sed
1979 3643 2048 3698 de
2077 3644 2399 3699 coelestibus
2424 3646 2651 3716 quidem
2675 3634 3147 3715 quemadmodum
3184 3652 3241 3698 et
3268 3641 3431 3699 Chri-

1846 3743 1993 3791 stum
2020 3744 2078 3790 ει
2105 3734 2412 3789 Ecclesiam
2442 3735 2772 3791 describunt
2800 3750 2865 3790 ac
2887 3734 3244 3805 praeﬁgurant
3265 3775 3279 3797 ,
3314 3748 3447 3802 non.

1845 3840 2143 3896 possumus
2159 3832 2353 3896 aperte
2373 3825 2561 3883 dicere
2593 3825 3065 3898 quemadmodum
3089 3825 3430 3896 intelligatur

1846 3917 2073 3987 quidem
2096 3918 2324 3989 angelus
2345 3917 2414 3972 iis
2432 3917 2528 3987 qui
2547 3924 2635 3973 est
2652 3935 2667 3971 :
2688 3918 2869 3990 magni
2895 3916 3104 3973 consilii
3120 3916 3343 3988 angelus
3360 3917 3429 3981 υ,

1848 4017 1905 4066 et
1957 4025 2155 4065 rursus
2211 4009 2681 4081 quemadmodum
2737 4009 3147 4081 archangelus,
3194 4010 3293 4080 qui
3344 4020 3432 4066 est

1848 4102 2114 4173 princeps
2135 4102 2458 4172 angelorum
2484 4102 2636 4172 ipsos
2657 4101 2827 4158 etiam
2848 4101 3022 4156 mittit
3049 4110 3310 4173 tanquam
3327 4100 3430 4157 ad-

1850 4193 2286 4248 ministratorios
2308 4192 2541 4263 spiritus
2558 4193 2655 4263 qui
2674 4193 2726 4248 ei
2750 4192 3022 4249 assistunt
3048 4211 3062 4249 :
3083 4202 3139 4249 et
3157 4192 3430 4265 quemad:

1851 4284 2079 4341 modum
2112 4284 2437 4340 nominatur
2467 4285 2813 4357 principium
2836 4325 2851 4350 ,
2875 4285 3085 4356 quiest
3123 4286 3177 4341 in
3211 4285 3430 4356 princi~

1851 4377 2104 4447 pioDeus
2118 4376 2383 4443 Verbum,
2407 4379 2653 4450 princeps
2673 4378 2821 4449 pacis
2847 4386 2895 4432 et
2913 4384 3067 4449 pater
3082 4377 3249 4449 futuri
3269 4393 3440 4433 sinan-

1782 4457 1826 4514 D
1847 4467 1891 4523 li
1939 4468 2005 4523 ²¹.
2034 4467 2264 4539 Magnus
2295 4475 2382 4523 est
2421 4469 2570 4524 enim
2616 4469 2738 4540 ejus
2781 4468 3129 4539 principatus
3154 4509 3169 4532 .
3202 4479 3253 4523 et
3286 4472 3449 4540 pacis.

1542 5667 1562 5695 ’⁸
1596 5665 1791 5733 Ephcs.
1836 5680 1871 5725 l,
1908 5665 1991 5716 i“.

1510 5736 1548 5766 ³³
1583 5735 1773 5790 Manli.
1811 5750 1992 5799 χχι-ιιι,
2034 5734 2111 5787 l8.

1856 4564 1970 4634 ejus
1991 4579 2095 4616 non
2124 4570 2201 4617 est
2234 4564 2573 4618 terminus".
2610 4563 2721 4618 Aut
2765 4562 3238 4633 quemadmodum
3266 4563 3431 4618 intel-

1854 4657 2090 4728 ligamus
2122 4657 2299 4727 ipsam
2317 4663 2644 4727 potestatem
2660 4656 2756 4727 qui
2770 4657 2915 4713 Deus
2934 4667 3019 4713 est
3043 4657 3254 4712 habens
3286 4668 3449 4726 pote-7

1857 4758 2055 4809 atatem
2083 4749 2244 4807 fortis
2263 4757 2322 4804 et
2343 4760 2561 4819 potens.
2606 4748 2706 4803 Est
2732 4750 2885 4805 enim
2921 4749 3043 4821 ejus
3075 4757 3356 4820 potestas,
3379 4756 3442 4802 ut

1856 4843 1993 4899 dicit
2010 4841 2201 4897 Daniel
2221 4857 2235 4894 :
2255 4840 2326 4896 Et
2350 4848 2581 4912 potestas
2594 4848 2794 4896 aeterna
2812 4856 2928 4911 qua:
2946 4856 3053 4895 non
3065 4839 3352 4912 pratteribit
3373 4837 3440 4901 ";

1856 4934 1983 4989 data
2006 4940 2091 4988 est
2106 4931 2255 4987 enim
2280 4930 2334 4985 ei
2346 4938 2596 5001 potestas
2613 4929 2671 4985 in
2696 4929 2909 4985 emicet
2930 4929 2988 4984 in
3015 4927 3444 4988 terra‘kPorro

1855 5036 2043 5082 autem
2072 5025 2465 5095 homonymum
2489 5038 2715 5094 quoque
2747 5022 2927 5092 ipsum
2960 5021 3237 5092 intelliges
3261 5018 3443 5074 Thro-

1860 5131 1992 5170 nuin
2050 5131 2063 5166 :
2104 5120 2293 5183 utpote
2344 5114 2489 5183 quod
2538 5113 2706 5167 Pater
2752 5126 2922 5182 super
2970 5110 3148 5181 ipsum
3187 5109 3444 5180 quiescat

1857 5218 2120 5276 tanquam
2155 5204 2501 5275 unigenitum
2524 5212 2580 5259 et
2601 5219 2928 5274 germanum
2953 5202 3172 5268 Fallunt,
3191 5210 3248 5257 ct
3276 5200 3443 5257 simul

1857 5299 2024 5354 etiam
2062 5313 2166 5353 nos
2214 5298 2380 5353 faciat
2426 5296 2744 5367 quiescere,
2786 5305 3160 5366 congruenter
3198 5294 3248 5349 ei
3294 5292 3441 5364 quod

1860 5394 2128 5462 scriptum
2157 5398 2242 5445 est
2275 5406 2288 5443 :
2328 5389 2505 5443 Venite
2535 5389 2605 5443 ad
2636 5404 2737 5452 me,
2766 5403 2945 5441 euntes
2989 5388 3077 5457 qui
3110 5385 3368 5439 laboratis
3397 5392 3445 5438 et

1860 5485 2067 5538 onerati
2104 5485 2257 5548 estis,
2323 5490 2371 5535 et
2417 5483 2615 5551 faciam
2660 5498 2747 5536 vos
2790 5483 3053 5552 quiescere
3086 5482 3146 5536 ’⁵.
3199 5480 3357 5549 Quod
3398 5480 3445 5536 si

3134 5680 3243 5718 ειυς.
3286 5658 3446 5713 LXX-

2099 5662 2441 5734 “Ctilos‘SJ,
2497 5664 2556 5717 Ili
2655 5662 2694 5692 ¹¹
2727 5661 2808 5716 [sn
2868 5678 2939 5725 lx,
2992 5664 3042 5712 li.

2196 5737 2234 5763 "‘
2267 5733 2452 5787 Matth.
2479 5752 2551 5791 χι.
2578 5734 2666 5788 28.
