  <div class='ocr_page' id='page_1' title='image "/cluster/home/n/w/nwhite01/storage/ocr_20150623/89/pst.000005712953/436.png"; bbox 0 0 3996 6296; ppageno 0'>
   <div class='ocr_carea' id='block_1_1' title="bbox 242 322 353 389">
    <p class='ocr_par' dir='ltr' id='par_1_1' title="bbox 242 322 353 389">
     <span class='ocr_line' id='line_1_1' title="bbox 242 322 353 389; baseline 0.018 -4"><span class='ocrx_word' id='word_1_1' title='bbox 242 322 353 389; x_wconf 70' lang='lat'><strong>£57</strong></span> 
     </span>
    </p>
   </div>
   <div class='ocr_carea' id='block_1_2' title="bbox 1350 328 2409 397">
    <p class='ocr_par' dir='ltr' id='par_1_2' title="bbox 1350 328 2409 397">
     <span class='ocr_line' id='line_1_2' title="bbox 1350 328 2409 397; baseline 0.003 -5"><span class='ocrx_word' id='word_1_2' title='bbox 1350 328 1431 393; x_wconf 76' lang='lat' dir='ltr'><strong>IN</strong></span> <span class='ocrx_word' id='word_1_3' title='bbox 1472 329 2027 393; x_wconf 57' lang='lat' dir='ltr'><strong>IIEfLiEMERON.</strong></span> <span class='ocrx_word' id='word_1_4' title='bbox 2064 356 2126 368; x_wconf 87' lang='grc'><strong>-·</strong></span> <span class='ocrx_word' id='word_1_5' title='bbox 2173 334 2319 395; x_wconf 88' lang='lat' dir='ltr'><strong>LIB.</strong></span> <span class='ocrx_word' id='word_1_6' title='bbox 2359 335 2409 397; x_wconf 95' lang='grc' dir='ltr'><strong>Ι.</strong></span> 
     </span>
    </p>
   </div>
   <div class='ocr_carea' id='block_1_3' title="bbox 3403 339 3512 404">
    <p class='ocr_par' dir='ltr' id='par_1_3' title="bbox 3403 339 3512 404">
     <span class='ocr_line' id='line_1_3' title="bbox 3403 339 3512 404; baseline 0 0"><span class='ocrx_word' id='word_1_7' title='bbox 3403 339 3512 404; x_wconf 75' lang='grc'><strong>858</strong></span> 
     </span>
    </p>
   </div>
   <div class='ocr_carea' id='block_1_4' title="bbox 1433 683 2355 780">
    <p class='ocr_par' dir='ltr' id='par_1_4' title="bbox 1433 683 2355 780">
     <span class='ocr_line' id='line_1_4' title="bbox 1433 683 2355 780; baseline 0.009 -10"><span class='ocrx_word' id='word_1_8' title='bbox 1433 683 1791 772; x_wconf 74' lang='lat' dir='ltr'><strong>LIBER</strong></span> <span class='ocrx_word' id='word_1_9' title='bbox 1863 686 2355 780; x_wconf 80' lang='lat' dir='ltr'><strong>PRIMUS.</strong></span> 
     </span>
    </p>
   </div>
   <div class='ocr_carea' id='block_1_5' title="bbox 1412 894 2338 944">
    <p class='ocr_par' dir='ltr' id='par_1_5' title="bbox 1412 894 2338 944">
     <span class='ocr_line' id='line_1_5' title="bbox 1412 894 2338 944; baseline 0.004 -4"><span class='ocrx_word' id='word_1_10' title='bbox 1412 897 1494 940; x_wconf 77' lang='lat' dir='ltr'><strong>DE</strong></span> <span class='ocrx_word' id='word_1_11' title='bbox 1539 895 1745 940; x_wconf 70' lang='lat' dir='ltr'><strong>PRIMO.</strong></span> <span class='ocrx_word' id='word_1_12' title='bbox 1778 894 1886 937; x_wconf 81' lang='lat' dir='ltr'><strong>DlE</strong></span> <span class='ocrx_word' id='word_1_13' title='bbox 1933 895 2338 944; x_wconf 72' lang='lat' dir='ltr'><strong>CREATIONIS.</strong></span> 
     </span>
    </p>
   </div>
   <div class='ocr_carea' id='block_1_6' title="bbox 242 1180 3507 1261">
    <p class='ocr_par' dir='ltr' id='par_1_6' title="bbox 242 1180 3507 1261">
     <span class='ocr_line' id='line_1_6' title="bbox 242 1180 3507 1261; baseline 0.005 -27"><span class='ocrx_word' id='word_1_14' title='bbox 242 1180 304 1235; x_wconf 80' lang='lat' dir='ltr'><strong>In</strong></span> <span class='ocrx_word' id='word_1_15' title='bbox 342 1182 749 1261; x_wconf 57' lang='lat' dir='ltr'><strong>principio__fegit</strong></span> <span class='ocrx_word' id='word_1_16' title='bbox 768 1181 1118 1261; x_wconf 59' lang='lat' dir='ltr'><strong>Deus-cretum</strong></span> <span class='ocrx_word' id='word_1_17' title='bbox 1136 1191 1196 1261; x_wconf 68' lang='lat' dir='ltr'><strong>et</strong></span> <span class='ocrx_word' id='word_1_18' title='bbox 1217 1191 1439 1239; x_wconf 83' lang='lat' dir='ltr'><strong>terram.</strong></span> <span class='ocrx_word' id='word_1_19' title='bbox 1471 1181 1633 1261; x_wconf 68' lang='lat' dir='ltr'><strong>Terra</strong></span> <span class='ocrx_word' id='word_1_20' title='bbox 1651 1188 1826 1234; x_wconf 74' lang='lat' dir='ltr'><strong>autem</strong></span> <span class='ocrx_word' id='word_1_21' title='bbox 1861 1188 2038 1239; x_wconf 75' lang='lat' dir='ltr'><strong>A-nou</strong></span> <span class='ocrx_word' id='word_1_22' title='bbox 2074 1198 2196 1240; x_wconf 84' lang='lat' dir='ltr'><strong>esse</strong></span> <span class='ocrx_word' id='word_1_23' title='bbox 2227 1194 2432 1252; x_wconf 86' lang='lat' dir='ltr'><strong>ortum,</strong></span> <span class='ocrx_word' id='word_1_24' title='bbox 2484 1196 2543 1243; x_wconf 91' lang='lat' dir='ltr'><strong>et</strong></span> <span class='ocrx_word' id='word_1_25' title='bbox 2582 1200 2989 1261; x_wconf 83' lang='lat' dir='ltr'><strong>consequenter</strong></span> <span class='ocrx_word' id='word_1_26' title='bbox 3036 1193 3298 1251; x_wconf 85' lang='lat' dir='ltr'><strong>dixerunt</strong></span> <span class='ocrx_word' id='word_1_27' title='bbox 3342 1196 3507 1255; x_wconf 82' lang='lat' dir='ltr'><strong>simul</strong></span> 
     </span>
    </p>
   </div>
   <div class='ocr_carea' id='block_1_7' title="bbox 314 1252 1826 1321">
    <p class='ocr_par' dir='ltr' id='par_1_7' title="bbox 314 1252 1826 1321">
     <span class='ocr_line' id='line_1_7' title="bbox 314 1252 1826 1321; baseline -0.003 -14"><span class='ocrx_word' id='word_1_28' title='bbox 314 1263 425 1307; x_wconf 65' lang='lat' dir='ltr'><strong>erat</strong></span> <span class='ocrx_word' id='word_1_29' title='bbox 457 1252 733 1307; x_wconf 78' lang='lat' dir='ltr'><strong>invisibilis</strong></span> <span class='ocrx_word' id='word_1_30' title='bbox 773 1262 821 1305; x_wconf 88' lang='lat' dir='ltr'><strong>et</strong></span> <span class='ocrx_word' id='word_1_31' title='bbox 870 1254 1261 1321; x_wconf 68' lang='lat' dir='ltr'><strong>incomposita,</strong></span> <span class='ocrx_word' id='word_1_32' title='bbox 1299 1261 1348 1306; x_wconf 85' lang='lat' dir='ltr'><strong>et</strong></span> <span class='ocrx_word' id='word_1_33' title='bbox 1403 1254 1628 1307; x_wconf 78' lang='lat' dir='ltr'><strong>tenebra:</strong></span> <span class='ocrx_word' id='word_1_34' title='bbox 1667 1267 1826 1310; x_wconf 68' lang='lat' dir='ltr'><strong>umor</strong></span> 
     </span>
    </p>
   </div>
   <div class='ocr_carea' id='block_1_8' title="bbox 313 1322 1821 1394">
    <p class='ocr_par' dir='ltr' id='par_1_8' title="bbox 313 1322 1821 1394">
     <span class='ocr_line' id='line_1_8' title="bbox 313 1322 1821 1394; baseline -0.001 -17"><span class='ocrx_word' id='word_1_35' title='bbox 313 1324 578 1394; x_wconf 67' lang='lat' dir='ltr'><strong>abyssum,</strong></span> <span class='ocrx_word' id='word_1_36' title='bbox 605 1331 654 1377; x_wconf 84' lang='lat' dir='ltr'><strong>et</strong></span> <span class='ocrx_word' id='word_1_37' title='bbox 681 1322 912 1394; x_wconf 76' lang='lat' dir='ltr'><strong>Spiritus</strong></span> <span class='ocrx_word' id='word_1_38' title='bbox 945 1323 1041 1377; x_wconf 71' lang='lat' dir='ltr'><strong>Dei</strong></span> <span class='ocrx_word' id='word_1_39' title='bbox 1068 1324 1332 1394; x_wconf 73' lang='lat' dir='ltr'><strong>ferebatur</strong></span> <span class='ocrx_word' id='word_1_40' title='bbox 1357 1340 1517 1394; x_wconf 74' lang='lat' dir='ltr'><strong>super</strong></span> <span class='ocrx_word' id='word_1_41' title='bbox 1545 1323 1821 1393; x_wconf 70' lang='lat' dir='ltr'><strong>aquam“.</strong></span> 
     </span>
    </p>
   </div>
   <div class='ocr_carea' id='block_1_9' title="bbox 308 1458 1818 1529">
    <p class='ocr_par' dir='ltr' id='par_1_9' title="bbox 308 1458 1818 1529">
     <span class='ocr_line' id='line_1_9' title="bbox 308 1458 1818 1529; baseline -0.001 -16"><span class='ocrx_word' id='word_1_42' title='bbox 308 1458 453 1525; x_wconf 85' lang='lat' dir='ltr'><strong>Quot</strong></span> <span class='ocrx_word' id='word_1_43' title='bbox 485 1469 540 1514; x_wconf 91' lang='lat' dir='ltr'><strong>ct</strong></span> <span class='ocrx_word' id='word_1_44' title='bbox 569 1461 769 1529; x_wconf 84' lang='lat' dir='ltr'><strong>quales</strong></span> <span class='ocrx_word' id='word_1_45' title='bbox 791 1459 1000 1514; x_wconf 83' lang='lat' dir='ltr'><strong>fuerint</strong></span> <span class='ocrx_word' id='word_1_46' title='bbox 1026 1461 1319 1514; x_wconf 66' lang='lat' dir='ltr'><strong>sententiae</strong></span> <span class='ocrx_word' id='word_1_47' title='bbox 1335 1475 1528 1514; x_wconf 86' lang='lat' dir='ltr'><strong>eorum</strong></span> <span class='ocrx_word' id='word_1_48' title='bbox 1554 1459 1647 1529; x_wconf 89' lang='lat' dir='ltr'><strong>qui</strong></span> <span class='ocrx_word' id='word_1_49' title='bbox 1680 1459 1818 1513; x_wconf 88' lang='lat' dir='ltr'><strong>mul-</strong></span> 
     </span>
    </p>
   </div>
   <div class='ocr_carea' id='block_1_10' title="bbox 236 1549 1819 1621">
    <p class='ocr_par' dir='ltr' id='par_1_10' title="bbox 236 1549 1819 1621">
     <span class='ocr_line' id='line_1_10' title="bbox 236 1549 1819 1621; baseline 0.002 -19"><span class='ocrx_word' id='word_1_50' title='bbox 236 1549 312 1604; x_wconf 84' lang='lat' dir='ltr'><strong>tis</strong></span> <span class='ocrx_word' id='word_1_51' title='bbox 356 1558 484 1604; x_wconf 90' lang='lat' dir='ltr'><strong>ante</strong></span> <span class='ocrx_word' id='word_1_52' title='bbox 514 1549 729 1604; x_wconf 68' lang='lat' dir='ltr'><strong>szeculis</strong></span> <span class='ocrx_word' id='word_1_53' title='bbox 761 1563 825 1604; x_wconf 88' lang='lat' dir='ltr'><strong>ea</strong></span> <span class='ocrx_word' id='word_1_54' title='bbox 850 1563 973 1619; x_wconf 76' lang='lat' dir='ltr'><strong>qute</strong></span> <span class='ocrx_word' id='word_1_55' title='bbox 991 1562 1121 1605; x_wconf 83' lang='lat' dir='ltr'><strong>sunt</strong></span> <span class='ocrx_word' id='word_1_56' title='bbox 1145 1549 1239 1604; x_wconf 81' lang='lat' dir='ltr'><strong>hic</strong></span> <span class='ocrx_word' id='word_1_57' title='bbox 1267 1549 1523 1621; x_wconf 71' lang='lat' dir='ltr'><strong>subjecta</strong></span> <span class='ocrx_word' id='word_1_58' title='bbox 1544 1564 1819 1618; x_wconf 74' lang='lat' dir='ltr'><strong>exposue-</strong></span> 
     </span>
    </p>
   </div>
   <div class='ocr_carea' id='block_1_11' title="bbox 237 1641 1823 1713">
    <p class='ocr_par' dir='ltr' id='par_1_11' title="bbox 237 1641 1823 1713">
     <span class='ocr_line' id='line_1_11' title="bbox 237 1641 1823 1713; baseline 0 -17"><span class='ocrx_word' id='word_1_59' title='bbox 237 1651 389 1703; x_wconf 88' lang='lat' dir='ltr'><strong>runt,</strong></span> <span class='ocrx_word' id='word_1_60' title='bbox 432 1657 612 1713; x_wconf 88' lang='lat' dir='ltr'><strong>neque</strong></span> <span class='ocrx_word' id='word_1_61' title='bbox 663 1642 828 1697; x_wconf 92' lang='lat' dir='ltr'><strong>nobis</strong></span> <span class='ocrx_word' id='word_1_62' title='bbox 853 1642 1014 1697; x_wconf 78' lang='lat' dir='ltr'><strong>facile</strong></span> <span class='ocrx_word' id='word_1_63' title='bbox 1063 1650 1158 1698; x_wconf 88' lang='lat' dir='ltr'><strong>est-</strong></span> <span class='ocrx_word' id='word_1_64' title='bbox 1183 1641 1397 1707; x_wconf 86' lang='lat' dir='ltr'><strong>dicere,</strong></span> <span class='ocrx_word' id='word_1_65' title='bbox 1440 1658 1546 1698; x_wconf 89' lang='lat' dir='ltr'><strong>nec</strong></span> <span class='ocrx_word' id='word_1_66' title='bbox 1580 1642 1823 1697; x_wconf 73' lang='lat' dir='ltr'><strong>auditori</strong></span> 
     </span>
    </p>
   </div>
   <div class='ocr_carea' id='block_1_12' title="bbox 235 1736 1820 1809">
    <p class='ocr_par' dir='ltr' id='par_1_12' title="bbox 235 1736 1820 1809">
     <span class='ocr_line' id='line_1_12' title="bbox 235 1736 1820 1809; baseline 0 -18"><span class='ocrx_word' id='word_1_67' title='bbox 235 1737 554 1806; x_wconf 83' lang='lat' dir='ltr'><strong>expeditum</strong></span> <span class='ocrx_word' id='word_1_68' title='bbox 589 1736 807 1793; x_wconf 85' lang='lat' dir='ltr'><strong>audire.</strong></span> <span class='ocrx_word' id='word_1_69' title='bbox 842 1738 981 1794; x_wconf 86' lang='lat' dir='ltr'><strong>Nam</strong></span> <span class='ocrx_word' id='word_1_70' title='bbox 1009 1737 1079 1793; x_wconf 83' lang='lat' dir='ltr'><strong>de</strong></span> <span class='ocrx_word' id='word_1_71' title='bbox 1110 1738 1251 1793; x_wconf 72' lang='lat' dir='ltr'><strong>illo:</strong></span> <span class='ocrx_word' id='word_1_72' title='bbox 1284 1738 1351 1793; x_wconf 68' lang='lat' dir='ltr'><strong>In</strong></span> <span class='ocrx_word' id='word_1_73' title='bbox 1383 1737 1643 1809; x_wconf 76' lang='lat' dir='ltr'><strong>principio</strong></span> <span class='ocrx_word' id='word_1_74' title='bbox 1680 1738 1820 1807; x_wconf 75' lang='lat' dir='ltr'><strong>fecit,</strong></span> 
     </span>
    </p>
   </div>
   <div class='ocr_carea' id='block_1_13' title="bbox 236 1829 1824 1902">
    <p class='ocr_par' dir='ltr' id='par_1_13' title="bbox 236 1829 1824 1902">
     <span class='ocr_line' id='line_1_13' title="bbox 236 1829 1824 1902; baseline 0.002 -20"><span class='ocrx_word' id='word_1_75' title='bbox 236 1829 567 1885; x_wconf 75' lang='lat' dir='ltr'><strong>dubitarunt</strong></span> <span class='ocrx_word' id='word_1_76' title='bbox 616 1830 869 1886; x_wconf 82' lang='lat' dir='ltr'><strong>nonnulli</strong></span> <span class='ocrx_word' id='word_1_77' title='bbox 911 1840 1113 1887; x_wconf 86' lang='lat' dir='ltr'><strong>utrnm-</strong></span> <span class='ocrx_word' id='word_1_78' title='bbox 1142 1831 1321 1902; x_wconf 86' lang='lat' dir='ltr'><strong>ipsum</strong></span> <span class='ocrx_word' id='word_1_79' title='bbox 1353 1831 1687 1902; x_wconf 85' lang='lat' dir='ltr'><strong>principium</strong></span> <span class='ocrx_word' id='word_1_80' title='bbox 1721 1830 1824 1885; x_wconf 81' lang='lat' dir='ltr'><strong>ha-</strong></span> 
     </span>
    </p>
   </div>
   <div class='ocr_carea' id='block_1_14' title="bbox 236 1921 1824 1994">
    <p class='ocr_par' dir='ltr' id='par_1_14' title="bbox 236 1921 1824 1994">
     <span class='ocr_line' id='line_1_14' title="bbox 236 1921 1824 1994; baseline 0.001 -18"><span class='ocrx_word' id='word_1_81' title='bbox 236 1921 369 1977; x_wconf 90' lang='lat' dir='ltr'><strong>beat</strong></span> <span class='ocrx_word' id='word_1_82' title='bbox 413 1921 638 1992; x_wconf 85' lang='lat' dir='ltr'><strong>aliquod</strong></span> <span class='ocrx_word' id='word_1_83' title='bbox 673 1923 964 1992; x_wconf 84' lang='lat' dir='ltr'><strong>antiquius</strong></span> <span class='ocrx_word' id='word_1_84' title='bbox 1007 1923 1347 1994; x_wconf 83' lang='lat' dir='ltr'><strong>principium</strong></span> <span class='ocrx_word' id='word_1_85' title='bbox 1381 1923 1824 1994; x_wconf 14' lang='lat' dir='ltr'><strong>ex-quoidepen—</strong></span> 
     </span>
    </p>
   </div>
   <div class='ocr_carea' id='block_1_15' title="bbox 236 2015 1820 2089">
    <p class='ocr_par' dir='ltr' id='par_1_15' title="bbox 236 2015 1820 2089">
     <span class='ocr_line' id='line_1_15' title="bbox 236 2015 1820 2089; baseline 0.001 -19"><span class='ocrx_word' id='word_1_86' title='bbox 236 2015 403 2081; x_wconf 86' lang='lat' dir='ltr'><strong>deat;</strong></span> <span class='ocrx_word' id='word_1_87' title='bbox 434 2030 503 2070; x_wconf 90' lang='lat' dir='ltr'><strong>an</strong></span> <span class='ocrx_word' id='word_1_88' title='bbox 536 2017 609 2071; x_wconf 89' lang='lat' dir='ltr'><strong>sit</strong></span> <span class='ocrx_word' id='word_1_89' title='bbox 653 2017 774 2072; x_wconf 88' lang='lat' dir='ltr'><strong>sine</strong></span> <span class='ocrx_word' id='word_1_90' title='bbox 803 2017 1098 2089; x_wconf 89' lang='lat' dir='ltr'><strong>principio.</strong></span> <span class='ocrx_word' id='word_1_91' title='bbox 1151 2018 1221 2073; x_wconf 88' lang='lat' dir='ltr'><strong>Et</strong></span> <span class='ocrx_word' id='word_1_92' title='bbox 1261 2018 1308 2073; x_wconf 86' lang='lat' dir='ltr'><strong>si</strong></span> <span class='ocrx_word' id='word_1_93' title='bbox 1348 2017 1518 2073; x_wconf 84' lang='lat' dir='ltr'><strong>habet</strong></span> <span class='ocrx_word' id='word_1_94' title='bbox 1558 2016 1820 2088; x_wconf 86' lang='lat' dir='ltr'><strong>quidem,</strong></span> 
     </span>
    </p>
   </div>
   <div class='ocr_carea' id='block_1_16' title="bbox 236 2108 1819 2178">
    <p class='ocr_par' dir='ltr' id='par_1_16' title="bbox 236 2108 1819 2178">
     <span class='ocr_line' id='line_1_16' title="bbox 236 2108 1819 2178; baseline 0.001 -16"><span class='ocrx_word' id='word_1_95' title='bbox 236 2123 348 2163; x_wconf 91' lang='lat' dir='ltr'><strong>non</strong></span> <span class='ocrx_word' id='word_1_96' title='bbox 382 2116 567 2178; x_wconf 89' lang='lat' dir='ltr'><strong>potest</strong></span> <span class='ocrx_word' id='word_1_97' title='bbox 582 2108 766 2163; x_wconf 85' lang='lat' dir='ltr'><strong>vocari</strong></span> <span class='ocrx_word' id='word_1_98' title='bbox 795 2109 1152 2178; x_wconf 87' lang='lat' dir='ltr'><strong>principium.</strong></span> <span class='ocrx_word' id='word_1_99' title='bbox 1170 2109 1267 2164; x_wconf 87' lang='lat' dir='ltr'><strong>Sin</strong></span> <span class='ocrx_word' id='word_1_100' title='bbox 1294 2118 1485 2166; x_wconf 87' lang='lat' dir='ltr'><strong>autem</strong></span> <span class='ocrx_word' id='word_1_101' title='bbox 1499 2125 1611 2164; x_wconf 89' lang='lat' dir='ltr'><strong>non</strong></span> <span class='ocrx_word' id='word_1_102' title='bbox 1632 2108 1819 2175; x_wconf 76' lang='lat' dir='ltr'><strong>liabet,</strong></span> 
     </span>
    </p>
   </div>
   <div class='ocr_carea' id='block_1_17' title="bbox 237 2201 1822 2272">
    <p class='ocr_par' dir='ltr' id='par_1_17' title="bbox 237 2201 1822 2272">
     <span class='ocr_line' id='line_1_17' title="bbox 237 2201 1822 2272; baseline 0.001 -17"><span class='ocrx_word' id='word_1_103' title='bbox 237 2201 512 2272; x_wconf 87' lang='lat' dir='ltr'><strong>principio</strong></span> <span class='ocrx_word' id='word_1_104' title='bbox 543 2202 759 2258; x_wconf 81' lang='lat' dir='ltr'><strong>scilicet</strong></span> <span class='ocrx_word' id='word_1_105' title='bbox 784 2211 941 2257; x_wconf 81' lang='lat' dir='ltr'><strong>caret</strong></span> <span class='ocrx_word' id='word_1_106' title='bbox 969 2209 1026 2257; x_wconf 89' lang='lat' dir='ltr'><strong>et</strong></span> <span class='ocrx_word' id='word_1_107' title='bbox 1054 2211 1325 2272; x_wconf 84' lang='lat' dir='ltr'><strong>tempore.</strong></span> <span class='ocrx_word' id='word_1_108' title='bbox 1358 2202 1646 2269; x_wconf 82' lang='lat' dir='ltr'><strong>Quodnam</strong></span> <span class='ocrx_word' id='word_1_109' title='bbox 1673 2202 1822 2257; x_wconf 88' lang='lat' dir='ltr'><strong>enim</strong></span> 
     </span>
    </p>
   </div>
   <div class='ocr_carea' id='block_1_18' title="bbox 235 2293 1822 2367">
    <p class='ocr_par' dir='ltr' id='par_1_18' title="bbox 235 2293 1822 2367">
     <span class='ocr_line' id='line_1_18' title="bbox 235 2293 1822 2367; baseline 0.001 -19"><span class='ocrx_word' id='word_1_110' title='bbox 235 2297 347 2367; x_wconf 84' lang='lat' dir='ltr'><strong>jam</strong></span> <span class='ocrx_word' id='word_1_111' title='bbox 390 2303 570 2363; x_wconf 86' lang='lat' dir='ltr'><strong>potest</strong></span> <span class='ocrx_word' id='word_1_112' title='bbox 596 2309 720 2350; x_wconf 89' lang='lat' dir='ltr'><strong>esse</strong></span> <span class='ocrx_word' id='word_1_113' title='bbox 742 2300 961 2365; x_wconf 89' lang='lat' dir='ltr'><strong>tempus</strong></span> <span class='ocrx_word' id='word_1_114' title='bbox 994 2294 1423 2365; x_wconf 89' lang='lat' dir='ltr'><strong>et-principium</strong></span> <span class='ocrx_word' id='word_1_115' title='bbox 1473 2293 1702 2364; x_wconf 83' lang='lat' dir='ltr'><strong>eiquod</strong></span> <span class='ocrx_word' id='word_1_116' title='bbox 1732 2309 1822 2349; x_wconf 73' lang='lat' dir='ltr'><strong>ea-</strong></span> 
     </span>
    </p>
   </div>
   <div class='ocr_carea' id='block_1_19' title="bbox 238 2386 1831 2458">
    <p class='ocr_par' dir='ltr' id='par_1_19' title="bbox 238 2386 1831 2458">
     <span class='ocr_line' id='line_1_19' title="bbox 238 2386 1831 2458; baseline 0 -17"><span class='ocrx_word' id='word_1_117' title='bbox 238 2395 324 2442; x_wconf 88' lang='lat' dir='ltr'><strong>ret</strong></span> <span class='ocrx_word' id='word_1_118' title='bbox 357 2386 672 2458; x_wconf 86' lang='lat' dir='ltr'><strong>principio?</strong></span> <span class='ocrx_word' id='word_1_119' title='bbox 702 2387 841 2442; x_wconf 84' lang='lat' dir='ltr'><strong>Nam</strong></span> <span class='ocrx_word' id='word_1_120' title='bbox 886 2386 1228 2456; x_wconf 85' lang='lat' dir='ltr'><strong>principium</strong></span> <span class='ocrx_word' id='word_1_121' title='bbox 1255 2400 1366 2441; x_wconf 82' lang='lat' dir='ltr'><strong>non</strong></span> <span class='ocrx_word' id='word_1_122' title='bbox 1410 2386 1831 2456; x_wconf 23' lang='lat' dir='ltr'><strong>habetrallquid,</strong></span> 
     </span>
    </p>
   </div>
   <div class='ocr_carea' id='block_1_20' title="bbox 238 2477 1818 2548">
    <p class='ocr_par' dir='ltr' id='par_1_20' title="bbox 238 2477 1818 2548">
     <span class='ocr_line' id='line_1_20' title="bbox 238 2477 1818 2548; baseline 0.001 -16"><span class='ocrx_word' id='word_1_123' title='bbox 238 2493 300 2532; x_wconf 89' lang='lat' dir='ltr'><strong>se</strong></span> <span class='ocrx_word' id='word_1_124' title='bbox 325 2478 504 2548; x_wconf 89' lang='lat' dir='ltr'><strong>prius,</strong></span> <span class='ocrx_word' id='word_1_125' title='bbox 538 2487 600 2533; x_wconf 92' lang='lat' dir='ltr'><strong>ut</strong></span> <span class='ocrx_word' id='word_1_126' title='bbox 635 2477 697 2534; x_wconf 82' lang='lat' dir='ltr'><strong>iit</strong></span> <span class='ocrx_word' id='word_1_127' title='bbox 726 2477 784 2532; x_wconf 91' lang='lat' dir='ltr'><strong>in</strong></span> <span class='ocrx_word' id='word_1_128' title='bbox 818 2480 1051 2534; x_wconf 86' lang='lat' dir='ltr'><strong>materia</strong></span> <span class='ocrx_word' id='word_1_129' title='bbox 1081 2486 1137 2532; x_wconf 84' lang='lat' dir='ltr'><strong>et</strong></span> <span class='ocrx_word' id='word_1_130' title='bbox 1165 2477 1376 2545; x_wconf 16' lang='lat' dir='ltr'><strong>formal;</strong></span> <span class='ocrx_word' id='word_1_131' title='bbox 1413 2478 1646 2533; x_wconf 81' lang='lat' dir='ltr'><strong>materia</strong></span> <span class='ocrx_word' id='word_1_132' title='bbox 1669 2477 1818 2534; x_wconf 89' lang='lat' dir='ltr'><strong>enim</strong></span> 
     </span>
    </p>
   </div>
   <div class='ocr_carea' id='block_1_21' title="bbox 237 2566 1821 2638">
    <p class='ocr_par' dir='ltr' id='par_1_21' title="bbox 237 2566 1821 2638">
     <span class='ocr_line' id='line_1_21' title="bbox 237 2566 1821 2638; baseline 0.001 -15"><span class='ocrx_word' id='word_1_133' title='bbox 237 2576 324 2623; x_wconf 91' lang='lat' dir='ltr'><strong>cst</strong></span> <span class='ocrx_word' id='word_1_134' title='bbox 373 2568 527 2638; x_wconf 90' lang='lat' dir='ltr'><strong>prior</strong></span> <span class='ocrx_word' id='word_1_135' title='bbox 554 2567 753 2623; x_wconf 85' lang='lat' dir='ltr'><strong>forma.</strong></span> <span class='ocrx_word' id='word_1_136' title='bbox 810 2566 1091 2623; x_wconf 29' lang='lat' dir='ltr'><strong>Similiter»</strong></span> <span class='ocrx_word' id='word_1_137' title='bbox 1119 2576 1176 2623; x_wconf 92' lang='lat' dir='ltr'><strong>et</strong></span> <span class='ocrx_word' id='word_1_138' title='bbox 1203 2568 1538 2623; x_wconf 89' lang='lat' dir='ltr'><strong>elementum</strong></span> <span class='ocrx_word' id='word_1_139' title='bbox 1584 2582 1710 2623; x_wconf 82' lang='lat' dir='ltr'><strong>cum</strong></span> <span class='ocrx_word' id='word_1_140' title='bbox 1749 2568 1821 2624; x_wconf 89' lang='lat' dir='ltr'><strong>sit</strong></span> 
     </span>
    </p>
   </div>
   <div class='ocr_carea' id='block_1_22' title="bbox 237 2659 1821 2729">
    <p class='ocr_par' dir='ltr' id='par_1_22' title="bbox 237 2659 1821 2729">
     <span class='ocr_line' id='line_1_22' title="bbox 237 2659 1821 2729; baseline 0 -15"><span class='ocrx_word' id='word_1_141' title='bbox 237 2660 606 2729; x_wconf 87' lang='lat' dir='ltr'><strong>compositum</strong></span> <span class='ocrx_word' id='word_1_142' title='bbox 646 2668 703 2715; x_wconf 91' lang='lat' dir='ltr'><strong>et</strong></span> <span class='ocrx_word' id='word_1_143' title='bbox 732 2668 948 2715; x_wconf 89' lang='lat' dir='ltr'><strong>constet</strong></span> <span class='ocrx_word' id='word_1_144' title='bbox 974 2675 1042 2715; x_wconf 87' lang='lat' dir='ltr'><strong>ex</strong></span> <span class='ocrx_word' id='word_1_145' title='bbox 1077 2660 1310 2715; x_wconf 85' lang='lat' dir='ltr'><strong>materia</strong></span> <span class='ocrx_word' id='word_1_146' title='bbox 1331 2670 1389 2715; x_wconf 92' lang='lat' dir='ltr'><strong>et</strong></span> <span class='ocrx_word' id='word_1_147' title='bbox 1418 2660 1613 2724; x_wconf 88' lang='lat' dir='ltr'><strong>forma,</strong></span> <span class='ocrx_word' id='word_1_148' title='bbox 1651 2659 1821 2714; x_wconf 83' lang='lat' dir='ltr'><strong>habet</strong></span> 
     </span>
    </p>
   </div>
   <div class='ocr_carea' id='block_1_23' title="bbox 238 2751 1822 2823">
    <p class='ocr_par' dir='ltr' id='par_1_23' title="bbox 238 2751 1822 2823">
     <span class='ocr_line' id='line_1_23' title="bbox 238 2751 1822 2823; baseline 0.001 -19"><span class='ocrx_word' id='word_1_149' title='bbox 238 2752 573 2823; x_wconf 86' lang='lat' dir='ltr'><strong>principium</strong></span> <span class='ocrx_word' id='word_1_150' title='bbox 598 2793 611 2816; x_wconf 92' lang='lat'><strong>,</strong></span> <span class='ocrx_word' id='word_1_151' title='bbox 658 2753 946 2807; x_wconf 87' lang='lat' dir='ltr'><strong>materiam</strong></span> <span class='ocrx_word' id='word_1_152' title='bbox 980 2761 1038 2807; x_wconf 88' lang='lat' dir='ltr'><strong>et</strong></span> <span class='ocrx_word' id='word_1_153' title='bbox 1081 2751 1336 2807; x_wconf 84' lang='lat' dir='ltr'><strong>formam.</strong></span> <span class='ocrx_word' id='word_1_154' title='bbox 1363 2752 1463 2808; x_wconf 87' lang='lat' dir='ltr'><strong>Est</strong></span> <span class='ocrx_word' id='word_1_155' title='bbox 1491 2760 1700 2817; x_wconf 85' lang='lat' dir='ltr'><strong>autem,</strong></span> <span class='ocrx_word' id='word_1_156' title='bbox 1737 2751 1822 2807; x_wconf 89' lang='lat' dir='ltr'><strong>in-</strong></span> 
     </span>
    </p>
   </div>
   <div class='ocr_carea' id='block_1_24' title="bbox 237 2846 1823 2918">
    <p class='ocr_par' dir='ltr' id='par_1_24' title="bbox 237 2846 1823 2918">
     <span class='ocr_line' id='line_1_24' title="bbox 237 2846 1823 2918; baseline 0.003 -20"><span class='ocrx_word' id='word_1_157' title='bbox 237 2846 458 2915; x_wconf 87' lang='lat' dir='ltr'><strong>quiunt,</strong></span> <span class='ocrx_word' id='word_1_158' title='bbox 483 2847 711 2902; x_wconf 83' lang='lat' dir='ltr'><strong>materia</strong></span> <span class='ocrx_word' id='word_1_159' title='bbox 733 2846 983 2902; x_wconf 89' lang='lat' dir='ltr'><strong>omnium</strong></span> <span class='ocrx_word' id='word_1_160' title='bbox 1002 2846 1362 2918; x_wconf 84' lang='lat' dir='ltr'><strong>principium,</strong></span> <span class='ocrx_word' id='word_1_161' title='bbox 1378 2862 1502 2902; x_wconf 90' lang='lat' dir='ltr'><strong>cum</strong></span> <span class='ocrx_word' id='word_1_162' title='bbox 1525 2846 1597 2902; x_wconf 89' lang='lat' dir='ltr'><strong>sit</strong></span> <span class='ocrx_word' id='word_1_163' title='bbox 1622 2863 1710 2902; x_wconf 89' lang='lat' dir='ltr'><strong>res</strong></span> <span class='ocrx_word' id='word_1_164' title='bbox 1738 2846 1823 2902; x_wconf 57' lang='lat' dir='ltr'><strong>in-</strong></span> 
     </span>
    </p>
   </div>
   <div class='ocr_carea' id='block_1_25' title="bbox 240 2938 1823 3010">
    <p class='ocr_par' dir='ltr' id='par_1_25' title="bbox 240 2938 1823 3010">
     <span class='ocr_line' id='line_1_25' title="bbox 240 2938 1823 3010; baseline -0.001 -16"><span class='ocrx_word' id='word_1_165' title='bbox 240 2954 529 3007; x_wconf 86' lang='lat' dir='ltr'><strong>corporea,</strong></span> <span class='ocrx_word' id='word_1_166' title='bbox 565 2954 765 3010; x_wconf 88' lang='lat' dir='ltr'><strong>expers</strong></span> <span class='ocrx_word' id='word_1_167' title='bbox 793 2938 1097 3010; x_wconf 82' lang='lat' dir='ltr'><strong>qualitatis,</strong></span> <span class='ocrx_word' id='word_1_168' title='bbox 1124 2946 1181 2993; x_wconf 91' lang='lat' dir='ltr'><strong>et</strong></span> <span class='ocrx_word' id='word_1_169' title='bbox 1217 2954 1340 3009; x_wconf 66' lang='lat' dir='ltr'><strong>qua:</strong></span> <span class='ocrx_word' id='word_1_170' title='bbox 1368 2939 1485 2994; x_wconf 85' lang='lat' dir='ltr'><strong>sola</strong></span> <span class='ocrx_word' id='word_1_171' title='bbox 1511 2938 1823 3008; x_wconf 80' lang='lat' dir='ltr'><strong>explicatur</strong></span> 
     </span>
    </p>
   </div>
   <div class='ocr_carea' id='block_1_26' title="bbox 238 3028 1817 3099">
    <p class='ocr_par' dir='ltr' id='par_1_26' title="bbox 238 3028 1817 3099">
     <span class='ocr_line' id='line_1_26' title="bbox 238 3028 1817 3099; baseline 0.001 -16"><span class='ocrx_word' id='word_1_172' title='bbox 238 3029 476 3095; x_wconf 87' lang='lat' dir='ltr'><strong>ratione,</strong></span> <span class='ocrx_word' id='word_1_173' title='bbox 518 3044 631 3084; x_wconf 89' lang='lat' dir='ltr'><strong>non</strong></span> <span class='ocrx_word' id='word_1_174' title='bbox 679 3029 828 3085; x_wconf 86' lang='lat' dir='ltr'><strong>cadit</strong></span> <span class='ocrx_word' id='word_1_175' title='bbox 860 3037 1045 3084; x_wconf 90' lang='lat' dir='ltr'><strong>autem</strong></span> <span class='ocrx_word' id='word_1_176' title='bbox 1082 3028 1188 3084; x_wconf 87' lang='lat' dir='ltr'><strong>sub</strong></span> <span class='ocrx_word' id='word_1_177' title='bbox 1225 3043 1469 3084; x_wconf 86' lang='lat' dir='ltr'><strong>sensum.</strong></span> <span class='ocrx_word' id='word_1_178' title='bbox 1515 3029 1638 3099; x_wconf 88' lang='lat' dir='ltr'><strong>ipsa</strong></span> <span class='ocrx_word' id='word_1_179' title='bbox 1663 3044 1817 3099; x_wconf 85' lang='lat' dir='ltr'><strong>ergo,</strong></span> 
     </span>
    </p>
   </div>
   <div class='ocr_carea' id='block_1_27' title="bbox 239 3120 1822 3193">
    <p class='ocr_par' dir='ltr' id='par_1_27' title="bbox 239 3120 1822 3193">
     <span class='ocr_line' id='line_1_27' title="bbox 239 3120 1822 3193; baseline 0.001 -18"><span class='ocrx_word' id='word_1_180' title='bbox 239 3121 457 3190; x_wconf 83' lang='lat' dir='ltr'><strong>inquit,</strong></span> <span class='ocrx_word' id='word_1_181' title='bbox 489 3137 517 3176; x_wconf 90' lang='lat' dir='ltr'><strong>a</strong></span> <span class='ocrx_word' id='word_1_182' title='bbox 565 3121 737 3193; x_wconf 81' lang='lat' dir='ltr'><strong>ﬁgura</strong></span> <span class='ocrx_word' id='word_1_183' title='bbox 788 3122 968 3191; x_wconf 90' lang='lat' dir='ltr'><strong>qualis</strong></span> <span class='ocrx_word' id='word_1_184' title='bbox 1012 3121 1280 3191; x_wconf 88' lang='lat' dir='ltr'><strong>impressa</strong></span> <span class='ocrx_word' id='word_1_185' title='bbox 1306 3161 1321 3184; x_wconf 94' lang='lat'><strong>,</strong></span> <span class='ocrx_word' id='word_1_186' title='bbox 1361 3135 1484 3191; x_wconf 75' lang='lat' dir='ltr'><strong>qute</strong></span> <span class='ocrx_word' id='word_1_187' title='bbox 1515 3120 1693 3175; x_wconf 88' lang='lat' dir='ltr'><strong>forma</strong></span> <span class='ocrx_word' id='word_1_188' title='bbox 1737 3130 1822 3176; x_wconf 89' lang='lat' dir='ltr'><strong>est</strong></span> 
     </span>
    </p>
   </div>
   <div class='ocr_carea' id='block_1_28' title="bbox 238 3211 1822 3283">
    <p class='ocr_par' dir='ltr' id='par_1_28' title="bbox 238 3211 1822 3283">
     <span class='ocr_line' id='line_1_28' title="bbox 238 3211 1822 3283; baseline -0.002 -16"><span class='ocrx_word' id='word_1_189' title='bbox 238 3221 591 3281; x_wconf 78' lang='lat' dir='ltr'><strong>corporatur.</strong></span> <span class='ocrx_word' id='word_1_190' title='bbox 620 3213 689 3268; x_wconf 86' lang='lat' dir='ltr'><strong>Et</strong></span> <span class='ocrx_word' id='word_1_191' title='bbox 720 3212 963 3283; x_wconf 88' lang='lat' dir='ltr'><strong>primum</strong></span> <span class='ocrx_word' id='word_1_192' title='bbox 996 3212 1224 3283; x_wconf 88' lang='lat' dir='ltr'><strong>quidem</strong></span> <span class='ocrx_word' id='word_1_193' title='bbox 1255 3211 1315 3266; x_wconf 85' lang='lat' dir='ltr'><strong>ﬁt</strong></span> <span class='ocrx_word' id='word_1_194' title='bbox 1344 3211 1701 3275; x_wconf 87' lang='lat' dir='ltr'><strong>elementum,</strong></span> <span class='ocrx_word' id='word_1_195' title='bbox 1726 3219 1822 3265; x_wconf 91' lang='lat' dir='ltr'><strong>aut</strong></span> 
     </span>
    </p>
   </div>
   <div class='ocr_carea' id='block_1_29' title="bbox 237 3303 1823 3378">
    <p class='ocr_par' dir='ltr' id='par_1_29' title="bbox 237 3303 1823 3378">
     <span class='ocr_line' id='line_1_29' title="bbox 237 3303 1823 3378; baseline -0.003 -17"><span class='ocrx_word' id='word_1_196' title='bbox 237 3306 430 3370; x_wconf 62' lang='lat' dir='ltr'><strong>atther,</strong></span> <span class='ocrx_word' id='word_1_197' title='bbox 459 3314 553 3361; x_wconf 87' lang='lat' dir='ltr'><strong>aut</strong></span> <span class='ocrx_word' id='word_1_198' title='bbox 600 3306 760 3378; x_wconf 80' lang='lat' dir='ltr'><strong>ignis,</strong></span> <span class='ocrx_word' id='word_1_199' title='bbox 796 3313 893 3361; x_wconf 90' lang='lat' dir='ltr'><strong>aut</strong></span> <span class='ocrx_word' id='word_1_200' title='bbox 917 3321 1032 3372; x_wconf 88' lang='lat' dir='ltr'><strong>aer,</strong></span> <span class='ocrx_word' id='word_1_201' title='bbox 1074 3312 1170 3360; x_wconf 90' lang='lat' dir='ltr'><strong>aut</strong></span> <span class='ocrx_word' id='word_1_202' title='bbox 1200 3314 1369 3360; x_wconf 89' lang='lat' dir='ltr'><strong>terra.</strong></span> <span class='ocrx_word' id='word_1_203' title='bbox 1406 3303 1637 3369; x_wconf 88' lang='lat' dir='ltr'><strong>Deinde,</strong></span> <span class='ocrx_word' id='word_1_204' title='bbox 1671 3318 1823 3359; x_wconf 87' lang='lat' dir='ltr'><strong>com-</strong></span> 
     </span>
    </p>
   </div>
   <div class='ocr_carea' id='block_1_30' title="bbox 238 3395 1819 3468">
    <p class='ocr_par' dir='ltr' id='par_1_30' title="bbox 238 3395 1819 3468">
     <span class='ocr_line' id='line_1_30' title="bbox 238 3395 1819 3468; baseline -0.001 -16"><span class='ocrx_word' id='word_1_205' title='bbox 238 3397 415 3468; x_wconf 86' lang='lat' dir='ltr'><strong>plexis</strong></span> <span class='ocrx_word' id='word_1_206' title='bbox 435 3397 521 3453; x_wconf 84' lang='lat' dir='ltr'><strong>bis</strong></span> <span class='ocrx_word' id='word_1_207' title='bbox 537 3397 850 3461; x_wconf 89' lang='lat' dir='ltr'><strong>elementis,</strong></span> <span class='ocrx_word' id='word_1_208' title='bbox 882 3396 945 3452; x_wconf 86' lang='lat' dir='ltr'><strong>fit</strong></span> <span class='ocrx_word' id='word_1_209' title='bbox 976 3396 1346 3467; x_wconf 81' lang='lat' dir='ltr'><strong>compositum</strong></span> <span class='ocrx_word' id='word_1_210' title='bbox 1393 3404 1489 3450; x_wconf 88' lang='lat' dir='ltr'><strong>aut</strong></span> <span class='ocrx_word' id='word_1_211' title='bbox 1517 3395 1819 3451; x_wconf 87' lang='lat' dir='ltr'><strong>animatum</strong></span> 
     </span>
    </p>
   </div>
   <div class='ocr_carea' id='block_1_31' title="bbox 238 3487 1871 3560">
    <p class='ocr_par' dir='ltr' id='par_1_31' title="bbox 238 3487 1871 3560">
     <span class='ocr_line' id='line_1_31' title="bbox 238 3487 1871 3560; baseline -0.003 -15"><span class='ocrx_word' id='word_1_212' title='bbox 238 3499 337 3546; x_wconf 89' lang='lat' dir='ltr'><strong>aut</strong></span> <span class='ocrx_word' id='word_1_213' title='bbox 367 3489 749 3547; x_wconf 89' lang='lat' dir='ltr'><strong>inanimatum.</strong></span> <span class='ocrx_word' id='word_1_214' title='bbox 780 3490 848 3544; x_wconf 79' lang='lat' dir='ltr'><strong>Et</strong></span> <span class='ocrx_word' id='word_1_215' title='bbox 897 3489 1127 3545; x_wconf 88' lang='lat' dir='ltr'><strong>materia</strong></span> <span class='ocrx_word' id='word_1_216' title='bbox 1160 3487 1386 3560; x_wconf 89' lang='lat' dir='ltr'><strong>quidem</strong></span> <span class='ocrx_word' id='word_1_217' title='bbox 1415 3495 1473 3543; x_wconf 90' lang='lat' dir='ltr'><strong>et</strong></span> <span class='ocrx_word' id='word_1_218' title='bbox 1498 3487 1698 3553; x_wconf 91' lang='lat' dir='ltr'><strong>forma,</strong></span> <span class='ocrx_word' id='word_1_219' title='bbox 1732 3487 1821 3541; x_wconf 90' lang='lat' dir='ltr'><strong>in-</strong></span> <span class='ocrx_word' id='word_1_220' title='bbox 1868 3518 1871 3525; x_wconf 93' lang='lat'><strong><em>-</em></strong></span> 
     </span>
    </p>
   </div>
   <div class='ocr_carea' id='block_1_32' title="bbox 239 3577 1819 3651">
    <p class='ocr_par' dir='ltr' id='par_1_32' title="bbox 239 3577 1819 3651">
     <span class='ocr_line' id='line_1_32' title="bbox 239 3577 1819 3651; baseline -0.002 -16"><span class='ocrx_word' id='word_1_221' title='bbox 239 3581 463 3651; x_wconf 89' lang='lat' dir='ltr'><strong>quiunt,</strong></span> <span class='ocrx_word' id='word_1_222' title='bbox 515 3579 582 3635; x_wconf 88' lang='lat' dir='ltr'><strong>ad</strong></span> <span class='ocrx_word' id='word_1_223' title='bbox 629 3580 886 3649; x_wconf 90' lang='lat' dir='ltr'><strong>principii</strong></span> <span class='ocrx_word' id='word_1_224' title='bbox 918 3579 1151 3634; x_wconf 84' lang='lat' dir='ltr'><strong>formam</strong></span> <span class='ocrx_word' id='word_1_225' title='bbox 1181 3579 1354 3650; x_wconf 88' lang='lat' dir='ltr'><strong>magis</strong></span> <span class='ocrx_word' id='word_1_226' title='bbox 1399 3577 1611 3634; x_wconf 91' lang='lat' dir='ltr'><strong>accedit</strong></span> <span class='ocrx_word' id='word_1_227' title='bbox 1656 3593 1819 3647; x_wconf 88' lang='lat' dir='ltr'><strong>quam</strong></span> 
     </span>
    </p>
   </div>
   <div class='ocr_carea' id='block_1_33' title="bbox 239 3668 1825 3740">
    <p class='ocr_par' dir='ltr' id='par_1_33' title="bbox 239 3668 1825 3740">
     <span class='ocr_line' id='line_1_33' title="bbox 239 3668 1825 3740; baseline -0.002 -14"><span class='ocrx_word' id='word_1_228' title='bbox 239 3672 536 3726; x_wconf 85' lang='lat' dir='ltr'><strong>elementa.</strong></span> <span class='ocrx_word' id='word_1_229' title='bbox 564 3670 852 3724; x_wconf 91' lang='lat' dir='ltr'><strong>Elementa</strong></span> <span class='ocrx_word' id='word_1_230' title='bbox 874 3679 1060 3725; x_wconf 90' lang='lat' dir='ltr'><strong>autem</strong></span> <span class='ocrx_word' id='word_1_231' title='bbox 1076 3671 1143 3725; x_wconf 91' lang='lat' dir='ltr'><strong>ad</strong></span> <span class='ocrx_word' id='word_1_232' title='bbox 1167 3668 1429 3740; x_wconf 90' lang='lat' dir='ltr'><strong>principii</strong></span> <span class='ocrx_word' id='word_1_233' title='bbox 1453 3669 1685 3723; x_wconf 86' lang='lat' dir='ltr'><strong>formam</strong></span> <span class='ocrx_word' id='word_1_234' title='bbox 1709 3684 1825 3723; x_wconf 86' lang='lat' dir='ltr'><strong>ma-</strong></span> 
     </span>
    </p>
   </div>
   <div class='ocr_carea' id='block_1_34' title="bbox 241 3760 1818 3832">
    <p class='ocr_par' dir='ltr' id='par_1_34' title="bbox 241 3760 1818 3832">
     <span class='ocr_line' id='line_1_34' title="bbox 241 3760 1818 3832; baseline 0.001 -19"><span class='ocrx_word' id='word_1_235' title='bbox 241 3762 326 3832; x_wconf 82' lang='lat' dir='ltr'><strong>gis</strong></span> <span class='ocrx_word' id='word_1_236' title='bbox 344 3760 615 3815; x_wconf 88' lang='lat' dir='ltr'><strong>accedunt</strong></span> <span class='ocrx_word' id='word_1_237' title='bbox 639 3775 803 3830; x_wconf 90' lang='lat' dir='ltr'><strong>quam</strong></span> <span class='ocrx_word' id='word_1_238' title='bbox 820 3761 926 3816; x_wconf 91' lang='lat' dir='ltr'><strong>alia</strong></span> <span class='ocrx_word' id='word_1_239' title='bbox 946 3774 1203 3830; x_wconf 89' lang='lat' dir='ltr'><strong>corpora.</strong></span> <span class='ocrx_word' id='word_1_240' title='bbox 1226 3760 1339 3816; x_wconf 87' lang='lat' dir='ltr'><strong>Nos</strong></span> <span class='ocrx_word' id='word_1_241' title='bbox 1353 3769 1537 3816; x_wconf 89' lang='lat' dir='ltr'><strong>autem</strong></span> <span class='ocrx_word' id='word_1_242' title='bbox 1556 3760 1818 3816; x_wconf 85' lang='lat' dir='ltr'><strong>dicimus:</strong></span> 
     </span>
    </p>
   </div>
   <div class='ocr_carea' id='block_1_35' title="bbox 241 3942 1827 4017">
    <p class='ocr_par' dir='ltr' id='par_1_35' title="bbox 241 3942 1827 4017">
     <span class='ocr_line' id='line_1_35' title="bbox 241 3942 1827 4017; baseline 0.002 -20"><span class='ocrx_word' id='word_1_243' title='bbox 241 3942 469 4013; x_wconf 86' lang='lat' dir='ltr'><strong>quidem</strong></span> <span class='ocrx_word' id='word_1_244' title='bbox 520 3951 605 4000; x_wconf 89' lang='lat' dir='ltr'><strong>est</strong></span> <span class='ocrx_word' id='word_1_245' title='bbox 630 3945 809 4013; x_wconf 90' lang='lat' dir='ltr'><strong>Deus;</strong></span> <span class='ocrx_word' id='word_1_246' title='bbox 841 3954 967 4017; x_wconf 88' lang='lat' dir='ltr'><strong>post</strong></span> <span class='ocrx_word' id='word_1_247' title='bbox 1014 3947 1187 4003; x_wconf 88' lang='lat' dir='ltr'><strong>Deum</strong></span> <span class='ocrx_word' id='word_1_248' title='bbox 1230 3956 1440 4014; x_wconf 89' lang='lat' dir='ltr'><strong>autem,</strong></span> <span class='ocrx_word' id='word_1_249' title='bbox 1488 3946 1827 4002; x_wconf 86' lang='lat' dir='ltr'><strong>naturalium</strong></span> 
     </span>
    </p>
   </div>
   <div class='ocr_carea' id='block_1_36' title="bbox 241 4036 1844 4108">
    <p class='ocr_par' dir='ltr' id='par_1_36' title="bbox 241 4036 1844 4108">
     <span class='ocr_line' id='line_1_36' title="bbox 241 4036 1844 4108; baseline 0.002 -17"><span class='ocrx_word' id='word_1_250' title='bbox 241 4052 538 4105; x_wconf 89' lang='lat' dir='ltr'><strong>corporum</strong></span> <span class='ocrx_word' id='word_1_251' title='bbox 571 4036 841 4108; x_wconf 88' lang='lat' dir='ltr'><strong>principia</strong></span> <span class='ocrx_word' id='word_1_252' title='bbox 865 4048 996 4094; x_wconf 88' lang='lat' dir='ltr'><strong>sunt</strong></span> <span class='ocrx_word' id='word_1_253' title='bbox 1012 4039 1312 4095; x_wconf 88' lang='lat' dir='ltr'><strong>elementa.</strong></span> <span class='ocrx_word' id='word_1_254' title='bbox 1337 4038 1445 4095; x_wconf 87' lang='lat' dir='ltr'><strong>Sed</strong></span> <span class='ocrx_word' id='word_1_255' title='bbox 1473 4043 1844 4096; x_wconf 85' lang='lat' dir='ltr'><strong>externorum</strong></span> 
     </span>
    </p>
   </div>
   <div class='ocr_carea' id='block_1_37' title="bbox 244 4125 1828 4197">
    <p class='ocr_par' dir='ltr' id='par_1_37' title="bbox 244 4125 1828 4197">
     <span class='ocr_line' id='line_1_37' title="bbox 244 4125 1828 4197; baseline 0.003 -20"><span class='ocrx_word' id='word_1_256' title='bbox 244 4125 702 4196; x_wconf 75' lang='lat' dir='ltr'><strong>philosOphorum</strong></span> <span class='ocrx_word' id='word_1_257' title='bbox 729 4126 953 4196; x_wconf 89' lang='lat' dir='ltr'><strong>quidam</strong></span> <span class='ocrx_word' id='word_1_258' title='bbox 988 4135 1120 4183; x_wconf 86' lang='lat' dir='ltr'><strong>sunt</strong></span> <span class='ocrx_word' id='word_1_259' title='bbox 1150 4127 1338 4193; x_wconf 83' lang='lat' dir='ltr'><strong>divisi,</strong></span> <span class='ocrx_word' id='word_1_260' title='bbox 1372 4136 1428 4183; x_wconf 89' lang='lat' dir='ltr'><strong>et</strong></span> <span class='ocrx_word' id='word_1_261' title='bbox 1458 4128 1587 4183; x_wconf 90' lang='lat' dir='ltr'><strong>aliis</strong></span> <span class='ocrx_word' id='word_1_262' title='bbox 1603 4127 1828 4197; x_wconf 89' lang='lat' dir='ltr'><strong>quidem</strong></span> 
     </span>
    </p>
   </div>
   <div class='ocr_carea' id='block_1_38' title="bbox 245 4213 1841 4286">
    <p class='ocr_par' dir='ltr' id='par_1_38' title="bbox 245 4213 1841 4286">
     <span class='ocr_line' id='line_1_38' title="bbox 245 4213 1841 4286; baseline 0.001 -19"><span class='ocrx_word' id='word_1_263' title='bbox 245 4213 423 4267; x_wconf 82' lang='lat' dir='ltr'><strong>visum</strong></span> <span class='ocrx_word' id='word_1_264' title='bbox 449 4222 533 4267; x_wconf 89' lang='lat' dir='ltr'><strong>est</strong></span> <span class='ocrx_word' id='word_1_265' title='bbox 575 4214 759 4284; x_wconf 83' lang='lat' dir='ltr'><strong>ignem</strong></span> <span class='ocrx_word' id='word_1_266' title='bbox 789 4229 912 4269; x_wconf 87' lang='lat' dir='ltr'><strong>esse</strong></span> <span class='ocrx_word' id='word_1_267' title='bbox 945 4214 1303 4285; x_wconf 88' lang='lat' dir='ltr'><strong>principium,</strong></span> <span class='ocrx_word' id='word_1_268' title='bbox 1326 4224 1559 4286; x_wconf 87' lang='lat' dir='ltr'><strong>propter</strong></span> <span class='ocrx_word' id='word_1_269' title='bbox 1583 4215 1696 4270; x_wconf 85' lang='lat' dir='ltr'><strong>vim</strong></span> <span class='ocrx_word' id='word_1_270' title='bbox 1727 4230 1841 4286; x_wconf 47' lang='lat' dir='ltr'><strong>per»</strong></span> 
     </span>
    </p>
   </div>
   <div class='ocr_carea' id='block_1_39' title="bbox 245 4303 1830 4376">
    <p class='ocr_par' dir='ltr' id='par_1_39' title="bbox 245 4303 1830 4376">
     <span class='ocr_line' id='line_1_39' title="bbox 245 4303 1830 4376; baseline 0 -16"><span class='ocrx_word' id='word_1_271' title='bbox 245 4321 305 4360; x_wconf 88' lang='lat' dir='ltr'><strong>se</strong></span> <span class='ocrx_word' id='word_1_272' title='bbox 324 4314 379 4359; x_wconf 89' lang='lat' dir='ltr'><strong>et</strong></span> <span class='ocrx_word' id='word_1_273' title='bbox 402 4303 563 4361; x_wconf 84' lang='lat' dir='ltr'><strong>facile</strong></span> <span class='ocrx_word' id='word_1_274' title='bbox 591 4303 854 4359; x_wconf 88' lang='lat' dir='ltr'><strong>mobilem</strong></span> <span class='ocrx_word' id='word_1_275' title='bbox 889 4312 946 4359; x_wconf 87' lang='lat' dir='ltr'><strong>et</strong></span> <span class='ocrx_word' id='word_1_276' title='bbox 984 4304 1134 4375; x_wconf 91' lang='lat' dir='ltr'><strong>quod</strong></span> <span class='ocrx_word' id='word_1_277' title='bbox 1163 4314 1457 4361; x_wconf 84' lang='lat' dir='ltr'><strong>consumat</strong></span> <span class='ocrx_word' id='word_1_278' title='bbox 1489 4304 1675 4360; x_wconf 88' lang='lat' dir='ltr'><strong>omnia</strong></span> <span class='ocrx_word' id='word_1_279' title='bbox 1707 4319 1830 4376; x_wconf 71' lang='lat' dir='ltr'><strong>qua:</strong></span> 
     </span>
    </p>
   </div>
   <div class='ocr_carea' id='block_1_40' title="bbox 245 4396 1829 4471">
    <p class='ocr_par' dir='ltr' id='par_1_40' title="bbox 245 4396 1829 4471">
     <span class='ocr_line' id='line_1_40' title="bbox 245 4396 1829 4471; baseline 0 -19"><span class='ocrx_word' id='word_1_280' title='bbox 245 4398 699 4468; x_wconf 81' lang='lat' dir='ltr'><strong>apprchenderit.</strong></span> <span class='ocrx_word' id='word_1_281' title='bbox 726 4396 871 4453; x_wconf 75' lang='lat' dir='ltr'><strong>Aliis</strong></span> <span class='ocrx_word' id='word_1_282' title='bbox 887 4405 1073 4453; x_wconf 86' lang='lat' dir='ltr'><strong>autem</strong></span> <span class='ocrx_word' id='word_1_283' title='bbox 1111 4412 1320 4464; x_wconf 86' lang='lat' dir='ltr'><strong>aerem,</strong></span> <span class='ocrx_word' id='word_1_284' title='bbox 1348 4406 1641 4471; x_wconf 86' lang='lat' dir='ltr'><strong>propterea</strong></span> <span class='ocrx_word' id='word_1_285' title='bbox 1679 4398 1829 4469; x_wconf 89' lang='lat' dir='ltr'><strong>quod</strong></span> 
     </span>
    </p>
   </div>
   <div class='ocr_carea' id='block_1_41' title="bbox 246 4488 1824 4563">
    <p class='ocr_par' dir='ltr' id='par_1_41' title="bbox 246 4488 1824 4563">
     <span class='ocr_line' id='line_1_41' title="bbox 246 4488 1824 4563; baseline 0.001 -18"><span class='ocrx_word' id='word_1_286' title='bbox 246 4491 375 4546; x_wconf 76' lang='lat' dir='ltr'><strong>vita:</strong></span> <span class='ocrx_word' id='word_1_287' title='bbox 401 4508 563 4547; x_wconf 88' lang='lat' dir='ltr'><strong>causa</strong></span> <span class='ocrx_word' id='word_1_288' title='bbox 604 4492 677 4547; x_wconf 90' lang='lat' dir='ltr'><strong>sit</strong></span> <span class='ocrx_word' id='word_1_289' title='bbox 703 4507 772 4547; x_wconf 81' lang='lat' dir='ltr'><strong>ex</strong></span> <span class='ocrx_word' id='word_1_290' title='bbox 809 4488 1196 4563; x_wconf 88' lang='lat' dir='ltr'><strong>respiratione.</strong></span> <span class='ocrx_word' id='word_1_291' title='bbox 1225 4491 1366 4548; x_wconf 81' lang='lat' dir='ltr'><strong>Aliis</strong></span> <span class='ocrx_word' id='word_1_292' title='bbox 1384 4500 1570 4548; x_wconf 84' lang='lat' dir='ltr'><strong>autem</strong></span> <span class='ocrx_word' id='word_1_293' title='bbox 1604 4504 1824 4562; x_wconf 88' lang='lat' dir='ltr'><strong>aquam,</strong></span> 
     </span>
    </p>
   </div>
   <div class='ocr_carea' id='block_1_42' title="bbox 249 4583 1863 4657">
    <p class='ocr_par' dir='ltr' id='par_1_42' title="bbox 249 4583 1863 4657">
     <span class='ocr_line' id='line_1_42' title="bbox 249 4583 1863 4657; baseline 0.002 -21"><span class='ocrx_word' id='word_1_294' title='bbox 249 4591 476 4653; x_wconf 89' lang='lat' dir='ltr'><strong>propter</strong></span> <span class='ocrx_word' id='word_1_295' title='bbox 516 4583 813 4654; x_wconf 81' lang='lat' dir='ltr'><strong>genitalem</strong></span> <span class='ocrx_word' id='word_1_296' title='bbox 867 4591 1146 4640; x_wconf 83' lang='lat' dir='ltr'><strong>naturam.</strong></span> <span class='ocrx_word' id='word_1_297' title='bbox 1196 4585 1496 4657; x_wconf 85' lang='lat' dir='ltr'><strong>Aliquibus</strong></span> <span class='ocrx_word' id='word_1_298' title='bbox 1525 4590 1721 4641; x_wconf 88' lang='lat' dir='ltr'><strong>autem</strong></span> <span class='ocrx_word' id='word_1_299' title='bbox 1761 4600 1863 4651; x_wconf 32' lang='lat' dir='ltr'><strong>ex.</strong></span> 
     </span>
    </p>
   </div>
   <div class='ocr_carea' id='block_1_43' title="bbox 248 4675 1831 4748">
    <p class='ocr_par' dir='ltr' id='par_1_43' title="bbox 248 4675 1831 4748">
     <span class='ocr_line' id='line_1_43' title="bbox 248 4675 1831 4748; baseline 0.001 -18"><span class='ocrx_word' id='word_1_300' title='bbox 248 4675 340 4739; x_wconf 89' lang='lat' dir='ltr'><strong>iis,</strong></span> <span class='ocrx_word' id='word_1_301' title='bbox 369 4683 591 4741; x_wconf 86' lang='lat' dir='ltr'><strong>terram,</strong></span> <span class='ocrx_word' id='word_1_302' title='bbox 620 4684 916 4748; x_wconf 86' lang='lat' dir='ltr'><strong>propterea</strong></span> <span class='ocrx_word' id='word_1_303' title='bbox 947 4677 1094 4748; x_wconf 89' lang='lat' dir='ltr'><strong>quod</strong></span> <span class='ocrx_word' id='word_1_304' title='bbox 1125 4677 1365 4748; x_wconf 88' lang='lat' dir='ltr'><strong>plurima</strong></span> <span class='ocrx_word' id='word_1_305' title='bbox 1398 4678 1699 4734; x_wconf 87' lang='lat' dir='ltr'><strong>animantia</strong></span> <span class='ocrx_word' id='word_1_306' title='bbox 1744 4677 1831 4748; x_wconf 71' lang='lat' dir='ltr'><strong>gi~</strong></span> 
     </span>
    </p>
   </div>
   <div class='ocr_carea' id='block_1_44' title="bbox 247 4770 1475 4836">
    <p class='ocr_par' dir='ltr' id='par_1_44' title="bbox 247 4770 1475 4836">
     <span class='ocr_line' id='line_1_44' title="bbox 247 4770 1475 4836; baseline 0.007 -17"><span class='ocrx_word' id='word_1_307' title='bbox 247 4775 486 4836; x_wconf 79' lang='lat' dir='ltr'><strong>gnantur</strong></span> <span class='ocrx_word' id='word_1_308' title='bbox 508 4781 576 4822; x_wconf 85' lang='lat' dir='ltr'><strong>ex</strong></span> <span class='ocrx_word' id='word_1_309' title='bbox 608 4775 773 4834; x_wconf 84' lang='lat' dir='ltr'><strong>terra,</strong></span> <span class='ocrx_word' id='word_1_310' title='bbox 800 4776 856 4825; x_wconf 89' lang='lat' dir='ltr'><strong>ct</strong></span> <span class='ocrx_word' id='word_1_311' title='bbox 880 4770 937 4823; x_wconf 90' lang='lat' dir='ltr'><strong>in</strong></span> <span class='ocrx_word' id='word_1_312' title='bbox 957 4783 1080 4824; x_wconf 90' lang='lat' dir='ltr'><strong>eam</strong></span> <span class='ocrx_word' id='word_1_313' title='bbox 1105 4771 1475 4829; x_wconf 80' lang='lat' dir='ltr'><strong>resolvantur.</strong></span> 
     </span>
    </p>
   </div>
   <div class='ocr_carea' id='block_1_45' title="bbox 321 4858 1834 4932">
    <p class='ocr_par' dir='ltr' id='par_1_45' title="bbox 321 4858 1834 4932">
     <span class='ocr_line' id='line_1_45' title="bbox 321 4858 1834 4932; baseline 0.003 -20"><span class='ocrx_word' id='word_1_314' title='bbox 321 4858 477 4913; x_wconf 81' lang='lat' dir='ltr'><strong>Plato</strong></span> <span class='ocrx_word' id='word_1_315' title='bbox 510 4867 694 4914; x_wconf 86' lang='lat' dir='ltr'><strong>autem</strong></span> <span class='ocrx_word' id='word_1_316' title='bbox 736 4860 910 4916; x_wconf 88' lang='lat' dir='ltr'><strong>Deum</strong></span> <span class='ocrx_word' id='word_1_317' title='bbox 952 4871 1009 4916; x_wconf 91' lang='lat' dir='ltr'><strong>et</strong></span> <span class='ocrx_word' id='word_1_318' title='bbox 1041 4865 1329 4918; x_wconf 88' lang='lat' dir='ltr'><strong>materiam</strong></span> <span class='ocrx_word' id='word_1_319' title='bbox 1363 4860 1503 4918; x_wconf 84' lang='lat' dir='ltr'><strong>dixit</strong></span> <span class='ocrx_word' id='word_1_320' title='bbox 1532 4875 1656 4918; x_wconf 86' lang='lat' dir='ltr'><strong>esse</strong></span> <span class='ocrx_word' id='word_1_321' title='bbox 1679 4862 1834 4932; x_wconf 87' lang='lat' dir='ltr'><strong>prin-</strong></span> 
     </span>
    </p>
   </div>
   <div class='ocr_carea' id='block_1_46' title="bbox 252 4948 1833 5021">
    <p class='ocr_par' dir='ltr' id='par_1_46' title="bbox 252 4948 1833 5021">
     <span class='ocr_line' id='line_1_46' title="bbox 252 4948 1833 5021; baseline 0.003 -17"><span class='ocrx_word' id='word_1_322' title='bbox 252 4948 397 5020; x_wconf 88' lang='lat' dir='ltr'><strong>cipia</strong></span> <span class='ocrx_word' id='word_1_323' title='bbox 432 4949 628 5005; x_wconf 79' lang='lat' dir='ltr'><strong>:ilium</strong></span> <span class='ocrx_word' id='word_1_324' title='bbox 681 4951 931 5021; x_wconf 88' lang='lat' dir='ltr'><strong>quidem,</strong></span> <span class='ocrx_word' id='word_1_325' title='bbox 970 4960 1032 5007; x_wconf 90' lang='lat' dir='ltr'><strong>ut</strong></span> <span class='ocrx_word' id='word_1_326' title='bbox 1088 4952 1264 5009; x_wconf 90' lang='lat' dir='ltr'><strong>Deum</strong></span> <span class='ocrx_word' id='word_1_327' title='bbox 1291 4960 1347 5008; x_wconf 90' lang='lat' dir='ltr'><strong>et</strong></span> <span class='ocrx_word' id='word_1_328' title='bbox 1386 4953 1641 5020; x_wconf 84' lang='lat' dir='ltr'><strong>Patrem;</strong></span> <span class='ocrx_word' id='word_1_329' title='bbox 1689 4952 1833 5009; x_wconf 84' lang='lat' dir='ltr'><strong>hanc</strong></span> 
     </span>
    </p>
   </div>
   <div class='ocr_carea' id='block_1_47' title="bbox 252 5042 1833 5113">
    <p class='ocr_par' dir='ltr' id='par_1_47' title="bbox 252 5042 1833 5113">
     <span class='ocr_line' id='line_1_47' title="bbox 252 5042 1833 5113; baseline 0.003 -19"><span class='ocrx_word' id='word_1_330' title='bbox 252 5049 460 5106; x_wconf 88' lang='lat' dir='ltr'><strong>autem,</strong></span> <span class='ocrx_word' id='word_1_331' title='bbox 494 5049 554 5094; x_wconf 91' lang='lat' dir='ltr'><strong>ut</strong></span> <span class='ocrx_word' id='word_1_332' title='bbox 579 5056 700 5111; x_wconf 64' lang='lat' dir='ltr'><strong>qua:</strong></span> <span class='ocrx_word' id='word_1_333' title='bbox 730 5042 996 5112; x_wconf 86' lang='lat' dir='ltr'><strong>suscipiat</strong></span> <span class='ocrx_word' id='word_1_334' title='bbox 1013 5043 1296 5113; x_wconf 80' lang='lat' dir='ltr'><strong>opiﬁcium</strong></span> <span class='ocrx_word' id='word_1_335' title='bbox 1330 5052 1387 5098; x_wconf 92' lang='lat' dir='ltr'><strong>et</strong></span> <span class='ocrx_word' id='word_1_336' title='bbox 1415 5042 1671 5111; x_wconf 82' lang='lat' dir='ltr'><strong>formam,</strong></span> <span class='ocrx_word' id='word_1_337' title='bbox 1694 5043 1833 5099; x_wconf 80' lang='lat' dir='ltr'><strong>dixit</strong></span> 
     </span>
    </p>
   </div>
   <div class='ocr_carea' id='block_1_48' title="bbox 255 5132 1830 5200">
    <p class='ocr_par' dir='ltr' id='par_1_48' title="bbox 255 5132 1830 5200">
     <span class='ocr_line' id='line_1_48' title="bbox 255 5132 1830 5200; baseline 0.004 -14"><span class='ocrx_word' id='word_1_338' title='bbox 255 5140 315 5187; x_wconf 88' lang='lat' dir='ltr'><strong>ut</strong></span> <span class='ocrx_word' id='word_1_339' title='bbox 342 5140 594 5198; x_wconf 84' lang='lat' dir='ltr'><strong>matrem,</strong></span> <span class='ocrx_word' id='word_1_340' title='bbox 631 5132 917 5190; x_wconf 81' lang='lat' dir='ltr'><strong>declinans</strong></span> <span class='ocrx_word' id='word_1_341' title='bbox 946 5151 979 5190; x_wconf 90' lang='lat' dir='ltr'><strong>a</strong></span> <span class='ocrx_word' id='word_1_342' title='bbox 1007 5136 1338 5200; x_wconf 89' lang='lat' dir='ltr'><strong>veritate,et</strong></span> <span class='ocrx_word' id='word_1_343' title='bbox 1363 5144 1541 5193; x_wconf 86' lang='lat' dir='ltr'><strong>totum</strong></span> <span class='ocrx_word' id='word_1_344' title='bbox 1579 5138 1693 5194; x_wconf 86' lang='lat' dir='ltr'><strong>Deo</strong></span> <span class='ocrx_word' id='word_1_345' title='bbox 1723 5140 1830 5192; x_wconf 87' lang='lat' dir='ltr'><strong>mi-</strong></span> 
     </span>
    </p>
   </div>
   <div class='ocr_carea' id='block_1_49' title="bbox 1928 1277 3509 1356">
    <p class='ocr_par' dir='ltr' id='par_1_49' title="bbox 1928 1277 3509 1356">
     <span class='ocr_line' id='line_1_49' title="bbox 1928 1277 3509 1356; baseline 0.009 -27"><span class='ocrx_word' id='word_1_346' title='bbox 1928 1290 2049 1331; x_wconf 84' lang='lat' dir='ltr'><strong>esse</strong></span> <span class='ocrx_word' id='word_1_347' title='bbox 2081 1277 2422 1334; x_wconf 76' lang='lat' dir='ltr'><strong>universum.</strong></span> <span class='ocrx_word' id='word_1_348' title='bbox 2483 1279 2625 1335; x_wconf 90' lang='lat' dir='ltr'><strong>Sunt</strong></span> <span class='ocrx_word' id='word_1_349' title='bbox 2668 1291 2853 1336; x_wconf 84' lang='lat' dir='ltr'><strong>autem</strong></span> <span class='ocrx_word' id='word_1_350' title='bbox 2898 1285 3066 1340; x_wconf 89' lang='lat' dir='ltr'><strong>etiam</strong></span> <span class='ocrx_word' id='word_1_351' title='bbox 3098 1286 3193 1356; x_wconf 92' lang='lat' dir='ltr'><strong>qui</strong></span> <span class='ocrx_word' id='word_1_352' title='bbox 3247 1286 3509 1343; x_wconf 83' lang='lat' dir='ltr'><strong>dixerunt</strong></span> 
     </span>
    </p>
   </div>
   <div class='ocr_carea' id='block_1_50' title="bbox 1928 1366 3511 1446">
    <p class='ocr_par' dir='ltr' id='par_1_50' title="bbox 1928 1366 3511 1446">
     <span class='ocr_line' id='line_1_50' title="bbox 1928 1366 3511 1446; baseline 0.008 -27"><span class='ocrx_word' id='word_1_353' title='bbox 1928 1366 2108 1434; x_wconf 85' lang='lat' dir='ltr'><strong>ipsum</strong></span> <span class='ocrx_word' id='word_1_354' title='bbox 2141 1382 2262 1423; x_wconf 88' lang='lat' dir='ltr'><strong>esse</strong></span> <span class='ocrx_word' id='word_1_355' title='bbox 2295 1377 2443 1423; x_wconf 87' lang='lat' dir='ltr'><strong>sorte</strong></span> <span class='ocrx_word' id='word_1_356' title='bbox 2461 1377 2518 1424; x_wconf 88' lang='lat' dir='ltr'><strong>et</strong></span> <span class='ocrx_word' id='word_1_357' title='bbox 2546 1386 2700 1433; x_wconf 89' lang='lat' dir='ltr'><strong>casu,</strong></span> <span class='ocrx_word' id='word_1_358' title='bbox 2724 1381 2780 1425; x_wconf 88' lang='lat' dir='ltr'><strong>et</strong></span> <span class='ocrx_word' id='word_1_359' title='bbox 2805 1374 3108 1435; x_wconf 87' lang='lat' dir='ltr'><strong>utaccidit,</strong></span> <span class='ocrx_word' id='word_1_360' title='bbox 3146 1384 3358 1446; x_wconf 87' lang='lat' dir='ltr'><strong>partem</strong></span> <span class='ocrx_word' id='word_1_361' title='bbox 3388 1377 3511 1446; x_wconf 84' lang='lat' dir='ltr'><strong>ejus</strong></span> 
     </span>
    </p>
   </div>
   <div class='ocr_carea' id='block_1_51' title="bbox 1926 1458 3509 1536">
    <p class='ocr_par' dir='ltr' id='par_1_51' title="bbox 1926 1458 3509 1536">
     <span class='ocr_line' id='line_1_51' title="bbox 1926 1458 3509 1536; baseline 0.009 -27"><span class='ocrx_word' id='word_1_362' title='bbox 1926 1458 2159 1526; x_wconf 88' lang='lat' dir='ltr'><strong>primam</strong></span> <span class='ocrx_word' id='word_1_363' title='bbox 2180 1467 2356 1515; x_wconf 89' lang='lat' dir='ltr'><strong>ortam</strong></span> <span class='ocrx_word' id='word_1_364' title='bbox 2396 1476 2537 1516; x_wconf 84' lang='lat' dir='ltr'><strong>esse.</strong></span> <span class='ocrx_word' id='word_1_365' title='bbox 2570 1463 2675 1517; x_wconf 79' lang='lat' dir='ltr'><strong>Alii</strong></span> <span class='ocrx_word' id='word_1_366' title='bbox 2706 1473 2889 1519; x_wconf 89' lang='lat' dir='ltr'><strong>autem</strong></span> <span class='ocrx_word' id='word_1_367' title='bbox 2916 1466 2969 1519; x_wconf 91' lang='lat' dir='ltr'><strong>in</strong></span> <span class='ocrx_word' id='word_1_368' title='bbox 2992 1476 3236 1536; x_wconf 84' lang='lat' dir='ltr'><strong>quatuor</strong></span> <span class='ocrx_word' id='word_1_369' title='bbox 3266 1468 3509 1523; x_wconf 78' lang='lat' dir='ltr'><strong>elemen-</strong></span> 
     </span>
    </p>
   </div>
   <div class='ocr_carea' id='block_1_52' title="bbox 1929 1552 3512 1624">
    <p class='ocr_par' dir='ltr' id='par_1_52' title="bbox 1929 1552 3512 1624">
     <span class='ocr_line' id='line_1_52' title="bbox 1929 1552 3512 1624; baseline 0.008 -22"><span class='ocrx_word' id='word_1_370' title='bbox 1929 1557 2001 1615; x_wconf 88' lang='lat' dir='ltr'><strong>ta,</strong></span> <span class='ocrx_word' id='word_1_371' title='bbox 2040 1560 2097 1605; x_wconf 87' lang='lat' dir='ltr'><strong>et</strong></span> <span class='ocrx_word' id='word_1_372' title='bbox 2123 1552 2378 1621; x_wconf 88' lang='lat' dir='ltr'><strong>quintum</strong></span> <span class='ocrx_word' id='word_1_373' title='bbox 2427 1568 2630 1624; x_wconf 84' lang='lat' dir='ltr'><strong>corpus</strong></span> <span class='ocrx_word' id='word_1_374' title='bbox 2655 1556 2956 1611; x_wconf 69' lang='lat' dir='ltr'><strong>mthereum</strong></span> <span class='ocrx_word' id='word_1_375' title='bbox 2990 1559 3312 1614; x_wconf 84' lang='lat' dir='ltr'><strong>universum</strong></span> <span class='ocrx_word' id='word_1_376' title='bbox 3346 1575 3512 1614; x_wconf 89' lang='lat' dir='ltr'><strong>mun-</strong></span> 
     </span>
    </p>
   </div>
   <div class='ocr_carea' id='block_1_53' title="bbox 1924 1642 3509 1717">
    <p class='ocr_par' dir='ltr' id='par_1_53' title="bbox 1924 1642 3509 1717">
     <span class='ocr_line' id='line_1_53' title="bbox 1924 1642 3509 1717; baseline 0.006 -20"><span class='ocrx_word' id='word_1_377' title='bbox 1924 1642 2057 1697; x_wconf 85' lang='lat' dir='ltr'><strong>dum</strong></span> <span class='ocrx_word' id='word_1_378' title='bbox 2083 1643 2425 1709; x_wconf 74' lang='lat' dir='ltr'><strong>dividentes,</strong></span> <span class='ocrx_word' id='word_1_379' title='bbox 2477 1653 2535 1700; x_wconf 90' lang='lat' dir='ltr'><strong>et</strong></span> <span class='ocrx_word' id='word_1_380' title='bbox 2569 1656 2810 1717; x_wconf 85' lang='lat' dir='ltr'><strong>quatuor</strong></span> <span class='ocrx_word' id='word_1_381' title='bbox 2858 1650 3134 1705; x_wconf 89' lang='lat' dir='ltr'><strong>elementa</strong></span> <span class='ocrx_word' id='word_1_382' title='bbox 3168 1651 3248 1717; x_wconf 55' lang='lat' dir='ltr'><strong>:ab</strong></span> <span class='ocrx_word' id='word_1_383' title='bbox 3300 1651 3509 1706; x_wconf 66' lang='lat' dir='ltr'><strong>attinere</strong></span> 
     </span>
    </p>
   </div>
   <div class='ocr_carea' id='block_1_54' title="bbox 1924 1735 3505 1813">
    <p class='ocr_par' dir='ltr' id='par_1_54' title="bbox 1924 1735 3505 1813">
     <span class='ocr_line' id='line_1_54' title="bbox 1924 1735 3505 1813; baseline 0.004 -23"><span class='ocrx_word' id='word_1_384' title='bbox 1924 1735 2302 1793; x_wconf 86' lang='lat' dir='ltr'><strong>administrari</strong></span> <span class='ocrx_word' id='word_1_385' title='bbox 2329 1736 2710 1795; x_wconf 78' lang='lat' dir='ltr'><strong>existimantes</strong></span> <span class='ocrx_word' id='word_1_386' title='bbox 2757 1740 3005 1807; x_wconf 71' lang='lat' dir='ltr'><strong>(aetheris</strong></span> <span class='ocrx_word' id='word_1_387' title='bbox 3038 1751 3224 1797; x_wconf 89' lang='lat' dir='ltr'><strong>autem</strong></span> <span class='ocrx_word' id='word_1_388' title='bbox 3255 1756 3346 1798; x_wconf 89' lang='lat' dir='ltr'><strong>res</strong></span> <span class='ocrx_word' id='word_1_389' title='bbox 3377 1743 3505 1813; x_wconf 86' lang='lat' dir='ltr'><strong>pul-</strong></span> 
     </span>
    </p>
   </div>
   <div class='ocr_carea' id='block_1_55' title="bbox 1924 1828 3510 1904">
    <p class='ocr_par' dir='ltr' id='par_1_55' title="bbox 1924 1828 3510 1904">
     <span class='ocr_line' id='line_1_55' title="bbox 1924 1828 3510 1904; baseline 0.005 -22"><span class='ocrx_word' id='word_1_390' title='bbox 1924 1828 2200 1884; x_wconf 86' lang='lat' dir='ltr'><strong>cherrima</strong></span> <span class='ocrx_word' id='word_1_391' title='bbox 2234 1838 2320 1885; x_wconf 91' lang='lat' dir='ltr'><strong>est</strong></span> <span class='ocrx_word' id='word_1_392' title='bbox 2345 1832 2594 1904; x_wconf 74' lang='lat' dir='ltr'><strong>cmlum).</strong></span> <span class='ocrx_word' id='word_1_393' title='bbox 2631 1833 2686 1887; x_wconf 88' lang='lat' dir='ltr'><strong>id</strong></span> <span class='ocrx_word' id='word_1_394' title='bbox 2721 1834 2962 1902; x_wconf 89' lang='lat' dir='ltr'><strong>primum</strong></span> <span class='ocrx_word' id='word_1_395' title='bbox 3002 1842 3197 1889; x_wconf 71' lang='lat' dir='ltr'><strong>&#39;ortum</strong></span> <span class='ocrx_word' id='word_1_396' title='bbox 3246 1851 3371 1890; x_wconf 89' lang='lat' dir='ltr'><strong>esse</strong></span> <span class='ocrx_word' id='word_1_397' title='bbox 3422 1837 3510 1890; x_wconf 92' lang='lat' dir='ltr'><strong>di-</strong></span> 
     </span>
    </p>
   </div>
   <div class='ocr_carea' id='block_1_56' title="bbox 1924 1918 3507 1994">
    <p class='ocr_par' dir='ltr' id='par_1_56' title="bbox 1924 1918 3507 1994">
     <span class='ocr_line' id='line_1_56' title="bbox 1924 1918 3507 1994; baseline 0.004 -21"><span class='ocrx_word' id='word_1_398' title='bbox 1924 1926 2076 1973; x_wconf 91' lang='lat' dir='ltr'><strong>cunt.</strong></span> <span class='ocrx_word' id='word_1_399' title='bbox 2105 1918 2216 1974; x_wconf 83' lang='lat' dir='ltr'><strong>Nos</strong></span> <span class='ocrx_word' id='word_1_400' title='bbox 2256 1928 2439 1976; x_wconf 90' lang='lat' dir='ltr'><strong>autem</strong></span> <span class='ocrx_word' id='word_1_401' title='bbox 2477 1923 2650 1977; x_wconf 88' lang='lat' dir='ltr'><strong>divini</strong></span> <span class='ocrx_word' id='word_1_402' title='bbox 2687 1923 2854 1978; x_wconf 80' lang='lat' dir='ltr'><strong>Mosis</strong></span> <span class='ocrx_word' id='word_1_403' title='bbox 2877 1924 3027 1994; x_wconf 85' lang='lat' dir='ltr'><strong>leges</strong></span> <span class='ocrx_word' id='word_1_404' title='bbox 3063 1932 3121 1979; x_wconf 91' lang='lat' dir='ltr'><strong>et</strong></span> <span class='ocrx_word' id='word_1_405' title='bbox 3169 1924 3393 1979; x_wconf 89' lang='lat' dir='ltr'><strong>decreta</strong></span> <span class='ocrx_word' id='word_1_406' title='bbox 3419 1940 3507 1980; x_wconf 91' lang='lat' dir='ltr'><strong>se-</strong></span> 
     </span>
    </p>
   </div>
   <div class='ocr_carea' id='block_1_57' title="bbox 1923 2014 3508 2086">
    <p class='ocr_par' dir='ltr' id='par_1_57' title="bbox 1923 2014 3508 2086">
     <span class='ocr_line' id='line_1_57' title="bbox 1923 2014 3508 2086; baseline 0.004 -22"><span class='ocrx_word' id='word_1_407' title='bbox 1923 2022 2178 2080; x_wconf 85' lang='lat' dir='ltr'><strong>quentes,</strong></span> <span class='ocrx_word' id='word_1_408' title='bbox 2198 2016 2253 2068; x_wconf 83' lang='lat' dir='ltr'><strong>in</strong></span> <span class='ocrx_word' id='word_1_409' title='bbox 2271 2016 2528 2086; x_wconf 85' lang='lat' dir='ltr'><strong>principio</strong></span> <span class='ocrx_word' id='word_1_410' title='bbox 2545 2014 2728 2070; x_wconf 69' lang='lat' dir='ltr'><strong>caelum</strong></span> <span class='ocrx_word' id='word_1_411' title='bbox 2750 2024 2797 2069; x_wconf 89' lang='lat' dir='ltr'><strong>et</strong></span> <span class='ocrx_word' id='word_1_412' title='bbox 2816 2025 3018 2069; x_wconf 81' lang='lat' dir='ltr'><strong>terram</strong></span> <span class='ocrx_word' id='word_1_413' title='bbox 3035 2016 3197 2070; x_wconf 86' lang='lat' dir='ltr'><strong>simul</strong></span> <span class='ocrx_word' id='word_1_414' title='bbox 3222 2016 3363 2071; x_wconf 84' lang='lat' dir='ltr'><strong>facta</strong></span> <span class='ocrx_word' id='word_1_415' title='bbox 3386 2031 3508 2072; x_wconf 87' lang='lat' dir='ltr'><strong>esse</strong></span> 
     </span>
    </p>
   </div>
   <div class='ocr_carea' id='block_1_58' title="bbox 1924 2104 3507 2179">
    <p class='ocr_par' dir='ltr' id='par_1_58' title="bbox 1924 2104 3507 2179">
     <span class='ocr_line' id='line_1_58' title="bbox 1924 2104 3507 2179; baseline 0.003 -19"><span class='ocrx_word' id='word_1_416' title='bbox 1924 2104 2180 2161; x_wconf 89' lang='lat' dir='ltr'><strong>dicimus.</strong></span> <span class='ocrx_word' id='word_1_417' title='bbox 2211 2107 2279 2162; x_wconf 89' lang='lat' dir='ltr'><strong>Et</strong></span> <span class='ocrx_word' id='word_1_418' title='bbox 2316 2107 2507 2177; x_wconf 90' lang='lat' dir='ltr'><strong>siquis</strong></span> <span class='ocrx_word' id='word_1_419' title='bbox 2524 2108 2645 2163; x_wconf 89' lang='lat' dir='ltr'><strong>vult</strong></span> <span class='ocrx_word' id='word_1_420' title='bbox 2666 2108 2861 2163; x_wconf 87' lang='lat' dir='ltr'><strong>videre</strong></span> <span class='ocrx_word' id='word_1_421' title='bbox 2885 2108 3218 2179; x_wconf 87' lang='lat' dir='ltr'><strong>principium</strong></span> <span class='ocrx_word' id='word_1_422' title='bbox 3259 2109 3507 2164; x_wconf 90' lang='lat' dir='ltr'><strong>omnium</strong></span> 
     </span>
    </p>
   </div>
   <div class='ocr_carea' id='block_1_59' title="bbox 1924 2198 3512 2271">
    <p class='ocr_par' dir='ltr' id='par_1_59' title="bbox 1924 2198 3512 2271">
     <span class='ocr_line' id='line_1_59' title="bbox 1924 2198 3512 2271; baseline 0.004 -20"><span class='ocrx_word' id='word_1_423' title='bbox 1924 2198 2330 2264; x_wconf 90' lang='lat' dir='ltr'><strong>mandatorum,</strong></span> <span class='ocrx_word' id='word_1_424' title='bbox 2373 2200 2492 2255; x_wconf 83' lang='lat' dir='ltr'><strong>haec</strong></span> <span class='ocrx_word' id='word_1_425' title='bbox 2535 2200 2836 2255; x_wconf 83' lang='lat' dir='ltr'><strong>existimet.</strong></span> <span class='ocrx_word' id='word_1_426' title='bbox 2882 2198 2988 2255; x_wconf 90' lang='lat' dir='ltr'><strong>Sed</strong></span> <span class='ocrx_word' id='word_1_427' title='bbox 3022 2212 3079 2255; x_wconf 88' lang='lat' dir='ltr'><strong>et</strong></span> <span class='ocrx_word' id='word_1_428' title='bbox 3108 2200 3355 2255; x_wconf 88' lang='lat' dir='ltr'><strong>omnium</strong></span> <span class='ocrx_word' id='word_1_429' title='bbox 3386 2217 3512 2271; x_wconf 74' lang='lat' dir='ltr'><strong>quae</strong></span> 
     </span>
    </p>
   </div>
   <div class='ocr_carea' id='block_1_60' title="bbox 1923 2289 3507 2362">
    <p class='ocr_par' dir='ltr' id='par_1_60' title="bbox 1923 2289 3507 2362">
     <span class='ocr_line' id='line_1_60' title="bbox 1923 2289 3507 2362; baseline 0.001 -18"><span class='ocrx_word' id='word_1_430' title='bbox 1923 2289 2308 2360; x_wconf 89' lang='lat' dir='ltr'><strong>percipiuntur</strong></span> <span class='ocrx_word' id='word_1_431' title='bbox 2370 2290 2741 2362; x_wconf 80' lang='lat' dir='ltr'><strong>intelligentia</strong></span> <span class='ocrx_word' id='word_1_432' title='bbox 2765 2331 2779 2356; x_wconf 99' lang='lat'><strong>,</strong></span> <span class='ocrx_word' id='word_1_433' title='bbox 2815 2291 3152 2362; x_wconf 87' lang='lat' dir='ltr'><strong>principium</strong></span> <span class='ocrx_word' id='word_1_434' title='bbox 3186 2300 3272 2346; x_wconf 80' lang='lat' dir='ltr'><strong>est</strong></span> <span class='ocrx_word' id='word_1_435' title='bbox 3321 2293 3507 2347; x_wconf 91' lang='lat' dir='ltr'><strong>omnia</strong></span> 
     </span>
    </p>
   </div>
   <div class='ocr_carea' id='block_1_61' title="bbox 1924 2382 3506 2455">
    <p class='ocr_par' dir='ltr' id='par_1_61' title="bbox 1924 2382 3506 2455">
     <span class='ocr_line' id='line_1_61' title="bbox 1924 2382 3506 2455; baseline 0.002 -19"><span class='ocrx_word' id='word_1_436' title='bbox 1924 2382 2195 2453; x_wconf 89' lang='lat' dir='ltr'><strong>principia</strong></span> <span class='ocrx_word' id='word_1_437' title='bbox 2227 2398 2498 2454; x_wconf 87' lang='lat' dir='ltr'><strong>superans</strong></span> <span class='ocrx_word' id='word_1_438' title='bbox 2532 2384 2700 2448; x_wconf 85' lang='lat' dir='ltr'><strong>Deus,</strong></span> <span class='ocrx_word' id='word_1_439' title='bbox 2748 2384 2842 2455; x_wconf 88' lang='lat' dir='ltr'><strong>qui</strong></span> <span class='ocrx_word' id='word_1_440' title='bbox 2883 2383 3020 2439; x_wconf 87' lang='lat' dir='ltr'><strong>fecit</strong></span> <span class='ocrx_word' id='word_1_441' title='bbox 3055 2384 3262 2449; x_wconf 88' lang='lat' dir='ltr'><strong>omnia,</strong></span> <span class='ocrx_word' id='word_1_442' title='bbox 3295 2392 3351 2439; x_wconf 87' lang='lat' dir='ltr'><strong>et</strong></span> <span class='ocrx_word' id='word_1_443' title='bbox 3395 2399 3506 2439; x_wconf 83' lang='lat' dir='ltr'><strong>non</strong></span> 
     </span>
    </p>
   </div>
   <div class='ocr_carea' id='block_1_62' title="bbox 1924 2473 3511 2546">
    <p class='ocr_par' dir='ltr' id='par_1_62' title="bbox 1924 2473 3511 2546">
     <span class='ocr_line' id='line_1_62' title="bbox 1924 2473 3511 2546; baseline 0.001 -18"><span class='ocrx_word' id='word_1_444' title='bbox 1924 2488 1993 2528; x_wconf 86' lang='lat' dir='ltr'><strong>ex</strong></span> <span class='ocrx_word' id='word_1_445' title='bbox 2010 2488 2075 2528; x_wconf 89' lang='lat' dir='ltr'><strong>ea</strong></span> <span class='ocrx_word' id='word_1_446' title='bbox 2098 2488 2220 2543; x_wconf 77' lang='lat' dir='ltr'><strong>quae</strong></span> <span class='ocrx_word' id='word_1_447' title='bbox 2266 2474 2423 2544; x_wconf 91' lang='lat' dir='ltr'><strong>prius</strong></span> <span class='ocrx_word' id='word_1_448' title='bbox 2453 2473 2558 2528; x_wconf 83' lang='lat' dir='ltr'><strong>fuit</strong></span> <span class='ocrx_word' id='word_1_449' title='bbox 2598 2474 2851 2535; x_wconf 88' lang='lat' dir='ltr'><strong>materia.</strong></span> <span class='ocrx_word' id='word_1_450' title='bbox 2882 2476 2980 2531; x_wconf 88' lang='lat' dir='ltr'><strong>sed</strong></span> <span class='ocrx_word' id='word_1_451' title='bbox 3011 2492 3079 2531; x_wconf 87' lang='lat' dir='ltr'><strong>ex</strong></span> <span class='ocrx_word' id='word_1_452' title='bbox 3107 2475 3284 2530; x_wconf 85' lang='lat' dir='ltr'><strong>nihilo</strong></span> <span class='ocrx_word' id='word_1_453' title='bbox 3307 2475 3511 2546; x_wconf 84' lang='lat' dir='ltr'><strong>produ-</strong></span> 
     </span>
    </p>
   </div>
   <div class='ocr_carea' id='block_1_63' title="bbox 1927 2565 3506 2641">
    <p class='ocr_par' dir='ltr' id='par_1_63' title="bbox 1927 2565 3506 2641">
     <span class='ocr_line' id='line_1_63' title="bbox 1927 2565 3506 2641; baseline 0.004 -23"><span class='ocrx_word' id='word_1_454' title='bbox 1927 2565 2008 2619; x_wconf 88' lang='lat' dir='ltr'><strong>xit</strong></span> <span class='ocrx_word' id='word_1_455' title='bbox 2026 2575 2079 2620; x_wconf 84' lang='lat' dir='ltr'><strong>ct</strong></span> <span class='ocrx_word' id='word_1_456' title='bbox 2105 2581 2169 2621; x_wconf 93' lang='lat' dir='ltr'><strong>ca</strong></span> <span class='ocrx_word' id='word_1_457' title='bbox 2191 2582 2314 2636; x_wconf 71' lang='lat' dir='ltr'><strong>quae</strong></span> <span class='ocrx_word' id='word_1_458' title='bbox 2333 2567 2539 2622; x_wconf 89' lang='lat' dir='ltr'><strong>cadunt</strong></span> <span class='ocrx_word' id='word_1_459' title='bbox 2568 2569 2671 2623; x_wconf 89' lang='lat' dir='ltr'><strong>sub</strong></span> <span class='ocrx_word' id='word_1_460' title='bbox 2698 2568 3111 2641; x_wconf 81' lang='lat' dir='ltr'><strong>intelligentiam</strong></span> <span class='ocrx_word' id='word_1_461' title='bbox 3141 2578 3198 2625; x_wconf 90' lang='lat' dir='ltr'><strong>et</strong></span> <span class='ocrx_word' id='word_1_462' title='bbox 3215 2570 3506 2625; x_wconf 89' lang='lat' dir='ltr'><strong>elementa.</strong></span> 
     </span>
    </p>
   </div>
   <div class='ocr_carea' id='block_1_64' title="bbox 1929 2657 3511 2732">
    <p class='ocr_par' dir='ltr' id='par_1_64' title="bbox 1929 2657 3511 2732">
     <span class='ocr_line' id='line_1_64' title="bbox 1929 2657 3511 2732; baseline 0.004 -21"><span class='ocrx_word' id='word_1_463' title='bbox 1929 2657 2160 2712; x_wconf 87' lang='lat' dir='ltr'><strong>Divinus</strong></span> <span class='ocrx_word' id='word_1_464' title='bbox 2191 2666 2374 2713; x_wconf 89' lang='lat' dir='ltr'><strong>autem</strong></span> <span class='ocrx_word' id='word_1_465' title='bbox 2405 2668 2464 2714; x_wconf 90' lang='lat' dir='ltr'><strong>et</strong></span> <span class='ocrx_word' id='word_1_466' title='bbox 2514 2660 2775 2715; x_wconf 82' lang='lat' dir='ltr'><strong>sublimis</strong></span> <span class='ocrx_word' id='word_1_467' title='bbox 2815 2660 3076 2727; x_wconf 86' lang='lat' dir='ltr'><strong>Basilius,</strong></span> <span class='ocrx_word' id='word_1_468' title='bbox 3122 2663 3346 2717; x_wconf 85' lang='lat' dir='ltr'><strong>solvens</strong></span> <span class='ocrx_word' id='word_1_469' title='bbox 3388 2678 3511 2732; x_wconf 67' lang='lat' dir='ltr'><strong>qua:</strong></span> 
     </span>
    </p>
   </div>
   <div class='ocr_carea' id='block_1_65' title="bbox 1928 2749 3506 2823">
    <p class='ocr_par' dir='ltr' id='par_1_65' title="bbox 1928 2749 3506 2823">
     <span class='ocr_line' id='line_1_65' title="bbox 1928 2749 3506 2823; baseline 0.003 -20"><span class='ocrx_word' id='word_1_470' title='bbox 1928 2749 1998 2804; x_wconf 81' lang='lat' dir='ltr'><strong>de</strong></span> <span class='ocrx_word' id='word_1_471' title='bbox 2026 2750 2314 2821; x_wconf 77' lang='lat' dir='ltr'><strong>principio</strong></span> <span class='ocrx_word' id='word_1_472' title='bbox 2356 2751 2595 2806; x_wconf 83' lang='lat' dir='ltr'><strong>infertur</strong></span> <span class='ocrx_word' id='word_1_473' title='bbox 2650 2751 3062 2823; x_wconf 85' lang='lat' dir='ltr'><strong>objectionem.</strong></span> <span class='ocrx_word' id='word_1_474' title='bbox 3114 2752 3258 2808; x_wconf 81' lang='lat' dir='ltr'><strong>dixit</strong></span> <span class='ocrx_word' id='word_1_475' title='bbox 3316 2754 3506 2809; x_wconf 90' lang='lat' dir='ltr'><strong>scnsili</strong></span> 
     </span>
    </p>
   </div>
   <div class='ocr_carea' id='block_1_66' title="bbox 1928 2842 3509 2917">
    <p class='ocr_par' dir='ltr' id='par_1_66' title="bbox 1928 2842 3509 2917">
     <span class='ocr_line' id='line_1_66' title="bbox 1928 2842 3509 2917; baseline 0.002 -20"><span class='ocrx_word' id='word_1_476' title='bbox 1928 2842 2139 2898; x_wconf 90' lang='lat' dir='ltr'><strong>mundo</strong></span> <span class='ocrx_word' id='word_1_477' title='bbox 2188 2858 2312 2899; x_wconf 89' lang='lat' dir='ltr'><strong>esse</strong></span> <span class='ocrx_word' id='word_1_478' title='bbox 2361 2845 2724 2899; x_wconf 79' lang='lat' dir='ltr'><strong>vetustiorem</strong></span> <span class='ocrx_word' id='word_1_479' title='bbox 2760 2843 3191 2917; x_wconf 86' lang='lat' dir='ltr'><strong>intelligentium</strong></span> <span class='ocrx_word' id='word_1_480' title='bbox 3238 2847 3509 2901; x_wconf 76' lang='lat' dir='ltr'><strong>virtutum</strong></span> 
     </span>
    </p>
   </div>
   <div class='ocr_carea' id='block_1_67' title="bbox 1929 2933 3512 3008">
    <p class='ocr_par' dir='ltr' id='par_1_67' title="bbox 1929 2933 3512 3008">
     <span class='ocr_line' id='line_1_67' title="bbox 1929 2933 3512 3008; baseline 0.002 -20"><span class='ocrx_word' id='word_1_481' title='bbox 1929 2933 2406 2989; x_wconf 85' lang='lat' dir='ltr'><strong>constitutionem.</strong></span> <span class='ocrx_word' id='word_1_482' title='bbox 2460 2934 2678 2990; x_wconf 87' lang='lat' dir='ltr'><strong>Rursus</strong></span> <span class='ocrx_word' id='word_1_483' title='bbox 2702 2943 2886 2990; x_wconf 88' lang='lat' dir='ltr'><strong>autem</strong></span> <span class='ocrx_word' id='word_1_484' title='bbox 2915 2935 2982 2989; x_wconf 84' lang='lat' dir='ltr'><strong>ad</strong></span> <span class='ocrx_word' id='word_1_485' title='bbox 3015 2936 3070 2991; x_wconf 91' lang='lat' dir='ltr'><strong>id</strong></span> <span class='ocrx_word' id='word_1_486' title='bbox 3094 2936 3240 3006; x_wconf 87' lang='lat' dir='ltr'><strong>quod</strong></span> <span class='ocrx_word' id='word_1_487' title='bbox 3282 2937 3512 3008; x_wconf 87' lang='lat' dir='ltr'><strong>subjun-</strong></span> 
     </span>
    </p>
   </div>
   <div class='ocr_carea' id='block_1_68' title="bbox 1928 3024 3516 3096">
    <p class='ocr_par' dir='ltr' id='par_1_68' title="bbox 1928 3024 3516 3096">
     <span class='ocr_line' id='line_1_68' title="bbox 1928 3024 3516 3096; baseline 0.003 -17"><span class='ocrx_word' id='word_1_488' title='bbox 1928 3024 2112 3096; x_wconf 87' lang='lat' dir='ltr'><strong>gitur:</strong></span> <span class='ocrx_word' id='word_1_489' title='bbox 2140 3025 2279 3081; x_wconf 82' lang='lat' dir='ltr'><strong>Fecit</strong></span> <span class='ocrx_word' id='word_1_490' title='bbox 2307 3026 2442 3081; x_wconf 81' lang='lat' dir='ltr'><strong>Deus</strong></span> <span class='ocrx_word' id='word_1_491' title='bbox 2471 3027 2658 3082; x_wconf 64' lang='lat' dir='ltr'><strong>caelum</strong></span> <span class='ocrx_word' id='word_1_492' title='bbox 2680 3035 2737 3080; x_wconf 26' lang='lat' dir='ltr'><strong>ret</strong></span> <span class='ocrx_word' id='word_1_493' title='bbox 2763 3035 2986 3094; x_wconf 86' lang='lat' dir='ltr'><strong>terram,</strong></span> <span class='ocrx_word' id='word_1_494' title='bbox 3016 3027 3342 3084; x_wconf 87' lang='lat' dir='ltr'><strong>dubitarunt</strong></span> <span class='ocrx_word' id='word_1_495' title='bbox 3371 3044 3516 3083; x_wconf 87' lang='lat' dir='ltr'><strong>non-</strong></span> 
     </span>
    </p>
   </div>
   <div class='ocr_carea' id='block_1_69' title="bbox 1929 3118 3511 3189">
    <p class='ocr_par' dir='ltr' id='par_1_69' title="bbox 1929 3118 3511 3189">
     <span class='ocr_line' id='line_1_69' title="bbox 1929 3118 3511 3189; baseline 0.003 -17"><span class='ocrx_word' id='word_1_496' title='bbox 1929 3118 2089 3184; x_wconf 90' lang='lat' dir='ltr'><strong>nulli,</strong></span> <span class='ocrx_word' id='word_1_497' title='bbox 2123 3119 2217 3189; x_wconf 90' lang='lat' dir='ltr'><strong>qui</strong></span> <span class='ocrx_word' id='word_1_498' title='bbox 2257 3126 2387 3174; x_wconf 89' lang='lat' dir='ltr'><strong>sunt</strong></span> <span class='ocrx_word' id='word_1_499' title='bbox 2409 3119 2641 3175; x_wconf 62' lang='lat' dir='ltr'><strong>diversae</strong></span> <span class='ocrx_word' id='word_1_500' title='bbox 2670 3135 2701 3175; x_wconf 93' lang='lat' dir='ltr'><strong>a</strong></span> <span class='ocrx_word' id='word_1_501' title='bbox 2730 3120 2894 3176; x_wconf 87' lang='lat' dir='ltr'><strong>nobis</strong></span> <span class='ocrx_word' id='word_1_502' title='bbox 2932 3122 3217 3177; x_wconf 73' lang='lat' dir='ltr'><strong>sententia:</strong></span> <span class='ocrx_word' id='word_1_503' title='bbox 3236 3141 3248 3177; x_wconf 92' lang='lat'>:</span> <span class='ocrx_word' id='word_1_504' title='bbox 3269 3137 3370 3176; x_wconf 91' lang='lat' dir='ltr'><strong>cur</strong></span> <span class='ocrx_word' id='word_1_505' title='bbox 3397 3136 3511 3176; x_wconf 84' lang='lat' dir='ltr'><strong>non</strong></span> 
     </span>
    </p>
   </div>
   <div class='ocr_carea' id='block_1_70' title="bbox 1929 3212 3513 3284">
    <p class='ocr_par' dir='ltr' id='par_1_70' title="bbox 1929 3212 3513 3284">
     <span class='ocr_line' id='line_1_70' title="bbox 1929 3212 3513 3284; baseline 0.001 -17"><span class='ocrx_word' id='word_1_506' title='bbox 1929 3212 2227 3283; x_wconf 85' lang='lat' dir='ltr'><strong>conjunxit</strong></span> <span class='ocrx_word' id='word_1_507' title='bbox 2253 3213 2494 3283; x_wconf 88' lang='lat' dir='ltr'><strong>scriptor</strong></span> <span class='ocrx_word' id='word_1_508' title='bbox 2532 3230 2803 3284; x_wconf 89' lang='lat' dir='ltr'><strong>aquarum</strong></span> <span class='ocrx_word' id='word_1_509' title='bbox 2858 3223 2915 3270; x_wconf 85' lang='lat' dir='ltr'><strong>et</strong></span> <span class='ocrx_word' id='word_1_510' title='bbox 2953 3215 3306 3272; x_wconf 83' lang='lat' dir='ltr'><strong>tenebrarum</strong></span> <span class='ocrx_word' id='word_1_511' title='bbox 3359 3231 3513 3272; x_wconf 86' lang='lat' dir='ltr'><strong>crca-</strong></span> 
     </span>
    </p>
   </div>
   <div class='ocr_carea' id='block_1_71' title="bbox 1932 3304 3511 3379">
    <p class='ocr_par' dir='ltr' id='par_1_71' title="bbox 1932 3304 3511 3379">
     <span class='ocr_line' id='line_1_71' title="bbox 1932 3304 3511 3379; baseline 0.004 -21"><span class='ocrx_word' id='word_1_512' title='bbox 1932 3304 2158 3359; x_wconf 89' lang='lat' dir='ltr'><strong>tionem.</strong></span> <span class='ocrx_word' id='word_1_513' title='bbox 2188 3304 2459 3360; x_wconf 71' lang='lat' dir='ltr'><strong>Praeterea</strong></span> <span class='ocrx_word' id='word_1_514' title='bbox 2480 3305 2549 3361; x_wconf 93' lang='lat' dir='ltr'><strong>de</strong></span> <span class='ocrx_word' id='word_1_515' title='bbox 2593 3306 2805 3376; x_wconf 78' lang='lat' dir='ltr'><strong>Spiritu</strong></span> <span class='ocrx_word' id='word_1_516' title='bbox 2828 3323 3050 3379; x_wconf 90' lang='lat' dir='ltr'><strong>quoque</strong></span> <span class='ocrx_word' id='word_1_517' title='bbox 3075 3309 3169 3378; x_wconf 91' lang='lat' dir='ltr'><strong>qui</strong></span> <span class='ocrx_word' id='word_1_518' title='bbox 3195 3309 3511 3379; x_wconf 87' lang='lat' dir='ltr'><strong>superfere-</strong></span> 
     </span>
    </p>
   </div>
   <div class='ocr_carea' id='block_1_72' title="bbox 1929 3396 3514 3470">
    <p class='ocr_par' dir='ltr' id='par_1_72' title="bbox 1929 3396 3514 3470">
     <span class='ocr_line' id='line_1_72' title="bbox 1929 3396 3514 3470; baseline 0.006 -20"><span class='ocrx_word' id='word_1_519' title='bbox 1929 3396 2115 3463; x_wconf 84' lang='lat' dir='ltr'><strong>batur,</strong></span> <span class='ocrx_word' id='word_1_520' title='bbox 2151 3413 2276 3453; x_wconf 89' lang='lat' dir='ltr'><strong>cum</strong></span> <span class='ocrx_word' id='word_1_521' title='bbox 2307 3414 2463 3470; x_wconf 73' lang='lat' dir='ltr'><strong>aqua:</strong></span> <span class='ocrx_word' id='word_1_522' title='bbox 2500 3400 2728 3470; x_wconf 88' lang='lat' dir='ltr'><strong>quidem</strong></span> <span class='ocrx_word' id='word_1_523' title='bbox 2766 3401 3066 3457; x_wconf 89' lang='lat' dir='ltr'><strong>videantur</strong></span> <span class='ocrx_word' id='word_1_524' title='bbox 3097 3418 3219 3460; x_wconf 87' lang='lat' dir='ltr'><strong>esse</strong></span> <span class='ocrx_word' id='word_1_525' title='bbox 3243 3410 3368 3458; x_wconf 88' lang='lat' dir='ltr'><strong>ante</strong></span> <span class='ocrx_word' id='word_1_526' title='bbox 3402 3418 3514 3458; x_wconf 75' lang='lat' dir='ltr'><strong>em-</strong></span> 
     </span>
    </p>
   </div>
   <div class='ocr_carea' id='block_1_73' title="bbox 1928 3491 3511 3567">
    <p class='ocr_par' dir='ltr' id='par_1_73' title="bbox 1928 3491 3511 3567">
     <span class='ocr_line' id='line_1_73' title="bbox 1928 3491 3511 3567; baseline 0.003 -21"><span class='ocrx_word' id='word_1_527' title='bbox 1928 3491 2043 3547; x_wconf 92' lang='lat' dir='ltr'><strong>lum</strong></span> <span class='ocrx_word' id='word_1_528' title='bbox 2089 3502 2146 3549; x_wconf 88' lang='lat' dir='ltr'><strong>et</strong></span> <span class='ocrx_word' id='word_1_529' title='bbox 2179 3503 2418 3556; x_wconf 85' lang='lat' dir='ltr'><strong>terram,</strong></span> <span class='ocrx_word' id='word_1_530' title='bbox 2465 3504 2653 3552; x_wconf 88' lang='lat' dir='ltr'><strong>essent</strong></span> <span class='ocrx_word' id='word_1_531' title='bbox 2700 3506 2915 3552; x_wconf 89' lang='lat' dir='ltr'><strong>autem-</strong></span> <span class='ocrx_word' id='word_1_532' title='bbox 2948 3495 3191 3551; x_wconf 63' lang='lat' dir='ltr'><strong>tenebrae</strong></span> <span class='ocrx_word' id='word_1_533' title='bbox 3229 3495 3284 3549; x_wconf 89' lang='lat' dir='ltr'><strong>in</strong></span> <span class='ocrx_word' id='word_1_534' title='bbox 3330 3495 3511 3567; x_wconf 77' lang='lat' dir='ltr'><strong>abyssi</strong></span> 
     </span>
    </p>
   </div>
   <div class='ocr_carea' id='block_1_74' title="bbox 1932 3584 3517 3655">
    <p class='ocr_par' dir='ltr' id='par_1_74' title="bbox 1932 3584 3517 3655">
     <span class='ocr_line' id='line_1_74' title="bbox 1932 3584 3517 3655; baseline 0.003 -16"><span class='ocrx_word' id='word_1_535' title='bbox 1932 3584 2247 3655; x_wconf 81' lang='lat' dir='ltr'><strong>superﬁcie,</strong></span> <span class='ocrx_word' id='word_1_536' title='bbox 2278 3587 2515 3642; x_wconf 86' lang='lat' dir='ltr'><strong>maxime</strong></span> <span class='ocrx_word' id='word_1_537' title='bbox 2541 3602 2668 3642; x_wconf 89' lang='lat' dir='ltr'><strong>cum</strong></span> <span class='ocrx_word' id='word_1_538' title='bbox 2718 3595 2905 3644; x_wconf 88' lang='lat' dir='ltr'><strong>essent</strong></span> <span class='ocrx_word' id='word_1_539' title='bbox 2954 3588 3118 3644; x_wconf 90' lang='lat' dir='ltr'><strong>etiam</strong></span> <span class='ocrx_word' id='word_1_540' title='bbox 3154 3588 3396 3643; x_wconf 64' lang='lat' dir='ltr'><strong>tenebrae</strong></span> <span class='ocrx_word' id='word_1_541' title='bbox 3423 3589 3517 3644; x_wconf 90' lang='lat' dir='ltr'><strong>hic</strong></span> 
     </span>
    </p>
   </div>
   <div class='ocr_carea' id='block_1_75' title="bbox 1932 3675 3518 3750">
    <p class='ocr_par' dir='ltr' id='par_1_75' title="bbox 1932 3675 3518 3750">
     <span class='ocr_line' id='line_1_75' title="bbox 1932 3675 3518 3750; baseline 0.003 -21"><span class='ocrx_word' id='word_1_542' title='bbox 1932 3676 2092 3745; x_wconf 84' lang='lat' dir='ltr'><strong>aquis</strong></span> <span class='ocrx_word' id='word_1_543' title='bbox 2111 3675 2545 3747; x_wconf 79' lang='lat' dir='ltr'><strong>circumscriptae</strong></span> <span class='ocrx_word' id='word_1_544' title='bbox 2567 3717 2593 3741; x_wconf 90' lang='lat'><strong>,.</strong></span> <span class='ocrx_word' id='word_1_545' title='bbox 2626 3679 2794 3749; x_wconf 74' lang='lat'><strong>860</strong></span> <span class='ocrx_word' id='word_1_546' title='bbox 2815 3679 3091 3749; x_wconf 85' lang='lat' dir='ltr'><strong>quomodo</strong></span> <span class='ocrx_word' id='word_1_547' title='bbox 3116 3679 3321 3734; x_wconf 88' lang='lat' dir='ltr'><strong>dicitur</strong></span> <span class='ocrx_word' id='word_1_548' title='bbox 3349 3696 3518 3750; x_wconf 86' lang='lat' dir='ltr'><strong>super</strong></span> 
     </span>
    </p>
   </div>
   <div class='ocr_carea' id='block_1_76' title="bbox 1933 3763 3517 3839">
    <p class='ocr_par' dir='ltr' id='par_1_76' title="bbox 1933 3763 3517 3839">
     <span class='ocr_line' id='line_1_76' title="bbox 1933 3763 3517 3839; baseline 0.003 -21"><span class='ocrx_word' id='word_1_549' title='bbox 1933 3778 2027 3819; x_wconf 85' lang='lat' dir='ltr'><strong>eas</strong></span> <span class='ocrx_word' id='word_1_550' title='bbox 2048 3763 2179 3819; x_wconf 89' lang='lat' dir='ltr'><strong>ferri</strong></span> <span class='ocrx_word' id='word_1_551' title='bbox 2229 3764 2467 3836; x_wconf 74' lang='lat' dir='ltr'><strong>Spiritus</strong></span> <span class='ocrx_word' id='word_1_552' title='bbox 2505 3775 2728 3821; x_wconf 85' lang='lat' dir='ltr'><strong>sanctus</strong></span> <span class='ocrx_word' id='word_1_553' title='bbox 2760 3768 3101 3833; x_wconf 84' lang='lat' dir='ltr'><strong>illuminans,</strong></span> <span class='ocrx_word' id='word_1_554' title='bbox 3131 3776 3186 3824; x_wconf 89' lang='lat' dir='ltr'><strong>et</strong></span> <span class='ocrx_word' id='word_1_555' title='bbox 3236 3771 3517 3839; x_wconf 79' lang='lat' dir='ltr'><strong>quomodo</strong></span> 
     </span>
    </p>
   </div>
   <div class='ocr_carea' id='block_1_77' title="bbox 142 3846 3517 3932">
    <p class='ocr_par' dir='ltr' id='par_1_77' title="bbox 142 3846 3517 3932">
     <span class='ocr_line' id='line_1_77' title="bbox 142 3846 3517 3932; baseline 0.004 -30"><span class='ocrx_word' id='word_1_556' title='bbox 142 3846 145 3849; x_wconf 36' lang='grc' dir='ltr'>λ</span> <span class='ocrx_word' id='word_1_557' title='bbox 239 3849 577 3923; x_wconf 88' lang='lat' dir='ltr'><strong>principium</strong></span> <span class='ocrx_word' id='word_1_558' title='bbox 637 3852 820 3904; x_wconf 88' lang='lat' dir='ltr'><strong>omnia</strong></span> <span class='ocrx_word' id='word_1_559' title='bbox 876 3850 1150 3922; x_wconf 89' lang='lat' dir='ltr'><strong>principia</strong></span> <span class='ocrx_word' id='word_1_560' title='bbox 1212 3867 1518 3922; x_wconf 87' lang='lat' dir='ltr'><strong>superans,</strong></span> <span class='ocrx_word' id='word_1_561' title='bbox 1577 3853 1822 3923; x_wconf 87' lang='lat' dir='ltr'><strong>primum</strong></span> <span class='ocrx_word' id='word_1_562' title='bbox 1856 3873 1899 3932; x_wconf 74' lang='grc' dir='ltr'>ο</span> <span class='ocrx_word' id='word_1_563' title='bbox 1936 3856 2099 3912; x_wconf 89' lang='lat' dir='ltr'><strong>simul</strong></span> <span class='ocrx_word' id='word_1_564' title='bbox 2122 3866 2246 3912; x_wconf 89' lang='lat' dir='ltr'><strong>erat</strong></span> <span class='ocrx_word' id='word_1_565' title='bbox 2270 3873 2396 3913; x_wconf 85' lang='lat' dir='ltr'><strong>cum</strong></span> <span class='ocrx_word' id='word_1_566' title='bbox 2422 3857 2668 3921; x_wconf 79' lang='lat' dir='ltr'><strong>tenebris</strong></span> <span class='ocrx_word' id='word_1_567' title='bbox 2687 3858 2785 3913; x_wconf 90' lang='lat' dir='ltr'><strong>Dei</strong></span> <span class='ocrx_word' id='word_1_568' title='bbox 2810 3858 3052 3929; x_wconf 87' lang='lat' dir='ltr'><strong>Spiritus</strong></span> <span class='ocrx_word' id='word_1_569' title='bbox 3071 3859 3167 3931; x_wconf 90' lang='lat' dir='ltr'><strong>qui</strong></span> <span class='ocrx_word' id='word_1_570' title='bbox 3200 3869 3285 3916; x_wconf 90' lang='lat' dir='ltr'><strong>est</strong></span> <span class='ocrx_word' id='word_1_571' title='bbox 3323 3870 3517 3915; x_wconf 89' lang='lat' dir='ltr'><strong>auctor</strong></span> 
     </span>
    </p>
   </div>
   <div class='ocr_carea' id='block_1_78' title="bbox 1932 3949 3521 4021">
    <p class='ocr_par' dir='ltr' id='par_1_78' title="bbox 1932 3949 3521 4021">
     <span class='ocr_line' id='line_1_78' title="bbox 1932 3949 3521 4021; baseline 0 -16"><span class='ocrx_word' id='word_1_572' title='bbox 1932 3949 2102 4005; x_wconf 91' lang='lat' dir='ltr'><strong>dandi</strong></span> <span class='ocrx_word' id='word_1_573' title='bbox 2134 3949 2406 4005; x_wconf 84' lang='lat' dir='ltr'><strong>luminis?</strong></span> <span class='ocrx_word' id='word_1_574' title='bbox 2439 3949 2520 4005; x_wconf 82' lang='lat' dir='ltr'><strong>Ad</strong></span> <span class='ocrx_word' id='word_1_575' title='bbox 2552 3949 2697 4004; x_wconf 85' lang='lat' dir='ltr'><strong>hanc</strong></span> <span class='ocrx_word' id='word_1_576' title='bbox 2730 3965 2863 4020; x_wconf 87' lang='lat' dir='ltr'><strong>ergo</strong></span> <span class='ocrx_word' id='word_1_577' title='bbox 2885 3950 3254 4021; x_wconf 88' lang='lat' dir='ltr'><strong>objectionem</strong></span> <span class='ocrx_word' id='word_1_578' title='bbox 3290 3966 3521 4021; x_wconf 87' lang='lat' dir='ltr'><strong>respon-</strong></span> 
     </span>
    </p>
   </div>
   <div class='ocr_carea' id='block_1_79' title="bbox 1931 4039 3520 4111">
    <p class='ocr_par' dir='ltr' id='par_1_79' title="bbox 1931 4039 3520 4111">
     <span class='ocr_line' id='line_1_79' title="bbox 1931 4039 3520 4111; baseline 0 -17"><span class='ocrx_word' id='word_1_579' title='bbox 1931 4039 2136 4097; x_wconf 85' lang='lat' dir='ltr'><strong>derunt</strong></span> <span class='ocrx_word' id='word_1_580' title='bbox 2185 4040 2412 4110; x_wconf 84' lang='lat' dir='ltr'><strong>quidam</strong></span> <span class='ocrx_word' id='word_1_581' title='bbox 2456 4039 2802 4110; x_wconf 87' lang='lat' dir='ltr'><strong>expositores</strong></span> <span class='ocrx_word' id='word_1_582' title='bbox 2868 4042 3039 4111; x_wconf 91' lang='lat' dir='ltr'><strong>quod,</strong></span> <span class='ocrx_word' id='word_1_583' title='bbox 3096 4057 3222 4097; x_wconf 91' lang='lat' dir='ltr'><strong>cum</strong></span> <span class='ocrx_word' id='word_1_584' title='bbox 3289 4040 3520 4097; x_wconf 89' lang='lat' dir='ltr'><strong>dixisset</strong></span> 
     </span>
    </p>
   </div>
   <div class='ocr_carea' id='block_1_80' title="bbox 1930 4132 3591 4206">
    <p class='ocr_par' dir='ltr' id='par_1_80' title="bbox 1930 4132 3591 4206">
     <span class='ocr_line' id='line_1_80' title="bbox 1930 4132 3591 4206; baseline -0.002 -16"><span class='ocrx_word' id='word_1_585' title='bbox 1930 4134 2172 4203; x_wconf 87' lang='lat' dir='ltr'><strong>scriptor</strong></span> <span class='ocrx_word' id='word_1_586' title='bbox 2200 4134 2326 4190; x_wconf 70' lang='lat' dir='ltr'><strong>cmli</strong></span> <span class='ocrx_word' id='word_1_587' title='bbox 2350 4142 2406 4189; x_wconf 90' lang='lat' dir='ltr'><strong>et</strong></span> <span class='ocrx_word' id='word_1_588' title='bbox 2439 4142 2602 4189; x_wconf 80' lang='lat' dir='ltr'><strong>teme</strong></span> <span class='ocrx_word' id='word_1_589' title='bbox 2630 4133 2994 4199; x_wconf 88' lang='lat' dir='ltr'><strong>creationem,</strong></span> <span class='ocrx_word' id='word_1_590' title='bbox 3042 4150 3144 4206; x_wconf 86' lang='lat' dir='ltr'><strong>per</strong></span> <span class='ocrx_word' id='word_1_591' title='bbox 3171 4141 3416 4190; x_wconf 88' lang='lat' dir='ltr'><strong>extrema</strong></span> <span class='ocrx_word' id='word_1_592' title='bbox 3443 4132 3520 4187; x_wconf 86' lang='lat' dir='ltr'><strong>si-</strong></span> <span class='ocrx_word' id='word_1_593' title='bbox 3582 4146 3591 4155; x_wconf 74' lang='lat'><strong><em>‘</em></strong></span> 
     </span>
    </p>
   </div>
   <div class='ocr_carea' id='block_1_81' title="bbox 1931 4223 3518 4294">
    <p class='ocr_par' dir='ltr' id='par_1_81' title="bbox 1931 4223 3518 4294">
     <span class='ocr_line' id='line_1_81' title="bbox 1931 4223 3518 4294; baseline -0.001 -15"><span class='ocrx_word' id='word_1_594' title='bbox 1931 4225 2045 4279; x_wconf 90' lang='lat' dir='ltr'><strong>mul</strong></span> <span class='ocrx_word' id='word_1_595' title='bbox 2069 4223 2492 4294; x_wconf 85' lang='lat' dir='ltr'><strong>comprehendit</strong></span> <span class='ocrx_word' id='word_1_596' title='bbox 2519 4231 2748 4279; x_wconf 89' lang='lat' dir='ltr'><strong>cunctas</strong></span> <span class='ocrx_word' id='word_1_597' title='bbox 2780 4239 2904 4294; x_wconf 69' lang='lat' dir='ltr'><strong>quae</strong></span> <span class='ocrx_word' id='word_1_598' title='bbox 2926 4224 3345 4280; x_wconf 84' lang='lat' dir='ltr'><strong>intercedebant</strong></span> <span class='ocrx_word' id='word_1_599' title='bbox 3365 4238 3518 4278; x_wconf 90' lang='lat' dir='ltr'><strong>crea-</strong></span> 
     </span>
    </p>
   </div>
   <div class='ocr_carea' id='block_1_82' title="bbox 1934 4314 3513 4386">
    <p class='ocr_par' dir='ltr' id='par_1_82' title="bbox 1934 4314 3513 4386">
     <span class='ocr_line' id='line_1_82' title="bbox 1934 4314 3513 4386; baseline -0.001 -16"><span class='ocrx_word' id='word_1_600' title='bbox 1934 4324 2110 4370; x_wconf 89' lang='lat' dir='ltr'><strong>turas.</strong></span> <span class='ocrx_word' id='word_1_601' title='bbox 2134 4314 2242 4370; x_wconf 88' lang='lat' dir='ltr'><strong>Sed</strong></span> <span class='ocrx_word' id='word_1_602' title='bbox 2277 4325 2334 4371; x_wconf 86' lang='lat' dir='ltr'><strong>et</strong></span> <span class='ocrx_word' id='word_1_603' title='bbox 2364 4315 2496 4370; x_wconf 82' lang='lat' dir='ltr'><strong>hinc</strong></span> <span class='ocrx_word' id='word_1_604' title='bbox 2518 4315 2622 4370; x_wconf 87' lang='lat' dir='ltr'><strong>alia</strong></span> <span class='ocrx_word' id='word_1_605' title='bbox 2643 4329 2866 4386; x_wconf 91' lang='lat' dir='ltr'><strong>quoque</strong></span> <span class='ocrx_word' id='word_1_606' title='bbox 2892 4314 3165 4385; x_wconf 89' lang='lat' dir='ltr'><strong>processit</strong></span> <span class='ocrx_word' id='word_1_607' title='bbox 3192 4315 3469 4370; x_wconf 91' lang='lat' dir='ltr'><strong>dubitatio</strong></span> <span class='ocrx_word' id='word_1_608' title='bbox 3497 4331 3513 4369; x_wconf 89' lang='lat'>:</span> 
     </span>
    </p>
   </div>
   <div class='ocr_carea' id='block_1_83' title="bbox 1931 4403 3518 4477">
    <p class='ocr_par' dir='ltr' id='par_1_83' title="bbox 1931 4403 3518 4477">
     <span class='ocr_line' id='line_1_83' title="bbox 1931 4403 3518 4477; baseline 0.001 -16"><span class='ocrx_word' id='word_1_609' title='bbox 1931 4403 2223 4474; x_wconf 81' lang='lat' dir='ltr'><strong>Quomodo</strong></span> <span class='ocrx_word' id='word_1_610' title='bbox 2248 4407 2418 4473; x_wconf 89' lang='lat' dir='ltr'><strong>enim,</strong></span> <span class='ocrx_word' id='word_1_611' title='bbox 2448 4406 2650 4477; x_wconf 90' lang='lat' dir='ltr'><strong>inquit,</strong></span> <span class='ocrx_word' id='word_1_612' title='bbox 2672 4417 2799 4477; x_wconf 89' lang='lat' dir='ltr'><strong>post</strong></span> <span class='ocrx_word' id='word_1_613' title='bbox 2818 4407 3017 4463; x_wconf 77' lang='lat' dir='ltr'><strong>ccelum</strong></span> <span class='ocrx_word' id='word_1_614' title='bbox 3040 4415 3095 4462; x_wconf 81' lang='lat' dir='ltr'><strong>et</strong></span> <span class='ocrx_word' id='word_1_615' title='bbox 3123 4415 3332 4462; x_wconf 88' lang='lat' dir='ltr'><strong>terram</strong></span> <span class='ocrx_word' id='word_1_616' title='bbox 3362 4406 3518 4463; x_wconf 82' lang='lat' dir='ltr'><strong>vide-</strong></span> 
     </span>
    </p>
   </div>
   <div class='ocr_carea' id='block_1_84' title="bbox 1934 4498 3515 4566">
    <p class='ocr_par' dir='ltr' id='par_1_84' title="bbox 1934 4498 3515 4566">
     <span class='ocr_line' id='line_1_84' title="bbox 1934 4498 3515 4566; baseline -0.002 -11"><span class='ocrx_word' id='word_1_617' title='bbox 1934 4508 2025 4555; x_wconf 93' lang='lat' dir='ltr'><strong>tur</strong></span> <span class='ocrx_word' id='word_1_618' title='bbox 2053 4500 2201 4555; x_wconf 86' lang='lat' dir='ltr'><strong>Deus</strong></span> <span class='ocrx_word' id='word_1_619' title='bbox 2231 4499 2429 4555; x_wconf 84' lang='lat' dir='ltr'><strong>fecisse</strong></span> <span class='ocrx_word' id='word_1_620' title='bbox 2450 4498 2674 4555; x_wconf 83' lang='lat' dir='ltr'><strong>lucem?</strong></span> <span class='ocrx_word' id='word_1_621' title='bbox 2702 4498 2992 4566; x_wconf 86' lang='lat' dir='ltr'><strong>Quomodo</strong></span> <span class='ocrx_word' id='word_1_622' title='bbox 3011 4507 3206 4554; x_wconf 84' lang='lat' dir='ltr'><strong>autem</strong></span> <span class='ocrx_word' id='word_1_623' title='bbox 3238 4514 3308 4554; x_wconf 88' lang='lat' dir='ltr'><strong>ne</strong></span> <span class='ocrx_word' id='word_1_624' title='bbox 3332 4498 3515 4553; x_wconf 83' lang='lat' dir='ltr'><strong>nomi-</strong></span> 
     </span>
    </p>
   </div>
   <div class='ocr_carea' id='block_1_85' title="bbox 1932 4585 3519 4659">
    <p class='ocr_par' dir='ltr' id='par_1_85' title="bbox 1932 4585 3519 4659">
     <span class='ocr_line' id='line_1_85' title="bbox 1932 4585 3519 4659; baseline -0.001 -14"><span class='ocrx_word' id='word_1_625' title='bbox 1932 4598 2027 4649; x_wconf 87' lang='lat' dir='ltr'><strong>nat</strong></span> <span class='ocrx_word' id='word_1_626' title='bbox 2060 4588 2284 4659; x_wconf 90' lang='lat' dir='ltr'><strong>quidem</strong></span> <span class='ocrx_word' id='word_1_627' title='bbox 2307 4588 2537 4643; x_wconf 86' lang='lat' dir='ltr'><strong>omnino</strong></span> <span class='ocrx_word' id='word_1_628' title='bbox 2558 4585 2703 4658; x_wconf 80' lang='lat' dir='ltr'><strong>ignis</strong></span> <span class='ocrx_word' id='word_1_629' title='bbox 2735 4589 3077 4644; x_wconf 86' lang='lat' dir='ltr'><strong>creationem</strong></span> <span class='ocrx_word' id='word_1_630' title='bbox 3100 4588 3126 4642; x_wconf 83' lang='lat'><strong>?</strong></span> <span class='ocrx_word' id='word_1_631' title='bbox 3157 4587 3279 4655; x_wconf 84' lang='lat' dir='ltr'><strong>Quo</strong></span> <span class='ocrx_word' id='word_1_632' title='bbox 3315 4588 3370 4643; x_wconf 91' lang='lat' dir='ltr'><strong>in</strong></span> <span class='ocrx_word' id='word_1_633' title='bbox 3395 4585 3519 4643; x_wconf 84' lang='lat' dir='ltr'><strong>loco</strong></span> 
     </span>
    </p>
   </div>
   <div class='ocr_carea' id='block_1_86' title="bbox 1932 4680 3520 4752">
    <p class='ocr_par' dir='ltr' id='par_1_86' title="bbox 1932 4680 3520 4752">
     <span class='ocr_line' id='line_1_86' title="bbox 1932 4680 3520 4752; baseline 0 -16"><span class='ocrx_word' id='word_1_634' title='bbox 1932 4696 2061 4736; x_wconf 89' lang='lat' dir='ltr'><strong>cum</strong></span> <span class='ocrx_word' id='word_1_635' title='bbox 2091 4680 2326 4736; x_wconf 84' lang='lat' dir='ltr'><strong>dixisset</strong></span> <span class='ocrx_word' id='word_1_636' title='bbox 2351 4680 2798 4751; x_wconf 87' lang='lat' dir='ltr'><strong>sapientissimus</strong></span> <span class='ocrx_word' id='word_1_637' title='bbox 2829 4680 3131 4752; x_wconf 83' lang='lat' dir='ltr'><strong>Gregorius</strong></span> <span class='ocrx_word' id='word_1_638' title='bbox 3151 4722 3164 4744; x_wconf 92' lang='lat'><strong>,</strong></span> <span class='ocrx_word' id='word_1_639' title='bbox 3191 4681 3369 4736; x_wconf 88' lang='lat' dir='ltr'><strong>lucem</strong></span> <span class='ocrx_word' id='word_1_640' title='bbox 3395 4695 3520 4736; x_wconf 87' lang='lat' dir='ltr'><strong>esse</strong></span> 
     </span>
    </p>
   </div>
   <div class='ocr_carea' id='block_1_87' title="bbox 1931 4772 3521 4843">
    <p class='ocr_par' dir='ltr' id='par_1_87' title="bbox 1931 4772 3521 4843">
     <span class='ocr_line' id='line_1_87' title="bbox 1931 4772 3521 4843; baseline -0.002 -14"><span class='ocrx_word' id='word_1_641' title='bbox 1931 4781 2185 4829; x_wconf 88' lang='lat' dir='ltr'><strong>naturam</strong></span> <span class='ocrx_word' id='word_1_642' title='bbox 2232 4772 2395 4843; x_wconf 90' lang='lat' dir='ltr'><strong>ignis,</strong></span> <span class='ocrx_word' id='word_1_643' title='bbox 2417 4772 2559 4828; x_wconf 72' lang='lat' dir='ltr'><strong>allus</strong></span> <span class='ocrx_word' id='word_1_644' title='bbox 2587 4783 2782 4837; x_wconf 84' lang='lat' dir='ltr'><strong>contra</strong></span> <span class='ocrx_word' id='word_1_645' title='bbox 2819 4772 3097 4828; x_wconf 88' lang='lat' dir='ltr'><strong>dubitavit</strong></span> <span class='ocrx_word' id='word_1_646' title='bbox 3123 4789 3138 4826; x_wconf 85' lang='lat'><strong>:</strong></span> <span class='ocrx_word' id='word_1_647' title='bbox 3166 4772 3235 4827; x_wconf 87' lang='lat' dir='ltr'><strong>Et</strong></span> <span class='ocrx_word' id='word_1_648' title='bbox 3257 4786 3419 4842; x_wconf 89' lang='lat' dir='ltr'><strong>quam</strong></span> <span class='ocrx_word' id='word_1_649' title='bbox 3447 4772 3521 4826; x_wconf 91' lang='lat' dir='ltr'><strong>ob</strong></span> 
     </span>
    </p>
   </div>
   <div class='ocr_carea' id='block_1_88' title="bbox 1933 4862 3521 4936">
    <p class='ocr_par' dir='ltr' id='par_1_88' title="bbox 1933 4862 3521 4936">
     <span class='ocr_line' id='line_1_88' title="bbox 1933 4862 3521 4936; baseline -0.003 -14"><span class='ocrx_word' id='word_1_650' title='bbox 1933 4879 2154 4922; x_wconf 86' lang='lat' dir='ltr'><strong>causam</strong></span> <span class='ocrx_word' id='word_1_651' title='bbox 2181 4879 2294 4919; x_wconf 89' lang='lat' dir='ltr'><strong>non</strong></span> <span class='ocrx_word' id='word_1_652' title='bbox 2323 4864 2623 4934; x_wconf 89' lang='lat' dir='ltr'><strong>appellavit</strong></span> <span class='ocrx_word' id='word_1_653' title='bbox 2666 4864 2849 4936; x_wconf 86' lang='lat' dir='ltr'><strong>ignem</strong></span> <span class='ocrx_word' id='word_1_654' title='bbox 2880 4865 3001 4934; x_wconf 90' lang='lat' dir='ltr'><strong>ipsa</strong></span> <span class='ocrx_word' id='word_1_655' title='bbox 3048 4863 3379 4934; x_wconf 90' lang='lat' dir='ltr'><strong>Scriptura?</strong></span> <span class='ocrx_word' id='word_1_656' title='bbox 3414 4862 3521 4930; x_wconf 86' lang='lat' dir='ltr'><strong>Qui</strong></span> 
     </span>
    </p>
   </div>
   <div class='ocr_carea' id='block_1_89' title="bbox 1934 4956 3523 5028">
    <p class='ocr_par' dir='ltr' id='par_1_89' title="bbox 1934 4956 3523 5028">
     <span class='ocr_line' id='line_1_89' title="bbox 1934 4956 3523 5028; baseline -0.001 -16"><span class='ocrx_word' id='word_1_657' title='bbox 1934 4957 1996 5012; x_wconf 81' lang='lat' dir='ltr'><strong>ﬁt</strong></span> <span class='ocrx_word' id='word_1_658' title='bbox 2027 4966 2212 5013; x_wconf 90' lang='lat' dir='ltr'><strong>autem</strong></span> <span class='ocrx_word' id='word_1_659' title='bbox 2258 4957 2409 5027; x_wconf 90' lang='lat' dir='ltr'><strong>quod</strong></span> <span class='ocrx_word' id='word_1_660' title='bbox 2451 4971 2633 5027; x_wconf 90' lang='lat' dir='ltr'><strong>neque</strong></span> <span class='ocrx_word' id='word_1_661' title='bbox 2655 4957 2791 5023; x_wconf 87' lang='lat' dir='ltr'><strong>urit,</strong></span> <span class='ocrx_word' id='word_1_662' title='bbox 2830 4972 3014 5028; x_wconf 88' lang='lat' dir='ltr'><strong>neque</strong></span> <span class='ocrx_word' id='word_1_663' title='bbox 3054 4956 3327 5019; x_wconf 79' lang='lat' dir='ltr'><strong>calefacit,</strong></span> <span class='ocrx_word' id='word_1_664' title='bbox 3360 4956 3407 5010; x_wconf 87' lang='lat' dir='ltr'><strong>si</strong></span> <span class='ocrx_word' id='word_1_665' title='bbox 3448 4957 3523 5010; x_wconf 90' lang='lat' dir='ltr'><strong>sit</strong></span> 
     </span>
    </p>
   </div>
   <div class='ocr_carea' id='block_1_90' title="bbox 1934 5048 3521 5121">
    <p class='ocr_par' dir='ltr' id='par_1_90' title="bbox 1934 5048 3521 5121">
     <span class='ocr_line' id='line_1_90' title="bbox 1934 5048 3521 5121; baseline -0.001 -18"><span class='ocrx_word' id='word_1_666' title='bbox 1934 5049 2079 5121; x_wconf 88' lang='lat' dir='ltr'><strong>ignis</strong></span> <span class='ocrx_word' id='word_1_667' title='bbox 2119 5057 2316 5104; x_wconf 88' lang='lat' dir='ltr'><strong>natura</strong></span> <span class='ocrx_word' id='word_1_668' title='bbox 2336 5048 2361 5102; x_wconf 84' lang='lat'><strong>?</strong></span> <span class='ocrx_word' id='word_1_669' title='bbox 2382 5048 2439 5104; x_wconf 90' lang='lat' dir='ltr'><strong>Si</strong></span> <span class='ocrx_word' id='word_1_670' title='bbox 2468 5050 2617 5104; x_wconf 90' lang='lat' dir='ltr'><strong>enim</strong></span> <span class='ocrx_word' id='word_1_671' title='bbox 2660 5064 2761 5120; x_wconf 89' lang='lat' dir='ltr'><strong>per</strong></span> <span class='ocrx_word' id='word_1_672' title='bbox 2787 5048 2926 5105; x_wconf 87' lang='lat' dir='ltr'><strong>duas</strong></span> <span class='ocrx_word' id='word_1_673' title='bbox 2952 5064 3152 5114; x_wconf 88' lang='lat' dir='ltr'><strong>voces,</strong></span> <span class='ocrx_word' id='word_1_674' title='bbox 3185 5049 3412 5112; x_wconf 75' lang='lat' dir='ltr'><strong>omium,</strong></span> <span class='ocrx_word' id='word_1_675' title='bbox 3433 5049 3521 5103; x_wconf 80' lang='lat' dir='ltr'><strong>in-</strong></span> 
     </span>
    </p>
   </div>
   <div class='ocr_carea' id='block_1_91' title="bbox 1934 5140 3519 5211">
    <p class='ocr_par' dir='ltr' id='par_1_91' title="bbox 1934 5140 3519 5211">
     <span class='ocr_line' id='line_1_91' title="bbox 1934 5140 3519 5211; baseline 0.001 -17"><span class='ocrx_word' id='word_1_676' title='bbox 1934 5155 2122 5211; x_wconf 90' lang='lat' dir='ltr'><strong>quam,</strong></span> <span class='ocrx_word' id='word_1_677' title='bbox 2151 5149 2207 5195; x_wconf 88' lang='lat' dir='ltr'><strong>et</strong></span> <span class='ocrx_word' id='word_1_678' title='bbox 2235 5147 2456 5205; x_wconf 89' lang='lat' dir='ltr'><strong>terram,</strong></span> <span class='ocrx_word' id='word_1_679' title='bbox 2485 5140 2907 5210; x_wconf 85' lang='lat' dir='ltr'><strong>comprehendit</strong></span> <span class='ocrx_word' id='word_1_680' title='bbox 2943 5148 3183 5211; x_wconf 86' lang='lat' dir='ltr'><strong>quatuor</strong></span> <span class='ocrx_word' id='word_1_681' title='bbox 3223 5140 3519 5204; x_wconf 86' lang='lat' dir='ltr'><strong>elementa,</strong></span> 
     </span>
    </p>
   </div>
   <div class='ocr_carea' id='block_1_92' title="bbox 252 5210 3519 5299">
    <p class='ocr_par' dir='ltr' id='par_1_92' title="bbox 252 5210 3519 5299">
     <span class='ocr_line' id='line_1_92' title="bbox 252 5210 3519 5299; baseline 0.002 -23"><span class='ocrx_word' id='word_1_682' title='bbox 252 5223 403 5278; x_wconf 90' lang='lat' dir='ltr'><strong>nime</strong></span> <span class='ocrx_word' id='word_1_683' title='bbox 433 5222 707 5279; x_wconf 89' lang='lat' dir='ltr'><strong>tribuens.</strong></span> <span class='ocrx_word' id='word_1_684' title='bbox 738 5223 845 5285; x_wconf 83' lang='lat' dir='ltr'><strong>Alii</strong></span> <span class='ocrx_word' id='word_1_685' title='bbox 876 5239 1090 5290; x_wconf 87' lang='lat' dir='ltr'><strong>rursus,</strong></span> <span class='ocrx_word' id='word_1_686' title='bbox 1138 5224 1316 5293; x_wconf 82' lang='lat' dir='ltr'><strong>logice</strong></span> <span class='ocrx_word' id='word_1_687' title='bbox 1366 5225 1540 5297; x_wconf 86' lang='lat' dir='ltr'><strong>magis</strong></span> <span class='ocrx_word' id='word_1_688' title='bbox 1583 5225 1836 5282; x_wconf 89' lang='lat' dir='ltr'><strong>conside-</strong></span> <span class='ocrx_word' id='word_1_689' title='bbox 1866 5210 1913 5266; x_wconf 75' lang='grc' dir='ltr'><strong>ι)</strong></span> <span class='ocrx_word' id='word_1_690' title='bbox 1938 5210 2253 5285; x_wconf 84' lang='lat' dir='ltr'><strong>invenietur</strong></span> <span class='ocrx_word' id='word_1_691' title='bbox 2285 5229 2376 5283; x_wconf 87' lang='lat' dir='ltr'><strong>lux</strong></span> <span class='ocrx_word' id='word_1_692' title='bbox 2396 5229 2653 5299; x_wconf 85' lang='lat' dir='ltr'><strong>quintum</strong></span> <span class='ocrx_word' id='word_1_693' title='bbox 2685 5228 3044 5283; x_wconf 89' lang='lat' dir='ltr'><strong>elementum.</strong></span> <span class='ocrx_word' id='word_1_694' title='bbox 3073 5228 3168 5284; x_wconf 89' lang='lat' dir='ltr'><strong>Sin</strong></span> <span class='ocrx_word' id='word_1_695' title='bbox 3198 5237 3384 5282; x_wconf 83' lang='lat' dir='ltr'><strong>autem</strong></span> <span class='ocrx_word' id='word_1_696' title='bbox 3407 5242 3519 5285; x_wconf 88' lang='lat' dir='ltr'><strong>non</strong></span> 
     </span>
    </p>
   </div>
   <div class='ocr_carea' id='block_1_93' title="bbox 253 5316 3525 5390">
    <p class='ocr_par' dir='ltr' id='par_1_93' title="bbox 253 5316 3525 5390">
     <span class='ocr_line' id='line_1_93' title="bbox 253 5316 3525 5390; baseline 0.001 -21"><span class='ocrx_word' id='word_1_697' title='bbox 253 5321 446 5376; x_wconf 86' lang='lat' dir='ltr'><strong>rantes</strong></span> <span class='ocrx_word' id='word_1_698' title='bbox 510 5331 677 5386; x_wconf 89' lang='lat' dir='ltr'><strong>quam</strong></span> <span class='ocrx_word' id='word_1_699' title='bbox 721 5316 1073 5383; x_wconf 85' lang='lat' dir='ltr'><strong>naturaliter,</strong></span> <span class='ocrx_word' id='word_1_700' title='bbox 1126 5316 1392 5373; x_wconf 79' lang='lat' dir='ltr'><strong>dixerunt</strong></span> <span class='ocrx_word' id='word_1_701' title='bbox 1452 5329 1658 5374; x_wconf 90' lang='lat' dir='ltr'><strong>terram</strong></span> <span class='ocrx_word' id='word_1_702' title='bbox 1712 5322 1834 5375; x_wconf 80' lang='lat' dir='ltr'><strong>esse</strong></span> <span class='ocrx_word' id='word_1_703' title='bbox 1939 5319 2508 5390; x_wconf 84' lang='lat' dir='ltr'><strong>conjunxit,propter</strong></span> <span class='ocrx_word' id='word_1_704' title='bbox 2543 5333 2838 5388; x_wconf 88' lang='lat' dir='ltr'><strong>quamnam</strong></span> <span class='ocrx_word' id='word_1_705' title='bbox 2865 5334 3108 5386; x_wconf 86' lang='lat' dir='ltr'><strong>causam,</strong></span> <span class='ocrx_word' id='word_1_706' title='bbox 3153 5318 3212 5375; x_wconf 90' lang='lat' dir='ltr'><strong>in</strong></span> <span class='ocrx_word' id='word_1_707' title='bbox 3237 5318 3379 5375; x_wconf 69' lang='lat' dir='ltr'><strong>caelo</strong></span> <span class='ocrx_word' id='word_1_708' title='bbox 3401 5318 3525 5389; x_wconf 89' lang='lat' dir='ltr'><strong>qui-</strong></span> 
     </span>
    </p>
   </div>
   <div class='ocr_carea' id='block_1_94' title="bbox 254 5406 3524 5486">
    <p class='ocr_par' dir='ltr' id='par_1_94' title="bbox 254 5406 3524 5486">
     <span class='ocr_line' id='line_1_94' title="bbox 254 5406 3524 5486; baseline 0.002 -26"><span class='ocrx_word' id='word_1_709' title='bbox 254 5406 594 5477; x_wconf 87' lang='lat' dir='ltr'><strong>principium</strong></span> <span class='ocrx_word' id='word_1_710' title='bbox 617 5407 1023 5474; x_wconf 83' lang='lat' dir='ltr'><strong>universitatis,</strong></span> <span class='ocrx_word' id='word_1_711' title='bbox 1051 5416 1113 5465; x_wconf 87' lang='lat' dir='ltr'><strong>ut</strong></span> <span class='ocrx_word' id='word_1_712' title='bbox 1151 5425 1276 5480; x_wconf 67' lang='lat' dir='ltr'><strong>quae</strong></span> <span class='ocrx_word' id='word_1_713' title='bbox 1302 5410 1375 5466; x_wconf 80' lang='lat' dir='ltr'><strong>sit</strong></span> <span class='ocrx_word' id='word_1_714' title='bbox 1399 5418 1650 5466; x_wconf 89' lang='lat' dir='ltr'><strong>centrum</strong></span> <span class='ocrx_word' id='word_1_715' title='bbox 1679 5409 1835 5466; x_wconf 86' lang='lat' dir='ltr'><strong>orbis</strong></span> <span class='ocrx_word' id='word_1_716' title='bbox 1876 5429 1885 5438; x_wconf 84' lang='lat'><strong><em>&#39;</em></strong></span> <span class='ocrx_word' id='word_1_717' title='bbox 1940 5415 2065 5471; x_wconf 90' lang='lat' dir='ltr'><strong>dem</strong></span> <span class='ocrx_word' id='word_1_718' title='bbox 2096 5422 2154 5471; x_wconf 90' lang='lat' dir='ltr'><strong>et</strong></span> <span class='ocrx_word' id='word_1_719' title='bbox 2179 5423 2325 5470; x_wconf 88' lang='lat' dir='ltr'><strong>terra</strong></span> <span class='ocrx_word' id='word_1_720' title='bbox 2345 5412 2928 5484; x_wconf 85' lang='lat' dir='ltr'><strong>comprehenditDeus</strong></span> <span class='ocrx_word' id='word_1_721' title='bbox 2944 5415 3148 5486; x_wconf 86' lang='lat' dir='ltr'><strong>ignem,</strong></span> <span class='ocrx_word' id='word_1_722' title='bbox 3176 5421 3436 5484; x_wconf 86' lang='lat' dir='ltr'><strong>tanquam</strong></span> <span class='ocrx_word' id='word_1_723' title='bbox 3465 5412 3524 5468; x_wconf 89' lang='lat' dir='ltr'><strong>in</strong></span> 
     </span>
    </p>
   </div>
   <div class='ocr_carea' id='block_1_95' title="bbox 256 5499 3527 5568">
    <p class='ocr_par' dir='ltr' id='par_1_95' title="bbox 256 5499 3527 5568">
     <span class='ocr_line' id='line_1_95' title="bbox 256 5499 3527 5568; baseline 0.002 -13"><span class='ocrx_word' id='word_1_724' title='bbox 256 5499 520 5556; x_wconf 63' lang='lat' dir='ltr'><strong>calcatis.</strong></span> <span class='ocrx_word' id='word_1_725' title='bbox 552 5500 689 5556; x_wconf 87' lang='lat' dir='ltr'><strong>Nam</strong></span> <span class='ocrx_word' id='word_1_726' title='bbox 737 5505 992 5557; x_wconf 85' lang='lat' dir='ltr'><strong>centrum</strong></span> <span class='ocrx_word' id='word_1_727' title='bbox 1023 5511 1110 5558; x_wconf 89' lang='lat' dir='ltr'><strong>est</strong></span> <span class='ocrx_word' id='word_1_728' title='bbox 1132 5502 1267 5558; x_wconf 88' lang='lat' dir='ltr'><strong>orbe</strong></span> <span class='ocrx_word' id='word_1_729' title='bbox 1296 5518 1394 5558; x_wconf 91' lang='lat' dir='ltr'><strong>seu</strong></span> <span class='ocrx_word' id='word_1_730' title='bbox 1436 5503 1647 5559; x_wconf 90' lang='lat' dir='ltr'><strong>circulo</strong></span> <span class='ocrx_word' id='word_1_731' title='bbox 1689 5504 1835 5559; x_wconf 90' lang='lat' dir='ltr'><strong>anti-</strong></span> <span class='ocrx_word' id='word_1_732' title='bbox 1939 5508 2064 5563; x_wconf 81' lang='lat' dir='ltr'><strong>luce</strong></span> <span class='ocrx_word' id='word_1_733' title='bbox 2095 5526 2109 5562; x_wconf 89' lang='lat'><strong>:</strong></span> <span class='ocrx_word' id='word_1_734' title='bbox 2151 5507 2206 5561; x_wconf 93' lang='lat' dir='ltr'><strong>in</strong></span> <span class='ocrx_word' id='word_1_735' title='bbox 2238 5505 2483 5561; x_wconf 85' lang='lat' dir='ltr'><strong>tenebris</strong></span> <span class='ocrx_word' id='word_1_736' title='bbox 2505 5513 2688 5561; x_wconf 88' lang='lat' dir='ltr'><strong>autem</strong></span> <span class='ocrx_word' id='word_1_737' title='bbox 2718 5521 2829 5562; x_wconf 91' lang='lat' dir='ltr'><strong>non</strong></span> <span class='ocrx_word' id='word_1_738' title='bbox 2857 5506 3005 5562; x_wconf 84' lang='lat' dir='ltr'><strong>dicta</strong></span> <span class='ocrx_word' id='word_1_739' title='bbox 3057 5515 3143 5562; x_wconf 87' lang='lat' dir='ltr'><strong>est</strong></span> <span class='ocrx_word' id='word_1_740' title='bbox 3165 5505 3399 5568; x_wconf 71' lang='lat' dir='ltr'><strong>creatis,</strong></span> <span class='ocrx_word' id='word_1_741' title='bbox 3425 5520 3527 5560; x_wconf 86' lang='lat' dir='ltr'><strong>ne-</strong></span> 
     </span>
    </p>
   </div>
   <div class='ocr_carea' id='block_1_96' title="bbox 255 5591 3556 5672">
    <p class='ocr_par' dir='ltr' id='par_1_96' title="bbox 255 5591 3556 5672">
     <span class='ocr_line' id='line_1_96' title="bbox 255 5591 3556 5672; baseline 0.001 -25"><span class='ocrx_word' id='word_1_742' title='bbox 255 5592 443 5662; x_wconf 88' lang='lat' dir='ltr'><strong>quius.</strong></span> <span class='ocrx_word' id='word_1_743' title='bbox 468 5591 573 5648; x_wconf 89' lang='lat' dir='ltr'><strong>Alii</strong></span> <span class='ocrx_word' id='word_1_744' title='bbox 596 5604 783 5650; x_wconf 89' lang='lat' dir='ltr'><strong>autem</strong></span> <span class='ocrx_word' id='word_1_745' title='bbox 807 5602 998 5666; x_wconf 90' lang='lat' dir='ltr'><strong>aperte</strong></span> <span class='ocrx_word' id='word_1_746' title='bbox 1031 5595 1537 5665; x_wconf 86' lang='lat' dir='ltr'><strong>pronuntiaverunt</strong></span> <span class='ocrx_word' id='word_1_747' title='bbox 1565 5596 1833 5653; x_wconf 88' lang='lat' dir='ltr'><strong>mundum</strong></span> <span class='ocrx_word' id='word_1_748' title='bbox 1943 5614 2052 5669; x_wconf 89' lang='lat' dir='ltr'><strong>que</strong></span> <span class='ocrx_word' id='word_1_749' title='bbox 2076 5599 2130 5653; x_wconf 87' lang='lat' dir='ltr'><strong>in</strong></span> <span class='ocrx_word' id='word_1_750' title='bbox 2151 5598 2375 5672; x_wconf 75' lang='lat' dir='ltr'><strong>abysso,</strong></span> <span class='ocrx_word' id='word_1_751' title='bbox 2405 5612 2588 5667; x_wconf 84' lang='lat' dir='ltr'><strong>neque</strong></span> <span class='ocrx_word' id='word_1_752' title='bbox 2621 5598 2675 5651; x_wconf 90' lang='lat' dir='ltr'><strong>in</strong></span> <span class='ocrx_word' id='word_1_753' title='bbox 2699 5613 2861 5669; x_wconf 89' lang='lat' dir='ltr'><strong>aqua,</strong></span> <span class='ocrx_word' id='word_1_754' title='bbox 2890 5613 3069 5670; x_wconf 88' lang='lat' dir='ltr'><strong>neque</strong></span> <span class='ocrx_word' id='word_1_755' title='bbox 3098 5599 3154 5654; x_wconf 91' lang='lat' dir='ltr'><strong>in</strong></span> <span class='ocrx_word' id='word_1_756' title='bbox 3187 5596 3433 5668; x_wconf 84' lang='lat' dir='ltr'><strong>spiritu?</strong></span> <span class='ocrx_word' id='word_1_757' title='bbox 3464 5594 3520 5650; x_wconf 89' lang='lat' dir='ltr'><strong>lu</strong></span> <span class='ocrx_word' id='word_1_758' title='bbox 3546 5612 3556 5643; x_wconf 69' lang='grc' dir='ltr'><strong><em>ι</em></strong></span> 
     </span>
    </p>
   </div>
   <div class='ocr_carea' id='block_1_97' title="bbox 328 5770 832 5848">
    <p class='ocr_par' dir='ltr' id='par_1_97' title="bbox 328 5770 832 5848">
     <span class='ocr_line' id='line_1_97' title="bbox 328 5770 832 5848; baseline 0.002 -16"><span class='ocrx_word' id='word_1_759' title='bbox 328 5770 368 5803; x_wconf 80' lang='grc'>³³</span> <span class='ocrx_word' id='word_1_760' title='bbox 399 5774 535 5835; x_wconf 71' lang='lat' dir='ltr'><strong>Gen.</strong></span> <span class='ocrx_word' id='word_1_761' title='bbox 566 5795 606 5843; x_wconf 85' lang='grc' dir='ltr'><strong>ι,</strong></span> <span class='ocrx_word' id='word_1_762' title='bbox 650 5778 699 5848; x_wconf 85' lang='lat' dir='ltr'><strong>l,</strong></span> <span class='ocrx_word' id='word_1_763' title='bbox 732 5780 787 5833; x_wconf 74' lang='grc'><strong>2.</strong></span> <span class='ocrx_word' id='word_1_764' title='bbox 828 5773 832 5778; x_wconf 78' lang='grc'><strong>’</strong></span> 
     </span>
    </p>
   </div>
  </div>
