  <div class='ocr_page' id='page_1' title='image "/cluster/home/n/w/nwhite01/storage/ocr_20150623/89/pst.000005712953/437.png"; bbox 0 0 4082 6290; ppageno 0'>
   <div class='ocr_carea' id='block_1_1' title="bbox 414 311 521 374">
    <p class='ocr_par' dir='ltr' id='par_1_1' title="bbox 414 311 521 374">
     <span class='ocr_line' id='line_1_1' title="bbox 414 311 521 374; baseline 0 0"><span class='ocrx_word' id='word_1_1' title='bbox 414 311 521 374; x_wconf 72' lang='grc' dir='ltr'><strong>θἐξ)</strong></span> 
     </span>
    </p>
   </div>
   <div class='ocr_carea' id='block_1_2' title="bbox 1621 308 2501 371">
    <p class='ocr_par' dir='ltr' id='par_1_2' title="bbox 1621 308 2501 371">
     <span class='ocr_line' id='line_1_2' title="bbox 1621 308 2501 371; baseline -0.001 -1"><span class='ocrx_word' id='word_1_2' title='bbox 1621 310 1682 371; x_wconf 89' lang='lat' dir='ltr'><strong>S.</strong></span> <span class='ocrx_word' id='word_1_3' title='bbox 1722 309 2122 371; x_wconf 77' lang='lat' dir='ltr'><strong>ANASTASII</strong></span> <span class='ocrx_word' id='word_1_4' title='bbox 2169 311 2237 371; x_wconf 85' lang='lat' dir='ltr'><strong>Si</strong></span> <span class='ocrx_word' id='word_1_5' title='bbox 2248 310 2345 371; x_wconf 67' lang='lat' dir='ltr'><strong>NA</strong></span> <span class='ocrx_word' id='word_1_6' title='bbox 2358 308 2501 370; x_wconf 70' lang='grc' dir='ltr'><strong>ΙΪίΕ</strong></span> 
     </span>
    </p>
   </div>
   <div class='ocr_carea' id='block_1_3' title="bbox 3576 299 3682 364">
    <p class='ocr_par' dir='ltr' id='par_1_3' title="bbox 3576 299 3682 364">
     <span class='ocr_line' id='line_1_3' title="bbox 3576 299 3682 364; baseline -0.019 0"><span class='ocrx_word' id='word_1_7' title='bbox 3576 299 3682 364; x_wconf 70' lang='grc' dir='ltr'><strong>8Εο</strong></span> 
     </span>
    </p>
   </div>
   <div class='ocr_carea' id='block_1_4' title="bbox 415 409 3687 496">
    <p class='ocr_par' dir='ltr' id='par_1_4' title="bbox 415 409 3687 496">
     <span class='ocr_line' id='line_1_4' title="bbox 415 409 3687 496; baseline -0.004 -16"><span class='ocrx_word' id='word_1_8' title='bbox 415 425 619 496; x_wconf 81' lang='lat' dir='ltr'><strong>quibus</strong></span> <span class='ocrx_word' id='word_1_9' title='bbox 640 438 767 479; x_wconf 88' lang='lat' dir='ltr'><strong>cum</strong></span> <span class='ocrx_word' id='word_1_10' title='bbox 786 430 1095 478; x_wconf 83' lang='lat' dir='ltr'><strong>armaretur</strong></span> <span class='ocrx_word' id='word_1_11' title='bbox 1112 436 1344 492; x_wconf 79' lang='lat' dir='ltr'><strong>magnus</strong></span> <span class='ocrx_word' id='word_1_12' title='bbox 1364 419 1601 477; x_wconf 85' lang='lat' dir='ltr'><strong>Basilius</strong></span> <span class='ocrx_word' id='word_1_13' title='bbox 1621 421 2008 479; x_wconf 80' lang='lat' dir='ltr'><strong>adversusMa-</strong></span> <span class='ocrx_word' id='word_1_14' title='bbox 2041 426 2084 483; x_wconf 85' lang='grc' dir='ltr'><strong>Α</strong></span> <span class='ocrx_word' id='word_1_15' title='bbox 2117 420 2300 475; x_wconf 86' lang='lat' dir='ltr'><strong>nictur</strong></span> <span class='ocrx_word' id='word_1_16' title='bbox 2364 417 2551 473; x_wconf 74' lang='lat' dir='ltr'><strong>divina</strong></span> <span class='ocrx_word' id='word_1_17' title='bbox 2608 414 2895 484; x_wconf 75' lang='lat' dir='ltr'><strong>Scriptura</strong></span> <span class='ocrx_word' id='word_1_18' title='bbox 2962 410 3133 466; x_wconf 87' lang='lat' dir='ltr'><strong>unius</strong></span> <span class='ocrx_word' id='word_1_19' title='bbox 3198 409 3371 466; x_wconf 81' lang='lat' dir='ltr'><strong>solius</strong></span> <span class='ocrx_word' id='word_1_20' title='bbox 3428 409 3687 468; x_wconf 86' lang='lat' dir='ltr'><strong>elementi</strong></span> 
     </span>
    </p>
   </div>
   <div class='ocr_carea' id='block_1_5' title="bbox 416 509 2004 576">
    <p class='ocr_par' dir='ltr' id='par_1_5' title="bbox 416 509 2004 576">
     <span class='ocr_line' id='line_1_5' title="bbox 416 509 2004 576; baseline -0.001 -7"><span class='ocrx_word' id='word_1_21' title='bbox 416 514 683 576; x_wconf 71' lang='lat' dir='ltr'><strong>ttichtcos,</strong></span> <span class='ocrx_word' id='word_1_22' title='bbox 720 522 775 567; x_wconf 84' lang='lat' dir='ltr'><strong>et</strong></span> <span class='ocrx_word' id='word_1_23' title='bbox 808 512 1021 568; x_wconf 88' lang='lat' dir='ltr'><strong>diceret</strong></span> <span class='ocrx_word' id='word_1_24' title='bbox 1049 510 1172 566; x_wconf 87' lang='lat' dir='ltr'><strong>illas</strong></span> <span class='ocrx_word' id='word_1_25' title='bbox 1203 509 1461 565; x_wconf 76' lang='lat' dir='ltr'><strong>tenebras</strong></span> <span class='ocrx_word' id='word_1_26' title='bbox 1490 525 1613 565; x_wconf 92' lang='lat' dir='ltr'><strong>esse</strong></span> <span class='ocrx_word' id='word_1_27' title='bbox 1651 512 1924 567; x_wconf 88' lang='lat' dir='ltr'><strong>increatas</strong></span> <span class='ocrx_word' id='word_1_28' title='bbox 1947 520 2004 568; x_wconf 91' lang='lat' dir='ltr'><strong>et</strong></span> 
     </span>
    </p>
   </div>
   <div class='ocr_carea' id='block_1_6' title="bbox 418 602 2001 673">
    <p class='ocr_par' dir='ltr' id='par_1_6' title="bbox 418 602 2001 673">
     <span class='ocr_line' id='line_1_6' title="bbox 418 602 2001 673; baseline -0.004 -11"><span class='ocrx_word' id='word_1_29' title='bbox 418 622 529 662; x_wconf 89' lang='lat' dir='ltr'><strong>non</strong></span> <span class='ocrx_word' id='word_1_30' title='bbox 559 604 897 670; x_wconf 74' lang='lat' dir='ltr'><strong>consistere;</strong></span> <span class='ocrx_word' id='word_1_31' title='bbox 926 619 1029 659; x_wconf 88' lang='lat' dir='ltr'><strong>nec</strong></span> <span class='ocrx_word' id='word_1_32' title='bbox 1049 603 1151 658; x_wconf 90' lang='lat' dir='ltr'><strong>sub</strong></span> <span class='ocrx_word' id='word_1_33' title='bbox 1172 617 1509 667; x_wconf 86' lang='lat' dir='ltr'><strong>mensuram,</strong></span> <span class='ocrx_word' id='word_1_34' title='bbox 1542 602 1742 673; x_wconf 85' lang='lat' dir='ltr'><strong>inquit.</strong></span> <span class='ocrx_word' id='word_1_35' title='bbox 1776 604 2001 667; x_wconf 86' lang='lat' dir='ltr'><strong>cadunt,</strong></span> 
     </span>
    </p>
   </div>
   <div class='ocr_carea' id='block_1_7' title="bbox 419 694 2005 766">
    <p class='ocr_par' dir='ltr' id='par_1_7' title="bbox 419 694 2005 766">
     <span class='ocr_line' id='line_1_7' title="bbox 419 694 2005 766; baseline -0.001 -15"><span class='ocrx_word' id='word_1_36' title='bbox 419 712 603 766; x_wconf 83' lang='lat' dir='ltr'><strong>neque</strong></span> <span class='ocrx_word' id='word_1_37' title='bbox 625 694 996 751; x_wconf 83' lang='lat' dir='ltr'><strong>deﬁniuntur:</strong></span> <span class='ocrx_word' id='word_1_38' title='bbox 1024 694 1119 749; x_wconf 91' lang='lat' dir='ltr'><strong>sed</strong></span> <span class='ocrx_word' id='word_1_39' title='bbox 1145 710 1270 749; x_wconf 91' lang='lat' dir='ltr'><strong>cum</strong></span> <span class='ocrx_word' id='word_1_40' title='bbox 1291 694 1517 751; x_wconf 83' lang='lat' dir='ltr'><strong>fecisset</strong></span> <span class='ocrx_word' id='word_1_41' title='bbox 1536 694 1854 750; x_wconf 74' lang='lat' dir='ltr'><strong>Deusterrte</strong></span> <span class='ocrx_word' id='word_1_42' title='bbox 1880 695 2005 750; x_wconf 89' lang='lat' dir='ltr'><strong>lati-</strong></span> 
     </span>
    </p>
   </div>
   <div class='ocr_carea' id='block_1_8' title="bbox 421 786 2005 856">
    <p class='ocr_par' dir='ltr' id='par_1_8' title="bbox 421 786 2005 856">
     <span class='ocr_line' id='line_1_8' title="bbox 421 786 2005 856; baseline 0.001 -15"><span class='ocrx_word' id='word_1_43' title='bbox 421 789 692 851; x_wconf 75' lang='lat' dir='ltr'><strong>tudinem,</strong></span> <span class='ocrx_word' id='word_1_44' title='bbox 710 795 765 841; x_wconf 90' lang='lat' dir='ltr'><strong>et</strong></span> <span class='ocrx_word' id='word_1_45' title='bbox 786 802 952 856; x_wconf 82' lang='lat' dir='ltr'><strong>super</strong></span> <span class='ocrx_word' id='word_1_46' title='bbox 971 801 1091 840; x_wconf 89' lang='lat' dir='ltr'><strong>eam</strong></span> <span class='ocrx_word' id='word_1_47' title='bbox 1110 786 1428 841; x_wconf 79' lang='lat' dir='ltr'><strong>inclinasset</strong></span> <span class='ocrx_word' id='word_1_48' title='bbox 1454 793 1511 841; x_wconf 73' lang='lat' dir='ltr'><strong>et</strong></span> <span class='ocrx_word' id='word_1_49' title='bbox 1535 787 1872 843; x_wconf 87' lang='lat' dir='ltr'><strong>extendisset</strong></span> <span class='ocrx_word' id='word_1_50' title='bbox 1893 803 2005 842; x_wconf 70' lang='lat' dir='ltr'><strong>cm-</strong></span> 
     </span>
    </p>
   </div>
   <div class='ocr_carea' id='block_1_9' title="bbox 420 878 2003 948">
    <p class='ocr_par' dir='ltr' id='par_1_9' title="bbox 420 878 2003 948">
     <span class='ocr_line' id='line_1_9' title="bbox 420 878 2003 948; baseline -0.001 -14"><span class='ocrx_word' id='word_1_51' title='bbox 420 881 534 935; x_wconf 79' lang='lat' dir='ltr'><strong>lum</strong></span> <span class='ocrx_word' id='word_1_52' title='bbox 593 887 853 948; x_wconf 89' lang='lat' dir='ltr'><strong>tanquam</strong></span> <span class='ocrx_word' id='word_1_53' title='bbox 888 878 1330 942; x_wconf 84' lang='lat' dir='ltr'><strong>tabernaculum,</strong></span> <span class='ocrx_word' id='word_1_54' title='bbox 1370 878 1601 935; x_wconf 86' lang='lat' dir='ltr'><strong>secessit</strong></span> <span class='ocrx_word' id='word_1_55' title='bbox 1641 879 1755 943; x_wconf 84' lang='lat' dir='ltr'><strong>lux,</strong></span> <span class='ocrx_word' id='word_1_56' title='bbox 1783 886 2003 933; x_wconf 89' lang='lat' dir='ltr'><strong>terreno</strong></span> 
     </span>
    </p>
   </div>
   <div class='ocr_carea' id='block_1_10' title="bbox 420 969 2005 1042">
    <p class='ocr_par' dir='ltr' id='par_1_10' title="bbox 420 969 2005 1042">
     <span class='ocr_line' id='line_1_10' title="bbox 420 969 2005 1042; baseline 0.002 -17"><span class='ocrx_word' id='word_1_57' title='bbox 420 969 628 1025; x_wconf 85' lang='lat' dir='ltr'><strong>mundo</strong></span> <span class='ocrx_word' id='word_1_58' title='bbox 656 985 686 1023; x_wconf 88' lang='lat' dir='ltr'><strong>a</strong></span> <span class='ocrx_word' id='word_1_59' title='bbox 711 969 851 1025; x_wconf 68' lang='lat' dir='ltr'><strong>caelo</strong></span> <span class='ocrx_word' id='word_1_60' title='bbox 873 969 1219 1024; x_wconf 80' lang='lat' dir='ltr'><strong>adumbrata.</strong></span> <span class='ocrx_word' id='word_1_61' title='bbox 1247 969 1514 1025; x_wconf 67' lang='lat' dir='ltr'><strong>Tenebrae</strong></span> <span class='ocrx_word' id='word_1_62' title='bbox 1547 986 1681 1042; x_wconf 76' lang='lat' dir='ltr'><strong>ergo</strong></span> <span class='ocrx_word' id='word_1_63' title='bbox 1701 970 1839 1025; x_wconf 91' lang='lat' dir='ltr'><strong>nihil</strong></span> <span class='ocrx_word' id='word_1_64' title='bbox 1873 981 2005 1029; x_wconf 85' lang='lat' dir='ltr'><strong>sunt</strong></span> 
     </span>
    </p>
   </div>
   <div class='ocr_carea' id='block_1_11' title="bbox 419 1060 2005 1132">
    <p class='ocr_par' dir='ltr' id='par_1_11' title="bbox 419 1060 2005 1132">
     <span class='ocr_line' id='line_1_11' title="bbox 419 1060 2005 1132; baseline 0.003 -19"><span class='ocrx_word' id='word_1_65' title='bbox 419 1060 568 1114; x_wconf 91' lang='lat' dir='ltr'><strong>aliud</strong></span> <span class='ocrx_word' id='word_1_66' title='bbox 586 1060 692 1115; x_wconf 87' lang='lat' dir='ltr'><strong>nisi</strong></span> <span class='ocrx_word' id='word_1_67' title='bbox 714 1061 913 1127; x_wconf 79' lang='lat' dir='ltr'><strong>umbra</strong></span> <span class='ocrx_word' id='word_1_68' title='bbox 926 1060 1195 1132; x_wconf 78' lang='lat' dir='ltr'><strong>corporis.</strong></span> <span class='ocrx_word' id='word_1_69' title='bbox 1220 1061 1491 1117; x_wconf 67' lang='lat' dir='ltr'><strong>Praeterea</strong></span> <span class='ocrx_word' id='word_1_70' title='bbox 1507 1063 1845 1132; x_wconf 66' lang='lat' dir='ltr'><strong>qumsierunt</strong></span> <span class='ocrx_word' id='word_1_71' title='bbox 1866 1079 2005 1118; x_wconf 89' lang='lat' dir='ltr'><strong>non-</strong></span> 
     </span>
    </p>
   </div>
   <div class='ocr_carea' id='block_1_12' title="bbox 417 1154 2005 1223">
    <p class='ocr_par' dir='ltr' id='par_1_12' title="bbox 417 1154 2005 1223">
     <span class='ocr_line' id='line_1_12' title="bbox 417 1154 2005 1223; baseline 0.003 -16"><span class='ocrx_word' id='word_1_72' title='bbox 417 1154 557 1209; x_wconf 86' lang='lat' dir='ltr'><strong>nulli</strong></span> <span class='ocrx_word' id='word_1_73' title='bbox 596 1163 783 1209; x_wconf 89' lang='lat' dir='ltr'><strong>utrum</strong></span> <span class='ocrx_word' id='word_1_74' title='bbox 814 1154 992 1216; x_wconf 77' lang='lat' dir='ltr'><strong>lucem</strong></span> <span class='ocrx_word' id='word_1_75' title='bbox 1022 1154 1169 1208; x_wconf 86' lang='lat' dir='ltr'><strong>illam</strong></span> <span class='ocrx_word' id='word_1_76' title='bbox 1194 1169 1315 1223; x_wconf 70' lang='lat' dir='ltr'><strong>qua:</strong></span> <span class='ocrx_word' id='word_1_77' title='bbox 1336 1156 1565 1210; x_wconf 82' lang='lat' dir='ltr'><strong>secessit</strong></span> <span class='ocrx_word' id='word_1_78' title='bbox 1597 1163 1654 1209; x_wconf 91' lang='lat' dir='ltr'><strong>et</strong></span> <span class='ocrx_word' id='word_1_79' title='bbox 1679 1165 1896 1211; x_wconf 88' lang='lat' dir='ltr'><strong>ostensa</strong></span> <span class='ocrx_word' id='word_1_80' title='bbox 1919 1165 2005 1211; x_wconf 88' lang='lat' dir='ltr'><strong>est</strong></span> 
     </span>
    </p>
   </div>
   <div class='ocr_carea' id='block_1_13' title="bbox 418 1245 2002 1316">
    <p class='ocr_par' dir='ltr' id='par_1_13' title="bbox 418 1245 2002 1316">
     <span class='ocr_line' id='line_1_13' title="bbox 418 1245 2002 1316; baseline 0.003 -17"><span class='ocrx_word' id='word_1_81' title='bbox 418 1245 490 1299; x_wconf 84' lang='lat' dir='ltr'><strong>ait</strong></span> <span class='ocrx_word' id='word_1_82' title='bbox 514 1245 706 1303; x_wconf 89' lang='lat' dir='ltr'><strong>umbra</strong></span> <span class='ocrx_word' id='word_1_83' title='bbox 750 1246 876 1301; x_wconf 66' lang='grc' dir='ltr'><strong>εαξιί</strong></span> <span class='ocrx_word' id='word_1_84' title='bbox 901 1245 1133 1311; x_wconf 68' lang='lat' dir='ltr'><strong>,~dicere</strong></span> <span class='ocrx_word' id='word_1_85' title='bbox 1153 1254 1393 1315; x_wconf 87' lang='lat' dir='ltr'><strong>oportet,</strong></span> <span class='ocrx_word' id='word_1_86' title='bbox 1422 1261 1542 1301; x_wconf 88' lang='lat' dir='ltr'><strong>esse</strong></span> <span class='ocrx_word' id='word_1_87' title='bbox 1564 1246 1619 1301; x_wconf 90' lang='lat' dir='ltr'><strong>in</strong></span> <span class='ocrx_word' id='word_1_88' title='bbox 1645 1257 1891 1316; x_wconf 79' lang='lat' dir='ltr'><strong>tempore</strong></span> <span class='ocrx_word' id='word_1_89' title='bbox 1933 1263 2002 1303; x_wconf 92' lang='lat' dir='ltr'><strong>an</strong></span> 
     </span>
    </p>
   </div>
   <div class='ocr_carea' id='block_1_14' title="bbox 417 1337 2005 1407">
    <p class='ocr_par' dir='ltr' id='par_1_14' title="bbox 417 1337 2005 1407">
     <span class='ocr_line' id='line_1_14' title="bbox 417 1337 2005 1407; baseline 0.003 -17"><span class='ocrx_word' id='word_1_90' title='bbox 417 1337 628 1399; x_wconf 79' lang='lat' dir='ltr'><strong>absque</strong></span> <span class='ocrx_word' id='word_1_91' title='bbox 653 1346 921 1407; x_wconf 87' lang='lat' dir='ltr'><strong>tempore.</strong></span> <span class='ocrx_word' id='word_1_92' title='bbox 946 1338 1072 1393; x_wconf 82' lang='lat' dir='ltr'><strong>Etsi</strong></span> <span class='ocrx_word' id='word_1_93' title='bbox 1102 1337 1158 1392; x_wconf 91' lang='lat' dir='ltr'><strong>in</strong></span> <span class='ocrx_word' id='word_1_94' title='bbox 1189 1345 1452 1407; x_wconf 89' lang='lat' dir='ltr'><strong>tempore,</strong></span> <span class='ocrx_word' id='word_1_95' title='bbox 1476 1338 1881 1407; x_wconf 87' lang='lat' dir='ltr'><strong>eujusmodiest</strong></span> <span class='ocrx_word' id='word_1_96' title='bbox 1903 1339 2005 1396; x_wconf 88' lang='lat' dir='ltr'><strong>hee</strong></span> 
     </span>
    </p>
   </div>
   <div class='ocr_carea' id='block_1_15' title="bbox 418 1426 2005 1497">
    <p class='ocr_par' dir='ltr' id='par_1_15' title="bbox 418 1426 2005 1497">
     <span class='ocr_line' id='line_1_15' title="bbox 418 1426 2005 1497; baseline 0.003 -18"><span class='ocrx_word' id='word_1_97' title='bbox 418 1433 640 1496; x_wconf 82' lang='lat' dir='ltr'><strong>tempus</strong></span> <span class='ocrx_word' id='word_1_98' title='bbox 667 1426 812 1497; x_wconf 92' lang='lat' dir='ltr'><strong>quod</strong></span> <span class='ocrx_word' id='word_1_99' title='bbox 842 1426 950 1482; x_wconf 88' lang='lat' dir='ltr'><strong>fuit</strong></span> <span class='ocrx_word' id='word_1_100' title='bbox 970 1437 1096 1483; x_wconf 89' lang='lat' dir='ltr'><strong>ante</strong></span> <span class='ocrx_word' id='word_1_101' title='bbox 1113 1442 1205 1482; x_wconf 87' lang='lat' dir='ltr'><strong>sex</strong></span> <span class='ocrx_word' id='word_1_102' title='bbox 1221 1426 1375 1483; x_wconf 86' lang='lat' dir='ltr'><strong>dies?</strong></span> <span class='ocrx_word' id='word_1_103' title='bbox 1402 1427 1496 1482; x_wconf 91' lang='lat' dir='ltr'><strong>Sin</strong></span> <span class='ocrx_word' id='word_1_104' title='bbox 1514 1439 1697 1482; x_wconf 90' lang='lat' dir='ltr'><strong>autem</strong></span> <span class='ocrx_word' id='word_1_105' title='bbox 1720 1428 1839 1483; x_wconf 82' lang='lat' dir='ltr'><strong>sine</strong></span> <span class='ocrx_word' id='word_1_106' title='bbox 1867 1437 2005 1491; x_wconf 88' lang='lat' dir='ltr'><strong>tem-</strong></span> 
     </span>
    </p>
   </div>
   <div class='ocr_carea' id='block_1_16' title="bbox 418 1517 2000 1592">
    <p class='ocr_par' dir='ltr' id='par_1_16' title="bbox 418 1517 2000 1592">
     <span class='ocr_line' id='line_1_16' title="bbox 418 1517 2000 1592; baseline 0.004 -21"><span class='ocrx_word' id='word_1_107' title='bbox 418 1532 575 1589; x_wconf 86' lang='lat' dir='ltr'><strong>pore,</strong></span> <span class='ocrx_word' id='word_1_108' title='bbox 604 1532 690 1574; x_wconf 90' lang='lat' dir='ltr'><strong>est</strong></span> <span class='ocrx_word' id='word_1_109' title='bbox 716 1521 1068 1589; x_wconf 90' lang='lat' dir='ltr'><strong>perspicuum</strong></span> <span class='ocrx_word' id='word_1_110' title='bbox 1098 1517 1245 1588; x_wconf 91' lang='lat' dir='ltr'><strong>quod</strong></span> <span class='ocrx_word' id='word_1_111' title='bbox 1267 1529 1351 1574; x_wconf 90' lang='lat' dir='ltr'><strong>est</strong></span> <span class='ocrx_word' id='word_1_112' title='bbox 1382 1519 1547 1574; x_wconf 89' lang='lat' dir='ltr'><strong>etiam</strong></span> <span class='ocrx_word' id='word_1_113' title='bbox 1572 1520 1692 1575; x_wconf 90' lang='lat' dir='ltr'><strong>sine</strong></span> <span class='ocrx_word' id='word_1_114' title='bbox 1708 1522 2000 1592; x_wconf 87' lang='lat' dir='ltr'><strong>principio.</strong></span> 
     </span>
    </p>
   </div>
   <div class='ocr_carea' id='block_1_17' title="bbox 421 1609 2006 1683">
    <p class='ocr_par' dir='ltr' id='par_1_17' title="bbox 421 1609 2006 1683">
     <span class='ocr_line' id='line_1_17' title="bbox 421 1609 2006 1683; baseline 0.004 -22"><span class='ocrx_word' id='word_1_115' title='bbox 421 1609 479 1664; x_wconf 79' lang='lat' dir='ltr'><strong>Si</strong></span> <span class='ocrx_word' id='word_1_116' title='bbox 499 1619 585 1665; x_wconf 89' lang='lat' dir='ltr'><strong>est</strong></span> <span class='ocrx_word' id='word_1_117' title='bbox 616 1619 799 1665; x_wconf 89' lang='lat' dir='ltr'><strong>autem</strong></span> <span class='ocrx_word' id='word_1_118' title='bbox 822 1610 941 1666; x_wconf 84' lang='lat' dir='ltr'><strong>sine</strong></span> <span class='ocrx_word' id='word_1_119' title='bbox 966 1611 1262 1680; x_wconf 91' lang='lat' dir='ltr'><strong>principio,</strong></span> <span class='ocrx_word' id='word_1_120' title='bbox 1298 1620 1382 1665; x_wconf 90' lang='lat' dir='ltr'><strong>est</strong></span> <span class='ocrx_word' id='word_1_121' title='bbox 1407 1611 1573 1665; x_wconf 89' lang='lat' dir='ltr'><strong>etiam</strong></span> <span class='ocrx_word' id='word_1_122' title='bbox 1599 1611 1825 1666; x_wconf 86' lang='lat' dir='ltr'><strong>omnino</strong></span> <span class='ocrx_word' id='word_1_123' title='bbox 1853 1613 2006 1683; x_wconf 71' lang='lat' dir='ltr'><strong>ejus-</strong></span> 
     </span>
    </p>
   </div>
   <div class='ocr_carea' id='block_1_18' title="bbox 420 1699 2005 1772">
    <p class='ocr_par' dir='ltr' id='par_1_18' title="bbox 420 1699 2005 1772">
     <span class='ocr_line' id='line_1_18' title="bbox 420 1699 2005 1772; baseline 0.003 -19"><span class='ocrx_word' id='word_1_124' title='bbox 420 1699 570 1754; x_wconf 86' lang='lat' dir='ltr'><strong>modi</strong></span> <span class='ocrx_word' id='word_1_125' title='bbox 596 1708 794 1754; x_wconf 90' lang='lat' dir='ltr'><strong>utnon</strong></span> <span class='ocrx_word' id='word_1_126' title='bbox 828 1700 1003 1768; x_wconf 85' lang='lat' dir='ltr'><strong>possit</strong></span> <span class='ocrx_word' id='word_1_127' title='bbox 1025 1699 1428 1755; x_wconf 87' lang='lat' dir='ltr'><strong>circumscribi.</strong></span> <span class='ocrx_word' id='word_1_128' title='bbox 1474 1699 1528 1755; x_wconf 91' lang='lat' dir='ltr'><strong>Si</strong></span> <span class='ocrx_word' id='word_1_129' title='bbox 1553 1709 1734 1755; x_wconf 86' lang='lat' dir='ltr'><strong>autem</strong></span> <span class='ocrx_word' id='word_1_130' title='bbox 1767 1717 1877 1756; x_wconf 88' lang='lat' dir='ltr'><strong>non</strong></span> <span class='ocrx_word' id='word_1_131' title='bbox 1908 1718 2005 1772; x_wconf 85' lang='lat' dir='ltr'><strong>po-</strong></span> 
     </span>
    </p>
   </div>
   <div class='ocr_carea' id='block_1_19' title="bbox 2112 502 3687 583">
    <p class='ocr_par' dir='ltr' id='par_1_19' title="bbox 2112 502 3687 583">
     <span class='ocr_line' id='line_1_19' title="bbox 2112 502 3687 583; baseline -0.006 -15"><span class='ocrx_word' id='word_1_132' title='bbox 2112 514 2333 583; x_wconf 84' lang='lat' dir='ltr'><strong>(nempe</strong></span> <span class='ocrx_word' id='word_1_133' title='bbox 2372 508 2554 575; x_wconf 65' lang='lat' dir='ltr'><strong>terrae)</strong></span> <span class='ocrx_word' id='word_1_134' title='bbox 2601 522 2705 563; x_wconf 90' lang='lat' dir='ltr'><strong>nos</strong></span> <span class='ocrx_word' id='word_1_135' title='bbox 2733 507 2936 562; x_wconf 91' lang='lat' dir='ltr'><strong>docere</strong></span> <span class='ocrx_word' id='word_1_136' title='bbox 2970 502 3335 567; x_wconf 85' lang='lat' dir='ltr'><strong>creationem,</strong></span> <span class='ocrx_word' id='word_1_137' title='bbox 3369 517 3481 556; x_wconf 90' lang='lat' dir='ltr'><strong>non</strong></span> <span class='ocrx_word' id='word_1_138' title='bbox 3501 510 3687 558; x_wconf 79' lang='lat' dir='ltr'><strong>autem</strong></span> 
     </span>
    </p>
   </div>
   <div class='ocr_carea' id='block_1_20' title="bbox 2108 597 3693 676">
    <p class='ocr_par' dir='ltr' id='par_1_20' title="bbox 2108 597 3693 676">
     <span class='ocr_line' id='line_1_20' title="bbox 2108 597 3693 676; baseline -0.007 -16"><span class='ocrx_word' id='word_1_139' title='bbox 2108 614 2366 676; x_wconf 87' lang='lat' dir='ltr'><strong>quatuor.</strong></span> <span class='ocrx_word' id='word_1_140' title='bbox 2400 602 2518 658; x_wconf 91' lang='lat' dir='ltr'><strong>Lux</strong></span> <span class='ocrx_word' id='word_1_141' title='bbox 2547 601 2696 656; x_wconf 90' lang='lat' dir='ltr'><strong>enim</strong></span> <span class='ocrx_word' id='word_1_142' title='bbox 2728 613 2853 655; x_wconf 91' lang='lat' dir='ltr'><strong>cum</strong></span> <span class='ocrx_word' id='word_1_143' title='bbox 2886 597 2955 652; x_wconf 93' lang='lat' dir='ltr'><strong>iis</strong></span> <span class='ocrx_word' id='word_1_144' title='bbox 2988 610 3098 651; x_wconf 88' lang='lat' dir='ltr'><strong>non</strong></span> <span class='ocrx_word' id='word_1_145' title='bbox 3130 603 3590 658; x_wconf 88' lang='lat' dir='ltr'><strong>connumeratur,</strong></span> <span class='ocrx_word' id='word_1_146' title='bbox 3630 600 3693 649; x_wconf 83' lang='lat' dir='ltr'><strong>ut</strong></span> 
     </span>
    </p>
   </div>
   <div class='ocr_carea' id='block_1_21' title="bbox 2109 678 3688 763">
    <p class='ocr_par' dir='ltr' id='par_1_21' title="bbox 2109 678 3688 763">
     <span class='ocr_line' id='line_1_21' title="bbox 2109 678 3688 763; baseline -0.006 -13"><span class='ocrx_word' id='word_1_147' title='bbox 2109 695 2306 750; x_wconf 90' lang='lat' dir='ltr'><strong>dicunt</strong></span> <span class='ocrx_word' id='word_1_148' title='bbox 2333 694 2369 748; x_wconf 89' lang='lat' dir='ltr'><strong>ii</strong></span> <span class='ocrx_word' id='word_1_149' title='bbox 2421 693 2516 763; x_wconf 89' lang='lat' dir='ltr'><strong>qui</strong></span> <span class='ocrx_word' id='word_1_150' title='bbox 2542 678 2888 747; x_wconf 80' lang='lat' dir='ltr'><strong>suntearum</strong></span> <span class='ocrx_word' id='word_1_151' title='bbox 2919 702 3106 743; x_wconf 90' lang='lat' dir='ltr'><strong>rerum</strong></span> <span class='ocrx_word' id='word_1_152' title='bbox 3148 685 3339 756; x_wconf 90' lang='lat' dir='ltr'><strong>periti.</strong></span> <span class='ocrx_word' id='word_1_153' title='bbox 3385 682 3688 755; x_wconf 84' lang='lat' dir='ltr'><strong>Oportebat</strong></span> 
     </span>
    </p>
   </div>
   <div class='ocr_carea' id='block_1_22' title="bbox 2110 777 3694 854">
    <p class='ocr_par' dir='ltr' id='par_1_22' title="bbox 2110 777 3694 854">
     <span class='ocr_line' id='line_1_22' title="bbox 2110 777 3694 854; baseline -0.007 -11"><span class='ocrx_word' id='word_1_154' title='bbox 2110 798 2317 849; x_wconf 88' lang='lat' dir='ltr'><strong>autem,</strong></span> <span class='ocrx_word' id='word_1_155' title='bbox 2344 802 2538 841; x_wconf 90' lang='lat' dir='ltr'><strong>rursus</strong></span> <span class='ocrx_word' id='word_1_156' title='bbox 2566 783 2826 854; x_wconf 90' lang='lat' dir='ltr'><strong>inquiunt</strong></span> <span class='ocrx_word' id='word_1_157' title='bbox 2855 781 2982 851; x_wconf 89' lang='lat' dir='ltr'><strong>ipsi,</strong></span> <span class='ocrx_word' id='word_1_158' title='bbox 3011 781 3056 835; x_wconf 92' lang='lat' dir='ltr'><strong>si</strong></span> <span class='ocrx_word' id='word_1_159' title='bbox 3085 788 3358 834; x_wconf 73' lang='lat' dir='ltr'><strong>creatura:</strong></span> <span class='ocrx_word' id='word_1_160' title='bbox 3385 793 3510 848; x_wconf 74' lang='lat' dir='ltr'><strong>quae</strong></span> <span class='ocrx_word' id='word_1_161' title='bbox 3544 777 3694 832; x_wconf 85' lang='lat' dir='ltr'><strong>cadit</strong></span> 
     </span>
    </p>
   </div>
   <div class='ocr_carea' id='block_1_23' title="bbox 2110 867 3694 949">
    <p class='ocr_par' dir='ltr' id='par_1_23' title="bbox 2110 867 3694 949">
     <span class='ocr_line' id='line_1_23' title="bbox 2110 867 3694 949; baseline -0.009 -14"><span class='ocrx_word' id='word_1_162' title='bbox 2110 879 2215 934; x_wconf 90' lang='lat' dir='ltr'><strong>sub</strong></span> <span class='ocrx_word' id='word_1_163' title='bbox 2259 889 2544 949; x_wconf 80' lang='lat' dir='ltr'><strong>aspectum</strong></span> <span class='ocrx_word' id='word_1_164' title='bbox 2587 877 2737 931; x_wconf 86' lang='lat' dir='ltr'><strong>Deus</strong></span> <span class='ocrx_word' id='word_1_165' title='bbox 2775 872 2983 928; x_wconf 87' lang='lat' dir='ltr'><strong>inducit</strong></span> <span class='ocrx_word' id='word_1_166' title='bbox 3006 868 3330 941; x_wconf 24' lang='lat' dir='ltr'><strong>‘opificium,</strong></span> <span class='ocrx_word' id='word_1_167' title='bbox 3363 883 3492 923; x_wconf 92' lang='lat' dir='ltr'><strong>eum</strong></span> <span class='ocrx_word' id='word_1_168' title='bbox 3528 867 3694 927; x_wconf 81' lang='lat' dir='ltr'><strong>simul</strong></span> 
     </span>
    </p>
   </div>
   <div class='ocr_carea' id='block_1_24' title="bbox 2109 960 3692 1034">
    <p class='ocr_par' dir='ltr' id='par_1_24' title="bbox 2109 960 3692 1034">
     <span class='ocr_line' id='line_1_24' title="bbox 2109 960 3692 1034; baseline -0.01 -4"><span class='ocrx_word' id='word_1_169' title='bbox 2109 990 2235 1030; x_wconf 90' lang='lat' dir='ltr'><strong>cum</strong></span> <span class='ocrx_word' id='word_1_170' title='bbox 2265 982 2410 1028; x_wconf 90' lang='lat' dir='ltr'><strong>terra</strong></span> <span class='ocrx_word' id='word_1_171' title='bbox 2443 972 2781 1026; x_wconf 88' lang='lat' dir='ltr'><strong>constituere</strong></span> <span class='ocrx_word' id='word_1_172' title='bbox 2822 966 3023 1023; x_wconf 76' lang='lat' dir='ltr'><strong>cmlum</strong></span> <span class='ocrx_word' id='word_1_173' title='bbox 3070 963 3217 1034; x_wconf 89' lang='lat' dir='ltr'><strong>quod</strong></span> <span class='ocrx_word' id='word_1_174' title='bbox 3268 960 3529 1027; x_wconf 75' lang='lat' dir='ltr'><strong>videtur,</strong></span> <span class='ocrx_word' id='word_1_175' title='bbox 3580 975 3692 1015; x_wconf 89' lang='lat' dir='ltr'><strong>non</strong></span> 
     </span>
    </p>
   </div>
   <div class='ocr_carea' id='block_1_25' title="bbox 2110 1053 3692 1133">
    <p class='ocr_par' dir='ltr' id='par_1_25' title="bbox 2110 1053 3692 1133">
     <span class='ocr_line' id='line_1_25' title="bbox 2110 1053 3692 1133; baseline -0.009 -13"><span class='ocrx_word' id='word_1_176' title='bbox 2110 1076 2293 1120; x_wconf 81' lang='lat' dir='ltr'><strong>autent</strong></span> <span class='ocrx_word' id='word_1_177' title='bbox 2319 1064 2371 1119; x_wconf 89' lang='lat' dir='ltr'><strong>id</strong></span> <span class='ocrx_word' id='word_1_178' title='bbox 2391 1062 2541 1133; x_wconf 88' lang='lat' dir='ltr'><strong>quod</strong></span> <span class='ocrx_word' id='word_1_179' title='bbox 2568 1076 2679 1116; x_wconf 90' lang='lat' dir='ltr'><strong>non</strong></span> <span class='ocrx_word' id='word_1_180' title='bbox 2707 1059 2949 1115; x_wconf 80' lang='lat' dir='ltr'><strong>videtur.</strong></span> <span class='ocrx_word' id='word_1_181' title='bbox 2968 1055 3076 1112; x_wconf 87' lang='lat' dir='ltr'><strong>Sed</strong></span> <span class='ocrx_word' id='word_1_182' title='bbox 3108 1063 3395 1123; x_wconf 87' lang='lat' dir='ltr'><strong>utramque</strong></span> <span class='ocrx_word' id='word_1_183' title='bbox 3418 1053 3692 1123; x_wconf 81' lang='lat' dir='ltr'><strong>primoge-</strong></span> 
     </span>
    </p>
   </div>
   <div class='ocr_carea' id='block_1_26' title="bbox 2108 1153 3693 1227">
    <p class='ocr_par' dir='ltr' id='par_1_26' title="bbox 2108 1153 3693 1227">
     <span class='ocr_line' id='line_1_26' title="bbox 2108 1153 3693 1227; baseline -0.008 -14"><span class='ocrx_word' id='word_1_184' title='bbox 2108 1160 2285 1214; x_wconf 88' lang='lat' dir='ltr'><strong>nitam</strong></span> <span class='ocrx_word' id='word_1_185' title='bbox 2327 1156 2730 1227; x_wconf 82' lang='lat' dir='ltr'><strong>gemellamque</strong></span> <span class='ocrx_word' id='word_1_186' title='bbox 2782 1159 2968 1206; x_wconf 87' lang='lat' dir='ltr'><strong>natam</strong></span> <span class='ocrx_word' id='word_1_187' title='bbox 2995 1157 3330 1209; x_wconf 87' lang='lat' dir='ltr'><strong>creaturam,</strong></span> <span class='ocrx_word' id='word_1_188' title='bbox 3380 1153 3438 1200; x_wconf 92' lang='lat' dir='ltr'><strong>et</strong></span> <span class='ocrx_word' id='word_1_189' title='bbox 3468 1159 3594 1214; x_wconf 71' lang='lat' dir='ltr'><strong>qua:</strong></span> <span class='ocrx_word' id='word_1_190' title='bbox 3622 1158 3693 1200; x_wconf 85' lang='lat' dir='ltr'><strong>ne</strong></span> 
     </span>
    </p>
   </div>
   <div class='ocr_carea' id='block_1_27' title="bbox 2110 1226 3691 1326">
    <p class='ocr_par' dir='ltr' id='par_1_27' title="bbox 2110 1226 3691 1326">
     <span class='ocr_line' id='line_1_27' title="bbox 2110 1226 3691 1326; baseline -0.012 -19"><span class='ocrx_word' id='word_1_191' title='bbox 2110 1253 2214 1313; x_wconf 80' lang='lat' dir='ltr'><strong>sub</strong></span> <span class='ocrx_word' id='word_1_192' title='bbox 2250 1226 2532 1320; x_wconf 78' lang='lat' dir='ltr'><strong>aspectum</strong></span> <span class='ocrx_word' id='word_1_193' title='bbox 2579 1246 2803 1326; x_wconf 82' lang='lat' dir='ltr'><strong>quidem</strong></span> <span class='ocrx_word' id='word_1_194' title='bbox 2840 1243 3082 1306; x_wconf 83' lang='lat' dir='ltr'><strong>caderet,</strong></span> <span class='ocrx_word' id='word_1_195' title='bbox 3135 1238 3402 1299; x_wconf 85' lang='lat' dir='ltr'><strong>occuluit,</strong></span> <span class='ocrx_word' id='word_1_196' title='bbox 3433 1226 3555 1326; x_wconf 75' lang='lat' dir='ltr'><strong>eam</strong></span> <span class='ocrx_word' id='word_1_197' title='bbox 3594 1251 3691 1289; x_wconf 87' lang='lat' dir='ltr'><strong>su-</strong></span> 
     </span>
    </p>
   </div>
   <div class='ocr_carea' id='block_1_28' title="bbox 2109 1318 3694 1413">
    <p class='ocr_par' dir='ltr' id='par_1_28' title="bbox 2109 1318 3694 1413">
     <span class='ocr_line' id='line_1_28' title="bbox 2109 1318 3694 1413; baseline -0.013 -17"><span class='ocrx_word' id='word_1_198' title='bbox 2109 1356 2281 1413; x_wconf 86' lang='lat' dir='ltr'><strong>perne</strong></span> <span class='ocrx_word' id='word_1_199' title='bbox 2316 1318 2377 1395; x_wconf 80' lang='lat' dir='ltr'><strong>et</strong></span> <span class='ocrx_word' id='word_1_200' title='bbox 2403 1337 2615 1393; x_wconf 87' lang='lat' dir='ltr'><strong>inferne</strong></span> <span class='ocrx_word' id='word_1_201' title='bbox 2637 1318 2874 1406; x_wconf 80' lang='lat' dir='ltr'><strong>quodam</strong></span> <span class='ocrx_word' id='word_1_202' title='bbox 2901 1330 3072 1385; x_wconf 75' lang='lat' dir='ltr'><strong>veluti</strong></span> <span class='ocrx_word' id='word_1_203' title='bbox 3104 1323 3425 1401; x_wconf 62' lang='lat' dir='ltr'><strong>cry’stallino</strong></span> <span class='ocrx_word' id='word_1_204' title='bbox 3467 1318 3694 1379; x_wconf 69' lang='lat' dir='ltr'><strong>et&#39;celc-</strong></span> 
     </span>
    </p>
   </div>
   <div class='ocr_carea' id='block_1_29' title="bbox 2111 1415 3692 1499">
    <p class='ocr_par' dir='ltr' id='par_1_29' title="bbox 2111 1415 3692 1499">
     <span class='ocr_line' id='line_1_29' title="bbox 2111 1415 3692 1499; baseline -0.013 -10"><span class='ocrx_word' id='word_1_205' title='bbox 2111 1435 2252 1489; x_wconf 89' lang='lat' dir='ltr'><strong>riter</strong></span> <span class='ocrx_word' id='word_1_206' title='bbox 2294 1432 2502 1487; x_wconf 85' lang='lat' dir='ltr'><strong>fluente</strong></span> <span class='ocrx_word' id='word_1_207' title='bbox 2537 1444 2807 1499; x_wconf 85' lang='lat' dir='ltr'><strong>aquarum</strong></span> <span class='ocrx_word' id='word_1_208' title='bbox 2838 1423 3107 1480; x_wconf 84' lang='lat' dir='ltr'><strong>amiciens</strong></span> <span class='ocrx_word' id='word_1_209' title='bbox 3146 1419 3503 1475; x_wconf 83' lang='lat' dir='ltr'><strong>vestimento.</strong></span> <span class='ocrx_word' id='word_1_210' title='bbox 3534 1415 3692 1483; x_wconf 85' lang='lat' dir='ltr'><strong>Quod</strong></span> 
     </span>
    </p>
   </div>
   <div class='ocr_carea' id='block_1_30' title="bbox 2110 1505 3738 1596">
    <p class='ocr_par' dir='ltr' id='par_1_30' title="bbox 2110 1505 3738 1596">
     <span class='ocr_line' id='line_1_30' title="bbox 2110 1505 3738 1596; baseline -0.012 -17"><span class='ocrx_word' id='word_1_211' title='bbox 2110 1524 2333 1596; x_wconf 87' lang='lat' dir='ltr'><strong>quidem</strong></span> <span class='ocrx_word' id='word_1_212' title='bbox 2364 1537 2558 1577; x_wconf 87' lang='lat' dir='ltr'><strong>rursus</strong></span> <span class='ocrx_word' id='word_1_213' title='bbox 2587 1519 2753 1577; x_wconf 79' lang='lat' dir='ltr'><strong>nobis</strong></span> <span class='ocrx_word' id='word_1_214' title='bbox 2784 1517 2945 1572; x_wconf 87' lang='lat' dir='ltr'><strong>aliam</strong></span> <span class='ocrx_word' id='word_1_215' title='bbox 2987 1529 3097 1569; x_wconf 90' lang='lat' dir='ltr'><strong>non</strong></span> <span class='ocrx_word' id='word_1_216' title='bbox 3130 1512 3310 1567; x_wconf 81' lang='lat' dir='ltr'><strong>levem</strong></span> <span class='ocrx_word' id='word_1_217' title='bbox 3340 1509 3487 1579; x_wconf 88' lang='lat' dir='ltr'><strong>parit</strong></span> <span class='ocrx_word' id='word_1_218' title='bbox 3527 1505 3694 1560; x_wconf 89' lang='lat' dir='ltr'><strong>dubi-</strong></span> <span class='ocrx_word' id='word_1_219' title='bbox 3726 1572 3738 1581; x_wconf 32' lang='grc' dir='ltr'>δ</span> 
     </span>
    </p>
   </div>
   <div class='ocr_carea' id='block_1_31' title="bbox 2111 1607 3695 1683">
    <p class='ocr_par' dir='ltr' id='par_1_31' title="bbox 2111 1607 3695 1683">
     <span class='ocr_line' id='line_1_31' title="bbox 2111 1607 3695 1683; baseline -0.015 -10"><span class='ocrx_word' id='word_1_220' title='bbox 2111 1617 2376 1673; x_wconf 88' lang='lat' dir='ltr'><strong>tationem</strong></span> <span class='ocrx_word' id='word_1_221' title='bbox 2406 1633 2422 1669; x_wconf 69' lang='grc' dir='ltr'>ι</span> <span class='ocrx_word' id='word_1_222' title='bbox 2450 1628 2650 1683; x_wconf 90' lang='lat' dir='ltr'><strong>nempe</strong></span> <span class='ocrx_word' id='word_1_223' title='bbox 2681 1608 2829 1681; x_wconf 91' lang='lat' dir='ltr'><strong>quod</strong></span> <span class='ocrx_word' id='word_1_224' title='bbox 2863 1607 2971 1662; x_wconf 85' lang='lat' dir='ltr'><strong>alia</strong></span> <span class='ocrx_word' id='word_1_225' title='bbox 3005 1612 3259 1660; x_wconf 88' lang='lat' dir='ltr'><strong>contecta</strong></span> <span class='ocrx_word' id='word_1_226' title='bbox 3301 1607 3432 1655; x_wconf 91' lang='lat' dir='ltr'><strong>sunt</strong></span> <span class='ocrx_word' id='word_1_227' title='bbox 3453 1611 3695 1668; x_wconf 85' lang='lat' dir='ltr'><strong>superna</strong></span> 
     </span>
    </p>
   </div>
   <div class='ocr_carea' id='block_1_32' title="bbox 2114 1688 3694 1780">
    <p class='ocr_par' dir='ltr' id='par_1_32' title="bbox 2114 1688 3694 1780">
     <span class='ocr_line' id='line_1_32' title="bbox 2114 1688 3694 1780; baseline -0.013 -16"><span class='ocrx_word' id='word_1_228' title='bbox 2114 1709 2357 1780; x_wconf 91' lang='lat' dir='ltr'><strong>(arcente</strong></span> <span class='ocrx_word' id='word_1_229' title='bbox 2383 1702 2717 1760; x_wconf 82' lang='lat' dir='ltr'><strong>intermedio</strong></span> <span class='ocrx_word' id='word_1_230' title='bbox 2757 1699 2930 1755; x_wconf 77' lang='lat' dir='ltr'><strong>veluti</strong></span> <span class='ocrx_word' id='word_1_231' title='bbox 2962 1695 3273 1768; x_wconf 58' lang='lat' dir='ltr'><strong>operculo),</strong></span> <span class='ocrx_word' id='word_1_232' title='bbox 3299 1708 3370 1747; x_wconf 89' lang='lat' dir='ltr'><strong>ne</strong></span> <span class='ocrx_word' id='word_1_233' title='bbox 3392 1698 3449 1746; x_wconf 88' lang='lat' dir='ltr'><strong>et</strong></span> <span class='ocrx_word' id='word_1_234' title='bbox 3477 1688 3694 1765; x_wconf 74' lang='lat' dir='ltr'><strong>inferna</strong></span> 
     </span>
    </p>
   </div>
   <div class='ocr_carea' id='block_1_33' title="bbox 423 1790 3696 1870">
    <p class='ocr_par' dir='ltr' id='par_1_33' title="bbox 423 1790 3696 1870">
     <span class='ocr_line' id='line_1_33' title="bbox 423 1790 3696 1870; baseline -0.005 -25"><span class='ocrx_word' id='word_1_235' title='bbox 423 1790 948 1855; x_wconf 84' lang='lat' dir='ltr'><strong>testcircumscrihi,</strong></span> <span class='ocrx_word' id='word_1_236' title='bbox 971 1791 1248 1860; x_wconf 87' lang='lat' dir='ltr'><strong>quomodo</strong></span> <span class='ocrx_word' id='word_1_237' title='bbox 1264 1791 1741 1847; x_wconf 85' lang='lat' dir='ltr'><strong>circumscribitur</strong></span> <span class='ocrx_word' id='word_1_238' title='bbox 1762 1794 1916 1863; x_wconf 88' lang='lat' dir='ltr'><strong>pulsa</strong></span> <span class='ocrx_word' id='word_1_239' title='bbox 1939 1794 2009 1849; x_wconf 92' lang='lat' dir='ltr'><strong>ab</strong></span> <span class='ocrx_word' id='word_1_240' title='bbox 2043 1792 2081 1846; x_wconf 80' lang='grc' dir='ltr'><strong>Β</strong></span> <span class='ocrx_word' id='word_1_241' title='bbox 2111 1802 2316 1859; x_wconf 61' lang='lat' dir='ltr'><strong>imum-ﬁ</strong></span> <span class='ocrx_word' id='word_1_242' title='bbox 2346 1798 2863 1870; x_wconf 54' lang='lat' dir='ltr'><strong>possint.superna,</strong></span> <span class='ocrx_word' id='word_1_243' title='bbox 2899 1806 3081 1861; x_wconf 71' lang='lat' dir='ltr'><strong>neque</strong></span> <span class='ocrx_word' id='word_1_244' title='bbox 3102 1802 3297 1842; x_wconf 77' lang='lat' dir='ltr'><strong>rursus</strong></span> <span class='ocrx_word' id='word_1_245' title='bbox 3330 1797 3569 1854; x_wconf 78' lang='lat' dir='ltr'><strong>superna</strong></span> <span class='ocrx_word' id='word_1_246' title='bbox 3602 1796 3696 1835; x_wconf 75' lang='lat' dir='ltr'><strong>as.-</strong></span> 
     </span>
    </p>
   </div>
   <div class='ocr_carea' id='block_1_34' title="bbox 421 1876 2008 1955">
    <p class='ocr_par' dir='ltr' id='par_1_34' title="bbox 421 1876 2008 1955">
     <span class='ocr_line' id='line_1_34' title="bbox 421 1876 2008 1955; baseline 0.003 -18"><span class='ocrx_word' id='word_1_247' title='bbox 421 1884 616 1938; x_wconf 85' lang='lat' dir='ltr'><strong>umbra</strong></span> <span class='ocrx_word' id='word_1_248' title='bbox 646 1884 858 1939; x_wconf 73' lang='lat' dir='ltr'><strong>cmlesti</strong></span> <span class='ocrx_word' id='word_1_249' title='bbox 877 1884 899 1937; x_wconf 86' lang='lat'><strong>?</strong></span> <span class='ocrx_word' id='word_1_250' title='bbox 921 1876 1278 1954; x_wconf 79' lang='lat' dir='ltr'><strong>Cortjungunt</strong></span> <span class='ocrx_word' id='word_1_251' title='bbox 1296 1892 1479 1938; x_wconf 88' lang='lat' dir='ltr'><strong>autem</strong></span> <span class='ocrx_word' id='word_1_252' title='bbox 1502 1884 1667 1941; x_wconf 87' lang='lat' dir='ltr'><strong>etiam</strong></span> <span class='ocrx_word' id='word_1_253' title='bbox 1692 1886 2008 1955; x_wconf 61' lang='lat' dir='ltr'><strong>praeceden~</strong></span> 
     </span>
    </p>
   </div>
   <div class='ocr_carea' id='block_1_35' title="bbox 424 1973 2006 2046">
    <p class='ocr_par' dir='ltr' id='par_1_35' title="bbox 424 1973 2006 2046">
     <span class='ocr_line' id='line_1_35' title="bbox 424 1973 2006 2046; baseline 0.005 -18"><span class='ocrx_word' id='word_1_254' title='bbox 424 1973 574 2028; x_wconf 90' lang='lat' dir='ltr'><strong>tibus</strong></span> <span class='ocrx_word' id='word_1_255' title='bbox 631 1973 794 2027; x_wconf 89' lang='lat' dir='ltr'><strong>aliam</strong></span> <span class='ocrx_word' id='word_1_256' title='bbox 846 1989 1068 2043; x_wconf 89' lang='lat' dir='ltr'><strong>quoque</strong></span> <span class='ocrx_word' id='word_1_257' title='bbox 1109 1974 1470 2044; x_wconf 74' lang='lat' dir='ltr'><strong>qutestionem</strong></span> <span class='ocrx_word' id='word_1_258' title='bbox 1528 1975 1883 2046; x_wconf 88' lang='lat' dir='ltr'><strong>interpretes.</strong></span> <span class='ocrx_word' id='word_1_259' title='bbox 1948 1980 2006 2036; x_wconf 92' lang='lat' dir='ltr'><strong>Si</strong></span> 
     </span>
    </p>
   </div>
   <div class='ocr_carea' id='block_1_36' title="bbox 422 2064 2010 2140">
    <p class='ocr_par' dir='ltr' id='par_1_36' title="bbox 422 2064 2010 2140">
     <span class='ocr_line' id='line_1_36' title="bbox 422 2064 2010 2140; baseline 0.006 -24"><span class='ocrx_word' id='word_1_260' title='bbox 422 2064 598 2127; x_wconf 82' lang='lat' dir='ltr'><strong>enim,</strong></span> <span class='ocrx_word' id='word_1_261' title='bbox 632 2064 916 2133; x_wconf 86' lang='lat' dir='ltr'><strong>inquiunt,</strong></span> <span class='ocrx_word' id='word_1_262' title='bbox 968 2064 1301 2134; x_wconf 86' lang='lat' dir='ltr'><strong>profundunt</strong></span> <span class='ocrx_word' id='word_1_263' title='bbox 1355 2081 1623 2135; x_wconf 88' lang='lat' dir='ltr'><strong>aquarum</strong></span> <span class='ocrx_word' id='word_1_264' title='bbox 1665 2068 1846 2140; x_wconf 81' lang='lat' dir='ltr'><strong>abyssi</strong></span> <span class='ocrx_word' id='word_1_265' title='bbox 1890 2080 2010 2125; x_wconf 88' lang='lat' dir='ltr'><strong>erat</strong></span> 
     </span>
    </p>
   </div>
   <div class='ocr_carea' id='block_1_37' title="bbox 424 2157 2008 2230">
    <p class='ocr_par' dir='ltr' id='par_1_37' title="bbox 424 2157 2008 2230">
     <span class='ocr_line' id='line_1_37' title="bbox 424 2157 2008 2230; baseline 0.005 -20"><span class='ocrx_word' id='word_1_266' title='bbox 424 2172 593 2227; x_wconf 85' lang='lat' dir='ltr'><strong>super</strong></span> <span class='ocrx_word' id='word_1_267' title='bbox 632 2157 828 2212; x_wconf 83' lang='lat' dir='ltr'><strong>faciem</strong></span> <span class='ocrx_word' id='word_1_268' title='bbox 864 2157 1138 2213; x_wconf 70' lang='lat' dir='ltr'><strong>universae</strong></span> <span class='ocrx_word' id='word_1_269' title='bbox 1178 2167 1363 2221; x_wconf 64' lang='lat' dir='ltr'><strong>terrae.</strong></span> <span class='ocrx_word' id='word_1_270' title='bbox 1401 2176 1511 2215; x_wconf 89' lang='lat' dir='ltr'><strong>non</strong></span> <span class='ocrx_word' id='word_1_271' title='bbox 1552 2162 1841 2230; x_wconf 84' lang='lat' dir='ltr'><strong>oportebat</strong></span> <span class='ocrx_word' id='word_1_272' title='bbox 1886 2178 2008 2218; x_wconf 90' lang='lat' dir='ltr'><strong>eam</strong></span> 
     </span>
    </p>
   </div>
   <div class='ocr_carea' id='block_1_38' title="bbox 425 2247 2009 2318">
    <p class='ocr_par' dir='ltr' id='par_1_38' title="bbox 425 2247 2009 2318">
     <span class='ocr_line' id='line_1_38' title="bbox 425 2247 2009 2318; baseline 0.008 -18"><span class='ocrx_word' id='word_1_273' title='bbox 425 2247 653 2301; x_wconf 89' lang='lat' dir='ltr'><strong>omnino</strong></span> <span class='ocrx_word' id='word_1_274' title='bbox 676 2249 941 2318; x_wconf 88' lang='lat' dir='ltr'><strong>appellari</strong></span> <span class='ocrx_word' id='word_1_275' title='bbox 977 2259 1202 2312; x_wconf 88' lang='lat' dir='ltr'><strong>terram,</strong></span> <span class='ocrx_word' id='word_1_276' title='bbox 1230 2250 1326 2305; x_wconf 91' lang='lat' dir='ltr'><strong>sed</strong></span> <span class='ocrx_word' id='word_1_277' title='bbox 1354 2268 1512 2308; x_wconf 86' lang='lat' dir='ltr'><strong>mare</strong></span> <span class='ocrx_word' id='word_1_278' title='bbox 1540 2271 1553 2306; x_wconf 89' lang='lat'>:</span> <span class='ocrx_word' id='word_1_279' title='bbox 1587 2263 1643 2308; x_wconf 86' lang='lat' dir='ltr'><strong>et</strong></span> <span class='ocrx_word' id='word_1_280' title='bbox 1684 2270 1787 2309; x_wconf 92' lang='lat' dir='ltr'><strong>cur</strong></span> <span class='ocrx_word' id='word_1_281' title='bbox 1812 2255 2009 2313; x_wconf 76' lang='lat' dir='ltr'><strong>hume~</strong></span> 
     </span>
    </p>
   </div>
   <div class='ocr_carea' id='block_1_39' title="bbox 427 2340 2011 2411">
    <p class='ocr_par' dir='ltr' id='par_1_39' title="bbox 427 2340 2011 2411">
     <span class='ocr_line' id='line_1_39' title="bbox 427 2340 2011 2411; baseline 0.006 -20"><span class='ocrx_word' id='word_1_282' title='bbox 427 2348 578 2393; x_wconf 88' lang='lat' dir='ltr'><strong>ctum</strong></span> <span class='ocrx_word' id='word_1_283' title='bbox 608 2347 767 2393; x_wconf 79' lang='lat' dir='ltr'><strong>terrae</strong></span> <span class='ocrx_word' id='word_1_284' title='bbox 794 2340 1090 2395; x_wconf 86' lang='lat' dir='ltr'><strong>terminum</strong></span> <span class='ocrx_word' id='word_1_285' title='bbox 1112 2356 1279 2411; x_wconf 87' lang='lat' dir='ltr'><strong>super</strong></span> <span class='ocrx_word' id='word_1_286' title='bbox 1296 2358 1463 2411; x_wconf 86' lang='lat' dir='ltr'><strong>quam</strong></span> <span class='ocrx_word' id='word_1_287' title='bbox 1480 2343 1723 2399; x_wconf 87' lang='lat' dir='ltr'><strong>locatum</strong></span> <span class='ocrx_word' id='word_1_288' title='bbox 1749 2356 1831 2398; x_wconf 88' lang='lat' dir='ltr'><strong>est</strong></span> <span class='ocrx_word' id='word_1_289' title='bbox 1851 2354 1907 2400; x_wconf 89' lang='lat' dir='ltr'><strong>et</strong></span> <span class='ocrx_word' id='word_1_290' title='bbox 1937 2348 2011 2400; x_wconf 84' lang='lat' dir='ltr'><strong>si-</strong></span> 
     </span>
    </p>
   </div>
   <div class='ocr_carea' id='block_1_40' title="bbox 427 2432 2008 2499">
    <p class='ocr_par' dir='ltr' id='par_1_40' title="bbox 427 2432 2008 2499">
     <span class='ocr_line' id='line_1_40' title="bbox 427 2432 2008 2499; baseline 0.005 -15"><span class='ocrx_word' id='word_1_291' title='bbox 427 2440 575 2490; x_wconf 91' lang='lat' dir='ltr'><strong>tum,</strong></span> <span class='ocrx_word' id='word_1_292' title='bbox 609 2439 811 2484; x_wconf 88' lang='lat' dir='ltr'><strong>terram</strong></span> <span class='ocrx_word' id='word_1_293' title='bbox 848 2432 1230 2489; x_wconf 88' lang='lat' dir='ltr'><strong>nominamus.</strong></span> <span class='ocrx_word' id='word_1_294' title='bbox 1289 2449 1399 2486; x_wconf 92' lang='lat' dir='ltr'><strong>non</strong></span> <span class='ocrx_word' id='word_1_295' title='bbox 1449 2449 1624 2499; x_wconf 89' lang='lat' dir='ltr'><strong>mare,</strong></span> <span class='ocrx_word' id='word_1_296' title='bbox 1677 2451 1789 2489; x_wconf 91' lang='lat' dir='ltr'><strong>non</strong></span> <span class='ocrx_word' id='word_1_297' title='bbox 1822 2437 2008 2492; x_wconf 86' lang='lat' dir='ltr'><strong>habita</strong></span> 
     </span>
    </p>
   </div>
   <div class='ocr_carea' id='block_1_41' title="bbox 427 2522 2011 2594">
    <p class='ocr_par' dir='ltr' id='par_1_41' title="bbox 427 2522 2011 2594">
     <span class='ocr_line' id='line_1_41' title="bbox 427 2522 2011 2594; baseline 0.007 -19"><span class='ocrx_word' id='word_1_298' title='bbox 427 2522 643 2577; x_wconf 82' lang='lat' dir='ltr'><strong>ratione</strong></span> <span class='ocrx_word' id='word_1_299' title='bbox 691 2523 963 2593; x_wconf 88' lang='lat' dir='ltr'><strong>subjecti,</strong></span> <span class='ocrx_word' id='word_1_300' title='bbox 996 2525 1273 2594; x_wconf 85' lang='lat' dir='ltr'><strong>quomodo</strong></span> <span class='ocrx_word' id='word_1_301' title='bbox 1296 2535 1355 2581; x_wconf 91' lang='lat' dir='ltr'><strong>et</strong></span> <span class='ocrx_word' id='word_1_302' title='bbox 1384 2526 1602 2589; x_wconf 83' lang='lat' dir='ltr'><strong>fluvios,</strong></span> <span class='ocrx_word' id='word_1_303' title='bbox 1659 2538 1717 2583; x_wconf 91' lang='lat' dir='ltr'><strong>et</strong></span> <span class='ocrx_word' id='word_1_304' title='bbox 1751 2530 1926 2594; x_wconf 86' lang='lat' dir='ltr'><strong>lacus,</strong></span> <span class='ocrx_word' id='word_1_305' title='bbox 1954 2540 2011 2586; x_wconf 93' lang='lat' dir='ltr'><strong>et</strong></span> 
     </span>
    </p>
   </div>
   <div class='ocr_carea' id='block_1_42' title="bbox 429 2613 2010 2690">
    <p class='ocr_par' dir='ltr' id='par_1_42' title="bbox 429 2613 2010 2690">
     <span class='ocr_line' id='line_1_42' title="bbox 429 2613 2010 2690; baseline 0.008 -26"><span class='ocrx_word' id='word_1_306' title='bbox 429 2613 630 2675; x_wconf 83' lang='lat' dir='ltr'><strong>fontes,</strong></span> <span class='ocrx_word' id='word_1_307' title='bbox 661 2628 726 2666; x_wconf 89' lang='lat' dir='ltr'><strong>ex</strong></span> <span class='ocrx_word' id='word_1_308' title='bbox 768 2614 1058 2683; x_wconf 89' lang='lat' dir='ltr'><strong>superficie</strong></span> <span class='ocrx_word' id='word_1_309' title='bbox 1079 2632 1269 2670; x_wconf 88' lang='lat' dir='ltr'><strong>earnm</strong></span> <span class='ocrx_word' id='word_1_310' title='bbox 1294 2632 1417 2685; x_wconf 67' lang='lat' dir='ltr'><strong>qua:</strong></span> <span class='ocrx_word' id='word_1_311' title='bbox 1447 2618 1500 2671; x_wconf 88' lang='lat' dir='ltr'><strong>itt</strong></span> <span class='ocrx_word' id='word_1_312' title='bbox 1527 2619 1661 2688; x_wconf 86' lang='lat' dir='ltr'><strong>ipsis</strong></span> <span class='ocrx_word' id='word_1_313' title='bbox 1685 2631 1816 2675; x_wconf 89' lang='lat' dir='ltr'><strong>sunt</strong></span> <span class='ocrx_word' id='word_1_314' title='bbox 1836 2638 2010 2690; x_wconf 87' lang='lat' dir='ltr'><strong>aqua-</strong></span> 
     </span>
    </p>
   </div>
   <div class='ocr_carea' id='block_1_43' title="bbox 431 2707 2013 2779">
    <p class='ocr_par' dir='ltr' id='par_1_43' title="bbox 431 2707 2013 2779">
     <span class='ocr_line' id='line_1_43' title="bbox 431 2707 2013 2779; baseline 0.01 -25"><span class='ocrx_word' id='word_1_315' title='bbox 431 2717 550 2755; x_wconf 87' lang='lat' dir='ltr'><strong>rum</strong></span> <span class='ocrx_word' id='word_1_316' title='bbox 598 2707 1063 2761; x_wconf 78' lang='lat' dir='ltr'><strong>convenientibus</strong></span> <span class='ocrx_word' id='word_1_317' title='bbox 1108 2710 1272 2762; x_wconf 89' lang='lat' dir='ltr'><strong>etiam</strong></span> <span class='ocrx_word' id='word_1_318' title='bbox 1304 2725 1496 2763; x_wconf 90' lang='lat' dir='ltr'><strong>earum</strong></span> <span class='ocrx_word' id='word_1_319' title='bbox 1546 2711 2013 2779; x_wconf 86' lang='lat' dir='ltr'><strong>appellationibus</strong></span> 
     </span>
    </p>
   </div>
   <div class='ocr_carea' id='block_1_44' title="bbox 427 2797 2011 2872">
    <p class='ocr_par' dir='ltr' id='par_1_44' title="bbox 427 2797 2011 2872">
     <span class='ocr_line' id='line_1_44' title="bbox 427 2797 2011 2872; baseline 0.008 -25"><span class='ocrx_word' id='word_1_320' title='bbox 427 2813 492 2850; x_wconf 81' lang='lat' dir='ltr'><strong>ex</strong></span> <span class='ocrx_word' id='word_1_321' title='bbox 519 2797 703 2851; x_wconf 82' lang='lat' dir='ltr'><strong>divina</strong></span> <span class='ocrx_word' id='word_1_322' title='bbox 737 2797 1021 2867; x_wconf 79' lang='lat' dir='ltr'><strong>Scriptura</strong></span> <span class='ocrx_word' id='word_1_323' title='bbox 1053 2800 1371 2856; x_wconf 85' lang='lat' dir='ltr'><strong>didicimus.</strong></span> <span class='ocrx_word' id='word_1_324' title='bbox 1419 2801 1721 2872; x_wconf 86' lang='lat' dir='ltr'><strong>Oportebat</strong></span> <span class='ocrx_word' id='word_1_325' title='bbox 1759 2806 1907 2860; x_wconf 86' lang='lat' dir='ltr'><strong>enim</strong></span> <span class='ocrx_word' id='word_1_326' title='bbox 1941 2806 2011 2860; x_wconf 88' lang='lat' dir='ltr'><strong>il-</strong></span> 
     </span>
    </p>
   </div>
   <div class='ocr_carea' id='block_1_45' title="bbox 431 2891 2012 2966">
    <p class='ocr_par' dir='ltr' id='par_1_45' title="bbox 431 2891 2012 2966">
     <span class='ocr_line' id='line_1_45' title="bbox 431 2891 2012 2966; baseline 0.008 -24"><span class='ocrx_word' id='word_1_327' title='bbox 431 2892 537 2942; x_wconf 85' lang='lat' dir='ltr'><strong>iant</strong></span> <span class='ocrx_word' id='word_1_328' title='bbox 570 2906 598 2944; x_wconf 91' lang='lat' dir='ltr'><strong>a</strong></span> <span class='ocrx_word' id='word_1_329' title='bbox 630 2891 739 2944; x_wconf 88' lang='lat' dir='ltr'><strong>Deo</strong></span> <span class='ocrx_word' id='word_1_330' title='bbox 770 2891 964 2946; x_wconf 81' lang='lat' dir='ltr'><strong>factam</strong></span> <span class='ocrx_word' id='word_1_331' title='bbox 1015 2893 1200 2947; x_wconf 88' lang='lat' dir='ltr'><strong>statim</strong></span> <span class='ocrx_word' id='word_1_332' title='bbox 1235 2894 1306 2948; x_wconf 89' lang='lat' dir='ltr'><strong>ab</strong></span> <span class='ocrx_word' id='word_1_333' title='bbox 1337 2895 1496 2949; x_wconf 91' lang='lat' dir='ltr'><strong>initio</strong></span> <span class='ocrx_word' id='word_1_334' title='bbox 1521 2904 1777 2966; x_wconf 86' lang='lat' dir='ltr'><strong>tanquam</strong></span> <span class='ocrx_word' id='word_1_335' title='bbox 1804 2899 2012 2955; x_wconf 88' lang='lat' dir='ltr'><strong>conde-</strong></span> 
     </span>
    </p>
   </div>
   <div class='ocr_carea' id='block_1_46' title="bbox 434 2985 2015 3057">
    <p class='ocr_par' dir='ltr' id='par_1_46' title="bbox 434 2985 2015 3057">
     <span class='ocr_line' id='line_1_46' title="bbox 434 2985 2015 3057; baseline 0.006 -19"><span class='ocrx_word' id='word_1_336' title='bbox 434 2995 692 3048; x_wconf 90' lang='lat' dir='ltr'><strong>mnatam,</strong></span> <span class='ocrx_word' id='word_1_337' title='bbox 724 2994 780 3037; x_wconf 91' lang='lat' dir='ltr'><strong>et</strong></span> <span class='ocrx_word' id='word_1_338' title='bbox 812 2985 1008 3057; x_wconf 82' lang='lat' dir='ltr'><strong>abysso</strong></span> <span class='ocrx_word' id='word_1_339' title='bbox 1042 2997 1298 3056; x_wconf 89' lang='lat' dir='ltr'><strong>tanquant</strong></span> <span class='ocrx_word' id='word_1_340' title='bbox 1330 2988 1522 3043; x_wconf 86' lang='lat' dir='ltr'><strong>inferis</strong></span> <span class='ocrx_word' id='word_1_341' title='bbox 1549 2990 1827 3053; x_wconf 86' lang='lat' dir='ltr'><strong>traditam,</strong></span> <span class='ocrx_word' id='word_1_342' title='bbox 1848 2992 2015 3048; x_wconf 87' lang='lat' dir='ltr'><strong>tertio</strong></span> 
     </span>
    </p>
   </div>
   <div class='ocr_carea' id='block_1_47' title="bbox 432 3077 2012 3154">
    <p class='ocr_par' dir='ltr' id='par_1_47' title="bbox 432 3077 2012 3154">
     <span class='ocr_line' id='line_1_47' title="bbox 432 3077 2012 3154; baseline 0.008 -29"><span class='ocrx_word' id='word_1_343' title='bbox 432 3077 515 3127; x_wconf 85' lang='lat' dir='ltr'><strong>die</strong></span> <span class='ocrx_word' id='word_1_344' title='bbox 547 3091 863 3145; x_wconf 67' lang='lat' dir='ltr'><strong>exsurgere,</strong></span> <span class='ocrx_word' id='word_1_345' title='bbox 896 3078 1170 3133; x_wconf 82' lang='lat' dir='ltr'><strong>dicendo:</strong></span> <span class='ocrx_word' id='word_1_346' title='bbox 1203 3077 1560 3150; x_wconf 82' lang='lat' dir='ltr'><strong>Congregetur</strong></span> <span class='ocrx_word' id='word_1_347' title='bbox 1583 3098 1723 3151; x_wconf 86' lang='lat' dir='ltr'><strong>aqua</strong></span> <span class='ocrx_word' id='word_1_348' title='bbox 1754 3093 2012 3154; x_wconf 82' lang='lat' dir='ltr'><strong>tanquam</strong></span> 
     </span>
    </p>
   </div>
   <div class='ocr_carea' id='block_1_48' title="bbox 433 3171 1796 3250">
    <p class='ocr_par' dir='ltr' id='par_1_48' title="bbox 433 3171 1796 3250">
     <span class='ocr_line' id='line_1_48' title="bbox 433 3171 1796 3250; baseline 0.004 -30"><span class='ocrx_word' id='word_1_349' title='bbox 433 3171 483 3220; x_wconf 72' lang='lat' dir='ltr'><strong>in</strong></span> <span class='ocrx_word' id='word_1_350' title='bbox 515 3172 970 3250; x_wconf 69' lang='lat' dir='ltr'><strong>congregationem</strong></span> <span class='ocrx_word' id='word_1_351' title='bbox 1001 3189 1186 3243; x_wconf 81' lang='lat' dir='ltr'><strong>unam,</strong></span> <span class='ocrx_word' id='word_1_352' title='bbox 1212 3181 1262 3225; x_wconf 82' lang='lat' dir='ltr'><strong>et</strong></span> <span class='ocrx_word' id='word_1_353' title='bbox 1287 3182 1537 3226; x_wconf 74' lang='lat' dir='ltr'><strong>cernatur</strong></span> <span class='ocrx_word' id='word_1_354' title='bbox 1564 3175 1718 3229; x_wconf 86' lang='lat' dir='ltr'><strong>arida</strong></span> <span class='ocrx_word' id='word_1_355' title='bbox 1733 3176 1796 3226; x_wconf 74' lang='lat'><strong>”.</strong></span> 
     </span>
    </p>
   </div>
   <div class='ocr_carea' id='block_1_49' title="bbox 506 3262 2014 3338">
    <p class='ocr_par' dir='ltr' id='par_1_49' title="bbox 506 3262 2014 3338">
     <span class='ocr_line' id='line_1_49' title="bbox 506 3262 2014 3338; baseline 0.006 -24"><span class='ocrx_word' id='word_1_356' title='bbox 506 3262 733 3316; x_wconf 73' lang='lat' dir='ltr'><strong>Deficiet</strong></span> <span class='ocrx_word' id='word_1_357' title='bbox 762 3280 848 3316; x_wconf 85' lang='lat' dir='ltr'><strong>tne</strong></span> <span class='ocrx_word' id='word_1_358' title='bbox 892 3275 1110 3333; x_wconf 84' lang='lat' dir='ltr'><strong>tempus</strong></span> <span class='ocrx_word' id='word_1_359' title='bbox 1138 3267 1182 3319; x_wconf 87' lang='lat' dir='ltr'><strong>si</strong></span> <span class='ocrx_word' id='word_1_360' title='bbox 1212 3266 1376 3320; x_wconf 78' lang='lat' dir='ltr'><strong>velim</strong></span> <span class='ocrx_word' id='word_1_361' title='bbox 1414 3266 1466 3320; x_wconf 92' lang='lat' dir='ltr'><strong>in</strong></span> <span class='ocrx_word' id='word_1_362' title='bbox 1500 3268 1740 3322; x_wconf 86' lang='lat' dir='ltr'><strong>medium</strong></span> <span class='ocrx_word' id='word_1_363' title='bbox 1769 3270 2014 3338; x_wconf 89' lang='lat' dir='ltr'><strong>proferre</strong></span> 
     </span>
    </p>
   </div>
   <div class='ocr_carea' id='block_1_50' title="bbox 434 3358 2015 3431">
    <p class='ocr_par' dir='ltr' id='par_1_50' title="bbox 434 3358 2015 3431">
     <span class='ocr_line' id='line_1_50' title="bbox 434 3358 2015 3431; baseline 0.008 -27"><span class='ocrx_word' id='word_1_364' title='bbox 434 3369 714 3408; x_wconf 59' lang='lat' dir='ltr'><strong>mererum</strong></span> <span class='ocrx_word' id='word_1_365' title='bbox 749 3358 999 3411; x_wconf 77' lang='lat' dir='ltr'><strong>omnium</strong></span> <span class='ocrx_word' id='word_1_366' title='bbox 1030 3359 1366 3412; x_wconf 87' lang='lat' dir='ltr'><strong>asseeiarum</strong></span> <span class='ocrx_word' id='word_1_367' title='bbox 1388 3358 1764 3415; x_wconf 90' lang='lat' dir='ltr'><strong>dubitationes</strong></span> <span class='ocrx_word' id='word_1_368' title='bbox 1792 3370 2015 3431; x_wconf 66' lang='lat' dir='ltr'><strong>etquae-</strong></span> 
     </span>
    </p>
   </div>
   <div class='ocr_carea' id='block_1_51' title="bbox 391 3446 2014 3521">
    <p class='ocr_par' dir='ltr' id='par_1_51' title="bbox 391 3446 2014 3521">
     <span class='ocr_line' id='line_1_51' title="bbox 391 3446 2014 3521; baseline 0.009 -28"><span class='ocrx_word' id='word_1_369' title='bbox 391 3472 397 3478; x_wconf 68' lang='grc' dir='ltr'><strong><em>ο</em></strong></span> <span class='ocrx_word' id='word_1_370' title='bbox 434 3446 641 3501; x_wconf 56' lang='lat' dir='ltr'><strong>stiones</strong></span> <span class='ocrx_word' id='word_1_371' title='bbox 671 3446 738 3499; x_wconf 89' lang='lat' dir='ltr'><strong>de</strong></span> <span class='ocrx_word' id='word_1_372' title='bbox 771 3463 864 3500; x_wconf 82' lang='lat' dir='ltr'><strong>sex</strong></span> <span class='ocrx_word' id='word_1_373' title='bbox 891 3447 1110 3502; x_wconf 88' lang='lat' dir='ltr'><strong>diebus.</strong></span> <span class='ocrx_word' id='word_1_374' title='bbox 1145 3448 1363 3504; x_wconf 85' lang='lat' dir='ltr'><strong>Etenim</strong></span> <span class='ocrx_word' id='word_1_375' title='bbox 1398 3450 1465 3504; x_wconf 90' lang='lat' dir='ltr'><strong>de</strong></span> <span class='ocrx_word' id='word_1_376' title='bbox 1494 3450 1691 3521; x_wconf 81' lang='lat' dir='ltr'><strong>abysso</strong></span> <span class='ocrx_word' id='word_1_377' title='bbox 1720 3467 1756 3521; x_wconf 90' lang='lat' dir='ltr'><strong>q</strong></span> <span class='ocrx_word' id='word_1_378' title='bbox 1782 3468 1843 3506; x_wconf 64' lang='grc' dir='ltr'><strong>ιω</strong></span> <span class='ocrx_word' id='word_1_379' title='bbox 1872 3452 2014 3507; x_wconf 85' lang='lat' dir='ltr'><strong>dici-</strong></span> 
     </span>
    </p>
   </div>
   <div class='ocr_carea' id='block_1_52' title="bbox 439 3538 2017 3611">
    <p class='ocr_par' dir='ltr' id='par_1_52' title="bbox 439 3538 2017 3611">
     <span class='ocr_line' id='line_1_52' title="bbox 439 3538 2017 3611; baseline 0.006 -23"><span class='ocrx_word' id='word_1_380' title='bbox 439 3546 547 3591; x_wconf 88' lang='lat' dir='ltr'><strong>tur.</strong></span> <span class='ocrx_word' id='word_1_381' title='bbox 571 3546 627 3589; x_wconf 84' lang='lat' dir='ltr'><strong>et</strong></span> <span class='ocrx_word' id='word_1_382' title='bbox 657 3538 725 3591; x_wconf 87' lang='lat' dir='ltr'><strong>de</strong></span> <span class='ocrx_word' id='word_1_383' title='bbox 760 3552 901 3606; x_wconf 88' lang='lat' dir='ltr'><strong>aqua</strong></span> <span class='ocrx_word' id='word_1_384' title='bbox 933 3554 1055 3607; x_wconf 69' lang='lat' dir='ltr'><strong>quae</strong></span> <span class='ocrx_word' id='word_1_385' title='bbox 1078 3540 1429 3605; x_wconf 87' lang='lat' dir='ltr'><strong>nominatur,</strong></span> <span class='ocrx_word' id='word_1_386' title='bbox 1474 3541 1567 3596; x_wconf 82' lang='lat' dir='ltr'><strong>alii</strong></span> <span class='ocrx_word' id='word_1_387' title='bbox 1602 3542 1825 3611; x_wconf 81' lang='lat' dir='ltr'><strong>quidem</strong></span> <span class='ocrx_word' id='word_1_388' title='bbox 1858 3542 2017 3598; x_wconf 88' lang='lat' dir='ltr'><strong>intel-</strong></span> 
     </span>
    </p>
   </div>
   <div class='ocr_carea' id='block_1_53' title="bbox 436 3620 2014 3701">
    <p class='ocr_par' dir='ltr' id='par_1_53' title="bbox 436 3620 2014 3701">
     <span class='ocr_line' id='line_1_53' title="bbox 436 3620 2014 3701; baseline 0.006 -21"><span class='ocrx_word' id='word_1_389' title='bbox 436 3629 690 3682; x_wconf 75' lang='lat' dir='ltr'><strong>lexerunt</strong></span> <span class='ocrx_word' id='word_1_390' title='bbox 744 3638 1005 3699; x_wconf 81' lang='lat' dir='ltr'><strong>utrasque</strong></span> <span class='ocrx_word' id='word_1_391' title='bbox 1067 3647 1237 3701; x_wconf 87' lang='lat' dir='ltr'><strong>aquas</strong></span> <span class='ocrx_word' id='word_1_392' title='bbox 1295 3648 1459 3687; x_wconf 88' lang='lat' dir='ltr'><strong>unam</strong></span> <span class='ocrx_word' id='word_1_393' title='bbox 1512 3620 1637 3688; x_wconf 75' lang='lat' dir='ltr'><strong>esse</strong></span> <span class='ocrx_word' id='word_1_394' title='bbox 1677 3642 1734 3689; x_wconf 90' lang='lat' dir='ltr'><strong>et</strong></span> <span class='ocrx_word' id='word_1_395' title='bbox 1779 3635 2014 3690; x_wconf 92' lang='lat' dir='ltr'><strong>similem</strong></span> 
     </span>
    </p>
   </div>
   <div class='ocr_carea' id='block_1_54' title="bbox 438 3721 2017 3782">
    <p class='ocr_par' dir='ltr' id='par_1_54' title="bbox 438 3721 2017 3782">
     <span class='ocr_line' id='line_1_54' title="bbox 438 3721 2017 3782; baseline 0.007 -11"><span class='ocrx_word' id='word_1_396' title='bbox 438 3731 708 3774; x_wconf 86' lang='lat' dir='ltr'><strong>naturam.</strong></span> <span class='ocrx_word' id='word_1_397' title='bbox 746 3721 852 3774; x_wconf 83' lang='lat' dir='ltr'><strong>Alii</strong></span> <span class='ocrx_word' id='word_1_398' title='bbox 892 3731 1076 3777; x_wconf 84' lang='lat' dir='ltr'><strong>autent</strong></span> <span class='ocrx_word' id='word_1_399' title='bbox 1122 3723 1404 3782; x_wconf 74' lang='lat' dir='ltr'><strong>dixerunt.</strong></span> <span class='ocrx_word' id='word_1_400' title='bbox 1437 3724 1556 3779; x_wconf 63' lang='lat' dir='ltr'><strong>haec</strong></span> <span class='ocrx_word' id='word_1_401' title='bbox 1581 3741 1691 3780; x_wconf 91' lang='lat' dir='ltr'><strong>non</strong></span> <span class='ocrx_word' id='word_1_402' title='bbox 1723 3742 1893 3781; x_wconf 87' lang='lat' dir='ltr'><strong>unum</strong></span> <span class='ocrx_word' id='word_1_403' title='bbox 1938 3727 2017 3782; x_wconf 86' lang='lat' dir='ltr'><strong>si-</strong></span> 
     </span>
    </p>
   </div>
   <div class='ocr_carea' id='block_1_55' title="bbox 435 3813 2016 3891">
    <p class='ocr_par' dir='ltr' id='par_1_55' title="bbox 435 3813 2016 3891">
     <span class='ocr_line' id='line_1_55' title="bbox 435 3813 2016 3891; baseline 0.009 -30"><span class='ocrx_word' id='word_1_404' title='bbox 435 3813 714 3883; x_wconf 70' lang='lat' dir='ltr'><strong>gnificare.</strong></span> <span class='ocrx_word' id='word_1_405' title='bbox 746 3814 1065 3891; x_wconf 75' lang='lat' dir='ltr'><strong>Differcntia</strong></span> <span class='ocrx_word' id='word_1_406' title='bbox 1094 3816 1264 3879; x_wconf 87' lang='lat' dir='ltr'><strong>enim,</strong></span> <span class='ocrx_word' id='word_1_407' title='bbox 1300 3817 1499 3888; x_wconf 89' lang='lat' dir='ltr'><strong>inquit,</strong></span> <span class='ocrx_word' id='word_1_408' title='bbox 1548 3833 1742 3873; x_wconf 90' lang='lat' dir='ltr'><strong>eorum</strong></span> <span class='ocrx_word' id='word_1_409' title='bbox 1768 3834 1891 3890; x_wconf 71' lang='lat' dir='ltr'><strong>qua:</strong></span> <span class='ocrx_word' id='word_1_410' title='bbox 1921 3835 2016 3874; x_wconf 84' lang='lat' dir='ltr'><strong>ve-</strong></span> 
     </span>
    </p>
   </div>
   <div class='ocr_carea' id='block_1_56' title="bbox 438 3905 2015 3976">
    <p class='ocr_par' dir='ltr' id='par_1_56' title="bbox 438 3905 2015 3976">
     <span class='ocr_line' id='line_1_56' title="bbox 438 3905 2015 3976; baseline 0.006 -19"><span class='ocrx_word' id='word_1_411' title='bbox 438 3905 685 3969; x_wconf 78' lang='lat' dir='ltr'><strong>huntur,</strong></span> <span class='ocrx_word' id='word_1_412' title='bbox 749 3908 1025 3976; x_wconf 76' lang='lat' dir='ltr'><strong>significat</strong></span> <span class='ocrx_word' id='word_1_413' title='bbox 1071 3909 1367 3965; x_wconf 87' lang='lat' dir='ltr'><strong>discrimen</strong></span> <span class='ocrx_word' id='word_1_414' title='bbox 1422 3910 1827 3967; x_wconf 76' lang='lat' dir='ltr'><strong>vehiculorum.</strong></span> <span class='ocrx_word' id='word_1_415' title='bbox 1881 3911 2015 3967; x_wconf 88' lang='lat' dir='ltr'><strong>Nam</strong></span> 
     </span>
    </p>
   </div>
   <div class='ocr_carea' id='block_1_57' title="bbox 436 3996 2016 4081">
    <p class='ocr_par' dir='ltr' id='par_1_57' title="bbox 436 3996 2016 4081">
     <span class='ocr_line' id='line_1_57' title="bbox 436 3996 2016 4081; baseline 0.008 -36"><span class='ocrx_word' id='word_1_416' title='bbox 436 3996 699 4065; x_wconf 64' lang='lat' dir='ltr'><strong>scriptum</strong></span> <span class='ocrx_word' id='word_1_417' title='bbox 726 3998 949 4067; x_wconf 88' lang='lat' dir='ltr'><strong>quidem</strong></span> <span class='ocrx_word' id='word_1_418' title='bbox 989 4012 1068 4054; x_wconf 90' lang='lat' dir='ltr'><strong>est</strong></span> <span class='ocrx_word' id='word_1_419' title='bbox 1100 4001 1357 4055; x_wconf 88' lang='lat' dir='ltr'><strong>tenebras</strong></span> <span class='ocrx_word' id='word_1_420' title='bbox 1383 4002 1724 4075; x_wconf 79' lang='lat' dir='ltr'><strong>impendere.</strong></span> <span class='ocrx_word' id='word_1_421' title='bbox 1751 4001 2016 4081; x_wconf 73' lang='lat' dir='ltr'><strong>Spiritum</strong></span> 
     </span>
    </p>
   </div>
   <div class='ocr_carea' id='block_1_58' title="bbox 435 4091 2020 4165">
    <p class='ocr_par' dir='ltr' id='par_1_58' title="bbox 435 4091 2020 4165">
     <span class='ocr_line' id='line_1_58' title="bbox 435 4091 2020 4165; baseline 0.006 -28"><span class='ocrx_word' id='word_1_422' title='bbox 435 4099 619 4141; x_wconf 79' lang='lat' dir='ltr'><strong>autem</strong></span> <span class='ocrx_word' id='word_1_423' title='bbox 658 4106 823 4158; x_wconf 81' lang='lat' dir='ltr'><strong>supra</strong></span> <span class='ocrx_word' id='word_1_424' title='bbox 861 4091 1014 4145; x_wconf 85' lang='lat' dir='ltr'><strong>ferri.</strong></span> <span class='ocrx_word' id='word_1_425' title='bbox 1056 4091 1116 4146; x_wconf 85' lang='lat' dir='ltr'><strong>Et</strong></span> <span class='ocrx_word' id='word_1_426' title='bbox 1157 4092 1407 4155; x_wconf 75' lang='lat' dir='ltr'><strong>tenebrm,</strong></span> <span class='ocrx_word' id='word_1_427' title='bbox 1442 4093 1644 4162; x_wconf 88' lang='lat' dir='ltr'><strong>inquit,</strong></span> <span class='ocrx_word' id='word_1_428' title='bbox 1677 4110 1837 4163; x_wconf 81' lang='lat' dir='ltr'><strong>super</strong></span> <span class='ocrx_word' id='word_1_429' title='bbox 1873 4093 2020 4165; x_wconf 74' lang='lat' dir='ltr'><strong>abys-</strong></span> 
     </span>
    </p>
   </div>
   <div class='ocr_carea' id='block_1_59' title="bbox 436 4181 2015 4255">
    <p class='ocr_par' dir='ltr' id='par_1_59' title="bbox 436 4181 2015 4255">
     <span class='ocr_line' id='line_1_59' title="bbox 436 4181 2015 4255; baseline 0.005 -24"><span class='ocrx_word' id='word_1_430' title='bbox 436 4198 575 4233; x_wconf 72' lang='lat' dir='ltr'><strong>sum.</strong></span> <span class='ocrx_word' id='word_1_431' title='bbox 610 4181 893 4235; x_wconf 85' lang='lat' dir='ltr'><strong>Etdeindc</strong></span> <span class='ocrx_word' id='word_1_432' title='bbox 926 4181 1189 4251; x_wconf 76' lang='lat' dir='ltr'><strong>:Spiritus</strong></span> <span class='ocrx_word' id='word_1_433' title='bbox 1219 4184 1311 4238; x_wconf 82' lang='lat' dir='ltr'><strong>Dei</strong></span> <span class='ocrx_word' id='word_1_434' title='bbox 1333 4183 1779 4255; x_wconf 77' lang='lat' dir='ltr'><strong>ferebatursupra</strong></span> <span class='ocrx_word' id='word_1_435' title='bbox 1794 4201 2015 4254; x_wconf 85' lang='lat' dir='ltr'><strong>aquam.</strong></span> 
     </span>
    </p>
   </div>
   <div class='ocr_carea' id='block_1_60' title="bbox 438 4273 2020 4345">
    <p class='ocr_par' dir='ltr' id='par_1_60' title="bbox 438 4273 2020 4345">
     <span class='ocr_line' id='line_1_60' title="bbox 438 4273 2020 4345; baseline 0.002 -19"><span class='ocrx_word' id='word_1_436' title='bbox 438 4274 670 4327; x_wconf 80' lang='lat' dir='ltr'><strong>Maxime</strong></span> <span class='ocrx_word' id='word_1_437' title='bbox 698 4290 822 4327; x_wconf 73' lang='lat' dir='ltr'><strong>eum</strong></span> <span class='ocrx_word' id='word_1_438' title='bbox 856 4284 981 4343; x_wconf 91' lang='lat' dir='ltr'><strong>post</strong></span> <span class='ocrx_word' id='word_1_439' title='bbox 1018 4274 1133 4329; x_wconf 75' lang='lat' dir='ltr'><strong>lucc</strong></span> <span class='ocrx_word' id='word_1_440' title='bbox 1155 4276 1421 4344; x_wconf 87' lang='lat' dir='ltr'><strong>propheta</strong></span> <span class='ocrx_word' id='word_1_441' title='bbox 1444 4289 1591 4345; x_wconf 83' lang='lat' dir='ltr'><strong>saepe</strong></span> <span class='ocrx_word' id='word_1_442' title='bbox 1612 4273 1838 4330; x_wconf 78' lang='lat' dir='ltr'><strong>fecisset</strong></span> <span class='ocrx_word' id='word_1_443' title='bbox 1866 4291 2020 4329; x_wconf 89' lang='lat' dir='ltr'><strong>men-</strong></span> 
     </span>
    </p>
   </div>
   <div class='ocr_carea' id='block_1_61' title="bbox 441 4366 2020 4437">
    <p class='ocr_par' dir='ltr' id='par_1_61' title="bbox 441 4366 2020 4437">
     <span class='ocr_line' id='line_1_61' title="bbox 441 4366 2020 4437; baseline 0.003 -19"><span class='ocrx_word' id='word_1_444' title='bbox 441 4366 644 4419; x_wconf 60' lang='lat' dir='ltr'><strong>tiuuvm</strong></span> <span class='ocrx_word' id='word_1_445' title='bbox 679 4382 978 4435; x_wconf 87' lang='lat' dir='ltr'><strong>aquarum.</strong></span> <span class='ocrx_word' id='word_1_446' title='bbox 1020 4368 1169 4435; x_wconf 86' lang='lat' dir='ltr'><strong>ipsas</strong></span> <span class='ocrx_word' id='word_1_447' title='bbox 1189 4366 1415 4436; x_wconf 87' lang='lat' dir='ltr'><strong>quidem</strong></span> <span class='ocrx_word' id='word_1_448' title='bbox 1467 4367 1721 4421; x_wconf 87' lang='lat' dir='ltr'><strong>nominat</strong></span> <span class='ocrx_word' id='word_1_449' title='bbox 1760 4384 1933 4437; x_wconf 85' lang='lat' dir='ltr'><strong>aquas</strong></span> <span class='ocrx_word' id='word_1_450' title='bbox 1962 4377 2020 4422; x_wconf 88' lang='lat' dir='ltr'><strong>et</strong></span> 
     </span>
    </p>
   </div>
   <div class='ocr_carea' id='block_1_62' title="bbox 2108 1874 3696 1964">
    <p class='ocr_par' dir='ltr' id='par_1_62' title="bbox 2108 1874 3696 1964">
     <span class='ocr_line' id='line_1_62' title="bbox 2108 1874 3696 1964; baseline -0.014 -15"><span class='ocrx_word' id='word_1_451' title='bbox 2108 1894 2314 1964; x_wconf 87' lang='lat' dir='ltr'><strong>pieiant</strong></span> <span class='ocrx_word' id='word_1_452' title='bbox 2337 1892 2572 1946; x_wconf 90' lang='lat' dir='ltr'><strong>inferna.</strong></span> <span class='ocrx_word' id='word_1_453' title='bbox 2594 1888 2789 1944; x_wconf 83' lang='lat' dir='ltr'><strong>Adhuc</strong></span> <span class='ocrx_word' id='word_1_454' title='bbox 2810 1886 2957 1940; x_wconf 88' lang='lat' dir='ltr'><strong>enim</strong></span> <span class='ocrx_word' id='word_1_455' title='bbox 2980 1882 3161 1953; x_wconf 87' lang='lat' dir='ltr'><strong>primo</strong></span> <span class='ocrx_word' id='word_1_456' title='bbox 3179 1889 3235 1936; x_wconf 90' lang='lat' dir='ltr'><strong>et</strong></span> <span class='ocrx_word' id='word_1_457' title='bbox 3250 1874 3696 1950; x_wconf 89' lang='lat' dir='ltr'><strong>splendidissimo</strong></span> 
     </span>
    </p>
   </div>
   <div class='ocr_carea' id='block_1_63' title="bbox 2108 1969 3696 2051">
    <p class='ocr_par' dir='ltr' id='par_1_63' title="bbox 2108 1969 3696 2051">
     <span class='ocr_line' id='line_1_63' title="bbox 2108 1969 3696 2051; baseline -0.013 -13"><span class='ocrx_word' id='word_1_458' title='bbox 2108 1983 2270 2045; x_wconf 67' lang='lat' dir='ltr'><strong>caelo,</strong></span> <span class='ocrx_word' id='word_1_459' title='bbox 2333 1990 2594 2051; x_wconf 85' lang='lat' dir='ltr'><strong>tanquam</strong></span> <span class='ocrx_word' id='word_1_460' title='bbox 2647 1977 2885 2049; x_wconf 88' lang='lat' dir='ltr'><strong>quodam</strong></span> <span class='ocrx_word' id='word_1_461' title='bbox 2937 1974 3128 2030; x_wconf 81' lang='lat' dir='ltr'><strong>divino</strong></span> <span class='ocrx_word' id='word_1_462' title='bbox 3179 1969 3463 2042; x_wconf 89' lang='lat' dir='ltr'><strong>proposito</strong></span> <span class='ocrx_word' id='word_1_463' title='bbox 3505 1974 3560 2020; x_wconf 90' lang='lat' dir='ltr'><strong>et</strong></span> <span class='ocrx_word' id='word_1_464' title='bbox 3608 1979 3696 2019; x_wconf 87' lang='lat' dir='ltr'><strong>re-</strong></span> 
     </span>
    </p>
   </div>
   <div class='ocr_carea' id='block_1_64' title="bbox 2108 2057 3693 2143">
    <p class='ocr_par' dir='ltr' id='par_1_64' title="bbox 2108 2057 3693 2143">
     <span class='ocr_line' id='line_1_64' title="bbox 2108 2057 3693 2143; baseline -0.011 -15"><span class='ocrx_word' id='word_1_465' title='bbox 2108 2072 2436 2143; x_wconf 87' lang='lat' dir='ltr'><strong>spiendente</strong></span> <span class='ocrx_word' id='word_1_466' title='bbox 2462 2070 2708 2139; x_wconf 81' lang='lat' dir='ltr'><strong>speculo,</strong></span> <span class='ocrx_word' id='word_1_467' title='bbox 2740 2076 2796 2125; x_wconf 91' lang='lat' dir='ltr'><strong>et</strong></span> <span class='ocrx_word' id='word_1_468' title='bbox 2816 2068 2939 2138; x_wconf 78' lang='lat' dir='ltr'><strong>ejus</strong></span> <span class='ocrx_word' id='word_1_469' title='bbox 2955 2065 3102 2136; x_wconf 90' lang='lat' dir='ltr'><strong>quod</strong></span> <span class='ocrx_word' id='word_1_470' title='bbox 3128 2059 3518 2132; x_wconf 63' lang='lat' dir='ltr'><strong>supervehitur</strong></span> <span class='ocrx_word' id='word_1_471' title='bbox 3546 2057 3693 2111; x_wconf 78' lang='lat' dir='ltr'><strong>diri-</strong></span> 
     </span>
    </p>
   </div>
   <div class='ocr_carea' id='block_1_65' title="bbox 2110 2150 3693 2236">
    <p class='ocr_par' dir='ltr' id='par_1_65' title="bbox 2110 2150 3693 2236">
     <span class='ocr_line' id='line_1_65' title="bbox 2110 2150 3693 2236; baseline -0.009 -15"><span class='ocrx_word' id='word_1_472' title='bbox 2110 2183 2211 2221; x_wconf 91' lang='lat' dir='ltr'><strong>nos</strong></span> <span class='ocrx_word' id='word_1_473' title='bbox 2236 2166 2482 2236; x_wconf 80' lang='lat' dir='ltr'><strong>fulgores</strong></span> <span class='ocrx_word' id='word_1_474' title='bbox 2508 2164 2746 2219; x_wconf 82' lang='lat' dir='ltr'><strong>adverso</strong></span> <span class='ocrx_word' id='word_1_475' title='bbox 2777 2159 3071 2230; x_wconf 88' lang='lat' dir='ltr'><strong>splendore</strong></span> <span class='ocrx_word' id='word_1_476' title='bbox 3114 2151 3434 2226; x_wconf 85' lang='lat' dir='ltr'><strong>repellente,</strong></span> <span class='ocrx_word' id='word_1_477' title='bbox 3468 2151 3537 2207; x_wconf 88' lang='lat' dir='ltr'><strong>ad</strong></span> <span class='ocrx_word' id='word_1_478' title='bbox 3585 2150 3693 2206; x_wconf 87' lang='lat' dir='ltr'><strong>hoc</strong></span> 
     </span>
    </p>
   </div>
   <div class='ocr_carea' id='block_1_66' title="bbox 2110 2246 3694 2328">
    <p class='ocr_par' dir='ltr' id='par_1_66' title="bbox 2110 2246 3694 2328">
     <span class='ocr_line' id='line_1_66' title="bbox 2110 2246 3694 2328; baseline -0.009 -14"><span class='ocrx_word' id='word_1_479' title='bbox 2110 2269 2172 2314; x_wconf 91' lang='lat' dir='ltr'><strong>ut</strong></span> <span class='ocrx_word' id='word_1_480' title='bbox 2205 2274 2270 2314; x_wconf 90' lang='lat' dir='ltr'><strong>ca</strong></span> <span class='ocrx_word' id='word_1_481' title='bbox 2312 2273 2435 2328; x_wconf 64' lang='lat' dir='ltr'><strong>quae.</strong></span> <span class='ocrx_word' id='word_1_482' title='bbox 2479 2262 2610 2311; x_wconf 90' lang='lat' dir='ltr'><strong>sunt</strong></span> <span class='ocrx_word' id='word_1_483' title='bbox 2642 2254 2783 2309; x_wconf 90' lang='lat' dir='ltr'><strong>infra</strong></span> <span class='ocrx_word' id='word_1_484' title='bbox 2824 2251 3122 2308; x_wconf 90' lang='lat' dir='ltr'><strong>illumittct.</strong></span> <span class='ocrx_word' id='word_1_485' title='bbox 3146 2248 3345 2303; x_wconf 88' lang='lat' dir='ltr'><strong>obruta</strong></span> <span class='ocrx_word' id='word_1_486' title='bbox 3365 2246 3694 2300; x_wconf 79' lang='lat' dir='ltr'><strong>etdemcrsa</strong></span> 
     </span>
    </p>
   </div>
   <div class='ocr_carea' id='block_1_67' title="bbox 2111 2338 3696 2421">
    <p class='ocr_par' dir='ltr' id='par_1_67' title="bbox 2111 2338 3696 2421">
     <span class='ocr_line' id='line_1_67' title="bbox 2111 2338 3696 2421; baseline -0.011 -14"><span class='ocrx_word' id='word_1_487' title='bbox 2111 2361 2257 2407; x_wconf 91' lang='lat' dir='ltr'><strong>terra</strong></span> <span class='ocrx_word' id='word_1_488' title='bbox 2282 2367 2390 2407; x_wconf 93' lang='lat' dir='ltr'><strong>non</strong></span> <span class='ocrx_word' id='word_1_489' title='bbox 2416 2359 2635 2421; x_wconf 86' lang='lat' dir='ltr'><strong>poterat</strong></span> <span class='ocrx_word' id='word_1_490' title='bbox 2664 2348 2883 2417; x_wconf 82' lang='lat' dir='ltr'><strong>(utique</strong></span> <span class='ocrx_word' id='word_1_491' title='bbox 2920 2340 3360 2413; x_wconf 82' lang='lat' dir='ltr'><strong>intelligentibus</strong></span> <span class='ocrx_word' id='word_1_492' title='bbox 3381 2338 3577 2399; x_wconf 81' lang='lat' dir='ltr'><strong>oculis)</strong></span> <span class='ocrx_word' id='word_1_493' title='bbox 3605 2351 3696 2390; x_wconf 87' lang='lat' dir='ltr'><strong>as-</strong></span> 
     </span>
    </p>
   </div>
   <div class='ocr_carea' id='block_1_68' title="bbox 2110 2430 3694 2514">
    <p class='ocr_par' dir='ltr' id='par_1_68' title="bbox 2110 2430 3694 2514">
     <span class='ocr_line' id='line_1_68' title="bbox 2110 2430 3694 2514; baseline -0.011 -16"><span class='ocrx_word' id='word_1_494' title='bbox 2110 2444 2296 2514; x_wconf 85' lang='lat' dir='ltr'><strong>picere</strong></span> <span class='ocrx_word' id='word_1_495' title='bbox 2337 2442 2405 2497; x_wconf 89' lang='lat' dir='ltr'><strong>ad</strong></span> <span class='ocrx_word' id='word_1_496' title='bbox 2439 2440 2690 2495; x_wconf 80' lang='lat' dir='ltr'><strong>divinum</strong></span> <span class='ocrx_word' id='word_1_497' title='bbox 2741 2452 2982 2508; x_wconf 89' lang='lat' dir='ltr'><strong>superne</strong></span> <span class='ocrx_word' id='word_1_498' title='bbox 3026 2434 3240 2490; x_wconf 87' lang='lat' dir='ltr'><strong>radium</strong></span> <span class='ocrx_word' id='word_1_499' title='bbox 3269 2431 3364 2501; x_wconf 88' lang='lat' dir='ltr'><strong>qui</strong></span> <span class='ocrx_word' id='word_1_500' title='bbox 3406 2430 3494 2487; x_wconf 82' lang='lat' dir='ltr'><strong>ad</strong></span> <span class='ocrx_word' id='word_1_501' title='bbox 3520 2430 3694 2499; x_wconf 88' lang='lat' dir='ltr'><strong>ipsam</strong></span> 
     </span>
    </p>
   </div>
   <div class='ocr_carea' id='block_1_69' title="bbox 2112 2519 3696 2603">
    <p class='ocr_par' dir='ltr' id='par_1_69' title="bbox 2112 2519 3696 2603">
     <span class='ocr_line' id='line_1_69' title="bbox 2112 2519 3696 2603; baseline -0.009 -15"><span class='ocrx_word' id='word_1_502' title='bbox 2112 2548 2286 2603; x_wconf 86' lang='lat' dir='ltr'><strong>usque</strong></span> <span class='ocrx_word' id='word_1_503' title='bbox 2316 2532 2659 2602; x_wconf 87' lang='lat' dir='ltr'><strong>permeabat.</strong></span> <span class='ocrx_word' id='word_1_504' title='bbox 2692 2529 2799 2585; x_wconf 88' lang='lat' dir='ltr'><strong>Sed</strong></span> <span class='ocrx_word' id='word_1_505' title='bbox 2824 2528 3085 2599; x_wconf 86' lang='lat' dir='ltr'><strong>quoniam</strong></span> <span class='ocrx_word' id='word_1_506' title='bbox 3122 2538 3313 2580; x_wconf 89' lang='lat' dir='ltr'><strong>carum</strong></span> <span class='ocrx_word' id='word_1_507' title='bbox 3346 2536 3486 2592; x_wconf 90' lang='lat' dir='ltr'><strong>quas</strong></span> <span class='ocrx_word' id='word_1_508' title='bbox 3512 2519 3696 2589; x_wconf 82' lang='lat' dir='ltr'><strong>subje-</strong></span> 
     </span>
    </p>
   </div>
   <div class='ocr_carea' id='block_1_70' title="bbox 2112 2611 3693 2681">
    <p class='ocr_par' dir='ltr' id='par_1_70' title="bbox 2112 2611 3693 2681">
     <span class='ocr_line' id='line_1_70' title="bbox 2112 2611 3693 2681; baseline -0.01 -1"><span class='ocrx_word' id='word_1_509' title='bbox 2112 2626 2290 2681; x_wconf 90' lang='lat' dir='ltr'><strong>cimus</strong></span> <span class='ocrx_word' id='word_1_510' title='bbox 2318 2624 2728 2680; x_wconf 89' lang='lat' dir='ltr'><strong>dubitationnm</strong></span> <span class='ocrx_word' id='word_1_511' title='bbox 2753 2621 2963 2677; x_wconf 81' lang='lat' dir='ltr'><strong>exitum</strong></span> <span class='ocrx_word' id='word_1_512' title='bbox 3019 2635 3128 2675; x_wconf 87' lang='lat' dir='ltr'><strong>non</strong></span> <span class='ocrx_word' id='word_1_513' title='bbox 3171 2615 3504 2674; x_wconf 78' lang='lat' dir='ltr'><strong>invenimus.</strong></span> <span class='ocrx_word' id='word_1_514' title='bbox 3544 2621 3601 2667; x_wconf 92' lang='lat' dir='ltr'><strong>et</strong></span> <span class='ocrx_word' id='word_1_515' title='bbox 3636 2611 3693 2665; x_wconf 88' lang='lat' dir='ltr'><strong>in</strong></span> 
     </span>
    </p>
   </div>
   <div class='ocr_carea' id='block_1_71' title="bbox 2113 2705 3692 2786">
    <p class='ocr_par' dir='ltr' id='par_1_71' title="bbox 2113 2705 3692 2786">
     <span class='ocr_line' id='line_1_71' title="bbox 2113 2705 3692 2786; baseline -0.01 -16"><span class='ocrx_word' id='word_1_516' title='bbox 2113 2716 2183 2770; x_wconf 91' lang='lat' dir='ltr'><strong>iis</strong></span> <span class='ocrx_word' id='word_1_517' title='bbox 2227 2715 2388 2786; x_wconf 91' lang='lat' dir='ltr'><strong>plane</strong></span> <span class='ocrx_word' id='word_1_518' title='bbox 2422 2713 2673 2784; x_wconf 83' lang='lat' dir='ltr'><strong>perplexi</strong></span> <span class='ocrx_word' id='word_1_519' title='bbox 2707 2727 2923 2774; x_wconf 88' lang='lat' dir='ltr'><strong>sumus,</strong></span> <span class='ocrx_word' id='word_1_520' title='bbox 2983 2721 3039 2767; x_wconf 91' lang='lat' dir='ltr'><strong>ct</strong></span> <span class='ocrx_word' id='word_1_521' title='bbox 3087 2707 3316 2764; x_wconf 89' lang='lat' dir='ltr'><strong>omnino</strong></span> <span class='ocrx_word' id='word_1_522' title='bbox 3349 2705 3692 2763; x_wconf 69' lang='lat' dir='ltr'><strong>ltarsitamus,</strong></span> 
     </span>
    </p>
   </div>
   <div class='ocr_carea' id='block_1_72' title="bbox 2112 2795 3694 2875">
    <p class='ocr_par' dir='ltr' id='par_1_72' title="bbox 2112 2795 3694 2875">
     <span class='ocr_line' id='line_1_72' title="bbox 2112 2795 3694 2875; baseline -0.009 -14"><span class='ocrx_word' id='word_1_523' title='bbox 2112 2806 2239 2862; x_wconf 85' lang='lat' dir='ltr'><strong>freti</strong></span> <span class='ocrx_word' id='word_1_524' title='bbox 2287 2822 2384 2862; x_wconf 91' lang='lat' dir='ltr'><strong>ore</strong></span> <span class='ocrx_word' id='word_1_525' title='bbox 2432 2806 2610 2861; x_wconf 88' lang='lat' dir='ltr'><strong>sancti</strong></span> <span class='ocrx_word' id='word_1_526' title='bbox 2665 2800 3158 2875; x_wconf 78' lang='lat' dir='ltr'><strong>SpirituszPauli,</strong></span> <span class='ocrx_word' id='word_1_527' title='bbox 3196 2800 3456 2869; x_wconf 88' lang='lat' dir='ltr'><strong>inquam,</strong></span> <span class='ocrx_word' id='word_1_528' title='bbox 3484 2795 3694 2865; x_wconf 78' lang='lat' dir='ltr'><strong>lingua,</strong></span> 
     </span>
    </p>
   </div>
   <div class='ocr_carea' id='block_1_73' title="bbox 2076 2887 3698 2970">
    <p class='ocr_par' dir='ltr' id='par_1_73' title="bbox 2076 2887 3698 2970">
     <span class='ocr_line' id='line_1_73' title="bbox 2076 2887 3698 2970; baseline -0.008 -16"><span class='ocrx_word' id='word_1_529' title='bbox 2076 2934 2081 2938; x_wconf 18' lang='grc' dir='ltr'><strong><em>ἢ</em></strong></span> <span class='ocrx_word' id='word_1_530' title='bbox 2113 2915 2238 2970; x_wconf 71' lang='lat' dir='ltr'><strong>qure</strong></span> <span class='ocrx_word' id='word_1_531' title='bbox 2278 2900 2413 2954; x_wconf 88' lang='lat' dir='ltr'><strong>dicit</strong></span> <span class='ocrx_word' id='word_1_532' title='bbox 2437 2900 2479 2931; x_wconf 84' lang='grc'>³³</span> <span class='ocrx_word' id='word_1_533' title='bbox 2511 2898 2657 2970; x_wconf 90' lang='lat' dir='ltr'><strong>quod</strong></span> <span class='ocrx_word' id='word_1_534' title='bbox 2712 2911 3060 2967; x_wconf 71' lang='lat' dir='ltr'><strong>quaecunque</strong></span> <span class='ocrx_word' id='word_1_535' title='bbox 3098 2902 3228 2949; x_wconf 90' lang='lat' dir='ltr'><strong>sunt</strong></span> <span class='ocrx_word' id='word_1_536' title='bbox 3268 2894 3321 2946; x_wconf 90' lang='lat' dir='ltr'><strong>in</strong></span> <span class='ocrx_word' id='word_1_537' title='bbox 3355 2891 3496 2959; x_wconf 76' lang='lat' dir='ltr'><strong>lege,</strong></span> <span class='ocrx_word' id='word_1_538' title='bbox 3540 2887 3698 2958; x_wconf 90' lang='lat' dir='ltr'><strong>prius</strong></span> 
     </span>
    </p>
   </div>
   <div class='ocr_carea' id='block_1_74' title="bbox 2114 2979 3694 3060">
    <p class='ocr_par' dir='ltr' id='par_1_74' title="bbox 2114 2979 3694 3060">
     <span class='ocr_line' id='line_1_74' title="bbox 2114 2979 3694 3060; baseline -0.008 -16"><span class='ocrx_word' id='word_1_539' title='bbox 2114 2990 2320 3060; x_wconf 90' lang='lat' dir='ltr'><strong>scripta</strong></span> <span class='ocrx_word' id='word_1_540' title='bbox 2348 3000 2480 3044; x_wconf 87' lang='lat' dir='ltr'><strong>sunt</strong></span> <span class='ocrx_word' id='word_1_541' title='bbox 2512 2989 2565 3043; x_wconf 92' lang='lat' dir='ltr'><strong>in</strong></span> <span class='ocrx_word' id='word_1_542' title='bbox 2604 2989 2834 3057; x_wconf 80' lang='lat' dir='ltr'><strong>figuram</strong></span> <span class='ocrx_word' id='word_1_543' title='bbox 2859 2984 3065 3041; x_wconf 86' lang='lat' dir='ltr'><strong>Christi</strong></span> <span class='ocrx_word' id='word_1_544' title='bbox 3101 2992 3158 3039; x_wconf 92' lang='lat' dir='ltr'><strong>et</strong></span> <span class='ocrx_word' id='word_1_545' title='bbox 3193 2982 3369 3052; x_wconf 86' lang='lat' dir='ltr'><strong>ipsius</strong></span> <span class='ocrx_word' id='word_1_546' title='bbox 3394 2979 3694 3041; x_wconf 74' lang='lat' dir='ltr'><strong>Ecclesite;</strong></span> 
     </span>
    </p>
   </div>
   <div class='ocr_carea' id='block_1_75' title="bbox 2060 3069 3697 3153">
    <p class='ocr_par' dir='ltr' id='par_1_75' title="bbox 2060 3069 3697 3153">
     <span class='ocr_line' id='line_1_75' title="bbox 2060 3069 3697 3153; baseline -0.009 -16"><span class='ocrx_word' id='word_1_547' title='bbox 2060 3145 2080 3153; x_wconf 52' lang='grc'>,</span> <span class='ocrx_word' id='word_1_548' title='bbox 2116 3092 2362 3150; x_wconf 85' lang='lat' dir='ltr'><strong>accepta.</strong></span> <span class='ocrx_word' id='word_1_549' title='bbox 2396 3080 2441 3134; x_wconf 86' lang='lat' dir='ltr'><strong>si</strong></span> <span class='ocrx_word' id='word_1_550' title='bbox 2473 3094 2602 3135; x_wconf 72' lang='lat' dir='ltr'><strong>vero</strong></span> <span class='ocrx_word' id='word_1_551' title='bbox 2631 3079 2817 3133; x_wconf 90' lang='lat' dir='ltr'><strong>dicere</strong></span> <span class='ocrx_word' id='word_1_552' title='bbox 2840 3085 3080 3147; x_wconf 82' lang='lat' dir='ltr'><strong>Oportet,</strong></span> <span class='ocrx_word' id='word_1_553' title='bbox 3102 3074 3394 3129; x_wconf 89' lang='lat' dir='ltr'><strong>occasione</strong></span> <span class='ocrx_word' id='word_1_554' title='bbox 3428 3087 3495 3127; x_wconf 85' lang='lat' dir='ltr'><strong>ex</strong></span> <span class='ocrx_word' id='word_1_555' title='bbox 3527 3069 3697 3139; x_wconf 85' lang='lat' dir='ltr'><strong>Papia</strong></span> 
     </span>
    </p>
   </div>
   <div class='ocr_carea' id='block_1_76' title="bbox 2068 3152 3698 3239">
    <p class='ocr_par' dir='ltr' id='par_1_76' title="bbox 2068 3152 3698 3239">
     <span class='ocr_line' id='line_1_76' title="bbox 2068 3152 3698 3239; baseline -0.007 -12"><span class='ocrx_word' id='word_1_556' title='bbox 2068 3152 2081 3199; x_wconf 57' lang='grc' dir='ltr'><em>λ</em></span> <span class='ocrx_word' id='word_1_557' title='bbox 2116 3172 2237 3227; x_wconf 81' lang='lat' dir='ltr'><strong>viro</strong></span> <span class='ocrx_word' id='word_1_558' title='bbox 2268 3172 2574 3227; x_wconf 86' lang='lat' dir='ltr'><strong>clarissimo</strong></span> <span class='ocrx_word' id='word_1_559' title='bbox 2606 3169 3041 3239; x_wconf 83' lang='lat' dir='ltr'><strong>Hierapolitatto,</strong></span> <span class='ocrx_word' id='word_1_560' title='bbox 3071 3165 3164 3237; x_wconf 90' lang='lat' dir='ltr'><strong>qui</strong></span> <span class='ocrx_word' id='word_1_561' title='bbox 3211 3165 3351 3219; x_wconf 79' lang='lat' dir='ltr'><strong>dixit</strong></span> <span class='ocrx_word' id='word_1_562' title='bbox 3379 3164 3434 3218; x_wconf 90' lang='lat' dir='ltr'><strong>in</strong></span> <span class='ocrx_word' id='word_1_563' title='bbox 3479 3152 3698 3232; x_wconf 85' lang='lat' dir='ltr'><strong>Epistc-</strong></span> 
     </span>
    </p>
   </div>
   <div class='ocr_carea' id='block_1_77' title="bbox 2118 3257 3701 3324">
    <p class='ocr_par' dir='ltr' id='par_1_77' title="bbox 2118 3257 3701 3324">
     <span class='ocr_line' id='line_1_77' title="bbox 2118 3257 3701 3324; baseline -0.007 -6"><span class='ocrx_word' id='word_1_564' title='bbox 2118 3263 2234 3318; x_wconf 91' lang='lat' dir='ltr'><strong>thio</strong></span> <span class='ocrx_word' id='word_1_565' title='bbox 2252 3263 2336 3324; x_wconf 80' lang='grc'>³³⁶.</span> <span class='ocrx_word' id='word_1_566' title='bbox 2364 3262 2670 3319; x_wconf 85' lang='lat' dir='ltr'><strong>Clemente.</strong></span> <span class='ocrx_word' id='word_1_567' title='bbox 2703 3270 2760 3316; x_wconf 90' lang='lat' dir='ltr'><strong>et</strong></span> <span class='ocrx_word' id='word_1_568' title='bbox 2803 3260 3090 3316; x_wconf 82' lang='lat' dir='ltr'><strong>Pantheno</strong></span> <span class='ocrx_word' id='word_1_569' title='bbox 3115 3257 3489 3313; x_wconf 79' lang='lat' dir='ltr'><strong>Alexandrino</strong></span> <span class='ocrx_word' id='word_1_570' title='bbox 3513 3269 3701 3309; x_wconf 89' lang='lat' dir='ltr'><strong>sacer-</strong></span> 
     </span>
    </p>
   </div>
   <div class='ocr_carea' id='block_1_78' title="bbox 2118 3348 3700 3423">
    <p class='ocr_par' dir='ltr' id='par_1_78' title="bbox 2118 3348 3700 3423">
     <span class='ocr_line' id='line_1_78' title="bbox 2118 3348 3700 3423; baseline -0.007 -12"><span class='ocrx_word' id='word_1_571' title='bbox 2118 3356 2265 3413; x_wconf 90' lang='lat' dir='ltr'><strong>dote.</strong></span> <span class='ocrx_word' id='word_1_572' title='bbox 2286 3366 2343 3411; x_wconf 89' lang='lat' dir='ltr'><strong>et</strong></span> <span class='ocrx_word' id='word_1_573' title='bbox 2365 3355 2658 3411; x_wconf 80' lang='lat' dir='ltr'><strong>Ammonio</strong></span> <span class='ocrx_word' id='word_1_574' title='bbox 2683 3351 3114 3423; x_wconf 88' lang='lat' dir='ltr'><strong>sapientissimo,</strong></span> <span class='ocrx_word' id='word_1_575' title='bbox 3138 3348 3546 3418; x_wconf 85' lang='lat' dir='ltr'><strong>interpretibus</strong></span> <span class='ocrx_word' id='word_1_576' title='bbox 3567 3365 3584 3402; x_wconf 84' lang='lat'><strong>:</strong></span> <span class='ocrx_word' id='word_1_577' title='bbox 3605 3363 3700 3401; x_wconf 74' lang='lat' dir='ltr'><strong>vc-</strong></span> 
     </span>
    </p>
   </div>
   <div class='ocr_carea' id='block_1_79' title="bbox 2120 3438 3700 3513">
    <p class='ocr_par' dir='ltr' id='par_1_79' title="bbox 2120 3438 3700 3513">
     <span class='ocr_line' id='line_1_79' title="bbox 2120 3438 3700 3513; baseline -0.004 -14"><span class='ocrx_word' id='word_1_578' title='bbox 2120 3454 2298 3499; x_wconf 87' lang='lat' dir='ltr'><strong>terum</strong></span> <span class='ocrx_word' id='word_1_579' title='bbox 2320 3452 2377 3499; x_wconf 88' lang='lat' dir='ltr'><strong>et</strong></span> <span class='ocrx_word' id='word_1_580' title='bbox 2399 3445 2703 3513; x_wconf 91' lang='lat' dir='ltr'><strong>primorum</strong></span> <span class='ocrx_word' id='word_1_581' title='bbox 2731 3441 3126 3504; x_wconf 75' lang='lat' dir='ltr'><strong>conventione,</strong></span> <span class='ocrx_word' id='word_1_582' title='bbox 3150 3440 3243 3509; x_wconf 88' lang='lat' dir='ltr'><strong>qui</strong></span> <span class='ocrx_word' id='word_1_583' title='bbox 3276 3438 3700 3506; x_wconf 56' lang='lat' dir='ltr'><strong>totumiiexaee</strong></span> 
     </span>
    </p>
   </div>
   <div class='ocr_carea' id='block_1_80' title="bbox 2118 3531 3703 3600">
    <p class='ocr_par' dir='ltr' id='par_1_80' title="bbox 2118 3531 3703 3600">
     <span class='ocr_line' id='line_1_80' title="bbox 2118 3531 3703 3600; baseline -0.004 -10"><span class='ocrx_word' id='word_1_584' title='bbox 2118 3551 2310 3591; x_wconf 89' lang='lat' dir='ltr'><strong>meron</strong></span> <span class='ocrx_word' id='word_1_585' title='bbox 2332 3536 2727 3591; x_wconf 82' lang='lat' dir='ltr'><strong>intellexerunt</strong></span> <span class='ocrx_word' id='word_1_586' title='bbox 2740 3534 2807 3589; x_wconf 88' lang='lat' dir='ltr'><strong>de</strong></span> <span class='ocrx_word' id='word_1_587' title='bbox 2823 3533 3049 3589; x_wconf 87' lang='lat' dir='ltr'><strong>Christo</strong></span> <span class='ocrx_word' id='word_1_588' title='bbox 3074 3542 3128 3586; x_wconf 90' lang='lat' dir='ltr'><strong>et</strong></span> <span class='ocrx_word' id='word_1_589' title='bbox 3144 3531 3413 3591; x_wconf 88' lang='lat' dir='ltr'><strong>Ecclesia,</strong></span> <span class='ocrx_word' id='word_1_590' title='bbox 3434 3541 3557 3600; x_wconf 91' lang='lat' dir='ltr'><strong>post</strong></span> <span class='ocrx_word' id='word_1_591' title='bbox 3570 3542 3703 3584; x_wconf 76' lang='lat' dir='ltr'><strong>vere</strong></span> 
     </span>
    </p>
   </div>
   <div class='ocr_carea' id='block_1_81' title="bbox 2119 3622 3700 3685">
    <p class='ocr_par' dir='ltr' id='par_1_81' title="bbox 2119 3622 3700 3685">
     <span class='ocr_line' id='line_1_81' title="bbox 2119 3622 3700 3685; baseline -0.006 -1"><span class='ocrx_word' id='word_1_592' title='bbox 2119 3629 2380 3684; x_wconf 88' lang='lat' dir='ltr'><strong>scnsilem</strong></span> <span class='ocrx_word' id='word_1_593' title='bbox 2403 3628 2706 3683; x_wconf 88' lang='lat' dir='ltr'><strong>secundum</strong></span> <span class='ocrx_word' id='word_1_594' title='bbox 2735 3627 2977 3681; x_wconf 87' lang='lat' dir='ltr'><strong>litteram</strong></span> <span class='ocrx_word' id='word_1_595' title='bbox 3003 3623 3359 3685; x_wconf 82' lang='lat' dir='ltr'><strong>creationem,</strong></span> <span class='ocrx_word' id='word_1_596' title='bbox 3380 3622 3515 3677; x_wconf 89' lang='lat' dir='ltr'><strong>citra</strong></span> <span class='ocrx_word' id='word_1_597' title='bbox 3534 3622 3700 3675; x_wconf 85' lang='lat' dir='ltr'><strong>ullam</strong></span> 
     </span>
    </p>
   </div>
   <div class='ocr_carea' id='block_1_82' title="bbox 2119 3714 3701 3787">
    <p class='ocr_par' dir='ltr' id='par_1_82' title="bbox 2119 3714 3701 3787">
     <span class='ocr_line' id='line_1_82' title="bbox 2119 3714 3701 3787; baseline -0.007 -11"><span class='ocrx_word' id='word_1_598' title='bbox 2119 3721 2523 3776; x_wconf 85' lang='lat' dir='ltr'><strong>dubitationem</strong></span> <span class='ocrx_word' id='word_1_599' title='bbox 2550 3734 2771 3774; x_wconf 87' lang='lat' dir='ltr'><strong>sensqu</strong></span> <span class='ocrx_word' id='word_1_600' title='bbox 2795 3718 3143 3787; x_wconf 78' lang='lat' dir='ltr'><strong>Speculantes</strong></span> <span class='ocrx_word' id='word_1_601' title='bbox 3165 3714 3447 3774; x_wconf 71' lang='lat' dir='ltr'><strong>Ecclesim,</strong></span> <span class='ocrx_word' id='word_1_602' title='bbox 3467 3729 3567 3783; x_wconf 87' lang='lat' dir='ltr'><strong>pro</strong></span> <span class='ocrx_word' id='word_1_603' title='bbox 3593 3728 3701 3782; x_wconf 90' lang='lat' dir='ltr'><strong>qua</strong></span> 
     </span>
    </p>
   </div>
   <div class='ocr_carea' id='block_1_83' title="bbox 2120 3805 3706 3876">
    <p class='ocr_par' dir='ltr' id='par_1_83' title="bbox 2120 3805 3706 3876">
     <span class='ocr_line' id='line_1_83' title="bbox 2120 3805 3706 3876; baseline -0.005 -9"><span class='ocrx_word' id='word_1_604' title='bbox 2120 3812 2416 3868; x_wconf 73' lang='lat' dir='ltr'><strong>universus</strong></span> <span class='ocrx_word' id='word_1_605' title='bbox 2434 3821 2520 3867; x_wconf 89' lang='lat' dir='ltr'><strong>est</strong></span> <span class='ocrx_word' id='word_1_606' title='bbox 2543 3810 2716 3865; x_wconf 90' lang='lat' dir='ltr'><strong>nostri</strong></span> <span class='ocrx_word' id='word_1_607' title='bbox 2746 3808 3071 3865; x_wconf 84' lang='lat' dir='ltr'><strong>certaminis</strong></span> <span class='ocrx_word' id='word_1_608' title='bbox 3099 3824 3316 3876; x_wconf 79' lang='lat' dir='ltr'><strong>scopas.</strong></span> <span class='ocrx_word' id='word_1_609' title='bbox 3344 3806 3410 3859; x_wconf 90' lang='lat' dir='ltr'><strong>ad</strong></span> <span class='ocrx_word' id='word_1_610' title='bbox 3441 3806 3545 3859; x_wconf 87' lang='lat' dir='ltr'><strong>hoc</strong></span> <span class='ocrx_word' id='word_1_611' title='bbox 3563 3805 3706 3873; x_wconf 76' lang='lat' dir='ltr'><strong>opus</strong></span> 
     </span>
    </p>
   </div>
   <div class='ocr_carea' id='block_1_84' title="bbox 2120 3896 3704 3969">
    <p class='ocr_par' dir='ltr' id='par_1_84' title="bbox 2120 3896 3704 3969">
     <span class='ocr_line' id='line_1_84' title="bbox 2120 3896 3704 3969; baseline -0.006 -10"><span class='ocrx_word' id='word_1_612' title='bbox 2120 3903 2533 3959; x_wconf 86' lang='lat' dir='ltr'><strong>descendimus.</strong></span> <span class='ocrx_word' id='word_1_613' title='bbox 2579 3902 2849 3957; x_wconf 70' lang='lat' dir='ltr'><strong>Craterum</strong></span> <span class='ocrx_word' id='word_1_614' title='bbox 2904 3901 3145 3956; x_wconf 85' lang='lat' dir='ltr'><strong>litteram</strong></span> <span class='ocrx_word' id='word_1_615' title='bbox 3195 3897 3420 3969; x_wconf 90' lang='lat' dir='ltr'><strong>quidem</strong></span> <span class='ocrx_word' id='word_1_616' title='bbox 3474 3896 3704 3951; x_wconf 84' lang='lat' dir='ltr'><strong>minime</strong></span> 
     </span>
    </p>
   </div>
   <div class='ocr_carea' id='block_1_85' title="bbox 2120 3988 3703 4061">
    <p class='ocr_par' dir='ltr' id='par_1_85' title="bbox 2120 3988 3703 4061">
     <span class='ocr_line' id='line_1_85' title="bbox 2120 3988 3703 4061; baseline -0.004 -12"><span class='ocrx_word' id='word_1_617' title='bbox 2120 3994 2506 4058; x_wconf 80' lang='lat' dir='ltr'><strong>dissolventes,</strong></span> <span class='ocrx_word' id='word_1_618' title='bbox 2556 4010 2751 4048; x_wconf 80' lang='lat' dir='ltr'><strong>verum</strong></span> <span class='ocrx_word' id='word_1_619' title='bbox 2813 3992 2882 4047; x_wconf 89' lang='lat' dir='ltr'><strong>ab</strong></span> <span class='ocrx_word' id='word_1_620' title='bbox 2931 3992 3141 4061; x_wconf 89' lang='lat' dir='ltr'><strong>optimo</strong></span> <span class='ocrx_word' id='word_1_621' title='bbox 3201 3999 3257 4045; x_wconf 89' lang='lat' dir='ltr'><strong>et</strong></span> <span class='ocrx_word' id='word_1_622' title='bbox 3304 3988 3703 4059; x_wconf 82' lang='lat' dir='ltr'><strong>benignissimo</strong></span> 
     </span>
    </p>
   </div>
   <div class='ocr_carea' id='block_1_86' title="bbox 2122 4082 3706 4157">
    <p class='ocr_par' dir='ltr' id='par_1_86' title="bbox 2122 4082 3706 4157">
     <span class='ocr_line' id='line_1_86' title="bbox 2122 4082 3706 4157; baseline -0.003 -16"><span class='ocrx_word' id='word_1_623' title='bbox 2122 4099 2314 4142; x_wconf 86' lang='lat' dir='ltr'><strong>saneto</strong></span> <span class='ocrx_word' id='word_1_624' title='bbox 2362 4086 2568 4157; x_wconf 86' lang='lat' dir='ltr'><strong>Spiritu</strong></span> <span class='ocrx_word' id='word_1_625' title='bbox 2613 4102 2836 4145; x_wconf 87' lang='lat' dir='ltr'><strong>sensum</strong></span> <span class='ocrx_word' id='word_1_626' title='bbox 2897 4084 3126 4155; x_wconf 81' lang='lat' dir='ltr'><strong>mystice</strong></span> <span class='ocrx_word' id='word_1_627' title='bbox 3176 4082 3507 4137; x_wconf 84' lang='lat' dir='ltr'><strong>absconsum</strong></span> <span class='ocrx_word' id='word_1_628' title='bbox 3560 4082 3706 4136; x_wconf 86' lang='lat' dir='ltr'><strong>intra</strong></span> 
     </span>
    </p>
   </div>
   <div class='ocr_carea' id='block_1_87' title="bbox 2121 4171 3707 4247">
    <p class='ocr_par' dir='ltr' id='par_1_87' title="bbox 2121 4171 3707 4247">
     <span class='ocr_line' id='line_1_87' title="bbox 2121 4171 3707 4247; baseline -0.003 -16"><span class='ocrx_word' id='word_1_629' title='bbox 2121 4178 2362 4233; x_wconf 88' lang='lat' dir='ltr'><strong>litteram</strong></span> <span class='ocrx_word' id='word_1_630' title='bbox 2418 4177 2763 4247; x_wconf 82' lang='lat' dir='ltr'><strong>inquirentes</strong></span> <span class='ocrx_word' id='word_1_631' title='bbox 2789 4218 2803 4238; x_wconf 84' lang='lat'><strong>,</strong></span> <span class='ocrx_word' id='word_1_632' title='bbox 2847 4176 3089 4246; x_wconf 88' lang='lat' dir='ltr'><strong>primum</strong></span> <span class='ocrx_word' id='word_1_633' title='bbox 3122 4174 3229 4229; x_wconf 91' lang='lat' dir='ltr'><strong>hoc</strong></span> <span class='ocrx_word' id='word_1_634' title='bbox 3287 4171 3707 4227; x_wconf 73' lang='lat' dir='ltr'><strong>consideramus</strong></span> 
     </span>
    </p>
   </div>
   <div class='ocr_carea' id='block_1_88' title="bbox 2123 4263 3706 4338">
    <p class='ocr_par' dir='ltr' id='par_1_88' title="bbox 2123 4263 3706 4338">
     <span class='ocr_line' id='line_1_88' title="bbox 2123 4263 3706 4338; baseline -0.005 -15"><span class='ocrx_word' id='word_1_635' title='bbox 2123 4267 2179 4323; x_wconf 88' lang='lat' dir='ltr'><strong>in</strong></span> <span class='ocrx_word' id='word_1_636' title='bbox 2205 4267 2556 4338; x_wconf 89' lang='lat' dir='ltr'><strong>corporibus.</strong></span> <span class='ocrx_word' id='word_1_637' title='bbox 2589 4265 2959 4332; x_wconf 87' lang='lat' dir='ltr'><strong>Quamobrem</strong></span> <span class='ocrx_word' id='word_1_638' title='bbox 3003 4265 3220 4335; x_wconf 80' lang='lat' dir='ltr'><strong>linguas</strong></span> <span class='ocrx_word' id='word_1_639' title='bbox 3253 4263 3383 4317; x_wconf 91' lang='lat' dir='ltr'><strong>hinc</strong></span> <span class='ocrx_word' id='word_1_640' title='bbox 3427 4278 3533 4316; x_wconf 89' lang='lat' dir='ltr'><strong>non</strong></span> <span class='ocrx_word' id='word_1_641' title='bbox 3574 4263 3706 4316; x_wconf 87' lang='lat' dir='ltr'><strong>mit-</strong></span> 
     </span>
    </p>
   </div>
   <div class='ocr_carea' id='block_1_89' title="bbox 2122 4352 3703 4428">
    <p class='ocr_par' dir='ltr' id='par_1_89' title="bbox 2122 4352 3703 4428">
     <span class='ocr_line' id='line_1_89' title="bbox 2122 4352 3703 4428; baseline -0.006 -13"><span class='ocrx_word' id='word_1_642' title='bbox 2122 4367 2244 4415; x_wconf 85' lang='lat' dir='ltr'><strong>tant</strong></span> <span class='ocrx_word' id='word_1_643' title='bbox 2275 4357 2730 4428; x_wconf 80' lang='lat' dir='ltr'><strong>pltilpsopborum</strong></span> <span class='ocrx_word' id='word_1_644' title='bbox 2778 4356 3026 4428; x_wconf 88' lang='lat' dir='ltr'><strong>physici,</strong></span> <span class='ocrx_word' id='word_1_645' title='bbox 3080 4354 3375 4411; x_wconf 87' lang='lat' dir='ltr'><strong>audientes</strong></span> <span class='ocrx_word' id='word_1_646' title='bbox 3429 4352 3703 4408; x_wconf 70' lang='lat' dir='ltr'><strong>verbum:</strong></span> 
     </span>
    </p>
   </div>
   <div class='ocr_carea' id='block_1_90' title="bbox 439 4444 3705 4538">
    <p class='ocr_par' dir='ltr' id='par_1_90' title="bbox 439 4444 3705 4538">
     <span class='ocr_line' id='line_1_90' title="bbox 439 4444 3705 4538; baseline -0.003 -30"><span class='ocrx_word' id='word_1_647' title='bbox 439 4456 631 4515; x_wconf 86' lang='lat' dir='ltr'><strong>maria,</strong></span> <span class='ocrx_word' id='word_1_648' title='bbox 652 4457 1198 4526; x_wconf 78' lang='lat' dir='ltr'><strong>etcongregatiunes,</strong></span> <span class='ocrx_word' id='word_1_649' title='bbox 1217 4467 1268 4510; x_wconf 90' lang='lat' dir='ltr'><strong>et</strong></span> <span class='ocrx_word' id='word_1_650' title='bbox 1290 4456 1490 4520; x_wconf 88' lang='lat' dir='ltr'><strong>fontes,</strong></span> <span class='ocrx_word' id='word_1_651' title='bbox 1508 4466 1557 4512; x_wconf 91' lang='lat' dir='ltr'><strong>et</strong></span> <span class='ocrx_word' id='word_1_652' title='bbox 1579 4456 1809 4512; x_wconf 80' lang='lat' dir='ltr'><strong>fluvios:</strong></span> <span class='ocrx_word' id='word_1_653' title='bbox 1835 4457 2015 4529; x_wconf 81' lang='lat' dir='ltr'><strong>abyssi</strong></span> <span class='ocrx_word' id='word_1_654' title='bbox 2052 4485 2092 4538; x_wconf 72' lang='grc' dir='ltr'>υ</span> <span class='ocrx_word' id='word_1_655' title='bbox 2123 4451 2265 4509; x_wconf 81' lang='lat' dir='ltr'><strong>Fecit</strong></span> <span class='ocrx_word' id='word_1_656' title='bbox 2283 4451 2420 4506; x_wconf 76' lang='lat' dir='ltr'><strong>Deus</strong></span> <span class='ocrx_word' id='word_1_657' title='bbox 2450 4449 2635 4507; x_wconf 75' lang='lat' dir='ltr'><strong>arium</strong></span> <span class='ocrx_word' id='word_1_658' title='bbox 2664 4461 2712 4504; x_wconf 82' lang='lat' dir='ltr'><strong>et</strong></span> <span class='ocrx_word' id='word_1_659' title='bbox 2733 4460 2965 4516; x_wconf 83' lang='lat' dir='ltr'><strong>terram;</strong></span> <span class='ocrx_word' id='word_1_660' title='bbox 2996 4464 3177 4518; x_wconf 90' lang='lat' dir='ltr'><strong>neque</strong></span> <span class='ocrx_word' id='word_1_661' title='bbox 3209 4447 3397 4501; x_wconf 89' lang='lat' dir='ltr'><strong>dicant</strong></span> <span class='ocrx_word' id='word_1_662' title='bbox 3422 4445 3593 4499; x_wconf 89' lang='lat' dir='ltr'><strong>Deum</strong></span> <span class='ocrx_word' id='word_1_663' title='bbox 3622 4444 3705 4519; x_wconf 86' lang='lat' dir='ltr'><strong>fe-</strong></span> 
     </span>
    </p>
   </div>
   <div class='ocr_carea' id='block_1_91' title="bbox 438 4550 2017 4620">
    <p class='ocr_par' dir='ltr' id='par_1_91' title="bbox 438 4550 2017 4620">
     <span class='ocr_line' id='line_1_91' title="bbox 438 4550 2017 4620; baseline 0.001 -17"><span class='ocrx_word' id='word_1_664' title='bbox 438 4560 620 4604; x_wconf 70' lang='lat' dir='ltr'><strong>:t&#39;ttem</strong></span> <span class='ocrx_word' id='word_1_665' title='bbox 657 4565 1004 4619; x_wconf 82' lang='lat' dir='ltr'><strong>nequaquam</strong></span> <span class='ocrx_word' id='word_1_666' title='bbox 1041 4551 1313 4604; x_wconf 83' lang='lat' dir='ltr'><strong>meminit.</strong></span> <span class='ocrx_word' id='word_1_667' title='bbox 1353 4550 1472 4605; x_wconf 89' lang='lat' dir='ltr'><strong>Non</strong></span> <span class='ocrx_word' id='word_1_668' title='bbox 1521 4550 1877 4620; x_wconf 63' lang='lat' dir='ltr'><strong>praetermisit</strong></span> <span class='ocrx_word' id='word_1_669' title='bbox 1913 4567 2017 4605; x_wconf 86' lang='lat' dir='ltr'><strong>au-</strong></span> 
     </span>
    </p>
   </div>
   <div class='ocr_carea' id='block_1_92' title="bbox 440 4643 2019 4721">
    <p class='ocr_par' dir='ltr' id='par_1_92' title="bbox 440 4643 2019 4721">
     <span class='ocr_line' id='line_1_92' title="bbox 440 4643 2019 4721; baseline 0.003 -25"><span class='ocrx_word' id='word_1_670' title='bbox 440 4654 548 4696; x_wconf 82' lang='lat' dir='ltr'><strong>tem</strong></span> <span class='ocrx_word' id='word_1_671' title='bbox 589 4643 644 4696; x_wconf 88' lang='lat' dir='ltr'><strong>in</strong></span> <span class='ocrx_word' id='word_1_672' title='bbox 697 4643 971 4713; x_wconf 84' lang='lat' dir='ltr'><strong>profunda</strong></span> <span class='ocrx_word' id='word_1_673' title='bbox 1025 4653 1084 4698; x_wconf 88' lang='lat' dir='ltr'><strong>et</strong></span> <span class='ocrx_word' id='word_1_674' title='bbox 1135 4643 1404 4721; x_wconf 79' lang='lat' dir='ltr'><strong>divinitus</strong></span> <span class='ocrx_word' id='word_1_675' title='bbox 1430 4643 1556 4697; x_wconf 85' lang='lat' dir='ltr'><strong>data</strong></span> <span class='ocrx_word' id='word_1_676' title='bbox 1605 4659 1704 4697; x_wconf 90' lang='lat' dir='ltr'><strong>sua</strong></span> <span class='ocrx_word' id='word_1_677' title='bbox 1750 4644 2019 4714; x_wconf 82' lang='lat' dir='ltr'><strong>sapientia</strong></span> 
     </span>
    </p>
   </div>
   <div class='ocr_carea' id='block_1_93' title="bbox 439 4734 2021 4805">
    <p class='ocr_par' dir='ltr' id='par_1_93' title="bbox 439 4734 2021 4805">
     <span class='ocr_line' id='line_1_93' title="bbox 439 4734 2021 4805; baseline 0.004 -21"><span class='ocrx_word' id='word_1_678' title='bbox 439 4734 789 4803; x_wconf 74' lang='lat' dir='ltr'><strong>interrogare</strong></span> <span class='ocrx_word' id='word_1_679' title='bbox 818 4734 1099 4802; x_wconf 70' lang='grc' dir='ltr'><strong>(μιυιιιθιιο</strong></span> <span class='ocrx_word' id='word_1_680' title='bbox 1128 4735 1368 4803; x_wconf 84' lang='lat' dir='ltr'><strong>scriptus</strong></span> <span class='ocrx_word' id='word_1_681' title='bbox 1399 4743 1483 4789; x_wconf 89' lang='lat' dir='ltr'><strong>est</strong></span> <span class='ocrx_word' id='word_1_682' title='bbox 1521 4734 1761 4805; x_wconf 89' lang='lat' dir='ltr'><strong>Spiritus</strong></span> <span class='ocrx_word' id='word_1_683' title='bbox 1790 4736 1888 4790; x_wconf 90' lang='lat' dir='ltr'><strong>Dei</strong></span> <span class='ocrx_word' id='word_1_684' title='bbox 1927 4750 2021 4790; x_wconf 87' lang='lat' dir='ltr'><strong>so-</strong></span> 
     </span>
    </p>
   </div>
   <div class='ocr_carea' id='block_1_94' title="bbox 438 4825 2020 4897">
    <p class='ocr_par' dir='ltr' id='par_1_94' title="bbox 438 4825 2020 4897">
     <span class='ocr_line' id='line_1_94' title="bbox 438 4825 2020 4897; baseline 0.003 -19"><span class='ocrx_word' id='word_1_685' title='bbox 438 4825 549 4879; x_wconf 82' lang='lat' dir='ltr'><strong>lum</strong></span> <span class='ocrx_word' id='word_1_686' title='bbox 583 4827 636 4879; x_wconf 92' lang='lat' dir='ltr'><strong>in</strong></span> <span class='ocrx_word' id='word_1_687' title='bbox 674 4827 883 4895; x_wconf 81' lang='lat' dir='ltr'><strong>reliqua</strong></span> <span class='ocrx_word' id='word_1_688' title='bbox 907 4827 1214 4889; x_wconf 88' lang='lat' dir='ltr'><strong>creatione,</strong></span> <span class='ocrx_word' id='word_1_689' title='bbox 1253 4836 1309 4882; x_wconf 89' lang='lat' dir='ltr'><strong>et</strong></span> <span class='ocrx_word' id='word_1_690' title='bbox 1334 4843 1561 4882; x_wconf 88' lang='lat' dir='ltr'><strong>curnant</strong></span> <span class='ocrx_word' id='word_1_691' title='bbox 1592 4826 1796 4882; x_wconf 87' lang='lat' dir='ltr'><strong>dicitur</strong></span> <span class='ocrx_word' id='word_1_692' title='bbox 1827 4828 1871 4884; x_wconf 86' lang='lat' dir='ltr'><strong>is</strong></span> <span class='ocrx_word' id='word_1_693' title='bbox 1896 4829 2020 4897; x_wconf 87' lang='lat' dir='ltr'><strong>qui-</strong></span> 
     </span>
    </p>
   </div>
   <div class='ocr_carea' id='block_1_95' title="bbox 437 4917 2021 4987">
    <p class='ocr_par' dir='ltr' id='par_1_95' title="bbox 437 4917 2021 4987">
     <span class='ocr_line' id='line_1_95' title="bbox 437 4917 2021 4987; baseline 0.002 -18"><span class='ocrx_word' id='word_1_694' title='bbox 437 4917 562 4971; x_wconf 79' lang='lat' dir='ltr'><strong>dem</strong></span> <span class='ocrx_word' id='word_1_695' title='bbox 595 4919 922 4987; x_wconf 81' lang='lat' dir='ltr'><strong>superferri,</strong></span> <span class='ocrx_word' id='word_1_696' title='bbox 956 4934 1063 4972; x_wconf 89' lang='lat' dir='ltr'><strong>non</strong></span> <span class='ocrx_word' id='word_1_697' title='bbox 1100 4918 1359 4974; x_wconf 83' lang='lat' dir='ltr'><strong>insidere.</strong></span> <span class='ocrx_word' id='word_1_698' title='bbox 1412 4920 1694 4976; x_wconf 74' lang='lat' dir='ltr'><strong>Adversus</strong></span> <span class='ocrx_word' id='word_1_699' title='bbox 1731 4936 1828 4976; x_wconf 88' lang='lat' dir='ltr'><strong>eos</strong></span> <span class='ocrx_word' id='word_1_700' title='bbox 1854 4920 2021 4975; x_wconf 87' lang='lat' dir='ltr'><strong>etiam</strong></span> 
     </span>
    </p>
   </div>
   <div class='ocr_carea' id='block_1_96' title="bbox 437 5009 2019 5082">
    <p class='ocr_par' dir='ltr' id='par_1_96' title="bbox 437 5009 2019 5082">
     <span class='ocr_line' id='line_1_96' title="bbox 437 5009 2019 5082; baseline 0.003 -20"><span class='ocrx_word' id='word_1_701' title='bbox 437 5009 532 5079; x_wconf 76' lang='lat' dir='ltr'><strong>qui</strong></span> <span class='ocrx_word' id='word_1_702' title='bbox 571 5011 832 5064; x_wconf 71' lang='lat' dir='ltr'><strong>dixerunt</strong></span> <span class='ocrx_word' id='word_1_703' title='bbox 864 5022 1114 5066; x_wconf 86' lang='lat' dir='ltr'><strong>sanctum</strong></span> <span class='ocrx_word' id='word_1_704' title='bbox 1152 5011 1302 5065; x_wconf 87' lang='lat' dir='ltr'><strong>illum</strong></span> <span class='ocrx_word' id='word_1_705' title='bbox 1338 5027 1459 5068; x_wconf 86' lang='lat' dir='ltr'><strong>esse</strong></span> <span class='ocrx_word' id='word_1_706' title='bbox 1499 5012 1765 5082; x_wconf 89' lang='lat' dir='ltr'><strong>Spiritum</strong></span> <span class='ocrx_word' id='word_1_707' title='bbox 1812 5012 1907 5081; x_wconf 90' lang='lat' dir='ltr'><strong>qui</strong></span> <span class='ocrx_word' id='word_1_708' title='bbox 1938 5012 2019 5066; x_wconf 84' lang='lat' dir='ltr'><strong>fc-</strong></span> 
     </span>
    </p>
   </div>
   <div class='ocr_carea' id='block_1_97' title="bbox 440 5096 2015 5173">
    <p class='ocr_par' dir='ltr' id='par_1_97' title="bbox 440 5096 2015 5173">
     <span class='ocr_line' id='line_1_97' title="bbox 440 5096 2015 5173; baseline 0.001 -19"><span class='ocrx_word' id='word_1_709' title='bbox 440 5102 667 5155; x_wconf 82' lang='lat' dir='ltr'><strong>rebatur</strong></span> <span class='ocrx_word' id='word_1_710' title='bbox 714 5119 881 5172; x_wconf 88' lang='lat' dir='ltr'><strong>supra</strong></span> <span class='ocrx_word' id='word_1_711' title='bbox 912 5096 1103 5173; x_wconf 81' lang='lat' dir='ltr'><strong>aquas,</strong></span> <span class='ocrx_word' id='word_1_712' title='bbox 1138 5121 1169 5159; x_wconf 86' lang='lat' dir='ltr'><strong>a</strong></span> <span class='ocrx_word' id='word_1_713' title='bbox 1224 5103 1506 5158; x_wconf 82' lang='lat' dir='ltr'><strong>ttonnuliis</strong></span> <span class='ocrx_word' id='word_1_714' title='bbox 1556 5113 1641 5159; x_wconf 86' lang='lat' dir='ltr'><strong>est</strong></span> <span class='ocrx_word' id='word_1_715' title='bbox 1682 5103 2015 5156; x_wconf 86' lang='lat' dir='ltr'><strong>dubitatum.</strong></span> 
     </span>
    </p>
   </div>
   <div class='ocr_carea' id='block_1_98' title="bbox 411 5193 2019 5265">
    <p class='ocr_par' dir='ltr' id='par_1_98' title="bbox 411 5193 2019 5265">
     <span class='ocr_line' id='line_1_98' title="bbox 411 5193 2019 5265; baseline -0.001 -17"><span class='ocrx_word' id='word_1_716' title='bbox 411 5198 415 5202; x_wconf 88' lang='grc'><strong>’</strong></span> <span class='ocrx_word' id='word_1_717' title='bbox 443 5193 677 5248; x_wconf 69' lang='lat' dir='ltr'><strong>Ubinam</strong></span> <span class='ocrx_word' id='word_1_718' title='bbox 711 5193 782 5248; x_wconf 82' lang='lat' dir='ltr'><strong>sit</strong></span> <span class='ocrx_word' id='word_1_719' title='bbox 821 5196 1028 5249; x_wconf 86' lang='lat' dir='ltr'><strong>creatio</strong></span> <span class='ocrx_word' id='word_1_720' title='bbox 1057 5196 1202 5250; x_wconf 87' lang='lat' dir='ltr'><strong>aeris</strong></span> <span class='ocrx_word' id='word_1_721' title='bbox 1237 5196 1330 5265; x_wconf 88' lang='lat' dir='ltr'><strong>qui</strong></span> <span class='ocrx_word' id='word_1_722' title='bbox 1363 5205 1449 5249; x_wconf 74' lang='lat' dir='ltr'><strong>est</strong></span> <span class='ocrx_word' id='word_1_723' title='bbox 1496 5211 1640 5248; x_wconf 90' lang='lat' dir='ltr'><strong>unus</strong></span> <span class='ocrx_word' id='word_1_724' title='bbox 1670 5210 1738 5249; x_wconf 80' lang='lat' dir='ltr'><strong>ex</strong></span> <span class='ocrx_word' id='word_1_725' title='bbox 1779 5201 2019 5262; x_wconf 89' lang='lat' dir='ltr'><strong>quatuor</strong></span> 
     </span>
    </p>
   </div>
   <div class='ocr_carea' id='block_1_99' title="bbox 439 5284 2016 5356">
    <p class='ocr_par' dir='ltr' id='par_1_99' title="bbox 439 5284 2016 5356">
     <span class='ocr_line' id='line_1_99' title="bbox 439 5284 2016 5356; baseline -0.001 -18"><span class='ocrx_word' id='word_1_726' title='bbox 439 5285 772 5341; x_wconf 82' lang='lat' dir='ltr'><strong>clementis?</strong></span> <span class='ocrx_word' id='word_1_727' title='bbox 799 5288 852 5342; x_wconf 90' lang='lat' dir='ltr'><strong>Si</strong></span> <span class='ocrx_word' id='word_1_728' title='bbox 884 5286 1029 5344; x_wconf 84' lang='lat' dir='ltr'><strong>enim</strong></span> <span class='ocrx_word' id='word_1_729' title='bbox 1057 5287 1396 5351; x_wconf 88' lang='lat' dir='ltr'><strong>dederimus,</strong></span> <span class='ocrx_word' id='word_1_730' title='bbox 1429 5287 1710 5356; x_wconf 88' lang='lat' dir='ltr'><strong>inquiunt,</strong></span> <span class='ocrx_word' id='word_1_731' title='bbox 1737 5300 1864 5339; x_wconf 89' lang='lat' dir='ltr'><strong>cum</strong></span> <span class='ocrx_word' id='word_1_732' title='bbox 1892 5284 2016 5353; x_wconf 85' lang='lat' dir='ltr'><strong>qui-</strong></span> 
     </span>
    </p>
   </div>
   <div class='ocr_carea' id='block_1_100' title="bbox 441 5375 2017 5435">
    <p class='ocr_par' dir='ltr' id='par_1_100' title="bbox 441 5375 2017 5435">
     <span class='ocr_line' id='line_1_100' title="bbox 441 5375 2017 5435; baseline 0.001 -6"><span class='ocrx_word' id='word_1_733' title='bbox 441 5375 567 5429; x_wconf 69' lang='lat' dir='ltr'><strong>dem</strong></span> <span class='ocrx_word' id='word_1_734' title='bbox 608 5393 727 5431; x_wconf 86' lang='lat' dir='ltr'><strong>esse</strong></span> <span class='ocrx_word' id='word_1_735' title='bbox 780 5380 1190 5434; x_wconf 85' lang='lat' dir='ltr'><strong>sanctissimum</strong></span> <span class='ocrx_word' id='word_1_736' title='bbox 1252 5381 1406 5435; x_wconf 86' lang='lat' dir='ltr'><strong>illum</strong></span> <span class='ocrx_word' id='word_1_737' title='bbox 1449 5389 1507 5434; x_wconf 91' lang='lat' dir='ltr'><strong>et</strong></span> <span class='ocrx_word' id='word_1_738' title='bbox 1562 5379 1869 5432; x_wconf 88' lang='lat' dir='ltr'><strong>increatum</strong></span> <span class='ocrx_word' id='word_1_739' title='bbox 1921 5377 2017 5431; x_wconf 89' lang='lat' dir='ltr'><strong>Dei</strong></span> 
     </span>
    </p>
   </div>
   <div class='ocr_carea' id='block_1_101' title="bbox 443 5467 2021 5540">
    <p class='ocr_par' dir='ltr' id='par_1_101' title="bbox 443 5467 2021 5540">
     <span class='ocr_line' id='line_1_101' title="bbox 443 5467 2021 5540; baseline 0.001 -17"><span class='ocrx_word' id='word_1_740' title='bbox 443 5467 710 5536; x_wconf 71' lang='lat' dir='ltr'><strong>Spiritum</strong></span> <span class='ocrx_word' id='word_1_741' title='bbox 743 5488 756 5523; x_wconf 92' lang='lat'>:</span> <span class='ocrx_word' id='word_1_742' title='bbox 784 5472 926 5540; x_wconf 84' lang='lat' dir='ltr'><strong>ignis</strong></span> <span class='ocrx_word' id='word_1_743' title='bbox 950 5483 1133 5527; x_wconf 87' lang='lat' dir='ltr'><strong>autem</strong></span> <span class='ocrx_word' id='word_1_744' title='bbox 1160 5472 1388 5527; x_wconf 87' lang='lat' dir='ltr'><strong>omnino</strong></span> <span class='ocrx_word' id='word_1_745' title='bbox 1432 5486 1542 5525; x_wconf 90' lang='lat' dir='ltr'><strong>non</strong></span> <span class='ocrx_word' id='word_1_746' title='bbox 1589 5469 1870 5539; x_wconf 82' lang='lat' dir='ltr'><strong>profertur</strong></span> <span class='ocrx_word' id='word_1_747' title='bbox 1918 5485 2021 5524; x_wconf 90' lang='lat' dir='ltr'><strong>nec</strong></span> 
     </span>
    </p>
   </div>
   <div class='ocr_carea' id='block_1_102' title="bbox 444 5560 2022 5635">
    <p class='ocr_par' dir='ltr' id='par_1_102' title="bbox 444 5560 2022 5635">
     <span class='ocr_line' id='line_1_102' title="bbox 444 5560 2022 5635; baseline -0.002 -16"><span class='ocrx_word' id='word_1_748' title='bbox 444 5560 742 5633; x_wconf 76' lang='lat' dir='ltr'><strong>appellatio</strong></span> <span class='ocrx_word' id='word_1_749' title='bbox 767 5580 869 5619; x_wconf 84' lang='lat' dir='ltr'><strong>nec</strong></span> <span class='ocrx_word' id='word_1_750' title='bbox 894 5566 1129 5630; x_wconf 85' lang='lat' dir='ltr'><strong>crcatio,</strong></span> <span class='ocrx_word' id='word_1_751' title='bbox 1162 5565 1440 5635; x_wconf 89' lang='lat' dir='ltr'><strong>quomodo</strong></span> <span class='ocrx_word' id='word_1_752' title='bbox 1468 5578 1572 5619; x_wconf 83' lang='lat' dir='ltr'><strong>nec</strong></span> <span class='ocrx_word' id='word_1_753' title='bbox 1604 5562 1822 5633; x_wconf 78' lang='lat' dir='ltr'><strong>abyssi;</strong></span> <span class='ocrx_word' id='word_1_754' title='bbox 1869 5561 2022 5616; x_wconf 75' lang='lat' dir='ltr'><strong>inre-</strong></span> 
     </span>
    </p>
   </div>
   <div class='ocr_carea' id='block_1_103' title="bbox 2119 4538 3704 4609">
    <p class='ocr_par' dir='ltr' id='par_1_103' title="bbox 2119 4538 3704 4609">
     <span class='ocr_line' id='line_1_103' title="bbox 2119 4538 3704 4609; baseline -0.004 -10"><span class='ocrx_word' id='word_1_755' title='bbox 2119 4545 2260 4600; x_wconf 83' lang='lat' dir='ltr'><strong>cisse</strong></span> <span class='ocrx_word' id='word_1_756' title='bbox 2283 4544 2406 4599; x_wconf 76' lang='grc' dir='ltr'><strong>εωιί</strong></span> <span class='ocrx_word' id='word_1_757' title='bbox 2437 4552 2621 4597; x_wconf 89' lang='lat' dir='ltr'><strong>ortum</strong></span> <span class='ocrx_word' id='word_1_758' title='bbox 2647 4558 2678 4596; x_wconf 90' lang='lat' dir='ltr'><strong>a</strong></span> <span class='ocrx_word' id='word_1_759' title='bbox 2700 4550 2869 4604; x_wconf 89' lang='lat' dir='ltr'><strong>terra,</strong></span> <span class='ocrx_word' id='word_1_760' title='bbox 2905 4550 3161 4609; x_wconf 87' lang='lat' dir='ltr'><strong>tanquam</strong></span> <span class='ocrx_word' id='word_1_761' title='bbox 3185 4539 3254 4593; x_wconf 88' lang='lat' dir='ltr'><strong>ab</strong></span> <span class='ocrx_word' id='word_1_762' title='bbox 3279 4538 3461 4606; x_wconf 89' lang='lat' dir='ltr'><strong>aliquo</strong></span> <span class='ocrx_word' id='word_1_763' title='bbox 3483 4546 3704 4592; x_wconf 86' lang='lat' dir='ltr'><strong>centro:</strong></span> 
     </span>
    </p>
   </div>
   <div class='ocr_carea' id='block_1_104' title="bbox 2121 4628 3708 4706">
    <p class='ocr_par' dir='ltr' id='par_1_104' title="bbox 2121 4628 3708 4706">
     <span class='ocr_line' id='line_1_104' title="bbox 2121 4628 3708 4706; baseline -0.006 -15"><span class='ocrx_word' id='word_1_764' title='bbox 2121 4636 2383 4706; x_wconf 86' lang='lat' dir='ltr'><strong>quoniam</strong></span> <span class='ocrx_word' id='word_1_765' title='bbox 2444 4643 2722 4698; x_wconf 82' lang='lat' dir='ltr'><strong>centrum,</strong></span> <span class='ocrx_word' id='word_1_766' title='bbox 2766 4632 3049 4702; x_wconf 89' lang='lat' dir='ltr'><strong>inquiunt.</strong></span> <span class='ocrx_word' id='word_1_767' title='bbox 3079 4640 3166 4686; x_wconf 90' lang='lat' dir='ltr'><strong>est</strong></span> <span class='ocrx_word' id='word_1_768' title='bbox 3207 4628 3539 4700; x_wconf 88' lang='lat' dir='ltr'><strong>principium</strong></span> <span class='ocrx_word' id='word_1_769' title='bbox 3583 4628 3708 4682; x_wconf 84' lang='lat' dir='ltr'><strong>uni-</strong></span> 
     </span>
    </p>
   </div>
   <div class='ocr_carea' id='block_1_105' title="bbox 2122 4719 3705 4797">
    <p class='ocr_par' dir='ltr' id='par_1_105' title="bbox 2122 4719 3705 4797">
     <span class='ocr_line' id='line_1_105' title="bbox 2122 4719 3705 4797; baseline -0.004 -16"><span class='ocrx_word' id='word_1_770' title='bbox 2122 4743 2299 4783; x_wconf 63' lang='lat' dir='ltr'><strong>versae</strong></span> <span class='ocrx_word' id='word_1_771' title='bbox 2335 4726 2581 4797; x_wconf 74' lang='lat' dir='ltr'><strong>sphrerze.</strong></span> <span class='ocrx_word' id='word_1_772' title='bbox 2626 4725 2745 4780; x_wconf 87' lang='lat' dir='ltr'><strong>Non</strong></span> <span class='ocrx_word' id='word_1_773' title='bbox 2793 4724 2941 4779; x_wconf 91' lang='lat' dir='ltr'><strong>enim</strong></span> <span class='ocrx_word' id='word_1_774' title='bbox 2978 4734 3037 4778; x_wconf 90' lang='lat' dir='ltr'><strong>ut</strong></span> <span class='ocrx_word' id='word_1_775' title='bbox 3063 4722 3335 4793; x_wconf 78' lang='lat' dir='ltr'><strong>contingit</strong></span> <span class='ocrx_word' id='word_1_776' title='bbox 3367 4722 3421 4775; x_wconf 91' lang='lat' dir='ltr'><strong>in</strong></span> <span class='ocrx_word' id='word_1_777' title='bbox 3458 4719 3705 4774; x_wconf 86' lang='lat' dir='ltr'><strong>homini-</strong></span> 
     </span>
    </p>
   </div>
   <div class='ocr_carea' id='block_1_106' title="bbox 2122 4814 3704 4890">
    <p class='ocr_par' dir='ltr' id='par_1_106' title="bbox 2122 4814 3704 4890">
     <span class='ocr_line' id='line_1_106' title="bbox 2122 4814 3704 4890; baseline -0.005 -14"><span class='ocrx_word' id='word_1_778' title='bbox 2122 4821 2250 4883; x_wconf 88' lang='lat' dir='ltr'><strong>bus,</strong></span> <span class='ocrx_word' id='word_1_779' title='bbox 2281 4819 2378 4890; x_wconf 88' lang='lat' dir='ltr'><strong>qui</strong></span> <span class='ocrx_word' id='word_1_780' title='bbox 2430 4835 2540 4873; x_wconf 91' lang='lat' dir='ltr'><strong>non</strong></span> <span class='ocrx_word' id='word_1_781' title='bbox 2592 4828 2825 4889; x_wconf 89' lang='lat' dir='ltr'><strong>possunt</strong></span> <span class='ocrx_word' id='word_1_782' title='bbox 2875 4832 3056 4888; x_wconf 88' lang='lat' dir='ltr'><strong>neque</strong></span> <span class='ocrx_word' id='word_1_783' title='bbox 3103 4816 3374 4871; x_wconf 87' lang='lat' dir='ltr'><strong>circulum</strong></span> <span class='ocrx_word' id='word_1_784' title='bbox 3439 4814 3704 4883; x_wconf 75' lang='lat' dir='ltr'><strong>dirigere,</strong></span> 
     </span>
    </p>
   </div>
   <div class='ocr_carea' id='block_1_107' title="bbox 2125 4900 3706 4984">
    <p class='ocr_par' dir='ltr' id='par_1_107' title="bbox 2125 4900 3706 4984">
     <span class='ocr_line' id='line_1_107' title="bbox 2125 4900 3706 4984; baseline -0.008 -16"><span class='ocrx_word' id='word_1_785' title='bbox 2125 4928 2304 4984; x_wconf 87' lang='lat' dir='ltr'><strong>neque</strong></span> <span class='ocrx_word' id='word_1_786' title='bbox 2335 4919 2587 4979; x_wconf 88' lang='lat' dir='ltr'><strong>torquem</strong></span> <span class='ocrx_word' id='word_1_787' title='bbox 2625 4910 3033 4984; x_wconf 58' lang='lat' dir='ltr'><strong>circumagere,</strong></span> <span class='ocrx_word' id='word_1_788' title='bbox 3053 4922 3232 4976; x_wconf 89' lang='lat' dir='ltr'><strong>neque</strong></span> <span class='ocrx_word' id='word_1_789' title='bbox 3252 4914 3488 4975; x_wconf 88' lang='lat' dir='ltr'><strong>punctos</strong></span> <span class='ocrx_word' id='word_1_790' title='bbox 3512 4900 3706 4957; x_wconf 86' lang='lat' dir='ltr'><strong>circuli</strong></span> 
     </span>
    </p>
   </div>
   <div class='ocr_carea' id='block_1_108' title="bbox 2128 4977 3711 5072">
    <p class='ocr_par' dir='ltr' id='par_1_108' title="bbox 2128 4977 3711 5072">
     <span class='ocr_line' id='line_1_108' title="bbox 2128 4977 3711 5072; baseline -0.008 -13"><span class='ocrx_word' id='word_1_791' title='bbox 2128 5019 2194 5059; x_wconf 87' lang='lat' dir='ltr'><strong>ex</strong></span> <span class='ocrx_word' id='word_1_792' title='bbox 2230 5018 2387 5072; x_wconf 71' lang='lat' dir='ltr'><strong>aequo</strong></span> <span class='ocrx_word' id='word_1_793' title='bbox 2435 5016 2808 5071; x_wconf 86' lang='lat' dir='ltr'><strong>componere,</strong></span> <span class='ocrx_word' id='word_1_794' title='bbox 2849 4977 3033 5068; x_wconf 64' lang='lat' dir='ltr'><strong>neque</strong></span> <span class='ocrx_word' id='word_1_795' title='bbox 3080 4998 3280 5052; x_wconf 87' lang='lat' dir='ltr'><strong>lineam</strong></span> <span class='ocrx_word' id='word_1_796' title='bbox 3338 4995 3618 5050; x_wconf 85' lang='lat' dir='ltr'><strong>inflectere</strong></span> <span class='ocrx_word' id='word_1_797' title='bbox 3652 5002 3711 5047; x_wconf 91' lang='lat' dir='ltr'><strong>et</strong></span> 
     </span>
    </p>
   </div>
   <div class='ocr_carea' id='block_1_109' title="bbox 2131 5086 3711 5158">
    <p class='ocr_par' dir='ltr' id='par_1_109' title="bbox 2131 5086 3711 5158">
     <span class='ocr_line' id='line_1_109' title="bbox 2131 5086 3711 5158; baseline -0.006 -8"><span class='ocrx_word' id='word_1_798' title='bbox 2131 5105 2264 5150; x_wconf 66' lang='grc' dir='ltr'><strong>τοίω</strong></span> <span class='ocrx_word' id='word_1_799' title='bbox 2289 5095 2523 5149; x_wconf 84' lang='lat' dir='ltr'><strong>similent</strong></span> <span class='ocrx_word' id='word_1_800' title='bbox 2562 5093 2801 5153; x_wconf 78' lang='lat' dir='ltr'><strong>efiiccrc,</strong></span> <span class='ocrx_word' id='word_1_801' title='bbox 2833 5093 2937 5147; x_wconf 84' lang='lat' dir='ltr'><strong>nisi</strong></span> <span class='ocrx_word' id='word_1_802' title='bbox 2973 5101 3226 5147; x_wconf 88' lang='lat' dir='ltr'><strong>centrum</strong></span> <span class='ocrx_word' id='word_1_803' title='bbox 3269 5088 3508 5142; x_wconf 77' lang='lat' dir='ltr'><strong>taedium</strong></span> <span class='ocrx_word' id='word_1_804' title='bbox 3552 5086 3711 5158; x_wconf 90' lang='lat' dir='ltr'><strong>prius</strong></span> 
     </span>
    </p>
   </div>
   <div class='ocr_carea' id='block_1_110' title="bbox 2126 5176 3709 5241">
    <p class='ocr_par' dir='ltr' id='par_1_110' title="bbox 2126 5176 3709 5241">
     <span class='ocr_line' id='line_1_110' title="bbox 2126 5176 3709 5241; baseline -0.007 -1"><span class='ocrx_word' id='word_1_805' title='bbox 2126 5186 2293 5241; x_wconf 83' lang='lat' dir='ltr'><strong>fuerit</strong></span> <span class='ocrx_word' id='word_1_806' title='bbox 2324 5186 2548 5238; x_wconf 70' lang='lat' dir='ltr'><strong>infixum</strong></span> <span class='ocrx_word' id='word_1_807' title='bbox 2578 5202 2590 5237; x_wconf 92' lang='lat'><strong>:</strong></span> <span class='ocrx_word' id='word_1_808' title='bbox 2635 5185 2709 5238; x_wconf 86' lang='lat' dir='ltr'><strong>ita</strong></span> <span class='ocrx_word' id='word_1_809' title='bbox 2741 5184 2906 5236; x_wconf 88' lang='lat' dir='ltr'><strong>etiam</strong></span> <span class='ocrx_word' id='word_1_810' title='bbox 2934 5182 3179 5237; x_wconf 65' lang='lat' dir='ltr'><strong>devenit.</strong></span> <span class='ocrx_word' id='word_1_811' title='bbox 3224 5179 3327 5233; x_wconf 82' lang='lat' dir='ltr'><strong>ilic</strong></span> <span class='ocrx_word' id='word_1_812' title='bbox 3348 5179 3497 5233; x_wconf 86' lang='lat' dir='ltr'><strong>enim</strong></span> <span class='ocrx_word' id='word_1_813' title='bbox 3529 5187 3591 5231; x_wconf 88' lang='lat' dir='ltr'><strong>ut</strong></span> <span class='ocrx_word' id='word_1_814' title='bbox 3619 5176 3709 5230; x_wconf 87' lang='lat' dir='ltr'><strong>di-</strong></span> 
     </span>
    </p>
   </div>
   <div class='ocr_carea' id='block_1_111' title="bbox 2128 5270 3708 5347">
    <p class='ocr_par' dir='ltr' id='par_1_111' title="bbox 2128 5270 3708 5347">
     <span class='ocr_line' id='line_1_111' title="bbox 2128 5270 3708 5347; baseline -0.008 -15"><span class='ocrx_word' id='word_1_815' title='bbox 2128 5294 2247 5332; x_wconf 86' lang='lat' dir='ltr'><strong>scas</strong></span> <span class='ocrx_word' id='word_1_816' title='bbox 2268 5277 2411 5347; x_wconf 77' lang='lat' dir='ltr'><strong>quod</strong></span> <span class='ocrx_word' id='word_1_817' title='bbox 2436 5278 2577 5331; x_wconf 89' lang='lat' dir='ltr'><strong>Deus</strong></span> <span class='ocrx_word' id='word_1_818' title='bbox 2599 5292 2706 5329; x_wconf 87' lang='lat' dir='ltr'><strong>non</strong></span> <span class='ocrx_word' id='word_1_819' title='bbox 2730 5275 2984 5344; x_wconf 89' lang='lat' dir='ltr'><strong>sequitur</strong></span> <span class='ocrx_word' id='word_1_820' title='bbox 3000 5283 3209 5328; x_wconf 69' lang='lat' dir='ltr'><strong>natura:</strong></span> <span class='ocrx_word' id='word_1_821' title='bbox 3232 5270 3708 5339; x_wconf 82' lang='lat' dir='ltr'><strong>consequentiam,</strong></span> 
     </span>
    </p>
   </div>
   <div class='ocr_carea' id='block_1_112' title="bbox 2118 5361 3712 5438">
    <p class='ocr_par' dir='ltr' id='par_1_112' title="bbox 2118 5361 3712 5438">
     <span class='ocr_line' id='line_1_112' title="bbox 2118 5361 3712 5438; baseline -0.008 -11"><span class='ocrx_word' id='word_1_822' title='bbox 2118 5371 2221 5427; x_wconf 81' lang='lat' dir='ltr'><strong>sed</strong></span> <span class='ocrx_word' id='word_1_823' title='bbox 2253 5370 2549 5424; x_wconf 79' lang='lat' dir='ltr'><strong>fabricatur</strong></span> <span class='ocrx_word' id='word_1_824' title='bbox 2576 5384 2812 5438; x_wconf 89' lang='lat' dir='ltr'><strong>superna</strong></span> <span class='ocrx_word' id='word_1_825' title='bbox 2838 5365 3164 5421; x_wconf 87' lang='lat' dir='ltr'><strong>naturaliter</strong></span> <span class='ocrx_word' id='word_1_826' title='bbox 3190 5373 3369 5418; x_wconf 90' lang='lat' dir='ltr'><strong>etnon</strong></span> <span class='ocrx_word' id='word_1_827' title='bbox 3390 5361 3712 5426; x_wconf 79' lang='lat' dir='ltr'><strong>artificiose,</strong></span> 
     </span>
    </p>
   </div>
   <div class='ocr_carea' id='block_1_113' title="bbox 2128 5454 3713 5548">
    <p class='ocr_par' dir='ltr' id='par_1_113' title="bbox 2128 5454 3713 5548">
     <span class='ocr_line' id='line_1_113' title="bbox 2128 5454 3713 5548; baseline -0.008 -29"><span class='ocrx_word' id='word_1_828' title='bbox 2128 5464 2263 5519; x_wconf 87' lang='lat' dir='ltr'><strong>dicit</strong></span> <span class='ocrx_word' id='word_1_829' title='bbox 2303 5464 2479 5519; x_wconf 76' lang='lat' dir='ltr'><strong>Moses</strong></span> <span class='ocrx_word' id='word_1_830' title='bbox 2506 5481 2519 5516; x_wconf 89' lang='lat'><strong>:</strong></span> <span class='ocrx_word' id='word_1_831' title='bbox 2546 5462 2702 5516; x_wconf 84' lang='lat' dir='ltr'><strong>Fecit</strong></span> <span class='ocrx_word' id='word_1_832' title='bbox 2744 5462 2889 5515; x_wconf 88' lang='lat' dir='ltr'><strong>Deus</strong></span> <span class='ocrx_word' id='word_1_833' title='bbox 2934 5460 3225 5548; x_wconf 43' lang='lat' dir='ltr'><strong>spiratram&#39;,</strong></span> <span class='ocrx_word' id='word_1_834' title='bbox 3275 5454 3473 5510; x_wconf 89' lang='lat' dir='ltr'><strong>deinde</strong></span> <span class='ocrx_word' id='word_1_835' title='bbox 3506 5464 3713 5508; x_wconf 87' lang='lat' dir='ltr'><strong>terram</strong></span> 
     </span>
    </p>
   </div>
   <div class='ocr_carea' id='block_1_114' title="bbox 2127 5546 3716 5627">
    <p class='ocr_par' dir='ltr' id='par_1_114' title="bbox 2127 5546 3716 5627">
     <span class='ocr_line' id='line_1_114' title="bbox 2127 5546 3716 5627; baseline -0.008 -14"><span class='ocrx_word' id='word_1_836' title='bbox 2127 5567 2405 5614; x_wconf 82' lang='lat' dir='ltr'><strong>centrum.</strong></span> <span class='ocrx_word' id='word_1_837' title='bbox 2448 5554 2742 5627; x_wconf 88' lang='lat' dir='ltr'><strong>Oporteret</strong></span> <span class='ocrx_word' id='word_1_838' title='bbox 2792 5553 2941 5609; x_wconf 86' lang='lat' dir='ltr'><strong>enim</strong></span> <span class='ocrx_word' id='word_1_839' title='bbox 2994 5546 3203 5608; x_wconf 73' lang='lat' dir='ltr'><strong>revera</strong></span> <span class='ocrx_word' id='word_1_840' title='bbox 3235 5560 3428 5605; x_wconf 85' lang='lat' dir='ltr'><strong>contra</strong></span> <span class='ocrx_word' id='word_1_841' title='bbox 3481 5546 3716 5601; x_wconf 86' lang='lat' dir='ltr'><strong>dicere:</strong></span> 
     </span>
    </p>
   </div>
   <div class='ocr_carea' id='block_1_115' title="bbox 521 5724 2012 5817">
    <p class='ocr_par' dir='ltr' id='par_1_115' title="bbox 521 5745 2012 5817">
     <span class='ocr_line' id='line_1_115' title="bbox 521 5745 2012 5817; baseline -0.007 -10"><span class='ocrx_word' id='word_1_842' title='bbox 521 5752 566 5783; x_wconf 77' lang='lat'>“</span> <span class='ocrx_word' id='word_1_843' title='bbox 600 5751 735 5806; x_wconf 69' lang='lat' dir='ltr'><strong>Gen.</strong></span> <span class='ocrx_word' id='word_1_844' title='bbox 776 5767 811 5817; x_wconf 83' lang='lat' dir='ltr'><strong>t,</strong></span> <span class='ocrx_word' id='word_1_845' title='bbox 841 5753 893 5804; x_wconf 82' lang='lat'><strong>9.</strong></span> <span class='ocrx_word' id='word_1_846' title='bbox 948 5750 988 5779; x_wconf 69' lang='grc'>³³</span> <span class='ocrx_word' id='word_1_847' title='bbox 1023 5749 1041 5803; x_wconf 84' lang='grc'><strong>1</strong></span> <span class='ocrx_word' id='word_1_848' title='bbox 1076 5748 1203 5804; x_wconf 89' lang='lat' dir='ltr'><strong>Cor.</strong></span> <span class='ocrx_word' id='word_1_849' title='bbox 1232 5766 1281 5813; x_wconf 62' lang='grc' dir='ltr'><strong>χ,</strong></span> <span class='ocrx_word' id='word_1_850' title='bbox 1317 5750 1348 5802; x_wconf 83' lang='grc'><strong>6</strong></span> <span class='ocrx_word' id='word_1_851' title='bbox 1375 5765 1528 5817; x_wconf 83' lang='lat' dir='ltr'><strong>seqq.</strong></span> <span class='ocrx_word' id='word_1_852' title='bbox 1607 5748 1669 5778; x_wconf 83' lang='grc'><strong>³³·</strong></span> <span class='ocrx_word' id='word_1_853' title='bbox 1711 5745 2012 5815; x_wconf 64' lang='grc' dir='ltr'><strong>Ἑπιπήῦιτ</strong></span> 
     </span>
    </p>
   </div>
   <div class='ocr_carea' id='block_1_116' title="bbox 2113 5724 3624 5817">
    <p class='ocr_par' dir='ltr' id='par_1_116' title="bbox 2113 5724 3624 5812">
     <span class='ocr_line' id='line_1_116' title="bbox 2113 5724 3624 5812; baseline -0.009 -19"><span class='ocrx_word' id='word_1_854' title='bbox 2113 5741 2269 5812; x_wconf 82' lang='lat' dir='ltr'><strong>quasi</strong></span> <span class='ocrx_word' id='word_1_855' title='bbox 2300 5739 2449 5795; x_wconf 71' lang='lat' dir='ltr'><strong>diras</strong></span> <span class='ocrx_word' id='word_1_856' title='bbox 2482 5737 2766 5808; x_wconf 73' lang='lat' dir='ltr'><strong>pectorale:</strong></span> <span class='ocrx_word' id='word_1_857' title='bbox 2797 5736 3023 5791; x_wconf 71' lang='lat' dir='ltr'><strong>Videtur</strong></span> <span class='ocrx_word' id='word_1_858' title='bbox 3049 5733 3216 5789; x_wconf 79' lang='lat' dir='ltr'><strong>fuisse</strong></span> <span class='ocrx_word' id='word_1_859' title='bbox 3254 5730 3445 5783; x_wconf 69' lang='lat' dir='ltr'><strong>titulus</strong></span> <span class='ocrx_word' id='word_1_860' title='bbox 3472 5724 3624 5781; x_wconf 81' lang='lat' dir='ltr'><strong>libri.</strong></span> 
     </span>
    </p>
   </div>
  </div>
