3996 6296
435 298 540 363 863

1670 298 1730 354 S.
1772 287 2169 352 ANASTASII
2212 286 2538 348 SINAI'IHE

3601 271 3705 335 8(ξὶ

337 416 359 491 ξ
440 409 609 464 tionis
663 418 823 465 terra:
858 426 1099 481 :nempe
1159 410 1367 464 ratione
1418 408 1657 477 praeliue
1730 404 2009 461 Ecclesiae.
2041 404 2088 462 Α
2114 403 2470 471 generationis
2507 399 2633 454 Jesu
2659 397 2852 453 Christi
2900 393 3018 447 Filii
3062 392 3333 447 Abraham
3362 389 3443 455 ";
3481 387 3706 443 dicente
3782 462 3787 465 Δ

329 502 351 555 r'
436 499 563 555 Haec
582 511 726 555 terra
762 511 883 556 erat
912 501 1228 565 invisibilis,
1256 517 1377 570 quae
1402 516 1510 555 non
1542 501 1719 555 solum
1737 514 1847 552 non
1866 496 2020 550 vide-

437 592 627 655 batur,
664 592 759 647 sed
777 608 881 647 nec
899 594 1155 659 videbat;
1184 593 1289 646 hoc
1315 603 1419 657 est,
1450 592 1637 647 statim
1664 590 1873 644 abortu
1897 596 2019 643 erat

438 682 562 737 sine
591 684 768 753 oculis
788 692 845 739 et
864 701 1008 740 caeca
1035 703 1049 739 :
1079 700 1240 754 quam
1269 684 1562 739 excaecavit
1583 683 1840 753 princeps
1864 689 2016 736 tene-

436 773 666 830 brarum
714 775 901 831 saeculi
952 776 1119 848 hujus
1180 776 1473 846 impositus
1521 791 1691 845 supra
1755 775 2016 846 abyssum

439 865 656 920 ratione
695 867 1004 937 praeditam.
1055 868 1223 937 Aqua:
1255 884 1476 938 quoque
1506 878 1858 937 peccatorum
1895 880 2017 920 eam

439 956 748 1013 obruerunt
796 966 853 1013 et
888 959 1302 1027 demerserunt,
1352 970 1409 1016 et
1452 960 1723 1031 spiritalia
1759 959 2022 1029 nequitia;

438 1062 562 1116 quae
603 1048 892 1106 suﬁlarunt
941 1066 1039 1121 per
1083 1067 1146 1107 os
1191 1052 1486 1122 serpentis,
1527 1051 1580 1106 ei
1641 1050 2021 1121 gravissimam

437 1142 745 1197 attulerunt
764 1151 1168 1213 tempestatem,
1194 1153 1250 1198 et
1270 1145 1634 1199 tentationum
1657 1143 1808 1198 mille
1824 1142 2024 1198 ﬂuctus

435 1233 773 1303 excitarunt.
815 1235 977 1291 Unde’
998 1237 1169 1292 etiam
1222 1246 1421 1290 terram
1478 1251 1589 1309 non
1633 1236 1811 1291 solum
1863 1235 2020 1299 dicit,

440 1325 697 1398 ἀόρατον,
727 1328 781 1382 id
810 1338 916 1392 est,
934 1329 1238 1400 ἀὸμματον,
1256 1345 1454 1399 nempe
1488 1337 1770 1384 carentem
1790 1327 1967 1383 oculis
2006 1345 2019 1381 :

441 1415 539 1470 sed
564 1417 730 1471 etiam
757 1416 1120 1486 invisibilem,
1153 1429 1214 1474 ut
1247 1436 1369 1490 qua;
1398 1435 1509 1474 non
1537 1418 1822 1473 videretur
1846 1419 2025 1473 omni-

441 1525 533 1563 no.
563 1510 832 1577 Avertam,
869 1511 1051 1582 inquit
1104 1514 1272 1579 Deus,
1316 1512 1501 1568 oculos
1540 1529 1681 1568 meos
1707 1530 1741 1566 a
1766 1511 1907 1565 vobis
1955 1510 2021 1565 ³⁵.

442 1599 551 1654 Sed
579 1610 635 1655 et
664 1617 764 1672 per
799 1600 941 1659 Osee
974 1604 1130 1667 dicit,
1175 1621 1288 1660 non
1328 1606 1505 1659 solum
1558 1605 1782 1671 Judaiis,
1830 1618 2024 1659 verum

440 1692 609 1747 etiam
666 1695 768 1750 toti
816 1696 1333 1766 generi:Clandam
1379 1698 1555 1753 oculos
1587 1714 1726 1753 meos
1776 1716 1811 1752 at
1859 1697 2021 1763 vobis,

443 1783 696 1850 quoniam
729 1784 817 1838 odi
839 1800 1004 1856 opera
1035 1796 1207 1845 vestra
1254 1788 1319 1842 ³⁸.
1357 1787 1466 1847 Sed
1494 1804 1615 1844 eam
1641 1805 1864 1860 quoque
1893 1789 2028 1844 dicit

441 1877 866 1948 incompositam.
911 1879 1048 1933 Nam
1099 1896 1223 1936 cum
1264 1882 1321 1936 in
1365 1897 1485 1937 eam
1532 1882 2030 1953 maliirrupissent

442 1965 636 2030 ﬂuvii,
665 1980 722 2023 et
762 1968 936 2040 iniqui
983 1971 1286 2041 spirassent
1332 1974 1508 2037 venti,
1558 1972 1758 2028 cecidit
1814 1973 2029 2043 fuitque

444 2060 809 2130 incomposita
856 2070 914 2117 et
957 2079 1069 2118 non
1117 2073 1443 2121 constructa
1477 2081 1490 2117 :
1529 2063 1632 2118 fuit
1675 2080 1879 2134 magna,
1910 2065 2031 2135 ejus

445 2153 606 2207 ruina
631 2170 645 2217 ;
683 2160 742 2208 ut
770 2162 893 2224 quae
914 2165 1026 2211 non
1049 2164 1196 2211 esset
1220 2154 1488 2212 aediﬁcata
1521 2171 1687 2226 supra
1718 2168 1949 2215 uxorem
1974 2164 2032 2210 et

446 2257 701 2311 sponsam
744 2242 973 2309 Christi,
1016 2260 1214 2315 nempe
1241 2262 1407 2315 super
1446 2256 1659 2315 petram
1694 2246 1821 2301 lidei
1857 2247 2030 2301 Petri.

447 2331 508 2388 ln
535 2342 614 2389 tot
637 2350 770 2406 ergo
799 2344 856 2392 et
894 2337 1062 2392 tantis
1105 2338 1264 2393 malis
1298 2339 1519 2409 jacebat
1563 2354 1595 2393 e
1647 2348 1791 2395 terra
1847 2340 2032 2411 genita

447 2426 978 2496 inominum'natura,
1012 2431 1234 2500 quando
1271 2431 1419 2486 venit
1448 2432 1733 2501 plenitudo
1767 2435 2033 2504 temporis

447 2529 510 2575 ut
547 2521 874 2577 ascenderet
894 2538 963 2578 ex
999 2532 1224 2579 terreno
1252 2524 1528 2593 profundo
1572 2526 1941 2596 voluptatum;
1977 2535 2034 2582 et

446 2612 782 2667 liberaretur
820 2615 890 2668 ab
935 2615 1095 2685 aquis
1144 2624 1267 2670 eam
1313 2615 1735 2683 suﬂocantibus,
1782 2626 1841 2673 et
1886 2627 2035 2676 esset

448 2704 819 2774 tranquillitas
854 2707 1126 2766 undarum
1149 2722 1271 2777 qua:
1306 2709 1362 2762 in
1390 2724 1513 2764 eam
1538 2710 1942 2781 insurgebant-z
1974 2721 2036 2766 ut
2070 2744 2073 2749 -

449 2795 579 2849 mali
602 2796 831 2851 silerent
866 2798 1037 2861 venti,
1068 2805 1125 2852 et
1147 2798 1473 2854 recederent
1501 2801 1744 2857 tenebrae
1778 2801 2037 2872 ign'oran-
2074 2840 2079 2845 -

449 2887 560 2949 tiae,
606 2892 664 2942 et
706 2887 1059 2943 illucesceret
1099 2889 1362 2959 splendor
1412 2891 1509 2946 Dei
1546 2893 1920 2963 cogitationis.
1968 2895 2039 2949 Et

450 2978 577 3033 ideo
636 2980 861 3045 cecinit,
916 2980 999 3036 Et
1035 2981 1177 3037 dixit
1224 2982 1390 3047 Deus,
1442 2982 1562 3038 Fiat
1605 2984 1741 3040 tum:
1771 2985 1879 3041 hoc
1928 2994 2033 3051 est,

2120 493 2376 548 Christo:
2399 492 2508 562 Ego
2536 490 2626 543 lux
2652 490 2768 543 veni
2798 489 2852 541 in
2880 485 3137 539 mundum
3172 482 3252 547 ‘°;
3287 488 3343 535 et
3379 498 3392 534 :
3422 479 3540 549 Ego
3586 494 3707 562 sum

2121 585 2232 649 lux,
2264 594 2312 638 et
2340 586 2448 639 vita
2478 595 2524 637 et
2558 582 2872 637 resurrectio
2896 580 2936 611 "
2965 596 2980 644 ;
3014 578 3106 631 lux
3132 591 3252 645 qua:
3279 590 3409 629 vere
3430 580 3556 628 erat
3585 561 3703 626 orta

2120 678 2191 731 ad
2225 676 2599 732 reuelatione»:
2626 676 2863 747 gentium
2918 687 3040 742 quae
3077 669 3231 741 prius
3258 675 3420 723 erant
3469 667 3706 721 obtene-

2120 769 2292 824 brat-ae
2327 786 2340 821 :
2368 783 2436 822 cx
2474 767 2677 838 quibus
2706 764 2932 836 populus
2959 763 3048 833 qui
3084 768 3199 815 erat
3233 762 3288 815 in
3319 760 3549 813 tenebris
3574 758 3708 812 vidit

2123 857 2290 912 lucem
2324 874 2577 929 magnam
2625 857 2671 888 “
2696 855 3028 927 cognitionis
3050 893 3066 919 ,
3094 852 3316 922 quando
3337 851 3576 905 uisitauit
3613 867 3709 905 nos

2123 954 2295 1008 oriens
2332 968 2396 1006 ea:
2436 952 2571 1007 alto.
2597 951 2664 1016 ⁸³,
2704 959 2766 1004 ut
2795 950 3049 1004 illuceret
3091 947 3162 1002 iis
3215 946 3309 1016 qui
3355 945 3609 999 sedebant
3651 947 3710 999 in

2124 1045 2348 1099 tenebris
2381 1053 2430 1098 et
2475 1043 2531 1097 in
2573 1042 2762 1097 umbra
2804 1041 2990 1095 mortis
3042 1038 3108 1093 ⁵⁸.
3161 1037 3316 1105 Quod
3360 1037 3510 1091 enim
3559 1046 3710 1091 terra

2123 1146 2245 1192 erat
2271 1137 2325 1191 in
2359 1135 2518 1190 initio
2547 1135 2602 1189 in
2628 1134 2822 1189 inferis
2852 1133 3074 1196 obruta,
3120 1130 3173 1184 id
3211 1129 3368 1198 prius
3406 1128 3710 1198 descripsit

2128 1237 2273 1283 terra
2314 1227 2554 1298 genitam
2591 1235 2839 1281 nostram
2883 1233 3141 1278 naturam
3177 1221 3447 1276 sedentem
3477 1221 3535 1273 in
3560 1230 3710 1273 tene-

2073 1316 2076 1319 ’
2125 1323 2234 1378 bris
2258 1333 2307 1377 et
2338 1324 2394 1376 in
2431 1323 2621 1376 umbra
2645 1322 2831 1376 mortis
2856 1336 2874 1374 :
2900 1319 3058 1389 cujus
3092 1316 3148 1371 in
3172 1313 3436 1370 extremis
3491 1319 3705 1382 tempo-

2127 1415 2283 1469 ribus
2310 1426 2410 1484 per
2452 1413 2738 1470 Christum
2781 1409 3273 1473 illuminationem,
3307 1405 3464 1476 prius
3493 1404 3712 1459 descri-

2126 1509 2264 1564 bens
2303 1527 2317 1563 :
2349 1508 2497 1562 Dixit
2528 1506 2671 1560 Deus
2697 1522 2716 1558 :
2742 1502 2865 1558 Fiat
2905 1502 3020 1565 lux,
3064 1512 3115 1556 et
3158 1500 3300 1570 facta
3327 1506 3402 1553 est
3437 1498 3555 1564 luat,
3586 1513 3713 1568 qua:

2127 1597 2500 1668 praecurrebat
2535 1603 2595 1651 et
2641 1594 3030 1665 praeﬁgurabat
3063 1606 3247 1647 veram
3277 1591 3481 1653 lucem,
3508 1604 3713 1658 nempe

2131 1689 2340 1744 Iesum.
2370 1686 2486 1743 Hoc
2512 1698 2694 1742 autem
2720 1685 2814 1740 hic
2846 1691 3104 1740 accurate
3134 1689 3192 1737 et
3226 1690 3419 1737 exacte
3453 1679 3713 1734 examina

2061 1752 2601 1847 Bquemadmodum
2635 1770 3054 1841 cum‘superius
3089 1768 3321 1823 dixisset
3354 1785 3368 1821 :
3404 1766 3470 1821 In
3510 1767 3716 1837 princi-

2129 1872 2217 1942 pio
2248 1869 2366 1940 fecit
2389 1869 2526 1923 Deus
2561 1866 2749 1922 caelum
2786 1876 2835 1919 et
2869 1872 3071 1918 terram
3099 1901 3119 1929 ,
3154 1862 3247 1916 hic
3278 1876 3393 1915 non
3422 1860 3563 1915 dicit
3598 1878 3612 1913 :
3642 1860 3712 1914 Et

2129 1962 2263 2018 fecit
2301 1963 2448 2018 Deus
2495 1962 2714 2024 lucem,
2755 1958 2850 2014 sed
2882 1976 2896 2010 :
2925 1957 2993 2011 Et
3034 1956 3169 2010 dixit
3213 1954 3352 2009 Dens
3381 1972 3399 2009 :
3434 1952 3559 2008 Fiat
3596 1953 3712 2018 luat,

2131 2067 2192 2114 ut
2218 2059 2411 2114 discas.
2426 2052 2793 2111 diﬂ'erentiam
2806 2074 2809 2077 ·
2824 2048 3126 2107 ereationis
3147 2056 3204 2104 et
3220 2062 3422 2118 genera
3431 2045 3629 2109 tionis,
3654 2052 3714 2100 et

2132 2147 2608 2213 ut-haereticorum
2635 2158 2802 2199 voces
2828 2139 3183 2211 comprimas,
3208 2139 3305 2208 qui
3322 2137 3715 2193 dicuntDeum

2132 2241 2398 2304 Verbmn,
2434 2238 2712 2293 nolentem
2733 2241 2791 2290 et
2829 2230 3066 2287 invitum
3099 2229 3409 2299 suscepisse
3451 2228 3715 2283 incarna-

2134 2333 2342 2389 tionem
2376 2347 2389 2383 :
2425 2326 2648 2399 etquod
2688 2333 2984 2395 propterea
3006 2320 3386 2391 quodjussum
3413 2324 3714 2387 paternum

2134 2442 2244 2481 non
2276 2433 2465 2494 posset
2507 2433 2786 2483 recusare,
2813 2424 2877 2471 ut
2908 2415 3005 2485 qui
3043 2415 3263 2469 Patrem
3290 2419 3524 2475 amaret,
3567 2409 3714 2463 invi-

2136 2526 2226 2574 tus
2248 2525 2433 2572 tamen
2478 2523 2535 2568 et
2576 2521 2638 2567 ut
2687 2511 2785 2581 qui
2825 2509 2996 2563 nollet
3042 2519 3373 2577 repugnare,
3412 2503 3716 2557 humanam

2135 2611 2323 2669 subiit-
2347 2617 2620 2664 naturam.
2647 2605 2887 2673 Propter
2906 2601 3019 2655 hoc
3049 2612 3184 2669 ergo
3212 2604 3271 2652 et
3307 2602 3538 2665 propter
3569 2595 3721 2664 ejus-

2134 2706 2285 2761 modi
2311 2702 2444 2758 vilia
2471 2742 2487 2767 ,
2530 2715 2643 2755 non
2690 2696 2872 2752 dixit:
2896 2694 2968 2749 Et
2994 2691 3129 2747 fecit
3159 2689 3340 2745 lucem
3374 2707 3390 2742 :
3421 2686 3520 2742 sed
3553 2704 3567 2739 :
3600 2684 3718 2740 Fiat

2138 2796 2249 2852 lux.
2285 2794 2343 2849 ld
2375 2792 2522 2849 enim
2571 2788 2722 2861 quod
2764 2786 2981 2842 litnon
3026 2782 3194 2837 habet
3225 2779 3461 2835 fortasse
3508 2789 3717 2833 conve-

2137 2886 2402 2944 nientiam
2425 2892 2557 2939 cum
2594 2880 2799 2936 all'e‘ctu
2825 2875 2892 2932 ad
2913 2888 3084 2946 quem
3110 2870 3441 2937 traducitur,
3476 2876 3541 2922 ut
3568 2867 3717 2937 quod

2138 2996 2265 3036 cum
2280 2977 2560 3034 'elliciente
2586 2972 2816 3043 minime
2834 2966 3177 3024 conveniat:
3207 2978 3319 3019 non
3340 2961 3422 3017 sic
3441 2968 3631 3015 autem
3661 2975 3719 3014 se

447 3067 703 3122 Christus
738 3084 863 3125 vero
909 3068 1001 3123 lux
1041 3086 1162 3140 quin
1210 3068 1731 3127 illuminat‘omnem
1768 3074 2307 3153 heotinem'cliabet
2336 3068 2645 3144 generatim
2669 3066 2809 3121 Nam
2838 3077 2963 3132 qua:
2986 3056 3721 3131 generanturwolkelanlur

449 3163 738 3216 uenientem
758 3163 1086 3218 inmundum
1100 3161 1320 3227 '".Fiat,
1341 3166 1552 3221 scilicet
1568 3168 1754 3223 veniat
1779 3167 1851 3222 ad
1873 3183 2038 3237 gene-

451 3255 744 3321 rationem,
777 3255 1070 3325 eﬂingatnr
1114 3266 1172 3310 et
1203 3266 1551 3327 carperetur;
1594 3259 1666 3316 Ut
1700 3267 1886 3315 autem
1934 3260 2036 3315 tibi

449 3346 789 3411 ostenderet,
840 3349 1014 3418 magis
1051 3363 1216 3419 quam
1273 3351 1458 3406 omnia
1504 3367 1625 3407 esse
1666 3352 2058 3408 necessariam-

452 3439 617 3493 Verbi
668 3440 1138 3503 incarnationem,
1179 3451 1236 3498 et
1283 3453 1510 3515 propter
1546 3462 1673 3501 eam
1715 3446 1882 3503 lacta‘
1917 3464 2041 3504 esse

451 3531 657 3597 omnia,
675 3534 795 3588 sine
818 3548 927 3603 qua
957 3549 1101 3589 vana
1123 3544 1253 3589 sunt
1272 3546 1330 3591 et
1355 3536 1560 3602 inania,
1587 3547 1822 3607 peccato
1841 3540 2057 3596 effecta~

452 3625 672 3680 inutilia
704 3632 763 3681 et
803 3626 870 3681 ad
903 3614 1489 3696 nihilum-redeuntia;
1533 3631 1718 3686 statim
1768 3632 1838 3686 ab
1882 3633 2041 3688 initio

450 3713 750 3784 Scriptura!
779 3724 836 3770 et
855 3717 923 3771 ab
948 3717 1081 3786 ipsis
1104 3720 1392 3788 prommiis
1433 3721 1583 3776 illam
1609 3721 1709 3776 tibi
1740 3722 1930 3786 tradit,
1950 3725 2040 3779 di-

449 3819 620 3860 cens:
649 3803 725 3859 In
747 3808 1005 3878 principio
1033 3809 1157 3878 fecit
1186 3809 1327 3864 Dens
1367 3810 1556 3866 caelum
1589 3822 1638 3866 et
1658 3823 1900 3879 terram;
1941 3830 2041 3870 seu

449 3895 658 3951 fecitin
688 3898 962 3969 principio
989 3902 1281 3971 temporali
1307 3919 1319 3954 :
1345 3917 1443 3957 seu
1474 3903 1683 3973 placuit
1714 3904 1764 3959 ei
1794 3913 1855 3959 ut
1884 3906 2044 3961 ﬁeret

450 3990 654 4044 caelum
707 3997 971 4061 tanquam
1032 3993 1212 4059 Deus,
1260 4002 1317 4048 et
1365 4004 1515 4049 terra
1568 4005 1797 4066 propter
1852 3997 2081 4053 Iesum.

452 4081 754 4138 hominem.
796 4084 1028 4150 Quando
1064 4097 1245 4141 autem
1298 4088 1350 4142 ei
1389 4089 1600 4157 placuit
1647 4088 1769 4145 haec
1799 4092 2045 4146 creatio?

448 4172 684 4240 Quando
722 4177 892 4246 coepit
950 4178 1261 4247 producere
1298 4181 1543 4245 sensilia,
1583 4194 1695 4237 non
1739 4190 1926 4239 autem
1977 4199 2044 4239 ea

451 4277 577 4334 quae
601 4265 808 4321 eadunt
829 4267 937 4322 sub
962 4268 1402 4340 intelligentiam.
1431 4270 1654 4327 Sciebat
1676 4272 1825 4327 enim
1845 4273 1962 4329 fore
1986 4281 2046 4328 ut

453 4358 573 4413 hinc
605 4358 699 4415 illa
729 4367 1072 4430 paterentur,
1094 4369 1152 4416 et
1174 4363 1316 4416 male
1341 4362 1691 4419 adicerentur
1710 4375 1767 4420 et
1786 4374 2045 4421 currum:
2072 4396 2081 4405 κ

2140 3181 2265 3222 eum
2294 3160 2674 3236 generatione,
2713 3154 3248 3227 sea-alterumque
3281 3156 3369 3204 est
3398 3147 3560 3202 alteri
3588 3160 3720 3216 gra-

2140 3268 2258 3312 tum
2313 3263 2370 3311 et
2405 3261 2717 3323 acceptum,
2769 3246 3046 3315 simulque
3089 3243 3370 3299 exsultant
3417 3247 3475 3295 et
3526 3244 3725 3308 petunt

2139 3348 2538 3421 perfectionem
2569 3361 2585 3398 :
2616 3338 2898 3413 quomodo
2925 3337 3091 3393 etiam
3116 3333 3373 3391 videmus
3410 3331 3560 3386 fetus
3579 3328 3726 3385 exsi-

2139 3445 2341 3501 lientes
2357 3441 2417 3496 in
2427 3436 2694 3495 maternis
2708 3431 2912 3491 uteris.
2930 3438 2989 3486 et
3011 3427 3279 3484 festinare
3297 3434 3361 3480 ut
3377 3424 3722 3480 eximantur:

2140 3535 2281 3591 et-‘in
2300 3531 2526 3603 plantis,
2573 3540 2779 3587 ramus,
2807 3522 2961 3585 folia,
2989 3520 3176 3584 liores,
3219 3517 3455 3581 fructus,
3490 3515 3727 3569 libenter

2141 3630 2413 3683 crescere.
2437 3621 2590 3677 Dixit
2641 3633 2798 3688 ergo,
2829 3613 2995 3670 Facta
3036 3620 3115 3665 est
3168 3610 3261 3664 tua:
3296 3624 3315 3664 :
3353 3623 3468 3662 non
3497 3615 3723 3661 autem:

2141 3718 2296 3775 Fecit
2363 3717 2566 3778 lucem;
2615 3720 2678 3765 ut
2723 3722 2824 3779 per
2871 3704 3033 3769 illud,
3082 3702 3251 3757 Facta
3295 3708 3393 3764 est,
3456 3697 3729 3768 intelligas

2141 3808 2517 3868 voluntarium
2572 3801 2976 3875 prppriumque
3023 3804 3081 3852 et
3132 3792 3515 3862 laztabundum
3565 3790 3728 3845 V'erbi

2144 3919 2269 3976 eum
2305 3904 2469 3958 Patre
2501 3895 2910 3966 bencplacitum
2941 3891 2999 3945 in
3038 3886 3448 3958 locantatione,
3483 3900 3601 3959 non
3630 3900 3728 3938 au-

2146 4003 2265 4051 tem
2304 3993 2547 4049 Verbum
2583 4001 2809 4044 carnem
2842 3982 3084 4045 Subiisse
3113 3985 3370 4035 coactum
3401 3985 3459 4032 et
3490 3976 3730 4032 necessi-

2148 4098 2263 4145 tate
2284 4085 2620 4142 adductum:
2641 4080 2905 4135 inductus
2936 4093 2967 4131 a
2997 4074 3192 4140 verbo,
3231 4070 3398 4125 Facta
3431 4077 3529 4124 est.
3560 4067 3728 4134 Quem

2146 4180 2310 4236 etiam
2348 4176 2547 4231 videns
2574 4173 2759 4227 Pater
2803 4169 2884 4225 sic
2907 4180 3134 4223 carnem
3160 4170 3489 4235 gestantem,
3520 4160 3731 4215 laetatus

2146 4274 2252 4327 est.
2309 4266 2532 4323 Et‘ideo
2570 4262 2779 4319 dicitur
2810 4278 2823 4314 :
2853 4258 2924 4313 Et
2966 4256 3098 4311 vidit
3142 4253 3281 4326 quod
3317 4262 3448 4306 esset
3483 4251 3643 4305 bona.
3677 4248 3731 4303 Si

2148 4361 2339 4418 omnia
2365 4370 2488 4429 quae
2525 4355 2657 4411 fecit
2702 4354 2851 4409 Deus
2892 4358 3024 4407 sunt
3055 4346 3216 4403 valde
3267 4340 3734 4412 bona,quomodo

453 4456 722 4519 perentur
747 4466 777 4507 a
807 4460 1037 4521 peccato
1060 4452 1191 4508 Ada:
1218 4472 1231 4507 :
1264 4461 1323 4508 ct
1348 4470 1447 4510 sua
1477 4455 1822 4527 benignitate
1850 4466 1907 4512 et
1929 4457 2044 4512 cle-
2079 4434 2122 4489 ί)
2149 4471 2261 4511 non
2286 4454 2437 4508 dicit
2456 4449 2739 4519 Scriptura
2771 4445 2894 4500 illas
2930 4441 3215 4505 tenebras,
3258 4452 3383 4507 qua:
3413 4443 3579 4492 erant
3611 4442 3733 4515 ante

454 4541 963 4612 rnentiapraivenit
987 4543 1121 4598 mali
1140 4545 1290 4615 quod
1327 4554 1447 4599 erat
1462 4558 1735 4616 passurus
1767 4549 2045 4607 incursio-

455 4644 606 4700 nem,
630 4641 758 4689 ante
779 4633 1131 4690 adectionem
1159 4643 1217 4691 et
1258 4636 1458 4693 vitium
1510 4653 1708 4708 parans
1748 4642 2046 4699 medicum.

455 4724 757 4795 Propterea
777 4726 945 4780 etiam
971 4725 1181 4781 dicitur
1210 4727 1409 4783 vitulus
1436 4732 1715 4802 saginatus
1732 4734 1892 4802 apud
1909 4736 2053 4791 divi-

457 4831 591 4871 num
625 4816 827 4873 Lucam
872 4818 939 4872 ³⁸.
987 4817 1192 4873 Vitulns
1226 4828 1488 4891 tanquam
1530 4838 1661 4878 caro
1695 4843 1707 4879 :
1739 4828 1822 4881 vel
1854 4837 1914 4882 ut
1954 4830 2051 4898 qui

456 4906 651 4964 Crueis
692 4911 884 4981 jugum
929 4918 1377 4979 erat‘tracturus,
1404 4917 1685 4986 saginatus
1727 4927 1937 4985 autem,
1987 4929 2048 4975 ut

457 5003 554 5073 qui
588 5004 701 5074 jam
741 5004 872 5059 olim
913 5013 971 5061 et
1031 5006 1268 5076 ab'ipso
1300 5009 1460 5065 initio
1500 5020 1667 5076 esset,
1686 5012 1951 5068 delinitur
1992 5022 2050 5069 et

459 5096 884 5166 prmdestinatur
908 5106 971 5152 ut
992 5108 1236 5154 nostram
1260 5101 1470 5157 subiret
1494 5112 1770 5160 naturam.
1817 5105 2049 5172 Quando

461 5198 596 5260 ergo
634 5190 837 5245 emtum
874 5191 1166 5247 constituit
1193 5202 1250 5248 et
1280 5201 1484 5250 terram
1530 5204 1588 5249 et
1612 5212 1743 5266 qua!
1768 5208 1900 5255 sunt
1924 5216 2048 5256 eum

462 5280 564 5346 eis,
607 5289 741 5337 tunc
779 5283 946 5338 etiam
979 5289 1227 5340 contexit
1261 5287 1581 5358 mysterium
1627 5289 2050 5348 incarnationis.

464 5374 545 5430 Ad
582 5376 805 5445 angelos
846 5377 1018 5442 enim,
1060 5377 1194 5435 Adae
1234 5379 1513 5436 acerbitas
1549 5395 1659 5435 non
1693 5382 1798 5437 fuit
1825 5385 2050 5441 omissa.

468 5464 629 5522 Unde
661 5469 826 5523 etiam
869 5471 992 5540 ejus
1029 5471 1334 5527 secundum
1373 5486 1595 5527 carnem
1637 5476 2051 5544 generationem

467 5560 527 5615 iu
570 5560 868 5632 Evangelio
911 5563 1239 5619 describens
1282 5564 1611 5631 Matthmus,
1656 5566 1795 5622 dicit
1836 5586 1850 5621 :
1903 5568 2058 5623 Liber

547 5676 594 5715 ³⁸
623 5678 725 5731 lsa.
752 5694 788 5736 ι.
835 5680 918 5731 lii.
996 5678 1040 5708 ³⁶
1070 5680 1207 5734 Osee
1239 5697 1313 5743 ix,
1345 5682 1427 5734 40.
1527 5684 1570 5713 ³⁷
1610 5684 1764 5737 .loan.
1819 5702 1854 5743 l,
1904 5687 1984 5740 ll.

440 5746 515 5844 1“
557 5745 713 5803 Joan'
747 5764 819 5811 3“:
854 5749 943 5801 25-
994 5750 1063 5787 ν²³
1103 5749 1207 5802 lsa.
1237 5766 1311 5813 ix,
1344 5751 1395 5804 ‘2.
1476 5755 1516 5781 ’³
1559 5753 1692 5805 Luc.
1723 5771 1760 5818 I,
1792 5756 1877 5807 78.

2096 5688 2140 5718 ³⁸
2179 5678 2312 5738 Luc.
2350 5675 2437 5747 xv,
2471 5679 2559 5734 93.

1960 5758 2001 5790 ""
2040 5756 2174 5814 ibid.
2216 5756 2303 5809 79.

2144 4549 2491 4612 lucem,esse
2526 4539 2745 4596 bonas?
2789 4536 2898 4594 Sed
2942 4549 3129 4605 neque
3168 4546 3340 4602 aquas
3373 4528 3495 4583 illas
3541 4526 3732 4587 bonas,

2145 4652 2329 4712 neque
2374 4637 2635 4709 abyssu
2669 4646 2793 4702 quin
2849 4626 3283 4688 obscurabatur,
3336 4622 3540 4677 bonam
3582 4617 3735 4672 dicit.

2148 4736 2348 4792 Diceris
2361 4727 2763 4803 ‘ergo’scriptor
2784 4743 2798 4779 :
2822 4724 2893 4780 Et
2916 4722 3045 4777 vidit
3080 4720 3217 4774 Deus
3244 4716 3411 4771 lucem
3442 4712 3584 4783 quod
3611 4714 3732 4765 esset

2150 4829 2308 4889 bona,
2331 4822 2577 4882 ostendit
2610 4817 2760 4891 quod
2795 4814 2985 4872 omnia
3030 4812 3123 4875 illa
3154 4825 3278 4880 qua:
3309 4814 3589 4863 venerunt
3616 4812 3736 4859 ante

2151 4928 2349 4975 veram’
2398 4919 2580 4972 lucem
2641 4922 2765 4982 qua:
2830 4906 3159 4963 illuminavit
3206 4918 3416 4957 omnem
3478 4899 3736 4953 hominem

2153 5010 2443 5065 venientem
2461 5006 2521 5060 in
2549 5006 2689 5059 hunc
2715 4997 2990 5062 mutatum,
3032 5001 3321 5050 etterram
3346 4989 3735 5047 obscurarum,

2155 5104 2486 5163 obruerunt,
2515 5097 2906 5153 demerscrunt
2959 5096 3017 5143 et
3065 5082 3433 5145 suﬂ'ocarunt,
3456 5094 3571 5134 non
3620 5090 3735 5132 esse

2156 5193 2300 5248 bona
2337 5207 2352 5244 :
2383 5187 2523 5245 adeo
2552 5193 2616 5240 ut
2666 5183 2809 5253 ipsa‘
2835 5192 3036 5234 carens
3068 5173 3302 5238 lumine,
3357 5167 3661 5225 invisibilis
3684 5173 3738 5219 et

2160 5281 2522 5355 incomposita
2581 5289 2639 5334 et
2696 5270 3021 5344 inlrugilera
3077 5267 3382 5324 sustineret
3425 5259 3736 5321 contrarios

2160 5379 2414 5450 spiritus,
2443 5374 2538 5445 qui
2581 5369 2917 5426 anteluccm
2969 5360 3178 5420 Christi
3220 5360 3276 5415 in
3302 5367 3450 5414 terra
3482 5354 3735 5410 obtinue-

2162 5443 2297 5526 runt
2340 5443 2708 5523 dominatum.
2752 5459 2810 5514 In
2849 5456 2938 5512 his
2982 5464 3192 5514 autem,
3226 5459 3456 5512 terram,
3502 5443 3735 5517 intelligc

2166 5562 2473 5620 hominem.
2493 5556 2651 5615 Unde
2684 5552 2852 5609 etiam
2876 5549 3019 5603 hanc
3045 5546 3244 5600 bonam
3272 5541 3452 5596 lucem
3487 5537 3734 5593 audimus

2664 5673 2704 5704 εει
2748 5668 2911 5725 nauli
2939 5712 2950 5735 ,
2983 5681 3037 5729 ι,
3075 5666 3096 5718 -ι
3226 5660 3269 5693 ἰο
3312 5659 3470 5713 toan.
3514 5671 3609 5721 xu.
3648 5646 3727 5705 I6-
