3996 6296
309 289 418 354 8ίὸ

1419 290 1502 351 IN
1542 237 2097 349 IlEXAEMERON.
2129 313 2201 324 ·-
2243 284 2392 349 LIB.
2434 288 2483 349 Ι.

3487 299 3592 363 866

250 452 261 463 ,
305 402 587 459 dicentem
617 418 631 454 :
662 399 855 457 Omnes
902 401 993 474 qui
1032 408 1154 456 ante
1178 417 1261 455 me
1297 412 1574 469 venerimt,
1609 410 1730 457 sum
1758 402 1900 473 fures
1931 406 1976 464 Α
2005 401 2186 457 lucem
2221 418 2249 457 a
2283 403 2396 457 Deo
2421 403 2681 474 genitam.
2716 402 2871 471 Quod
2898 404 2943 460 si
2966 412 3025 461 ut
3056 416 3140 462 est
3161 422 3594 471 consentaneum

309 503 358 551 et
381 493 618 548 latrones
638 492 706 546 ⁸³.
731 492 875 560 Quid
914 492 1078 559 dicis,
1112 492 1388 548 Domine?
1412 493 1599 548 Omnes
1639 495 1731 564 qui
1775 499 1900 547 ante

311 600 363 644 te
384 592 639 642 venerunt
663 594 786 640 sunt
823 586 979 665 fures
1008 595 1057 640 et
1089 584 1364 640 latrones?
1398 585 1537 640 Num
1587 584 1740 641 fures
1769 592 1903 640 sunt

312 688 367 736 et
388 679 659 745 latrones,
691 678 829 734 Abel
867 695 1033 753 quem
1066 678 1257 734 dixisti
1292 680 1525 751 justum,
1573 689 1629 733 et
1658 674 1816 744 Setb,
1848 689 1905 735 et

313 772 527 838 Enoch,
572 778 637 826 et
658 771 824 828 Noe?
871 770 1141 842 Nunquid
1184 771 1456 835 latro,est
1499 770 1800 838 Abraham,
1849 780 1907 826 ct

314 862 483 929 lsaac,
507 873 564 920 et
597 864 788 930 Jacob,
821 875 879 921 ct
910 864 1113 928 Moses,
1139 872 1193 919 et
1219 862 1448 919 Aaron?
1477 863 1737 935 Nunquid
1762 865 1906 919 latro

315 965 398 1013 est
432 958 629 1024 David,
660 957 756 1029 qui
787 964 909 1012 erat
937 954 1246 1012 secundum
1275 971 1375 1011 cor
1408 963 1588 1021 tuum,
1622 955 1718 1027 qui
1759 957 1907 1011 Deus

315 1050 412 1105 es?
441 1050 703 1121 Nunquid
741 1050 830 1105 fur
851 1058 936 1104 est
961 1049 1135 1113 Elias,
1155 1047 1253 1119 qui
1279 1063 1403 1103 cum
1441 1055 1591 1102 tanta
1626 1047 1798 1118 gloria
1823 1053 1908 1102 est

315 1142 629 1213 assumptus
649 1144 673 1197 ?
694 1140 957 1212 Nunquid
981 1149 1108 1196 sunt
1126 1141 1372 1196 latrones
1394 1139 1588 1205 lsaias,
1611 1148 1668 1195 et
1692 1139 1907 1205 Daniel,

315 1241 371 1290 et
399 1249 595 1289 omnes
623 1234 909 1305 propheta:
939 1232 1035 1304 qui
1084 1233 1141 1287 in
1183 1232 1597 1293 visione,tuam
1639 1232 1908 1304 prtevide-

319 1336 448 1381 runt
481 1325 930 1397 prmsentiam,et
959 1340 1081 1381 eam
1109 1334 1238 1381 ante
1274 1324 1722 1380 annuntiarunt?
1771 1325 1908 1379 Nam
1958 1337 1968 1345 ‘

317 1420 354 1475 ii
374 1435 571 1475 omnes
596 1427 722 1474 ante
756 1426 811 1474 te
840 1418 897 1472 in
926 1432 1092 1472 carne
1122 1425 1422 1481 venerunt,
1452 1432 1594 1487 quos
1617 1431 1762 1487 saepe
1788 1431 1910 1473 esse

309 1513 491 1585 justos
529 1512 584 1566 in
609 1511 720 1567 tuis
745 1510 1106 1566 sermonibus
1126 1525 1189 1565 es
1224 1516 1482 1566 testatus.
1530 1506 1791 1579 Nunquid
1824 1508 1913 1563 fur

315 1617 373 1663 et
395 1607 536 1662 latro
574 1613 660 1661 est
685 1605 927 1661 Joannes
952 1608 1286 1675 prmcursor,
1344 1604 1440 1675 qui
1473 1620 1601 1661 cum
1644 1603 1910 1671 venisset,

317 1698 539 1754 dicebat
567 1715 583 1752 :
613 1697 764 1753 Venit
798 1698 887 1769 qui
933 1704 1010 1751 est
1046 1680 1169 1751 ante
1196 1713 1279 1751 me
1305 1696 1391 1749 “?
1440 1696 1510 1751 Et
1558 1696 1604 1752 si
1654 1704 1739 1752 est
1775 1694 1865 1750 fur
1896 1734 1911 1760 ,

318 1786 598 1860 quomodo
634 1787 703 1843 de
733 1802 800 1842 eo
828 1786 1072 1852 testaris,
1105 1785 1299 1842 dicens
1332 1803 1346 1841 :
1375 1786 1494 1841 Non
1519 1787 1751 1841 surrexit
1777 1787 1915 1840 inter

318 1889 474 1935 natos
500 1879 788 1935 mulierum
815 1879 995 1951 major
1021 1878 1227 1933 Joanne
1260 1877 1503 1949 Baptista
1525 1879 1608 1931 ‘i?
1643 1876 1912 1947 Subsiste,

318 1973 522 2044 inquit,
548 1973 642 2044 qui
681 1973 799 2029 haec
829 1972 968 2029 dicis
1003 1991 1016 2027 :
1048 1988 1160 2027 non
1199 1972 1400 2042 loquor
1445 1971 1513 2026 de
1550 1970 1619 2027 iis
1659 1971 1755 2042 qui
1787 1979 1915 2025 ante

318 2082 408 2123 me
434 2066 548 2121 nati
574 2074 704 2121 sunt
751 2065 807 2121 in
846 2080 1034 2121 carne.
1085 2063 1194 2120 Sed
1236 2063 1499 2135 quoniam
1535 2063 1663 2121 veni
1706 2079 1736 2119 e
1772 2063 1914 2121 .caalo

319 2161 523 2215 missus
559 2174 591 2214 a
630 2160 793 2215 Patre
837 2174 985 2221 meo.
1030 2174 1227 2214 omnes
1281 2157 1376 2228 qui
1428 2173 1498 2212 ex
1531 2156 1726 2211 eodem
1774 2155 1915 2212 ccelo

320 2249 675 2306 cumeodem
700 2265 870 2320 scopo
895 2256 1175 2305 venerunt
1206 2259 1334 2304 ante
1369 2263 1479 2311 me,
1513 2256 1643 2303 sunt
1674 2247 1828 2305 fures
1859 2256 1917 2302 et

317 2343 567 2398 latrones
599 2361 612 2397 :
642 2356 842 2414 nempe
868 2342 1201 2398 adversariae
1222 2342 1550 2399 Potestates.
1582 2338 1653 2397 Et
1687 2341 1916 2413 subjun-

320 2433 399 2505 git
434 2433 649 2501 dicens,
687 2432 806 2487 Non
850 2433 1355 2488 audierunteosoves
1373 2430 1441 2484 “.
1472 2430 1749 2499 Quasnam
1784 2447 1917 2489 oves

323 2526 485 2592 dicis,
517 2527 769 2593 Domine,
831 2542 943 2582 non
989 2525 1233 2582 audiisse
1272 2540 1466 2583 vocem
1511 2533 1568 2583 et
1606 2523 1914 2585 (lectrinam

323 2621 599 2676 malorum
643 2618 984 2690 spirituum?
1048 2619 1187 2674 Nam
1246 2617 1292 2673 si
1349 2616 1418 2671 de
1470 2616 1678 2673 Iudaeis
1734 2615 1913 2671 dicis:

323 2713 660 2770 obedierunt
706 2721 765 2768 et
804 2711 1186 2769 sacrificarunt
1230 2709 1553 2777 daemoniis;
1596 2709 1681 2765 sin
1713 2719 1917 2783 {autem

323 2798 393 2861 de
417 2803 699 2876 gentibus,
724 2817 826 2860 nos
851 2817 1048 2859 omnes
1086 2802 1327 2873 subjecti
1368 2800 1579 2857 fuimus
1603 2809 1660 2857 et
1687 2801 1917 2857 servivi-

324 2910 449 2950 mus
479 2885 710 2951 diabolo
744 2903 872 2949 ante
903 2901 1058 2959 tuum
1103 2893 1429 2959 adventum,
1472 2893 1714 2966 principi
1744 2895 1916 2951 latro-

324 3003 481 3054 num,
510 2994 568 3044 et
591 2986 805 3059 angelis
850 2987 970 3058 ejus
1002 2985 1165 3049 malis
1192 2984 1414 3042 furibus
1442 2990 1762 3042 nostrarum
1794 2988 1916 3042 ani—

327 3095 562 3136 marum.
605 3079 714 3136 Sed
746 3093 859 3135 non
886 3078 1033 3143 dico,
1077 3078 1280 3149 inquit,
1323 3077 1392 3133 de
1429 3077 1751 3135 hominibus
1778 3095 1792 3131 :
1819 3077 1916 3133 sed

327 3171 397 3228 de
428 3171 540 3229 illis
571 3174 871 3245 nonaginta
901 3186 1099 3227 novem
1140 3172 1341 3227 ovibus
1368 3189 1382 3226 :
1409 3170 1478 3227 de
1511 3171 1797 3243 angelicis,
1829 3172 1918 3227 in-

325 3281 519 3337 quam,
545 3264 923 3321 Potestatibus
961 3252 1260 3334 supernis;
1312 3263 1420 3331 illae
1453 3263 1603 3319 enim
1638 3278 1770 3319 oves
1805 3280 1919 3321 non

327 3357 626 3413 audierunt
650 3371 841 3412 vocem
868 3354 1057 3411 furum
1089 3364 1146 3411 et
1186 3355 1488 3414 latronum.
1527 3353 1671 3422 Quid
1706 3365 1791 3411 est
1819 3372 1919 3413 au-

328 3457 438 3503 tem
474 3466 488 3502 :
520 3447 638 3502 Non
684 3448 992 3513 audierunt,
1051 3446 1160 3522 nisi
1209 3447 1357 3518 quod
1399 3447 1633 3521 perboc
1665 3447 1918 3514 verbum,

329 3539 464 3595 dicit
490 3556 601 3595 non
635 3540 822 3609 lapsos
851 3553 975 3597 esse
995 3538 1241 3610 angelos,
1264 3534 1369 3617 nec
1390 3538 1486 3593 ulli
1509 3539 1721 3609 probro
1746 3538 1922 3603 fuisse

329 3629 620 3698 obnoxios.
651 3628 762 3685 Aut
802 3646 997 3686 rursus
1021 3645 1124 3686 nos
1165 3630 1375 3686 docens
1401 3672 1416 3696 ,
1454 3630 1616 3685 tacite
1652 3629 1924 3703 significat

332 3722 481 3793 quod
521 3723 578 3777 in
616 3730 864 3793 tempore
887 3737 1080 3778 eorum
1111 3723 1467 3792 defectionis,
1497 3739 1625 3781 cum
1647 3722 1727 3779 eis
1750 3738 1781 3778 a
1811 3724 1923 3781 Deo

331 3824 482 3872 esset
533 3814 924 3899 excidendum,
972 3814 1279 3872 consilium
1302 3815 1579 3877 dederunt
1609 3826 1666 3873 et
1699 3832 1925 3893 sugges—

332 3916 523 3963 seruut
551 3906 812 3965 omnibus
836 3905 1105 3982 angelicis
1134 3906 1445 3964 virtutibus
1477 3917 1537 3966 ut
1570 3924 1603 3967 a
1630 3910 1745 3969 Deo
1783 3908 1922 3965 deti~

331 4008 525 4057 cerent
556 4018 569 4055 :
600 4000 699 4063 sed
731 4016 849 4056 oves
908 4015 1006 4056 eos
1040 4015 1154 4064 non
1182 3999 1501 4071 audierunt,
1544 4001 1654 4061 nisi
1689 4002 1868 4065 solum
1892 4018 1924 4063 e

332 4102 483 4149 terra
524 4094 710 4170 genita
759 4093 881 4149 ovis
926 4092 1173 4153 hominis
1206 4108 1330 4163 quae
1374 4092 1545 4167 periit
1578 4101 1637 4150 et
1672 4094 1743 4155 ab
1790 4095 1925 4165 ipsis

330 4185 437 4241 fuit
460 4185 718 4258 decepta,
755 4200 924 4258 quam
956 4185 1308 4255 occiderunt,
1349 4194 1405 4243 et
1425 4195 1739 4258 posuerunt
1772 4201 1924 4241 mors

333 4285 504 4343 tuam,
538 4278 595 4332 in
621 4278 746 4343 loco
768 4278 1095 4355 tenebroso,
1146 4277 1202 4332 in
1234 4276 1430 4337 inferis
1456 4287 1514 4336 et
1543 4278 1739 4333 umbra
1772 4294 1924 4333 mor-

330 4369 425 4425 tis.
467 4368 536 4424 Et
568 4369 674 4425 hac
712 4369 781 4425 de
817 4385 984 4427 causa
1026 4368 1164 4428 dicit
1216 4369 1451 4429 historia
1480 4389 1493 4424 :
1520 4364 1684 4433 Terra
1747 4380 1923 4436 autem

1944 1760 1986 1815 Β

2003 504 2066 545 ea
2094 505 2216 561 qua:
2255 492 2515 547 dicuntur
2556 492 2798 558 mireris,
2838 494 3014 551 dictu
3056 512 3311 567 qumnam
3347 502 3441 558 lux
3469 522 3597 562 cum
3662 531 3674 545 ·

2002 591 2151 638 esset
2170 583 2315 638 Deus
2345 583 2529 638 statim
2557 584 2854 640 obscurum
2880 596 2937 642 et
2971 590 3327 649 tenebrosum
3354 595 3598 663 primum

2004 689 2166 728 suum
2193 673 2324 729 fecit
2350 689 2510 744 opus,
2541 676 2833 742 mundum,
2854 676 3118 747 inquam?
3143 680 3430 748 Quomodo
3447 688 3597 743 enim

2006 764 2308 820 artificiose
2364 782 2600 836 operans
2660 777 2923 839 cperatur
2989 769 3045 827 in
3096 772 3264 829 lilce?
3312 774 3422 831 Cur
3471 788 3599 834 ante

2004 857 2185 913 lucem
2248 858 2432 928 posuit
2486 860 2784 937 tenebras?
2843 862 3093 933 Deinde,
3134 881 3258 921 cum
3298 869 3452 938 prius
3503 887 3597 942 po-

2006 951 2229 1019 suisset,
2262 953 2538 1024 quomodo
2563 969 2668 1008 non
2694 954 2827 1010 dicit
2846 957 3309 1027 quemadmodum
3334 962 3436 1018 illae
3463 979 3594 1019 cons

2010 1044 2258 1100 stiterint
2290 1046 2565 1102 tenebrte?
2589 1054 2675 1102 est
2700 1047 2849 1102 enim
2886 1052 3242 1121 perspicuum
3278 1055 3421 1125 quod
3449 1066 3595 1112 teneo

2009 1139 2122 1194 brae
2156 1147 2283 1197 sunt
2310 1140 2524 1212 signum
2553 1128 2651 1197 seu
2684 1143 2991 1215 symbolum
3022 1148 3252 1216 peccati,
3296 1150 3600 1208 increatnm

2010 1242 2192 1285 autem
2228 1243 2326 1299 est
2380 1241 2667 1304 peccatum
2698 1244 2754 1289 et
2803 1237 3029 1292 minimc
3076 1240 3407 1297 consistens.
3449 1242 3600 1309 Quo-

2010 1323 2175 1376 modo
2243 1323 2390 1381 enim
2438 1340 2595 1396 aqua:
2664 1320 2961 1397 caliginem
3003 1329 3217 1385 habent
3263 1348 3326 1386 ex
3374 1320 3601 1404 propria

2009 1416 2252 1472 essentia
2285 1435 2298 1471 :
2333 1418 2406 1472 ita
2447 1418 2613 1477 etiam
2659 1419 2825 1475 homo
2878 1422 3211 1492 proprioet
3262 1441 3370 1479 non
3403 1436 3601 1483 coacto

2011 1508 2301 1577 proposito
2351 1523 2450 1563 seu
2506 1518 2703 1580 sponte
2736 1510 2867 1565 facit
2904 1520 2961 1567 et
3006 1523 3264 1583 procreat
3287 1527 3598 1586 peccatum.

2013 1599 2095 1654 Tu
2124 1609 2307 1654 autem
2335 1609 2630 1672 antequam
2663 1604 2853 1659 venias
2887 1604 2955 1659 ad
2993 1606 3391 1676 citquircndam
3430 1611 3601 1666 ιιιιίος

2016 1707 2142 1746 nem
2191 1692 2301 1748 diei
2337 1709 2402 1749 ac
2439 1694 2640 1761 noctis,
2672 1695 2830 1764 prius
2852 1695 3143 1753 considera
3174 1700 3325 1768 quod
3361 1703 3606 1759 tenebra:

2016 1790 2180 1839 erant
2212 1784 2473 1840 increatae
2504 1803 2517 1839 :
2549 1785 2752 1841 deinde
2805 1786 2918 1852 lux,
2958 1795 3016 1842 et
3051 1799 3242 1859 postea
3287 1790 3447 1847 facta:
3474 1803 3607 1849 sunt

2019 1876 2262 1932 tenebrze
2296 1895 2309 1931 :
2341 1875 2507 1948 idque
2543 1877 2691 1954 diem
2747 1879 2999 1935 nominat
3038 1880 3273 1953 Moyses,
3315 1886 3411 1940 sed
3456 1885 3605 1941 diem

2016 1984 2127 2023 non
2158 1972 2242 2025 sic
2286 1969 2595 2024 metiuntur
2624 1976 2836 2026 omnes.
2865 1972 3006 2032 Nam
3041 1960 3320 2046 Babylone
3355 1977 3604 2047 quidem,

2015 2059 2084 2114 ab
2115 2068 2243 2115 ortu
2276 2059 2412 2117 solis
2449 2061 2518 2116 ad
2556 2076 2841 2125 occasum,
2880 2063 3027 2119 diem
3055 2066 3360 2137 accipiunt,
3393 2070 3604 2126 nullam

2014 2153 2197 2213 noctis
2218 2151 2488 2209 facientes
2514 2155 2875 2221 mentionem,
2895 2165 2959 2210 ut
2995 2172 3121 2226 qua:
3160 2159 3389 2216 minime
3416 2163 3606 2217 cousi-

2016 2251 2141 2304 stat.
2171 2243 2266 2299 sed
2288 2244 2381 2298 flat
2402 2260 2500 2315 per
2526 2244 2806 2301 accidens.
2831 2245 3071 2319 IEgyptii
3097 2257 3303 2316 autem,
3327 2267 3358 2307 a
3376 2267 3605 2323 vespera

2015 2336 2406 2395 advenientem
2452 2342 2748 2391 numerant
2811 2336 2981 2403 diem,
3049 2353 3227 2409 usque
3289 2356 3484 2396 rursus
3537 2344 3608 2397 ad

2017 2443 2346 2501 vesperam,
2369 2436 2662 2499 propterea
2690 2427 2838 2498 quod
2864 2438 2992 2485 ante
3016 2430 3185 2501 bujus
3227 2432 3612 2489 universitatis

2017 2520 2435 2576 exornationem
2465 2528 2524 2575 et
2563 2519 3042 2585 distributionem,
3092 2522 3356 2579 tenebras
3401 2532 3612 2594 ponant

2018 2613 2211 2667 mundi
2239 2612 2639 2684 descriptores.
2691 2611 3017 2684 Cuiusmodi
3051 2622 3238 2669 autem
3292 2626 3422 2671 sunt
3450 2624 3610 2672 tene-

2017 2700 2152 2768 bne,
2217 2703 2521 2758 sensilesne
2559 2717 2749 2757 annon
2789 2702 3108 2774 huiusmodi
3152 2687 3338 2760 :iillud
3385 2720 3612 2777 quoque

2018 2803 2104 2850 est
2133 2804 2329 2850 nostro
2357 2803 2525 2867 captu
2563 2795 2825 2866 superius
2874 2805 2936 2852 ut
2968 2795 3364 2868 intelligamus,
3389 2806 3446 2852 et
3477 2814 3611 2868 pro-

2019 2902 2211 2966 ptcrea
2239 2903 2459 2955 noctem
2504 2894 2755 2949 nominat
2788 2894 2902 2949 diei
2945 2903 3203 2950 matrem.
3255 2894 3414 2951 Unde
3443 2896 3613 2954 etiam

2019 2986 2113 3056 qui
2161 2982 2377 3041 fabulas
2431 2987 2795 3057 scripserunt,
2853 2986 3097 3056 primum
3167 2986 3378 3042 Latona
3424 2997 3611 3045 natam

2020 3079 2193 3134 fuisse
2225 3079 2421 3139 dicunt
2464 3079 2716 3158 Dianam,
2747 3079 2949 3153 deinde
3000 3079 3339 3150 Apollinem;
3370 3081 3476 3137 hoc
3500 3090 3609 3147 est,

2020 3186 2051 3228 e
2086 3179 2266 3231 nocte.
2311 3172 2432 3241 Ipsa
2459 3178 2644 3226 autem
2668 3178 2754 3226 est
2780 3170 2991 3239 Latona
3026 3187 3040 3224 :
3076 3171 3132 3225 in
3158 3171 3277 3241 ipsa
3296 3172 3448 3237 enim
3480 3180 3613 3233 nata

2020 3267 2104 3317 est
2126 3260 2356 3325 oblivio,
2377 3269 2433 3315 et
2455 3276 2702 3317 somnus.
2720 3262 2959 3317 Primam
2988 3277 3121 3333 ergo
3154 3271 3414 3333 tauquam
3436 3263 3614 3333 apt-w-

2025 3372 2140 3426 μιν,
2164 3368 2263 3409 seu
2313 3353 2647 3424 ὰερότωμιν,
2686 3369 2888 3424 nempe
2918 3358 3048 3419 aera
3077 3363 3383 3422 secantem,
3427 3364 3611 3410 natam

2021 3461 2143 3509 esse
2172 3446 2397 3514 lunam;
2429 3455 2555 3517 post
2576 3463 2741 3518 quam
2778 3456 2944 3505 natus
2966 3458 3054 3505 est
3080 3449 3250 3504 etiam
3277 3448 3476 3519 Apollo
3504 3467 3518 3503 :
3554 3449 3611 3503 id

2020 3544 2127 3603 est,
2150 3538 2179 3590 ὁ
2202 3538 2313 3592 ἀπὸ
2345 3538 2485 3592 ὅλων
2521 3537 2694 3610 ἥλιος,
2731 3538 2812 3593 sol
2841 3554 2908 3595 ex
2951 3539 3249 3604 universis,
3286 3555 3356 3594 ne
3384 3539 3612 3595 univer-

2022 3627 2243 3687 sitatem
2290 3633 2554 3682 exureret
2590 3635 2647 3691 et
2696 3628 2753 3682 in
2803 3627 3017 3683 fumum
3069 3627 3369 3699 redigeret.
3420 3628 3615 3685 Umbri

2023 3727 2233 3785 autem,
2268 3734 2405 3791 gens
2438 3719 2648 3787 Italica,
2679 3735 2709 3777 a
2733 3719 2966 3777 meridie
2994 3720 3052 3776 in
3100 3721 3391 3777 meridiem
3421 3721 3617 3776 dicunt

2022 3810 2146 3870 esse
2175 3812 2322 3889 diem
2352 3830 2365 3867 :
2401 3828 2585 3883 neque
2614 3813 2764 3868 enim
2794 3813 3056 3869 omnibus
3077 3814 3400 3886 regionibus
3424 3829 3614 3884 parem

2022 3920 2249 3965 cursum
2277 3913 2463 3961 servat
2506 3903 2646 3960 dies.
2684 3902 2850 3960 Certe
2884 3905 3030 3960 circa
3067 3905 3240 3960 maria
3283 3904 3529 3959 borealia
3560 3915 3618 3960 et

2024 3997 2283 4063 Thulem,
2315 4010 2425 4052 nox
2467 4003 2554 4052 cst
2602 3994 2952 4051 brevissima.
2992 3994 3130 4050 Cum
3180 3993 3329 4055 enim
3379 3995 3459 4050 sol
3501 3996 3619 4066 jam

2022 4088 2193 4147 fuerit
2233 4087 2292 4143 in
2345 4101 2571 4150 occasu,
2633 4084 2907 4143 minuitur
2938 4100 3135 4156 parum
3180 4084 3523 4155 splendoris,
3558 4096 3618 4141 et

2023 4178 2209 4247 statim
2237 4193 2430 4234 rursus
2457 4186 2688 4248 apparet
2711 4176 2766 4232 in
2784 4176 3023 4233 oriente.
3046 4175 3415 4233 Athenienses
3429 4185 3621 4232 autem

2022 4276 2081 4326 et
2110 4267 2348 4335 Romani
2377 4268 2447 4323 ab
2482 4278 2609 4327 ortu
2658 4282 2836 4337 usque
2880 4267 2948 4323 ad
2983 4281 3242 4324 occasum
3283 4269 3430 4324 diem
3476 4268 3622 4324 defi-

2023 4357 2207 4421 niunt,
2236 4366 2308 4419 .ut
2332 4357 2468 4414 dicit
2493 4357 2630 4415 Cato
2649 4366 2709 4412 ct
2733 4357 2939 4413 Labeo.
2975 4358 3083 4415 Sed
3117 4375 3302 4431 neque
3342 4361 3451 4417 hoc
3480 4378 3621 4432 prte-

330 4471 447 4516 crat
499 4462 774 4521 invisibilis
844 4471 895 4517 at
939 4463 1313 4533 incomposita,
1372 4472 1421 4517 et
1478 4462 1704 4518 tenebrae
1764 4480 1917 4533 super

2028 4457 2309 4509 tercurras
2372 4451 2427 4505 in
2480 4450 2756 4521 principio
2818 4450 3012 4508 mundi
3053 4454 3375 4519 creationis,
3417 4471 3625 4526 nempe

332 4554 578 4625 abyssum
597 4571 616 4610 :
635 4555 790 4616 malae
806 4566 932 4612 ante
956 4555 1375 4629 generationem
1401 4554 1561 4610 bonae
1587 4555 1730 4611 lucis
1754 4569 1923 4625 super

330 4664 475 4712 eam,
520 4663 720 4718 nempe
764 4646 1078 4723 ignorantia
1130 4655 1189 4702 et
1232 4662 1412 4709 error.
1468 4647 1680 4708 Deinde
1718 4646 1920 4703 eodem

334 4740 521 4805 modo,
566 4739 755 4797 lsraeli
792 4739 948 4810 prius
988 4747 1278 4811 ponuntur
1324 4739 1432 4805 illae
1475 4740 1645 4795 trium
1700 4740 1920 4797 dierum

335 4831 594 4896 tenebrae,
616 4830 892 4889 etdcinde
909 4847 1105 4889 rursus
1128 4832 1267 4888 dies.
1283 4832 1355 4887 Et
1374 4848 1571 4891 rursus
1584 4841 1920 4891 nocturnum

328 4920 555 4989 Pascha:
588 4921 946 4986 sacrificium,
985 4931 1046 4978 et
1070 4921 1189 4981 dies
1227 4922 1324 4992 qui
1350 4923 1609 4983 lsraelem
1641 4924 1766 4995 plus
1787 4924 1916 4979 illu-

328 5014 565 5091 minavit
594 5030 760 5085 quam
784 5014 882 5087 qui
925 5022 1058 5071 tunc
1104 5025 1485 5088 prrecesserat.
1525 5015 1595 5071 Et
1630 5032 1824 5073 rursus
1858 5016 1919 5072 in

328 5106 521 5162 ltubro
551 5106 693 5163 mari
722 5105 932 5176 primas
968 5104 1108 5171 dicit
1140 5104 1405 5167 tenebras
1451 5113 1663 5176 quartae
1720 5105 1922 5176 vigilia:

328 5197 530 5263 noctis,
568 5195 773 5257 deinde
817 5195 1173 5266 splendorem
1226 5195 1564 5251 matutinum
1596 5203 1654 5251 et
1686 5194 1922 5251 salutem

327 5291 517 5361 populi
536 5307 605 5346 ex
642 5288 942 5362 profundo.
1003 5288 1213 5344 Eodem
1246 5287 1411 5351 modo
1437 5287 1606 5345 etiam
1642 5287 1699 5343 in
1730 5297 1921 5344 monte

327 5379 456 5459 Sina
509 5381 665 5451 ponit
707 5378 998 5444 tenebras,
1035 5377 1326 5450 caliginem
1383 5384 1440 5435 et
1477 5378 1805 5450 procellam;
1862 5385 1923 5434 et

324 5486 540 5545 postea,
562 5474 660 5531 Dei
692 5479 968 5544 praecepta
1001 5471 1184 5529 lucem
1208 5470 1496 5535 atl‘crentia
1527 5489 1538 5524 :
1569 5472 1650 5537 sic
1666 5471 1758 5526 hic
1777 5486 1918 5540 quo-

328 5580 437 5636 que
466 5566 622 5636 prius
640 5565 827 5636 posuit
856 5562 1109 5619 tenebras
1140 5579 1307 5634 supra
1336 5563 1616 5635 abyssum,
1639 5573 1695 5618 et
1719 5563 1918 5619 deinde

402 5742 449 5776 ’⁸⁵
486 5743 644 5801 Joan.
682 5761 733 5812 ι,
761 5746 812 5801 8.
892 5745 936 5782 ιθ
975 5742 1135 5800 Jaan.
1170 5758 1207 5809 ι,
1239 5742 1330 5797 27.
1410 5743 1452 5773 ⁴⁷
1489 5743 1679 5799 Matth.
1725 5759 1801 5811 ιι,
1836 5744 1919 5799 ll.

2026 4542 2490 4613 quemadmodum
2546 4531 2691 4599 cum’
2720 4544 2868 4600 Deus
2920 4544 3145 4608 fecisset
3211 4546 3623 4601 ﬁrmamentum

2026 4634 2175 4702 coeli,
2216 4635 2301 4690 vel
2340 4636 2537 4705 potius.
2563 4636 2763 4694 caelum
2811 4644 2869 4691 et
2909 4645 3138 4705 terram,
3190 4639 3628 4708 praetermittens

2025 4740 2226 4783 ornare
2258 4726 2460 4793 ccelum
2487 4727 2634 4798 quod
2665 4735 2786 4784 erat
2834 4728 3015 4798 ipsum
3049 4745 3275 4800 quoque
3298 4730 3622 4785 inornatum

2025 4824 2083 4873 et
2122 4817 2571 4887 incompositum,
2605 4820 2792 4879 statim
2833 4829 2961 4877 ante
2986 4820 3124 4876 illud
3155 4837 3255 4891 per
3288 4822 3621 4893 scriptorem

2026 4909 2343 4981 aggreditur
2372 4909 2563 4967 dicere
2612 4911 2681 4966 de
2737 4921 2911 4976 terra,
2942 4913 3178 4968 dicens:
3216 4912 3379 4967 Terra
3437 4922 3622 4969 autem

2024 5016 2139 5077 erat
2167 5006 2442 5061 invisibilis
2475 5014 2523 5060 et
2561 5008 2931 5078 incomptisita.
2990 5007 3173 5071 Unde,
3205 5023 3335 5062 cum
3392 5008 3459 5062 ad
3508 5009 3623 5064 hoc

2022 5100 2247 5171 quidem
2286 5100 2518 5155 dixisset
2547 5100 2850 5170 interpres,
2881 5100 3031 5171 quod
3073 5101 3335 5157 lsraclem
3384 5102 3520 5172 (qui
3560 5102 3619 5157 in

2022 5191 2256 5265 [Egypto
2318 5199 2611 5250 terrestres
2673 5203 2960 5249 creaturas
3021 5193 3321 5250 adorasset
3352 5205 3619 5264 tanquam

2024 5285 2191 5354 deos)
2216 5286 2409 5343 volens
2433 5285 2579 5342 Deus
2605 5283 2882 5341 abducere
2912 5302 2943 5340 a
2974 5286 3068 5340 tali
3099 5286 3433 5352 idololatria,
3453 5285 3619 5341 docet

2023 5394 2154 5445 eum
2207 5378 2335 5433 illas
2389 5392 2512 5433 esse
2560 5376 2618 5432 in
2666 5386 2817 5434 terra
2849 5387 3156 5434 creaturas.
3214 5379 3371 5434 Alius
3420 5386 3619 5434 contra

2025 5470 2249 5543 objecit,
2275 5471 2467 5529 dicens
2508 5488 2521 5524 :
2556 5468 2665 5526 Sed
2689 5470 3054 5527 nihilominus
3080 5481 3137 5527 et
3161 5473 3466 5529 exercitum
3486 5472 3620 5528 etnii

2026 5572 2082 5618 et
2111 5563 2285 5618 solem
2310 5573 2367 5620 et
2396 5570 2545 5618 astra
2586 5561 2843 5618 adoravit
2897 5564 3062 5621 Israel
3086 5607 3109 5632 τ
3141 5574 3201 5621 ιιι
3240 5565 3433 5621 dicunt
3484 5575 3619 5634 pro-

1996 5743 2040 5775 “
2077 5742 2238 5799 loau.
2268 5760 2320 5812 κ,
2362 5743 2417 5798 8.

3472 5851 3533 5864 μ’·-
