3996 6296
416 226 518 287 8C7

1633 202 1713 278 s.‘
1736 215 2137 279 ANASTASII
2174 212 2499 275 SINAI'l‘At

3581 208 3691 275 858

413 335 591 404 pheta:
616 332 682 385 “.
734 332 800 387 Et
825 330 1093 400 deinceps
1120 326 1589 384 ostenditcoelum
1617 325 1811 381 fecisse
1836 340 1999 381 cxor-
2032 330 2072 384 Α
2103 322 2211 383 leo,
2271 330 2329 378 et
2380 321 2503 387 bos,
2549 320 2923 393 cognitionem
2975 318 3033 375 in
3082 318 3245 376 nobis
3290 319 3686 391 cllingentem:

414 433 628 489 uatum,
657 440 727 478 ne
777 424 957 494 ipsum
1014 420 1180 476 lsrael
1222 419 1499 475 adorarct.
1550 418 1805 473 Nondum
1849 418 1997 474 enim

415 514 694 569 ceciderat
755 514 851 582 qui
910 509 1208 581 aliquando
1246 510 1348 563 fuit
1392 509 1624 579 Lucifer,
1691 510 1781 581 qui
1846 525 2002 562 mane

414 605 689 658 oriebatur
714 605 778 658 ‘°.
831 604 926 658 llla
955 611 1140 656 autem
1179 610 1324 655 terra
1358 601 1580 672 (homo,
1601 601 1849 671 inquam)
1880 616 2003 670 qua:

415 696 594 750 audiit
620 713 632 749 :
667 695 830 749 Terra
863 711 937 756 es,
976 703 1022 746 et
1051 695 1106 746 in
1135 702 1338 746 terram
1369 693 1664 756 reverteris,
1689 701 1922 747 attracta
1946 692 2003 747 in

415 785 751 858 profundum
810 784 1016 839 cecidit
1073 791 1376 847 terrarum,
1429 784 1617 855 spinas
1661 794 1718 839 et
1768 783 2005 840 tribulos

415 877 733 949 germinans
784 876 840 930 in
899 876 1160 946 peccatis.
1205 876 1283 932 Ea
1337 876 1406 931 de
1448 880 1647 940 causa,
1700 877 1768 932 de
1812 878 1914 934 hac
1944 893 2005 933 re

416 972 656 1041 scriptor
681 969 896 1024 inducit
925 971 1255 1024 orationem.
1285 970 1581 1040 Propterea
1630 978 1757 1024 ante
1803 970 2004 1025 caelum

416 1073 565 1118 terra
598 1080 627 1118 a
668 1063 779 1118 Deo
808 1073 1041 1118 ornatur
1065 1106 1079 1128 ,
1116 1063 1385 1135 quoniam
1411 1072 1539 1118 ante
1582 1064 1809 1135 angelos
1835 1072 2005 1131 terra,

416 1163 475 1210 et
507 1164 653 1208 terra
676 1153 849 1225 geniti
879 1153 1135 1208 homines
1152 1155 1323 1209 Deum
1352 1170 1452 1225 per
1473 1170 1694 1209 carnem
1727 1155 2003 1223 vidimus:

416 1253 475 1299 et
525 1252 652 1298 ante
691 1258 956 1313 superna,
998 1244 1213 1297 inferna
1257 1258 1564 1306 exornans,
1609 1258 1674 1298 ea
1704 1243 2008 1300 lmtiﬁcavit

417 1345 476 1392 ct
502 1336 859 1390 illuminavit.
916 1335 1058 1390 Ante
1085 1334 1371 1390 Cherubin
1401 1341 1458 1388 et
1483 1335 1755 1405 Seraphin
1793 1352 1806 1388 :
1843 1334 2006 1406 magi,

419 1437 477 1486 et
512 1429 817 1500 publicani,
849 1428 1195 1493 etlatrenes,
1231 1435 1289 1481 et
1318 1426 1736 1491 meretrices,ct
1760 1435 2012 1496 peccato-

419 1536 530 1586 res,
582 1520 724 1575 facic
785 1519 854 1574 ad
896 1519 1093 1573 faciem
1147 1516 1333 1572 Deum'
1389 1518 1670 1583 viderunt,
1719 1533 1899 1588 eoque
1950 1534 2010 1574 se

418 1613 776 1668 oblectarunt
822 1618 879 1665 et
927 1610 1081 1665 fruiti
1117 1619 1246 1663 sunt
1271 1626 1283 1663 ε
1312 1609 1513 1664 deinde
1557 1625 1684 1663 cum
1723 1610 1805 1664 sic
1833 1620 2013 1665 trans-

2103 432 2284 487 neque
2310 416 2418 471 hoc
2446 415 2647 477 solum,
2681 414 2777 469 sed
2814 422 2872 469 et
2898 413 3043 484 quod
3064 421 3151 467 est
3173 413 3421 467 omnium
3443 413 3695 468 animau-

2108 511 2243 564 tium
2280 508 2820 579 praestantissimum,
2861 502 3069 561 scimus
3102 506 3409 569 hominem,
3442 516 3499 562 et
3546 506 3691 560 idem

2104 603 2225 672 ejus
2270 617 2492 671 quoque
2532 600 2719 654 vultus
2758 599 2985 671 figuram
3028 599 3083 652 in
3103 599 3265 652 nobis
3293 597 3429 667 ipsis
3453 598 3694 653 circum-

2104 676 2374 758 fcrimus';
2407 694 2769 749 Deumautem
2797 707 2959 747 nosse
2998 700 3053 745 et
3081 691 3288 760 eloqui,
3344 707 3529 761 neque
3586 692 3694 746 ulla

2106 786 2291 857 genita
2318 794 2542 849 natura,
2573 800 2677 840 nec
2704 786 2820 854 ipsa
2858 793 3043 838 nostra
3080 782 3315 848 suliicit;
3346 784 3696 853 quandoqui-

2108 881 2234 937 dem
2257 888 2314 935 et
2341 896 2464 950 qua:
2488 879 2702 935 inferne
2727 895 2826 949 per
2854 894 3078 933 carnem
3108 879 3250 933 facta
3274 885 3355 932 est
3388 879 3697 948 generatio-

2108 990 2234 1029 nem
2260 989 2292 1028 a
2324 973 2488 1027 nobis
2517 972 2739 1042 quidem
2771 970 3063 1025 abscondit
3090 970 3237 1025 Deus
3264 979 3323 1024 et
3355 969 3519 1024 Pater
3552 986 3567 1022 :
3595 969 3696 1024 hoc

2109 1067 2257 1121 enim
2290 1065 2439 1137 quod
2479 1080 2508 1119 a
2537 1064 2740 1119 saeculo
2770 1064 2826 1118 in
2852 1061 3113 1118 omnibus
3147 1060 3482 1119 absconsum
3522 1062 3698 1117 fuerat

2109 1160 2461 1233 mysterium,
2500 1156 2661 1211 vobis
2703 1155 2833 1211 filiis
2874 1155 3162 1210 hominum
3189 1155 3344 1209 dedi:
3384 1155 3582 1224 primis
3609 1154 3695 1208 di-

2112 1251 2380 1307 scendum
2416 1258 2513 1315 :et
2547 1267 2648 1321 per
2670 1260 2908 1304 vestram
2940 1248 3240 1304 Ecclesium
3283 1248 3391 1301 huc
3418 1265 3520 1301 nos
3543 1258 3691 1318 post-

2111 1359 2174 1399 ea
2228 1343 2554 1415 agnovimus
2580 1344 2646 1397 ³³.
2676 1341 2839 1413 Ωιιοά
2872 1345 2919 1397 si
2954 1351 3180 1412 propter
3238 1356 3303 1397 ea
3340 1358 3464 1412 qua:
3502 1340 3702 1394 dicun-

2113 1442 2203 1487 tur
2232 1430 2569 1494 extimescis,
2600 1445 2633 1485 o
2660 1430 2903 1493 auditor,
2932 1429 3002 1485 ab
3034 1429 3140 1483 huc
3195 1438 3345 1483 metu
3399 1438 3451 1483 te
3503 1429 3705 1483 liberat

2113 1520 2318 1575 Paulus
2363 1519 2602 1574 dicens:
2656 1516 2816 1572 Nunc
2866 1517 3041 1577 enim,
3088 1515 3288 1584 inquit,
3337 1517 3594 1572 ascendit
3643 1526 3704 1573 ut

2114 1620 2378 1683 appareat
2428 1609 2776 1679 principibus
2826 1619 2885 1663 et
2935 1609 3305 1678 potestatibus
3355 1625 3454 1679 per
3515 1610 3704 1664 Eccle-

421 1705 701 1758 miserunt
763 1700 1067 1756 videndum
1139 1700 1397 1769 supernis
1462 1700 1794 1755 Virtutibus.
1853 1698 2010 1765 Quod
2045 1669 2084 1723 B
2114 1669 2249 1758 siam
2293 1699 2361 1755 “.
2403 1700 2559 1758 Unde
2591 1700 2758 1756 etiam
2798 1701 3108 1759 ascendens
3142 1711 3368 1770 stupore
3395 1700 3584 1769 affecit
3614 1717 3705 1756 su-

423 1804 611 1850 autem
682 1809 848 1863 quem
912 1808 1015 1847 nec
1055 1792 1160 1862 ipsi
1222 1786 1373 1846 beati
1408 1791 1671 1846 viderunt
1737 1791 1914 1862 angeli
1956 1792 2012 1846 in

424 1886 667 1942 essentia
700 1894 755 1940 ct
794 1895 1010 1946 natura,
1053 1884 1149 1940 sed
1195 1900 1360 1954 quem
1395 1886 1547 1940 salus
1583 1885 1689 1940 scit
1752 1887 1914 1939 Pater
1955 1892 2014 1940 ct

424 1982 521 2051 qui
557 1981 707 2034 solus
748 1979 853 2033 scit
909 1961 1168 2032 Patrem:
1205 1994 1332 2032 eum
1382 1978 1561 2048 ipsum
1619 1987 1745 2032 ante
1773 1966 2014 2047 ‘angelos

423 2073 690 2127 viderunt
738 2070 1034 2124 carnaliter
1091 2070 1364 2136 homines,
1408 2076 1647 2125 testatur
1705 2067 1871 2123 David
1927 2067 2016 2123 di-

390 2182 397 2187 '
426 2179 559 2220 cens
586 2180 601 2216 :
627 2161 829 2218 Ctelum
868 2162 982 2215 casti
1013 2161 1257 2225 Domino,
1283 2172 1485 2216 terram
1517 2158 1693 2215 autem
1718 2162 1860 2214 dedit
1885 2160 2016 2228 ﬁliis

425 2258 696 2311 hominum
730 2257 771 2287 "
801 2271 815 2307 :
841 2255 952 2321 hoc.
975 2265 1167 2323 aperte
1194 2254 1511 2320 ostendens,
1537 2252 1685 2322 quod
1711 2250 2013 2307 secundum

426 2360 681 2406 naturam
727 2349 912 2403 omnia
950 2364 1218 2418 superans
1251 2348 1473 2412 coelum,
1515 2357 1571 2402 et
1613 2346 1850 2402 Verbum
1900 2361 2016 2401 cm-

426 2443 563 2498 leste
630 2442 800 2497 Filius
837 2442 1016 2496 Patris
1053 2442 1294 2497 caelestis
1327 2454 1382 2496 et
1438 2457 1505 2495 ex
1562 2442 1724 2504 caelo,
1780 2436 1850 2494 ab
1910 2439 2018 2493 alio

429 2534 649 2606 agnosci
677 2551 786 2588 non
812 2533 1178 2603 potest.quod
1213 2535 1410 2587 attinet
1448 2533 1513 2587 ad
1550 2533 1869 2597 essentiam,
1910 2530 2017 2605 nisi

429 2640 460 2679 a
513 2623 747 2677 Domino
789 2641 802 2675 :
845 2622 1090 2676 omnium
1147 2622 1447 2693 (inquam)
1498 2623 1729 2677 Domino
1778 2622 1910 2681 Deo.
1959 2629 2021 2677 et

429 2712 604 2784 gratia
673 2721 1024 2766 terrenorum
1090 2716 1249 2781 patre
1289 2729 1301 2763 :
1347 2711 1565 2764 Terram
1614 2723 1813 2763 tantem
1879 2708 2021 2763 dedit

430 2806 559 2875 filiis
609 2805 923 2869 hominum,
957 2803 1050 2872 qui
1100 2810 1231 2856 sunt
1278 2802 1513 2865 inferne,
1554 2803 1884 2868 naturaliter
1927 2818 2023 2872 pa-

433 2911 585 2948 tres:
621 2903 823 2947 terram
857 2901 1033 2946 autem
1080 2892 1242 2951 dedit.
1277 2908 1375 2947 seu
1424 2900 1698 2947 terrenam
1736 2891 2023 2962 proposuit

437 2985 600 3040 Verbi
667 2984 831 3055 833
862 2983 1313 3054 'generationem
1352 3024 1365 3044 ,

437 3078 716 3147 quodnam
780 3077 854 3130 sit
940 3077 1061 3145 ejus
1140 3076 1463 3146 mysterium
1521 3090 1536 3128 :
1594 3074 1689 3129 sed
1770 3089 1874 3129 nec
1966 3073 2019 3127 id

438 3178 612 3239 tcum
641 3186 653 3222 :
687 3169 755 3222 de
807 3183 1044 3238 superna
1093 3179 1277 3222 autem
1337 3166 1717 3239 generatione,
1765 3179 1872 3219 nec
1918 3164 2023 3235 ipsi

439 3269 648 3315 norunt
673 3259 874 3328 angeli.
1324 3313 1328 3317 ,

508 3354 867 3422 Perspicuum
894 3360 977 3407 est
1007 3358 1188 3405 autem
1222 3349 1371 3421 quod
1404 3348 1574 3404 facies
1595 3347 1813 3403 duabus
1837 3354 2028 3417 tegunt

437 3443 560 3504 alis,
594 3440 763 3509 pedes
792 3448 975 3493 autem
1009 3433 1308 3492 duabus”
1340 3454 1353 3490 :
1384 3436 1492 3489 hoc
1514 3445 1703 3505 aperte
1730 3435 2028 3490 ostenden-

442 3538 525 3585 tes
557 3545 645 3596 (cx
675 3543 742 3582 eo
775 3527 921 3597 quod
949 3527 1129 3598 typice
1170 3535 1228 3580 et
1257 3524 1555 3596 symbolice
1610 3522 1805 3579 faciem
1844 3530 2030 3594 tegant

439 3633 567 3673 cum
596 3616 821 3686 capite),
850 3623 911 3669 et
940 3617 1044 3678 sic,
1076 3621 1335 3683 tanquam
1371 3613 1426 3666 in
1458 3611 1710 3683 symbolo
1741 3627 1896 3666 suam
1942 3611 2029 3665 in-

442 3703 805 3774 telligentiam
843 3703 1134 3757 dicentes:
1160 3700 1272 3755 Nos
1303 3700 1521 3754 etiamsi
1585 3708 1804 3754 montes
1833 3698 2027 3763 simus,

442 3813 548 3851 non
577 3806 760 3851 tamen
791 3794 1000 3865 aliquid
1044 3802 1233 3863 aperte
1267 3793 1473 3847 scimus
1509 3792 1578 3847 de
1612 3792 1828 3847 duabus
1866 3804 2032 3862 gene-

443 3876 811 3953 rationibus;
848 3900 987 3956 quas
1024 3883 1375 3939 ostendimus
1442 3898 1541 3952 per
1583 3882 1697 3937 alas
1748 3897 1873 3952 qua:
1923 3879 2034 3935 cir-

440 3987 766 4049 cumtegunt
794 3997 806 4031 :
852 3993 1033 4048 neque
1067 3975 1392 4030 hominibus
1427 3975 1496 4029 de
1525 3974 1594 4030 iis
1625 3973 1785 4029 eﬂ‘ari
1832 3988 2030 4043 possu-

444 4084 587 4124 mus.
631 4069 805 4124 Pedes
854 4077 1040 4123 autem
1092 4066 1339 4132 fuerint,
1397 4066 1663 4120 transitus
1719 4063 2034 4134 intelligen-

444 4159 648 4212 tiarum
680 4175 802 4228 quae
831 4168 961 4213 sunt
993 4173 1025 4212 a
1075 4157 1238 4212 nobis
1292 4172 1394 4227 per
1449 4156 1906 4226 impertitionem,
1965 4155 2035 4211 ad

444 4267 542 4306 vos
572 4251 667 4320 qui
694 4251 831 4305 estis
861 4251 1096 4305 extremi
1146 4260 1204 4305 et
1249 4258 1369 4320 post
1435 4265 1538 4305 nos
1591 4249 1866 4307 collocati.
1925 4249 2033 4306 Sed

2115 1802 2314 1865 peritas
2338 1801 2640 1864 potestates
2669 1793 2725 1847 in
2770 1793 2928 1848 caelis
2965 1809 3087 1864 quae
3117 1792 3465 1857 dubitabant,
3509 1809 3705 1863 regan—

2117 1896 2200 1942 tes
2234 1902 2327 1941 eas
2359 1902 2479 1956 qua:
2530 1885 2693 1940 simul
2739 1901 2866 1940 cum
2924 1885 3155 1939 Domino
3205 1885 3607 1951 ascendebant,
3651 1896 3705 1941 et

2116 1978 2380 2034 dicebant
2410 1986 2422 2032 :
2457 1974 2588 2043 Quis
2613 1985 2689 2031 est
2716 1977 2811 2031 iste
2837 1994 2929 2031 rex
2967 1976 3155 2046 gloria:
3190 1976 3278 2031 ⁸³⁸1
3313 1978 3493 2048 Papae,
3538 1994 3707 2048 quam

2116 2066 2463 2145 admirabilia
2526 2077 2658 2122 sunt
2693 2068 2959 2123 miracula
2988 2076 3044 2122 et
3077 2068 3219 2122 dona
3257 2086 3380 2138 qua:
3422 2070 3571 2123 Deus
3609 2070 3708 2123 do-

2117 2143 2273 2215 navit
2305 2160 2559 2214 humanae
2592 2166 2806 2215 natura:
2856 2160 2913 2215 in
2968 2176 3034 2215 ca
3091 2161 3390 2216 habitans!
3451 2162 3707 2220 homines

2118 2251 2327 2322 angelis
2355 2251 2526 2305 Deum
2551 2251 2919 2306 ostenderunt
2968 2268 3132 2322 quem
3188 2253 3343 2321 prius
3388 2269 3499 2308 non
3551 2254 3707 2310 vide-

2119 2341 2294 2397 bant!
2335 2343 2597 2397 miracula
2625 2343 3257 2414 incomprehensibilia!
3314 2345 3487 2399 Deum
3545 2362 3705 2403 suum

2120 2435 2344 2507 hymnis
2370 2434 2748 2500 celebrabant,
2790 2444 2847 2490 et
2887 2452 2995 2490 non
3045 2437 3334 2503 videbant,
3391 2456 3516 2509 qua:
3560 2442 3706 2497 cele-

2120 2528 2359 2583 brabant
2387 2528 2400 2581 i
2446 2527 2720 2613 Ferpbant
2754 2544 2878 2583 cum
2915 2523 3034 2600 qui
3062 2532 3395 2598 vehebatur,
3444 2534 3656 2590 Throui
3686 2554 3705 2602 ;

2119 2630 2171 2675 et
2205 2636 2315 2675 non
2342 2620 2608 2675 videbant
2637 2638 2800 2692 quem
2831 2621 3100 2685 ferebant.
3138 2620 3455 2679 Adorabant
3494 2636 3553 2680 et
3592 2628 3702 2697 glo-

2121 2706 2655 2763 riﬁcabantassidue
2697 2717 2754 2764 et
2809 2709 2947 2765 citra
2985 2709 3289 2775 silentium,
3352 2728 3450 2768 sex
3497 2714 3614 2768 alas
3653 2724 3708 2770 et

2122 2802 2326 2855 multos
2350 2801 2541 2855 oculos
2565 2798 2874 2867 habentia;
2924 2810 2978 2855 et
3030 2819 3141 2858 non
3194 2805 3709 2863 animadvertebant

2123 2905 2287 2962 quem
2333 2890 2606 2946 ornabant
2662 2890 2941 2948 laudibus.
2997 2893 3178 2950 Flexis
3234 2897 3419 2967 itaque
3476 2900 3710 2969 genibus

1427 2982 1495 3037 ad
1571 2981 2018 3052 cognoscendum
2049 3002 2091 3059 ε
2125 2980 2443 3052 cupiebant,
2505 2979 2805 3047 sitiebant,
2857 2982 3126 3048 orabant,
3181 2988 3461 3057 supplices
3515 3001 3708 3059 postu-

2126 3072 2315 3127 labant
2347 3072 2538 3129 videre
2562 3088 2688 3130 eum
2722 3075 2815 3147 qui
2854 3092 2978 3152 non
3008 3076 3248 3141 videtur,
3299 3080 3551 3150 aspicere
3584 3098 3711 3137 eum

2124 3166 2219 3236 qui
2255 3181 2364 3220 non
2398 3167 2545 3222 cadit
2572 3168 2676 3223 sub
2710 3180 3016 3238 aspectum,
3049 3181 3145 3226 aut
3177 3172 3340 3227 etiam
3385 3175 3565 3228 solum
3596 3186 3715 3230 tan-

2126 3268 2290 3324 quam
2311 3254 2365 3308 in
2386 3256 2611 3326 speculo
2628 3266 2683 3312 et
2699 3258 2984 3329 :rnigmatc
3008 3259 3061 3314 in
3078 3276 3202 3314 eum
3235 3263 3427 3317 oculos
3454 3263 3711 3335 deﬁgere,

2127 3354 2314 3417 etnon
2349 3357 2626 3417 poterant,
2652 3358 2947 3421 propterea
2965 3353 3111 3422 quod
3148 3354 3213 3408 ad
3260 3353 3506 3409 divinam
3526 3371 3714 3411 essen~

2129 3434 2260 3490 tiam
2292 3438 2720 3508 appropinquari
2774 3455 2883 3494 non
2934 3450 3139 3511 potest,
3195 3459 3374 3512 neque
3423 3460 3491 3499 ea
3537 3453 3716 3516 potest

2130 3526 2551 3598 comprehendi.
2583 3528 2739 3597 Quod
2766 3531 2810 3586 si
2855 3531 2905 3585 ei
2946 3532 3094 3603 quod
3129 3531 3336 3589 dicitur
3371 3552 3482 3589 non
3515 3537 3715 3603 credis,

2130 3633 2165 3673 ο
2201 3618 2391 3683 homo,
2424 3612 2552 3674 audi
2590 3621 2816 3676 Petrum
2866 3621 3181 3678 dicentem:
3214 3621 3355 3679 Data
3403 3635 3528 3679 sunt
3580 3631 3717 3680 dona

2131 3712 2429 3766 hominibus
2467 3713 2536 3777 ",
2562 3714 2619 3768 in
2658 3730 2777 3785 quae
2801 3715 3105 3770 desiderant
3132 3717 3308 3788 angeli
3328 3721 3626 3789 prospicere
3648 3720 3714 3784 ".

2132 3809 2188 3857 et
2231 3818 2341 3858 non
2375 3813 2696 3873 potuerunt,
2766 3804 3219 3878 Quandoquidem
3278 3808 3520 3865 humana
3576 3820 3716 3867 terra

2137 3902 2268 3950 tunc
2313 3904 2434 3951 erat
2471 3896 2785 3963 invisibilis,
2829 3898 2970 3954 infra
3010 3899 3066 3954 in
3129 3900 3408 3971 prOfundo
3464 3904 3716 3959 tenebra-

2134 4002 2261 4042 rum
2306 3987 2560 4059 peccati,
2605 3997 2666 4044 ut
2703 4004 2827 4060 qua:
2876 3998 3024 4047 esset
3082 3991 3467 4064 incomposita.
3525 3993 3723 4062 Quam-

2135 4078 2329 4134 obrem
2357 4089 2414 4134 et
2440 4079 2684 4157 ignotum
2705 4089 2826 4136 erat
2853 4083 3079 4149 coelum,
3112 4092 3171 4139 et
3202 4101 3311 4140 non
3333 4096 3589 4142 ornatum
3631 4087 3720 4141 ﬁr-

2136 4183 2475 4228 mamentum
2507 4175 2561 4228 in
2588 4175 2769 4244 primo
2798 4174 2909 4231 die.
2942 4177 3011 4231 Et
3039 4178 3284 4233 secundo
3315 4179 3407 4234 die
3455 4196 3580 4235 cum
3632 4196 3723 4235 sn-

2140 4261 2492 4348 spexissct’et
2519 4263 2690 4318 veluti
2726 4279 2795 4317 ex
2828 4265 3064 4320 mortuis
3090 4266 3436 4337 respirasset,
3467 4282 3519 4322 ei
3544 4267 3720 4323 lucem

445 4344 700 4398 volamus
734 4343 950 4398 duabus
979 4343 1083 4398 alis
1111 4343 1244 4397 solis
1273 4359 1373 4413 per
1400 4342 1644 4397 volatum
1667 4342 2033 4399 extendentes
2065 4359 2109 4413 ι)
2139 4342 2464 4418 aspexisset.
2498 4360 2556 4406 et
2577 4349 2820 4421 Spiritus
2867 4351 3009 4407 facta
3055 4363 3203 4409 esset
3254 4355 3554 4426 particeps,
3599 4367 3656 4411 et
3691 4372 3722 4409 a

444 4435 764 4490 aviditatem
804 4444 859 4489 et
892 4434 1414 4506 propensionem,et
1448 4441 1771 4503 perpetuam
1811 4440 2040 4488 conten-

447 4524 680 4587 tionem,
710 4531 767 4577 et
797 4522 1212 4591 inquisitionem
1256 4521 1328 4575 ad
1361 4520 1686 4575 discendum
1715 4521 1920 4590 aliquid
1968 4520 2039 4575 de

450 4615 535 4669 his
567 4615 783 4670 duabus
805 4613 1279 4686 generationibus.
1310 4611 1556 4678 Quarum
1582 4613 2039 4683 inquisitionibus

448 4718 707 4776 tanquam
732 4708 895 4762 alatis
928 4721 1147 4776 semper
1170 4706 1420 4772 terimur,
1457 4713 1514 4760 et
1547 4707 1763 4762 volatus
1787 4709 2033 4778 requiem

450 4801 738 4870 hucusque
769 4815 879 4854 non
935 4800 1303 4854 inveniemus.
1334 4799 1550 4855 Solutio
1573 4799 1720 4855 enim
1744 4802 1865 4870 ejus
1887 4802 2036 4872 quod

452 4896 741 4963 quaeritur,
772 4902 859 4949 est
894 4892 1068 4948 veluti
1096 4892 1347 4963 quaedam
1374 4894 1604 4964 pulchra
1633 4895 1793 4965 quies
1823 4896 2039 4952 volatus

457 4988 656 5042 mentis
679 4987 914 5042 multum
941 4987 1182 5042 errantis
1234 4986 1379 5042 circa
1436 4985 1491 5041 id
1551 4986 1699 5057 quod
1747 4988 2059 5057 quaeritur..

453 5079 731 5135 Habemus
762 5080 910 5134 enim
943 5078 1312 5151 cognitionem
1344 5078 1581 5134 duarum
1612 5079 1776 5134 Verbi
1809 5094 2042 5150 genera-

455 5170 666 5227 tiouum
696 5189 711 5226 :
742 5188 934 5228 earum
973 5179 1157 5227 autem
1195 5185 1546 5242 nequaquam
1585 5170 1855 5226 habemus
1886 5173 2042 5243 agni-

456 5268 687 5328 tionem,
742 5274 799 5319 et
847 5252 1145 5336 propterea
1204 5278 1423 5333 semper
1461 5262 1736 5318 volamus.
1798 5262 2040 5320 Tametsi

453 5358 704 5413 omnium
728 5358 1094 5413 animantium
1137 5356 1397 5413 novimus
1449 5357 1795 5412 essentiam:
1840 5364 2041 5428 nempe

455 5449 733 5505 aeriorum
762 5458 820 5504 et
840 5449 1008 5504 etiam
1039 5448 1416 5518 terrestrium,
1444 5448 1590 5518 quod
1625 5450 1701 5504 sit
1737 5450 1942 5520 aquila.
1985 5459 2042 5505 et

526 5583 573 5615 ιθ
609 5583 814 5634 .lerem.
847 5597 955 5645 XIX,
988 5580 1097 5644 l3;
1141 5578 1388 5648 Sophen.
1450 5595 1489 5641 ι,
1518 5579 1571 5634 5.

453 5739 492 5790 ι,
535 5722 620 5779 £3.

538 5758 601 5779 ,Α

1686 5581 1732 5613 ⁸ο
1773 5580 1877 5636 lsa.
1942 5599 2045 5638 xiv,
2119 5585 2205 5638 l2.

526 5585 573 5615 ιθ
609 5585 814 5634 .lcrem.
847 5597 955 5645 XIX,
988 5585 1097 5644 l3;
1141 5585 1388 5648 Sophen.
1450 5585 1571 5641 1,5.
1686 5585 1732 5613 '°
1773 5585 1877 5636 lsa.
1942 5599 2049 5648 xiv,
2119 5585 2205 5641 l2.
2319 5585 2361 5616 "
2406 5585 2547 5638 Psal.
2604 5585 2867 5639 cxm.l6.
2980 5585 3026 5614 ”
3083 5585 3283 5637 Ezerh.

454 5654 502 5687 ⁵⁸
529 5652 804 5731 ﬁl'rhum.
826 5661 965 5720 part.
997 5667 1033 5714 i,
1061 5660 1256 5718 qutesl.
1286 5651 1373 5714 €57,
1409 5657 1515 5704 art.
1544 5650 1596 5703 5.
1675 5652 1718 5681 ⁸³
1750 5652 1951 5722 Eplies,
2021 5655 2166 5723 iv,8,
2190 5658 2243 5712 9.
2292 5656 2364 5731 '5’
2396 5654 2537 5709 l’sal.
2576 5668 2724 5722 xxnt,
2771 5656 2852 5708 l0.
2931 5653 3196 5723 ".I‘Iphrs.
3221 5671 3288 5716 n,
3326 5654 3377 5706 8.

2106 4492 2113 4499 _
2145 4438 2304 4493 malis
2330 4438 2489 4509 aquis
2516 4439 2748 4494 liberata
2776 4448 2924 4495 esset
2964 4449 3023 4495 et
3064 4441 3331 4506 tenebris,
3388 4453 3445 4499 et
3484 4444 3721 4499 fructum

2142 4527 2509 4597 germinasset
2535 4543 2658 4598 quae
2682 4528 2836 4597 prius
2874 4536 2991 4584 erat
3042 4529 3363 4600 infrugifera
3395 4547 3412 4596 ;
3471 4541 3604 4586 tunc
3657 4533 3724 4587 de

2143 4622 2343 4670 caetero
2361 4625 2622 4685 posteam
2636 4624 2695 4669 et
2721 4622 3045 4670 exornatum
3071 4617 3177 4672 fuit
3205 4617 3431 4682 omium,
3452 4619 3722 4674 exhilara-

2149 4718 2376 4777 tumque
2396 4709 2542 4772 'sole,
2562 4708 2693 4763 luna
2719 4718 2777 4763 et
2798 4708 3008 4776 stellis;
3037 4718 3295 4764 ornatum
3317 4710 3589 4782 (inquam)
3626 4712 3725 4766 fuit

2144 4801 2389 4862 Christo.
2414 4800 2662 4857 Ecclesia
2690 4810 2748 4857 et
2775 4803 3005 4866 sanctis,
3033 4810 3225 4872 utpote
3251 4804 3397 4873 quod
3432 4804 3585 4858 illum
3609 4804 3725 4874 qui-

2147 4893 2273 4947 dem
2299 4908 2520 4963 semper
2551 4892 2854 4964 fulgentem
2905 4901 3249 4964 exceperunt
3299 4904 3515 4952 mentes
3565 4897 3727 4952 cmic-

2149 4993 2265 5041 stes
2294 5000 2423 5043 cum
2456 4999 2623 5041 carne
2657 4985 3085 5055 ascendentem;
3123 4988 3382 5045 laetantur
3410 4998 3594 5044 autem
3651 4990 3727 5044 si-

2148 5078 2261 5133 mul
2313 5093 2440 5133 cum
2495 5080 2764 5145 Ecclesia,
2820 5088 2878 5135 et
2924 5096 3051 5136 cum
3100 5083 3308 5138 sanctis
3355 5081 3729 5151 resplendent.

2147 5167 2512 5235 Quamobrem
2542 5184 2604 5224 su
2612 5170 3119 5240 pernaePotestates
3134 5172 3294 5227 valde
3309 5182 3367 5227 et
3380 5172 3735 5227 vehementer

2149 5259 2477 5325 defendunt,
2523 5259 2766 5330 diligunt
2796 5270 2852 5317 et
2880 5270 3181 5334 protegunt
3208 5263 3510 5316 humanum
3540 5277 3728 5335 genus,

2148 5361 2207 5409 et
2243 5370 2344 5424 pro
2375 5368 2444 5409 eo
2475 5363 2641 5409 orant
2669 5363 2727 5410 et
2779 5355 3154 5420 intercedunt,
3192 5356 3451 5425 quoniam
3494 5372 3595 5426 per
3638 5370 3732 5410 nos

2150 5445 2358 5515 dignati
2399 5454 2530 5499 sunt
2557 5445 2747 5500 videre
2803 5445 2949 5518 quod
2988 5460 3090 5518 per
3121 5463 3182 5502 se
3238 5461 3349 5502 non
3412 5457 3729 5519 potuerunt.

2319 5584 2361 5616 "
2406 5580 2547 5638 Psal.
2604 5597 2755 5639 cxnt.
2785 5581 2867 5638 l6.
2980 5582 3026 5614 "
3082 5580 3283 5637 Ezf‘rh-
3379 5579 3540 5645 ῐιεδ
3579 5598 3729 5652 εἰ’Ὑτεῐο

3483 5656 3515 5677 Ἀ
3550 5654 3568 5709 Ξ
3594 5655 3713 5708 ξ’ςιι·
