3996 6296
321 264 427 330 859

1434 263 1516 324 IN
1552 262 2107 323 HEXAEMERON.
2147 286 2216 299 σ-
2256 261 2404 323 LIB.
2445 261 2495 322 Ι.

3484 262 3590 326 8Ἷο

322 377 391 434 Et
413 376 530 435 haec
556 375 780 447 quidem
820 376 888 431 sd
913 370 1319 431 ostendendum
1349 388 1577 446 promer
1606 390 1901 447 quamnam
1933 381 1977 436 Α
2010 384 2071 429 ιιι
2094 374 2422 431 sauctitieet.
2454 374 2752 444 Propterea
2781 374 2930 430 enim
2975 374 3211 431 fortasse
3261 376 3354 433 hic
3399 395 3591 436 rursus

320 481 545 523 causam
573 475 722 521 terra
743 464 850 522 fuit
872 474 1067 521 ornata
1091 474 1218 521 ante
1236 467 1436 520 cmlum
1461 466 1515 520 in
1536 467 1728 520 mundi
1749 481 1903 521 crea-

321 557 491 620 tione.
526 556 798 624 Quoniam
827 568 1013 613 autem
1046 572 1156 611 non
1196 557 1374 612 solum
1417 558 1761 613 adversarias
1797 557 1904 612 Po-

325 657 570 717 tostates,
609 649 706 704 sed
733 649 880 719 ipsas
910 649 1075 705 etiam
1109 664 1377 720 aquarum
1425 646 1902 721 congregationes,

322 757 464 813 saepe
504 751 667 798 vocat
693 742 982 814 Scriptura
1008 757 1178 813 aquas
1197 751 1254 798 et
1282 742 1511 814 abyssos
1557 757 1725 813 super
1770 757 1907 813 quas

322 836 451 909 sitae
469 843 598 891 sunt
627 836 782 891 malae
831 836 1095 900 tenebrae,
1126 850 1355 892 necesse
1393 844 1480 891 est
1508 845 1568 889 ut
1597 836 1667 891 de
1696 834 1908 890 his’ad-

324 927 595 983 ducamus
639 927 964 997 prophetica
1007 926 1344 982 testimonia.
1389 925 1535 981 Dicit
1575 926 1758 996 itaque
1798 927 1907 981 Da-

323 1019 418 1074 vid
452 1037 467 1073 :
497 1018 736 1089 Abyssus
767 1019 1012 1091 abyssum
1046 1019 1261 1073 invocat
1280 1018 1349 1084 ³⁸,
1386 1026 1444 1072 et
1471 1017 1540 1072 ad
1570 1016 1666 1072 Dei
1702 1017 1909 1087 cogita—

327 1110 536 1166 tionem
561 1109 713 1167 n'unc
746 1112 1071 1166 adhortatur
1094 1111 1345 1166 Judaeum
1391 1109 1645 1182 abyssus.
1696 1110 1761 1165 id‘
1799 1117 1904 1175 est,

326 1202 630 1258 multitudo
654 1204 903 1274 gentium
932 1216 1056 1272 quae
1076 1204 1232 1275 prius
1248 1210 1409 1258 erant
1428 1204 1618 1258 oll‘usa:
1640 1203 1904 1258 tenebris.

323 1295 588 1352 Nonnulli
633 1295 783 1351 enim
835 1295 974 1351 duas
1010 1310 1281 1366 aquarum
1309 1295 1709 1365 appellationes
1746 1294 1910 1350 intel-

327 1386 584 1443 lexerunt
639 1388 709 1444 de
760 1387 980 1444 duobus
1030 1387 1291 1459 populis:
1352 1388 1609 1460 abyssum
1683 1387 1908 1458 quidem

330 1482 598 1552 populum
658 1481 928 1552 gentium,
976 1495 1144 1552 super
1206 1496 1372 1551 quem
1439 1490 1568 1536 sunt
1618 1482 1906 1549 tenebrte;

330 1589 529 1645 aquam
568 1582 774 1636 autem,
809 1573 1146 1639 Judazorum,
1183 1588 1354 1644 super
1406 1590 1573 1645 quem
1627 1573 1910 1630 ferebatur

332 1662 575 1735 Spiritus
607 1664 807 1720 divinae
832 1664 1151 1735 Scriptum,
1177 1666 1273 1721 sed
1298 1682 1409 1721 non
1448 1666 1790 1737 quiescebat.
1831 1666 1909 1721 De

2005 476 2131 538 post
2162 467 2421 523 tenebras
2443 466 2721 522 examinat
2748 482 2946 536 aquam
2973 475 3030 522 et
3051 468 3330 538 spiritum,
3351 469 3460 525 hoc.
3482 484 3588 534 ρει,

2006 568 2133 630 post
2156 568 2467 630 peccatum,
2509 559 2770 629 baptismi
2805 559 3284 614 illuminationem.
3329 561 3463 615 Nam
3487 562 3591 616 sic-

2007 658 2069 703 ut
2128 658 2391 718 tanqusm
2434 664 2605 718 super
2659 638 2926 719 piscinam
2983 651 3246 719 aliquam,
3304 652 3595 705 constituit

2007 740 2153 795 Deus
2179 740 2447 809 Spiritum
2500 756 2664 809 super
2714 740 2936 810 aquam,
2991 742 3064 795 ita
3114 743 3298 797 statim
3345 743 3592 813 praecipit

2006 842 2132 903 post
2157 833 2274 888 haec
2306 830 2518 892 dicens.
2548 831 2668 886 Fiat
2698 832 2788 887 tua:
2820 832 3306 898 illuminatiouum,
3356 843 3404 887 et
3450 835 3591 904 facta

2008 931 2083 978 est
2112 922 2203 978 lux
2233 923 2717 978 illuminationum.
2745 924 2899 981 Unde
2928 926 3093 980 etiam
3130 926 3220 980 hic
3284 926 3338 979 in
3399 927 3594 995 primis
3623 991 3635 1001 .

2008 1015 2276 1070 discimus
2331 1015 2654 1086 mysterium
2733 1014 3026 1070 Trinitatis
3105 1015 3160 1069 in
3235 1016 3588 1085 baptismate,

2008 1106 2231 1176 quando
2254 1106 2390 1161 dicit
2421 1121 2439 1157 ε
2475 1105 2545 1159 Et
2565 1105 2698 1158 dixit
2727 1104 2867 1160 Deus
2893 1147 2906 1169 ,
2946 1107 3108 1176 plane
3167 1123 3181 1159 :
3247 1107 3404 1160 Pater
3452 1104 3590 1161 ‘Fiat

2010 1198 2105 1253 tua:
2131 1239 2144 1259 .
2175 1199 2281 1252 hoc
2307 1206 2414 1262 est,
2445 1197 2700 1252 Christus
2733 1206 2996 1267 appareat
3028 1198 3084 1252 in
3133 1205 3280 1253 terra
3322 1208 3378 1251 et
3422 1196 3589 1266 Spiri-

2010 1300 2100 1346 tus
2133 1291 2229 1345 Dei
2261 1299 2490 1346 sanctus
2514 1288 2608 1360 qui
2645 1290 2929 1345 ferebatur
2971 1306 3141 1361 super
3183 1306 3403 1361 aquam.
3454 1290 3593 1345 Cum

2011 1383 2117 1438 hoc
2138 1384 2407 1453 mysterio
2441 1383 2611 1437 vitam
2647 1399 2867 1453 quoque
2905 1384 3021 1438 Deo
3042 1392 3249 1454 gratam
3305 1383 3591 1437 discimus.

2010 1475 2306 1544 Postquam
2332 1483 2515 1528 autem
2547 1474 2736 1529 datum
2791 1485 2896 1541 est,
2956 1475 3157 1545 inquit,
3192 1475 3482 1545 baptisma,
3539 1482 3595 1529 et

2011 1584 2133 1638 quae
2157 1577 2241 1623 est
2281 1567 2337 1622 in
2371 1583 2439 1623 eo
2490 1567 2626 1623 fides
2677 1578 2934 1638 tanquam
2977 1569 3198 1639 aliquod
3230 1571 3593 1639 signaculum,

2012 1659 2154 1726 Fiat,
2184 1661 2384 1730 inquit,
2420 1660 2557 1715 tum:
2600 1659 2653 1715 id
2687 1671 2792 1726 est,
2826 1672 3148 1717 exerceatur
3180 1663 3440 1733 operibus
3482 1663 3595 1717 vita

329 1752 420 1808 his
440 1760 622 1807 autem
657 1752 819 1823 aquis
843 1753 1051 1808 dictum
1081 1762 1168 1809 est
1196 1772 1209 1808 :
1254 1754 1569 1825 Egredietur
1614 1772 1756 1827 aqua
1793 1757 1909 1811 uiua
1943 1731 1981 1785 Β
2011 1752 2124 1807 Deo
2153 1759 2329 1822 grata,
2361 1753 2508 1807 sicut
2534 1753 2628 1806 lux
2651 1754 2844 1808 lucens
2883 1769 3067 1833 coram
3098 1755 3434 1817 hominibus,
3462 1769 3596 1808 con-

327 1860 392 1898 ca:
417 1842 740 1910 Jerusalem,
769 1846 1042 1899 dimidium
1071 1848 1189 1916 ejus
1208 1847 1263 1900 in
1316 1863 1498 1913 mare;
1545 1849 1776 1918 priurum
1829 1849 1911 1901 di-

327 1935 550 1989 midium
569 1942 745 1989 autem
777 1936 892 2005 ejus
926 1938 982 1990 in
1007 1953 1154 1991 mare
1182 1936 1430 1992 ultimum
1452 1939 1518 1993 ⁵⁸.
1549 1937 1706 1995 Sicut
1741 1939 1909 1994 etiam

328 2023 527 2079 clamat
564 2022 822 2080 Habacuc
864 2025 1132 2094 propheta
1167 2043 1179 2079 :
1234 2024 1304 2080 Et
1349 2026 1603 2081 indusiati
1644 2028 1701 2085 in
1761 2040 1911 2079 mare

327 2119 487 2185 equos
516 2123 631 2191 tu_os
658 2116 929 2169 turbantes
956 2133 1131 2187 aquas
1158 2115 1355 2171 multas
1389 2117 1458 2184 ⁶⁰,
1497 2132 1672 2188 equos
1702 2115 1909 2173 Christi

329 2206 546 2268 dicens.
584 2215 807 2262 sanctos
828 2208 1059 2279 angelos
1082 2216 1138 2263 et
1179 2208 1478 2279 apostolos.
1532 2210 1687 2266 Unde
1741 2210 1909 2265 etiam

329 2299 388 2353 in
419 2314 650 2354 ascensu
703 2278 902 2355 hoer
951 2315 1223 2371 equorum
1272 2302 1498 2357 turbata:
1544 2313 1668 2357 sunt
1714 2304 1907 2373 abyssi,

331 2390 621 2446 multitudo
649 2393 855 2446 sonitus
881 2408 1145 2463 aquarum
1178 2393 1249 2448 “.
1308 2393 1378 2448 Et
1428 2394 1564 2449 illud
1602 2413 1614 2448 :
1673 2394 1912 2451 Laudate

330 2482 616 2536 Dominum
649 2498 712 2536 ea:
741 2468 908 2549 terra,
937 2484 1191 2539 dracones
1217 2494 1266 2539 et
1292 2503 1470 2541 omnes
1497 2487 1669 2558 abyssi
1695 2488 1912 2554 ",can-

333 2583 481 2630 tatur
510 2575 578 2631 de
626 2574 904 2646 gentibus.
950 2577 1217 2632 Dracones
1269 2587 1453 2633 autem
1511 2579 1669 2645 dicit,
1719 2595 1911 2635 eorum

333 2668 617 2738 principes
642 2668 735 2738 qui
761 2668 918 2739 prius
950 2680 1109 2725 erant
1131 2670 1231 2724 feri
1263 2669 1762 2727 etiuliumaniJam
1785 2688 1911 2727 cum

333 2767 416 2815 tot
444 2761 554 2815 sint
579 2761 913 2826 testimonia,
942 2776 1009 2816 ne
1034 2762 1254 2818 mireris
1278 2763 1426 2833 quod
1459 2764 1607 2819 dicat
1656 2765 1726 2820 de
1776 2780 1913 2819 con-

333 2853 650 2923 gregatione
676 2854 921 2926 gentium
952 2870 1072 2925 qua:
1097 2857 1250 2925 prius
1278 2866 1399 2911 erat
1424 2856 1601 2912 oli‘usa
1636 2857 1915 2912 tenebris?

334 2946 578 3002 Tenebris
607 2955 760 3001 erant
799 2963 958 3018 super
1008 2949 1271 3018 abyssum.
1331 2948 1472 3004 Ante
1522 2950 1700 3004 lucem
1755 2958 1915 3005 erant

337 3038 577 3093 tenebrae
608 3036 932 3110 impietatis,
960 3040 1205 3103 tenebrae
1248 3040 1497 3097 libidinis
1531 3049 1588 3097 et
1637 3042 1911 3113 intempe-

335 3131 814 3195 rantite,tenebr:e
847 3132 1191 3196 idololatrim,
1256 3143 1313 3188 et
1366 3132 1612 3188 omnium
1676 3134 1911 3188 aliorum

335 3234 715 3293 peccatorum,
755 3232 882 3279 ante
905 3224 1275 3294 praesentiam,
1316 3225 1567 3294 inquam,
1604 3232 1661 3279 et
1709 3225 1915 3281 adven-

334 3321 451 3366 tum
483 3329 625 3369 vera:
671 3314 836 3376 lucis,
892 3329 1091 3385 nempe.
1142 3314 1369 3369 Christi.
1422 3316 1716 3384 Propterea
1765 3316 1912 3370 enim

335 3404 618 3477 Scriptura
651 3408 910 3463 tenebras
937 3410 1113 3462 solum
1159 3408 1317 3478 ponit
1351 3418 1475 3463 ante
1513 3410 1736 3468 lucem:
1779 3425 1917 3479 quo-

333 3496 480 3550 niam
516 3499 669 3568 prius
700 3513 922 3553 eramus
950 3498 1007 3552 in
1034 3512 1247 3559 errore,
1311 3498 1513 3552 deinde
1561 3499 1916 3553 transivimus

333 3588 402 3643 ad
443 3589 643 3643 luet-m.
679 3589 974 3658 Propterea
1010 3590 1164 3658 prior
1191 3599 1275 3645 est
1305 3589 1390 3643 lex
1422 3590 1788 3655 tenebricosa,
1820 3590 1918 3645 de-

335 3678 466 3733 inde
521 3679 898 3749 Evangelium.
959 3681 1257 3749 Propterea
1320 3681 1472 3751 prior
1515 3689 1600 3735 est
1663 3697 1913 3752 vespera,

337 3772 536 3827 deinde
568 3773 706 3827 dies.
752 3774 891 3828 lline
925 3773 1044 3845 lege
1084 3782 1171 3829 est
1208 3778 1570 3829 constitutum
1608 3781 1669 3829 ut
1706 3775 1918 3846 incipe-

338 3874 491 3922 retur
519 3884 549 3923 a
579 3883 808 3937 vespera
844 3866 1171 3933 Dominica;
1198 3866 1460 3936 quoniam
1505 3884 1535 3922 a
1566 3879 1742 3923 morte
1778 3869 1913 3924 obs-

263 3960 268 3966 ’
337 3977 470 4017 cura
498 3960 871 4032 processimus
909 3959 976 4014 ad
1009 3961 1187 4015 lucem
1231 3961 1674 4016 resurrectionis.
1709 3961 1766 4018 Si
1802 3961 1917 4019 hcce

330 4064 519 4108 autem
548 4068 659 4106 non
699 4036 772 4105 ita
810 4051 1101 4115 haberent,
1135 4051 1293 4106 valde
1320 4064 1465 4107 esset
1496 4052 1815 4125 indecorum
1859 4062 1917 4111 et

336 4142 449 4197 Deo
480 4158 588 4196 non
632 4142 992 4203 conveniens,
1043 4141 1332 4197 nominare
1369 4144 1626 4199 tenebras
1659 4156 1786 4201 ante
1826 4148 1914 4202 lu-

338 4244 456 4285 cem
488 4270 502 4293 ,
535 4238 592 4284 et
616 4229 804 4284 statim
863 4230 933 4283 ab
989 4228 1148 4283 initio
1204 4230 1545 4286 constituere
1599 4242 1913 4289 creaturam

337 4318 630 4371 obscuram
661 4331 724 4370 ac
764 4317 1133 4371 tenebrosam.
1170 4316 1324 4372 Unde
1355 4330 1480 4372 eum
1506 4335 1613 4373 non
1644 4323 1916 4390 potuisset

2009 1852 2274 1921 gruenter
2304 1840 2530 1897 Christo
2563 1842 2657 1912 qui
2688 1844 2767 1898 sic
2802 1844 2964 1901 dixit.
3015 1845 3187 1912 Quam
3240 1848 3407 1901 etiam
3467 1861 3592 1900 cum

2009 1931 2261 1996 vidisset,
2294 1931 2533 1988 laudat:
2601 1930 2742 1986 Vidit
2779 1934 2949 1995 enim,
3005 1934 3209 2004 inquit,
3262 1935 3406 1990 Deus
3468 1936 3595 1991 vitae

2010 2023 2228 2107 lucem;
2258 2034 2315 2078 et
2341 2024 2479 2079 dixit
2505 2040 2517 2076 :
2546 2023 2695 2079 Bona
2735 2036 2840 2080 est.
2867 2025 3081 2081 Laudat
3103 2037 3308 2089 autem,
3330 2029 3591 2098 quoniam

2012 2116 2323 2173 delectatur
2342 2118 2656 2188 huiusmodi
2694 2119 2836 2173 luce.
2876 2118 2974 2173 Est
2999 2120 3147 2174 enim
3176 2120 3436 2189 gaudium
3473 2136 3599 2190 pro-

2012 2218 2136 2281 pter
2167 2226 2353 2264 unum
2379 2221 2729 2281 peccatorem
2753 2226 2917 2280 quem
2944 2212 3195 2281 poenitet.
3227 2210 3596 2277 Quamobrem

2014 2311 2274 2372 tanquam
2295 2305 2432 2375 jam,
2457 2313 2514 2358 et
2540 2320 2569 2359 a
2596 2304 2723 2366 tide,
2752 2313 2810 2359 et
2837 2320 2867 2358 a
2915 2304 3028 2359 vita
3080 2303 3245 2366 bona,
3289 2304 3596 2361 illuminata

2013 2402 2265 2447 creatura
2296 2402 2352 2447 et
2382 2394 2451 2448 ab
2487 2409 2553 2448 ea
2595 2395 2651 2447 in
2683 2394 2961 2464 baptismo
2983 2394 3254 2464 separatis
3276 2409 3399 2464 qua:
3444 2394 3499 2448 in
3533 2411 3599 2450 ca

2013 2493 2172 2540 erant
2198 2486 2407 2555 peccati
2440 2486 2687 2542 tenebris
2706 2496 2764 2541 et
2798 2487 3225 2550 incredulitatis,
3255 2487 3438 2541 statim
3461 2488 3599 2542 sub-

2010 2577 2195 2648 junxit
2224 2577 2467 2647 Scuipu‘ﬂ
2499 2579 2692 2633 dicens
2723 2597 2735 2631 :
2766 2578 2835 2632 Et
2860 2580 3128 2649 separavit
3159 2575 3295 2633 Deus
3326 2582 3466 2634 inter
3511 2579 3597 2633 lu-

2014 2684 2129 2722 cem
2173 2676 2221 2721 et
2263 2668 2404 2722 inter
2428 2661 2722 2734 Wenebﬂis,
2791 2680 2915 2738 qum
2964 2680 3135 2723 erant
3175 2685 3342 2739 super
3401 2686 3598 2740 aquam

2015 2759 2222 2830 abyssi.
2255 2758 2412 2826 Quod
2451 2744 2957 2831 praesi'giiilicarunt
2997 2760 3164 2814 etiam
3204 2760 3309 2815 illa:
3345 2760 3468 2816 dua:
3503 2778 3596 2816 vo.

2015 2853 2199 2911 lucres
2223 2848 2754 2925 quzeemissac‘suut
2780 2872 2848 2910 ex
2879 2871 3007 2910 arca
3058 2854 3214 2910 Noe:
3274 2856 3419 2910 unde
3469 2856 3604 2911 licet

2016 2948 2206 3003 videre
2269 2947 2383 3002 illic
2434 2963 2656 3018 quoque
2701 2951 2916 3017 priores
2961 2962 3083 3002 esse
3122 2946 3401 3001 tenebras.
3444 2946 3603 3000 Prior

2016 3040 2164 3092 enim
2227 3053 2427 3093 corvus
2478 3038 2718 3092 evolavit
2771 3052 2939 3106 super
2997 3052 3189 3106 aquas.
3244 3035 3473 3092 Etcum
3518 3038 3603 3092 vel

2016 3129 2319 3183 sutl'ocatus
2367 3138 2514 3184 esset
2573 3137 2630 3183 et
2681 3129 2941 3198 periisset
3003 3127 3329 3183 tenebrosus
3382 3138 3603 3194 corvus,

2016 3220 2202 3285 Satan,
2226 3229 2321 3274 aut
2339 3222 2505 3276 etiam
2527 3220 2594 3275 ad
2618 3219 3046 3275 crassitudinem
3090 3220 3261 3292 864
3278 3229 3332 3275 et
3364 3221 3605 3298 carnali-

2019 3319 2182 3366 tatem
2210 3311 2532 3366 adhaesisset
2563 3314 2693 3379 (non
2717 3312 2865 3365 enim
2893 3321 3125 3381 possunt
3150 3327 3345 3367 omnes
3395 3328 3607 3367 sermo-

2014 3417 2141 3455 nem
2193 3400 2437 3472 capere),
2475 3412 2607 3455 tune
2656 3401 2898 3470 Spiritus
2950 3402 3067 3465 Dei,
3114 3402 3605 3474 columbasuper-

2016 3494 2320 3559 ferebatur,
2348 3496 2542 3550 volans
2583 3512 2751 3566 super
2779 3511 2998 3567 aquam,
3030 3482 3145 3551 non
3176 3498 3467 3553 inveniens
3520 3513 3609 3555 re-

2018 3587 2206 3656 quiem
2238 3586 2474 3656 pedibus
2518 3587 2655 3649 suis,
2716 3594 2777 3641 nt
2827 3587 3244 3642 tabernaculum
3305 3586 3499 3660 ﬁgeret
3546 3589 3605 3646 in

2018 3679 2264 3744 homine,
2311 3687 2409 3731 aut
2452 3677 2791 3733 inhabitaret
2841 3686 2898 3732 et
2948 3679 3340 3743 inambularet,
3386 3682 3604 3738 etiamsi

2017 3770 2202 3825 omnia
2262 3769 2533 3824 montiqu
2592 3768 2880 3823 cacumina
2942 3778 3129 3823 essent
3186 3770 3422 3826 detecta.
3472 3772 3606 3838 Quae

2018 3862 2240 3932 quidem
2279 3860 2668 3932 significabant
2720 3859 2931 3929 peccati
2982 3859 3328 3915 inﬁrmorum
3379 3863 3607 3919 eviden-

2019 3958 2150 4012 tiam
2193 3965 2249 4012 et
2282 3955 2704 4025 impudentiam,
2732 3962 2790 4009 et
2820 3954 2941 4010 vitii
2987 3956 3214 4009 nimiam
3274 3958 3598 4027 elationem,

2017 4049 2249 4118 ejusque
2276 4047 2587 4102 iuduratam
2617 4055 2672 4100 et
2699 4040 2956 4101 callosam
2990 4047 3327 4103 vecordiam.
3352 4049 3420 4104 Et
3467 4050 3600 4105 ideo

2018 4140 2315 4197 columba.
2371 4153 2568 4207 nempe
2639 4137 2880 4208 Spiritus
2935 4138 3056 4202 Dei,
3107 4138 3393 4194 ferebatur
3439 4157 3609 4212 super

2018 4250 2239 4305 aquam.
2284 4234 2437 4288 llanc
2471 4248 2668 4301 aquam
2719 4241 2774 4286 et
2824 4231 3088 4300 Spiritum
3140 4243 3386 4289 sanctum
3435 4236 3606 4290 veluti

2017 4325 2310 4396 quamdam
2332 4323 2480 4378 inter
2508 4338 2567 4378 se
2599 4323 2856 4378 habentia
2886 4325 3269 4394 cognationem
3318 4336 3517 4381 natura
3548 4336 3608 4383 et

319 4403 677 4458 Manichacus
718 4403 833 4459 hate
860 4404 943 4458 sic
965 4404 1290 4475 intelligere,
1319 4406 1458 4460 duos
1478 4407 1730 4462 nominat
1762 4409 1916 4475 deos,
1951 4438 1994 4493 υ
2025 4408 2497 4488 conjunctionem,
2551 4414 2606 4468 in
2633 4414 2871 4469 diversis
2902 4415 3042 4468 locis
3071 4415 3235 4469 simul
3268 4416 3425 4486 ροηίι
3457 4416 3606 4471 sm-

344 4498 597 4552 tenebras
623 4506 679 4552 et
709 4498 889 4553 lucem
920 4515 934 4561 ;
968 4506 1021 4554 et
1058 4508 1185 4554 ante
1216 4499 1500 4556 Christum
1532 4504 1733 4570 lucem,
1759 4506 1916 4577 ponit

340 4590 743 4649 adversarium.
779 4591 873 4661 qui
905 4599 992 4645 est
1014 4591 1284 4648 obscurus
1316 4609 1381 4648 ac
1409 4596 1735 4652 tenebrosus
1763 4614 1778 4664 ;
1814 4615 1918 4655 nos

341 4689 525 4736 autem
556 4697 650 4737 eas
680 4698 819 4752 quas
856 4682 1099 4738 diximus
1137 4685 1465 4756 anagOgicas
1494 4686 1761 4743 facientes
1789 4705 1920 4744 con-

345 4774 776 4846 templationes,
815 4776 1058 4831 litteram
1112 4793 1221 4832 non
1283 4778 1655 4835 dissolvimus.
1707 4782 1917 4839 Absit!

345 4868 456 4922 imo
480 4882 610 4922 vero
636 4878 824 4938 aperte
849 4869 1237 4939 cognoscimus
1293 4870 1442 4939 quod
1502 4874 1745 4929 tenebrae
1790 4890 1921 4930 sen-

344 4958 474 5012 siles
503 4965 667 5011 erant
697 4972 867 5028 super
890 4958 1149 5030 abyssum
1177 4960 1461 5025 seusilem,
1481 4968 1547 5016 et
1561 4960 1802 5031 Spiritus
1824 4965 1920 5020 Dei

349 5047 629 5105 ferebatur
689 5063 859 5120 super
915 5064 1115 5120 aquam
1167 5051 1472 5119 sensilem;
1519 5053 1637 5109 sive
1693 5056 1923 5125 spiritus

348 5138 493 5195 aeris
545 5153 711 5210 quem
742 5140 1031 5196 nominare
1060 5148 1288 5197 ventum
1320 5143 1427 5199 scit
1447 5146 1794 5202 consuetudo
1819 5147 1921 5202 ho-

348 5231 582 5297 minum,
615 5231 735 5287 sive
773 5225 1015 5301 Spiritus
1031 5241 1268 5289 sanctus
1295 5250 1310 5298 ;
1335 5226 1490 5305 prius
1518 5236 1837 5308 signiﬁcans
1867 5247 1925 5293 et

348 5324 672 5380 describens
698 5324 928 5395 gratiam
953 5324 1128 5380 sancti
1159 5325 1418 5396 Spiritus.
1446 5326 1734 5385 Ambobus
1774 5330 1927 5384 enim

347 5425 434 5474 est
454 5434 626 5489 opus;
652 5434 851 5488 nempe
875 5427 930 5473 et
955 5418 1107 5473 aerio
1129 5420 1350 5490 spiritu,
1375 5431 1436 5477 ut
1453 5421 1818 5478 instarcrucis
1846 5424 1929 5478 in-

349 5509 524 5578 spiret
554 5511 609 5565 in
654 5526 873 5582 aquanr
906 5511 1253 5581 baptismatis
1280 5529 1309 5579 ;.
1357 5522 1416 5568 et
1473 5522 1665 5570 sancto
1694 5514 1926 5587 Spiritu,

424 5627 469 5665 ⁸³
527 5628 670 5684 Psal.
712 5647 819 5695 xm,
849 5629 902 5685 8.
980 5630 1278 5685 "Zachar.
1321 5648 1429 5693 xxv,
1456 5633 1508 5686 8.

355 5700 399 5729 ⁸⁵
428 5700 585 5755 Jeati.
618 5717 692 5767 ιιι,
864 5702 908 5731 ⁸³⁵
958 5700 1112 5756 Jean.
1153 5719 1243 5768 vn,
1280 5704 1370 5770 38,
1421 5704 1508 5759 59.

1621 5635 1665 5667 ⁸ο
1713 5633 1916 5689 llabac.
1975 5652 2054 5697 ιιι,
2102 5628 2195 5691 iii.

1588 5706 1630 5736 ⁵⁵
1682 5707 1822 5761 l‘sal.
1880 5723 2093 5774 extrui,
2144 5710 2195 5761 ι.

2022 4516 2206 4580 ptura.
2234 4508 2304 4562 Et
2367 4506 2492 4561 ideo
2520 4496 2676 4561 dicit
2724 4507 3001 4562 Dominus“
3039 4506 3339 4561 Nicodemo
3375 4511 3607 4575 :Amen,

2026 4617 2181 4655 amen
2208 4599 2323 4653 dico
2361 4598 2472 4659 tibi.
2502 4599 2604 4653 nisi
2632 4599 2749 4666 quis
2788 4599 2994 4669 genitus
3053 4597 3210 4668 fuerit
3263 4616 3357 4669 per
3411 4617 3609 4671 aquam

2028 4700 2078 4745 et
2112 4690 2391 4763 Spiritum,
2428 4707 2532 4744 non
2562 4689 2783 4744 intrabit
2814 4692 2870 4744 in
2901 4706 3124 4761 regnum
3153 4691 3404 4746 cartorum
3436 4693 3500 4747 “.
3541 4693 3612 4750 Et

2028 4798 2272 4837 rursus:
2307 4781 2409 4847 Qui
2450 4782 2612 4836 credit
2673 4784 2726 4835 in
2792 4798 2894 4847 me,
2952 4783 3088 4836 sicut
3141 4784 3274 4837 dixit
3306 4782 3609 4856 Scriptura,

2028 4876 2174 4946 ﬂuvii
2204 4891 2269 4928 ea:
2299 4875 2412 4945 ejus
2440 4884 2621 4929 ventre
2649 4876 2817 4947 ﬂuent
2841 4889 2996 4945 aqua:
3052 4877 3180 4930 vivae
3207 4882 3239 4941 ;“
3281 4879 3376 4931 hoc
3432 4887 3614 4933 autem

2028 4969 2238 5024 dicebat
2258 4969 2322 5021 de
2344 4966 2549 5035 Spiritu
2580 4984 2740 5038 quem
2776 4969 3043 5035 accepturi
3065 4977 3216 5022 erant
3255 4969 3521 5026 credentes
3559 4972 3615 5027 in

2027 5077 2146 5114 eum
2167 5059 2234 5113 ⁸⁸.
2261 5059 2726 5130 Psalmographus
2753 5074 2975 5129 quoque
2993 5059 3081 5114 his
3111 5062 3508 5117 convenienter
3530 5065 3617 5119 di-

2026 5151 2102 5205 cit
2134 5167 2147 5202 :
2190 5149 2429 5204 Laudate
2450 5165 2592 5213 eum,
2611 5148 2727 5203 caeli
2758 5147 3029 5215 caelorum,
3057 5157 3105 5205 et
3135 5168 3288 5222 aqua:
3314 5169 3430 5224 qua
3457 5170 3619 5225 super

2031 5246 2184 5296 catos
2212 5250 2336 5295 sunt
2357 5239 2575 5295 laudent
2605 5256 2794 5295 nomen
2820 5240 3054 5307 Domini,
3079 5245 3332 5312 quoniam
3360 5255 3437 5299 est
3465 5243 3619 5300 exul-

2035 5343 2209 5388 tutum
2242 5330 2310 5386 ⁸³.
2335 5332 2413 5388 Ea
2442 5332 2512 5388 de
2545 5348 2711 5387 causa
2745 5342 3035 5388 terrestres
3068 5343 3125 5388 et
3154 5336 3409 5391 cmlestes
3446 5353 3620 5408 aquas

2035 5426 2209 5495 magis
2233 5425 2626 5479 obtenebratas
2648 5424 2900 5481 nominat
2944 5425 3444 5497 Scriptura,'nobis
3491 5444 3621 5500 pec—

2035 5527 2159 5573 cato
2188 5516 2569 5573 ditllnentibus
2603 5518 2861 5573 tenebras
2894 5519 3105 5589 peccati
3160 5521 3460 5577 ostendens
3489 5521 3623 5577 insi-

2274 5636 2312 5668 “
2360 5638 2498 5693 Psal.
2537 5653 2714 5703 LXXVI,
2761 5638 2937 5694 lli-l8.
3046 5641 3089 5670 "
3119 5639 3255 5697 Psal.
3297 5654 3508 5708 cxtvnt,
3565 5640 3623 5710 7,
