3996 6296
486 249 552 311 87
564 245 585 310 1

1700 251 1758 311 S.
1796 250 2205 311 ANASTASH
2238 250 2572 313 SlNAlT/E

3652 252 3764 314 872

489 361 643 414 dere.
673 355 966 428 Separavit
989 365 1171 413 tamen
1201 349 1345 412 Deus
1397 357 1540 413 inter
1590 356 1770 415 lucem
1811 368 1869 415 et
1900 370 2063 416 tene-
2094 369 2139 428 Α
2167 360 2514 431 operatione,
2544 368 2603 414 et
2628 368 2681 414 te
2709 326 3131 428 apprehendent
3161 351 3404 416 tenebrae
3423 360 3763 431 caliginiset

494 452 641 515 bras,
673 450 920 523 expulsis
962 466 995 506 a
1046 452 1207 511 nobis
1250 452 1616 522 potestatibus
1662 453 2068 533 tenebrarum;

492 559 705 613 ponens
736 552 987 599 nostrum
1022 545 1266 600 medium
1289 545 1579 614 parietem,
1624 548 1946 615 angularem
1994 546 2073 601 la-

491 633 678 701 pidem
706 632 988 691 Christum
1018 651 1033 701 ;
1058 635 1127 689 de
1158 649 1268 705 quo
1295 634 1463 690 etiam
1482 637 1796 709 .subjungit,
1824 637 2018 694 dicens
2054 655 2068 691 :

498 724 702 781 l'ocavit
749 725 937 791 lucem,
974 727 1134 791 diem,
1182 734 1238 779 et
1294 727 1542 782 tenebras
1591 730 1790 783 vocavit
1842 736 2068 784 noctem.

490 816 610 871 Lux
636 826 740 885 est,
759 818 954 888 inquit,
986 834 1151 889 quem
1172 818 1339 875 etiam
1361 820 1512 875 diem
1537 835 1712 876 voco:
1740 836 1866 891 quin
1883 831 2071 878 autem

486 909 542 964 ei
578 910 941 965 adversantur
966 912 1222 967 tenebras
1248 920 1472 968 noctem
1508 913 1744 983 appello.
1778 912 1886 971 Et:
1939 913 2070 969 Am,

490 1001 671 1055 bulate
698 1003 860 1057 donec
892 1003 1059 1058 lucem
1084 1004 1320 1069 habetis;
1349 1005 1490 1059 venit
1518 1018 1646 1071 nos,
1676 1004 1888 1076 quando
1920 1020 2073 1061 neruo

486 1101 659 1165 potest
684 1097 896 1165 operari
926 1097 991 1149 ".
1024 1096 1135 1151 Nos
1164 1096 1311 1151 enim
1341 1111 1453 1150 non
1482 1111 1676 1151 sumus
1729 1096 1828 1152 ﬁlii
1868 1096 2070 1161 noctis,

492 1186 589 1242 sed
614 1186 722 1240 diei
746 1185 974 1242 Christi.
1006 1186 1112 1254 Qui
1147 1188 1295 1245 enim
1325 1188 1612 1243 dormiunt
1644 1202 1898 1244 somnum
1945 1203 2075 1258 pee-

496 1279 629 1344 cati,
662 1278 718 1332 in
750 1281 928 1334 noctis
953 1279 1202 1334 tenebris
1234 1277 1518 1335 dormiunt
1550 1287 1645 1334 :et
1672 1280 1767 1349 qui
1790 1280 2073 1335 inebrian-

492 1376 603 1433 tur,
630 1384 825 1424 rursus
853 1369 909 1422 in
953 1369 1070 1439 ipsa
1107 1379 1271 1424 nocte
1317 1368 1665 1423 inebriantur
1694 1385 1763 1424 ex
1808 1370 2072 1439 peccatis,

489 1459 636 1515 sicut
657 1460 822 1516 docet
845 1462 1050 1516 Paulus
1074 1460 1139 1515 ⁸⁷.
1172 1460 1239 1514 Et
1262 1460 1465 1531 factum
1481 1469 1557 1515 est
1578 1477 1777 1531 vesper,
1802 1469 1851 1514 et
1874 1462 2075 1530 factum

490 1560 567 1605 est
599 1569 753 1606 mane
782 1553 891 1607 dies
919 1570 1077 1606 unus.
1110 1551 1229 1606 Non
1260 1551 1400 1606 dixit
1429 1570 1442 1605 :
1484 1551 1607 1605 Dies
1658 1551 1862 1622 primus
1887 1568 1907 1617 ,'
1952 1551 2069 1616 sed,

488 1641 612 1695 Dies
641 1660 800 1709 unus,
832 1659 943 1697 non
970 1642 1101 1697 duo.
1154 1642 1264 1699 Hoc
1326 1644 1638 1713 mysterium
1692 1660 1944 1713 magnum
1998 1653 2074 1698 est

492 1738 714 1804 (vesper
756 1741 815 1789 et
845 1738 1050 1800 mane),
1084 1751 1179 1806 ego
1215 1744 1393 1790 autem
1425 1735 1539 1788 dico
1567 1736 1623 1788 in
1655 1732 1859 1790 Christo
1889 1744 1938 1788 et
1969 1734 2072 1790 Eas
2098 1727 2143 1781 8

488 1825 650 1880 etesia
687 1825 754 1889 ⁸⁸,
785 1842 907 1895 qure
934 1826 1233 1897 aliquando
1268 1836 1393 1881 crat
1422 1842 1624 1896 vesper
1657 1827 1981 1889 obscurum,
2015 1827 2068 1883 ei

486 1924 673 1972 autem
697 1902 846 1970 unita
869 1930 998 1971 vera
1022 1918 1143 1972 luce
1167 1921 1394 1972 fuerunt
1413 1917 1524 1974 duo
1544 1918 1605 1991 in
1630 1933 1855 1973 carnem
1880 1933 2066 1984 unam,

490 2008 548 2063 in
576 2024 744 2065 unum
775 2007 918 2063 lueis
964 2008 1116 2063 diem
1163 2010 1257 2078 qui
1302 2009 1581 2063 illuminat
1623 2024 1845 2064 omnem
1888 2009 2071 2065 homi-

492 2116 615 2155 nem
665 2099 976 2155 venientem
1013 2100 1374 2155 inmundum
1432 2100 1559 2156 ﬁdei
1617 2100 1847 2156 Christi.
1892 2102 2068 2167 Quem

488 2190 692 2246 deinde
740 2190 980 2246 initiavit
1026 2191 1323 2264 baptismo,
1352 2207 1478 2247 cum
1512 2191 1729 2247 diceret
1758 2210 1772 2245 :
1801 2191 1870 2246 Et
1899 2190 2071 2262 δρὶνία

406 2336 419 2347 ,
486 2292 576 2337 tus
623 2283 720 2337 Dei
769 2282 1038 2354 ferebatur
1087 2299 1249 2352 super
1300 2300 1491 2354 aquas,
1534 2299 1634 2353 per
1689 2282 1956 2353 Spiritum
2013 2292 2071 2339 et

488 2391 688 2445 aquam
715 2375 895 2447 ipsum
926 2354 1226 2432 ostendens
1258 2395 1270 2430 :
1298 2391 1397 2447 per
1427 2391 1591 2445 quem
1621 2385 1677 2432 et
1716 2377 1896 2449 ipsum
1933 2392 2070 2446 pur-

486 2465 636 2535 gavit
662 2464 734 2519 ab
786 2465 1031 2535 antiquis
1088 2465 1369 2526 sordibus,
1397 2474 1455 2520 et
1508 2465 1699 2521 docuit
1744 2468 2069 2537 mysterium

490 2558 949 2627 regenerationis,
972 2558 1103 2628 quia
1135 2558 1311 2613 dixit:
1346 2557 1472 2612 Fiat
1497 2558 1740 2631 Iussbper
1768 2559 1920 2630 quod
1950 2576 2073 2616 ver-

490 2649 621 2704 bum
676 2657 729 2703 et
776 2650 975 2704 bonam
1020 2650 1190 2704 vitam
1217 2651 1288 2705 ab
1330 2639 1778 2721 eomxegivlquw
1811 2661 2071 2722 tanquam

492 2739 585 2792 lux
607 2739 790 2793 luceat
816 2746 944 2795 ante
972 2739 1166 2793 faciem
1194 2740 1316 2809 ejus
1339 2756 1352 2791 :
1388 2738 1765 2811 n‘ifcontingat
1792 2755 2072 2803 cumesse

490 2830 708 2900 pigrum
732 2829 801 2884 ad
830 2829 1079 2884 intonsos
1100 2837 1157 2885 et
1179 2830 1539 2886 vehementes
1568 2832 1799 2887 sudores
1828 2833 2068 2902 virtutis,

460 2920 465 2925 ’
494 2928 554 2974 ut
608 2921 705 2990 qui
758 2934 869 2975 non
906 2921 979 2975 sit
1012 2920 1314 2977 habiturus
1341 2937 1577 2979 coronas
1607 2932 1885 2979 tantorum
1907 2926 2074 2981 sudo-

489 3027 612 3067 rum
662 3028 899 3083 quorum
962 3022 1091 3069 sunt
1139 3014 1440 3083 participes
1468 3014 1639 3069 futuri
1668 3017 1763 3086 qui
1796 3016 2067 3073 laborant.

486 3102 630 3158 Eum
684 3104 850 3163 docet
902 3105 1067 3160 etiam
1122 3105 1446 3174 mysterium
1508 3106 1954 3171 resurrectionis,
2015 3116 2071 3164 et

491 3197 629 3251 dicit
656 3215 670 3250 :
700 3198 779 3253 Ne
802 3207 966 3268 putes
989 3197 1057 3251 ad
1085 3196 1300 3251 nullum
1326 3196 1547 3253 lucrum
1575 3198 1674 3254 tibi
1704 3213 1827 3255 esse
1851 3200 2066 3255 reditu-

488 3305 552 3344 ra
583 3290 904 3345 certamina.
946 3291 1065 3345 Non
1098 3292 1171 3348 ita
1216 3291 1362 3357 erit;
1405 3291 1499 3346 sed
1537 3291 1645 3346 erit
1676 3291 1777 3346 tibi
1815 3307 2068 3362 vespera,

489 3396 593 3452 per
618 3388 852 3436 mortem
880 3382 1093 3437 scilicet
1119 3391 1401 3439 contracta
1432 3400 1445 3436 :
1478 3391 1537 3438 et
1564 3382 1790 3439 vacabis
1815 3383 1886 3438 ab
1919 3383 2071 3440 omni

497 3579 709 3596 ἀφ-.-

718 3584 994 3599 m-

996 3585 1296 3597 “om

2172 452 2469 508 eiecita'tis.
2500 450 2712 507 Deinde
2736 460 2930 520 poStca
2968 449 3064 505 ﬁet
3102 451 3200 506 tibi
3228 465 3390 509 mane
3421 468 3435 505 :
3468 468 3675 523 nempe
3698 462 3764 509 et.

2169 547 2288 603 illic
2343 557 2433 604 est
2482 546 2602 602 dies
2642 545 3097 610 resurrectionis,
3140 552 3206 601 et
3234 545 3504 601 exoriens
3540 547 3630 601 sol
3662 548 3761 617 qui

2174 634 2323 691 cadit
2344 633 2449 693 sub
2489 633 2936 705 intelligentiam,
2987 633 3163 688 solvet
3195 631 3761 699 mortalem'aoctem,

2168 735 2231 783 et
2268 734 2326 781 te
2362 725 2586 781 vocabit
2625 734 2687 780 ut
2710 724 3138 795 expergiscar-is,
3162 731 3230 780 et
3255 724 3338 779 sic
3368 722 3586 779 videbis
3614 724 3766 779 divi-

2166 834 2307 874 num
2345 818 2481 874 illud
2532 832 2693 873 mane
2746 816 2896 886 quod
2936 816 3170 886 quidem
3221 816 3404 871 Moses
3451 816 3768 871 nominavit

2170 908 2344 964 diem.
2366 908 2557 979 Neque
2581 907 2722 964 dixit
2742 906 2889 962 diem
2906 906 3152 977 prinum
3182 924 3196 960 :
3223 906 3371 977 quod
3393 906 3571 977 magis
3590 923 3766 977 opor-

2168 1000 2350 1064 tebat,
2395 1008 2455 1057 et
2479 1000 2628 1055 diem
2653 1006 2967 1055 amentum
3006 1014 3304 1056 recensere
3331 1000 3588 1055 oratione
3616 1017 3630 1052 :
3663 1000 3762 1055 sed

2175 1093 2440 1164 quoniam
2468 1092 2653 1165 typice
2682 1092 3063 1162 pmnarrubat
3094 1092 3253 1146 illum
3287 1090 3566 1155 futurum,
3590 1107 3767 1161 quem

2175 1199 2287 1239 non
2316 1183 2629 1240 metitmtur
2654 1183 2893 1254 bonast
2913 1190 3142 1253 puncta,
3175 1188 3236 1237 et
3259 1182 3358 1253 qui
3382 1191 3549 1236 nocte
3587 1182 3763 1236 inter-

2170 1275 2456 1344 rumpitur
2480 1317 2496 1341 ,
2527 1274 2642 1345 ,sed
2682 1284 2771 1330 est
2813 1282 3120 1346 perpetuus
3173 1282 3232 1329 et
3278 1273 3604 1338 continuus,
3634 1288 3763 1329 eum

2183 1367 2494 1423 nominavit
2518 1382 2715 1434 unum,
2742 1367 2918 1438 utqui
2944 1381 3166 1435 semper
3180 1366 3443 1421 similiter
3477 1375 3537 1420 et
3565 1366 3763 1420 eodem

2171 1460 2342 1516 modo
2372 1476 2433 1517 se
2469 1460 2673 1525 habeat
2704 1478 2717 1514 :
2759 1469 2818 1515 et
2853 1476 2965 1515 non
2991 1460 3256 1530 primum,
3278 1468 3583 1531 propterea
3612 1460 3765 1528 quod

2170 1568 2281 1609 nec
2306 1553 2533 1609 omnino
2558 1553 3056 1609 circumscribatur
3082 1553 3301 1608 ultimo.
3337 1553 3593 1608 Primum
3614 1554 3764 1611 enim

2168 1657 2233 1702 et
2255 1646 2514 1701 ultimum
2536 1650 2671 1700 sunt
2693 1644 2969 1715 ejusmodi
2994 1652 3057 1699 ut
3079 1644 3393 1700 referuntur
3414 1643 3483 1699 ad
3507 1643 3763 1712 aliquid:

2168 1738 2289 1794 illic
2324 1748 2513 1799 autem
2549 1738 2690 1794 nihil
2730 1738 2837 1793 tale
2866 1738 3033 1807 quale
3060 1737 3246 1792 oritur
3276 1736 3566 1801 Christus.
3600 1736 3766 1790 luve-

2168 1830 2295 1887 nies
2361 1839 2548 1886 autem
2605 1845 2704 1887 eos
2765 1830 2933 1891 etiam
2992 1829 3090 1899 qui
3130 1837 3262 1884 sunt
3296 1837 3459 1884 extra
3502 1828 3763 1899 gratiam,

2168 1920 2363 1975 eadem
2436 1918 2553 1975 fere
2622 1918 2832 1974 dicere.
2913 1917 3240 1989 Pythagorei
3302 1916 3454 1973 enim
3517 1916 3764 1987 primum

2166 2008 2319 2065 diem
2369 2008 2601 2074 Iliensis,
2651 2024 2764 2063 non
2797 2008 3063 2078 primum,
3102 2006 3203 2064 sed
3238 2007 3477 2063 similem
3508 2007 3763 2063 nomina-

2171 2110 2301 2155 runt
2328 2112 2341 2153 :
2368 2116 2502 2168 non,
2526 2110 2587 2156 ut
2605 2101 2826 2171 opinor,
2849 2099 3062 2156 visione
3085 2098 3571 2169 apprehendentes
3592 2098 3760 2152 vitam

2169 2191 2325 2247 illam
2359 2191 2824 2257 indissolubilem,
2862 2190 2958 2248 sed
2984 2191 3204 2247 interim
3230 2205 3358 2246 eam
3392 2191 3476 2247 sic
3501 2191 3759 2245 nomina-

2172 2290 2393 2338 verunt.
2424 2282 2664 2354 Egyptii
2696 2298 2922 2353 quoque
2971 2298 3127 2338 sacra
3188 2283 3403 2337 ratione
3454 2282 3758 2338 draconem

2166 2376 2268 2445 qui
2300 2383 2461 2429 vorat
2484 2376 2716 2431 caudam
2738 2374 3061 2444 insculpunt
3084 2374 3138 2428 in
3164 2372 3569 2444 pyramidibus,
3593 2383 3759 2429 arter-

2168 2482 2298 2523 nam
2331 2474 2387 2521 et
2414 2465 2762 2522 individuam
2796 2465 3287 2522 eireumactionem
3319 2465 3636 2521 divinarum
3671 2480 3758 2520 re-

2171 2573 2299 2613 rum
2334 2558 2749 2629 signiﬁcantes;
2781 2557 3080 2613 draconem
3106 2556 3257 2612 enim
3286 2558 3344 2612 in
3380 2557 3516 2613 deos
3546 2557 3758 2612 refere-

2170 2650 2593 2722 bantAEgyptii.
2640 2649 2894 2719 Orpheus
2935 2658 3125 2705 autem
3164 2649 3342 2703 Deum
3380 2648 3611 2703 vocabat
3658 2666 3755 2718 μο-

2174 2741 2647 2805 νάδα,υηὶιειοιη,
2691 2740 2748 2795 id
2784 2748 2893 2805 est,
2940 2740 3313 2795 individuum.
3366 2739 3560 2809 Neque
3609 2740 3758 2794 enim

2172 2832 2562 2902 sesquialtera,
2589 2842 2688 2887 aut
2715 2832 3099 2902 sesquitertia,
3129 2841 3226 2886 aut
3267 2831 3452 2901 aliqua
3491 2831 3601 2885 alia
3634 2847 3759 2900 pars

2172 2923 2396 2977 numeri
2426 2933 2512 2978 est
2538 2923 2594 2977 in
2619 2922 2760 2992 ipso.
2793 2922 2985 2978 Diﬁ‘ert
3021 2931 3211 2979 autem
3262 2922 3448 2976 unitas
3498 2921 3569 2975 ab
3625 2936 3755 2983 uno,

2174 3025 2453 3087 quatenus
2475 3016 2837 3086 archetypum
2866 3015 3054 3070 diﬁ‘crt
3074 3014 3146 3071 ab
3182 3014 3440 3085 imagine.
3463 3014 3759 3084 Exemplar

2174 3109 2399 3180 quidem
2423 3117 2509 3164 est
2530 3109 2733 3173 unitas,
2765 3107 2996 3162 unitatis
3019 3116 3207 3163 autem
3236 3092 3648 3163 imitamentum
3673 3116 3758 3162 est

2175 3218 2347 3257 unum
2379 3220 2393 3255 :
2425 3202 2705 3273 quomodo
2731 3202 2812 3255 sol
2832 3211 2919 3257 est
2962 3201 3367 3259 imitamentum
3411 3200 3584 3254 unius
3636 3201 3759 3254 uni-

2179 3295 2331 3359 tatis,
2364 3295 2520 3360 Jesu,
2568 3294 2812 3365 inquam.
2853 3294 2962 3364 Ipsi
2992 3292 3065 3349 sit
3090 3293 3270 3363 gloria
3310 3300 3368 3349 et
3406 3294 3654 3362 potentia
3701 3293 3757 3347 iu

2179 3386 2377 3442 secula
2403 3386 2753 3442 saeculorum.
2784 3385 2983 3440 Amen.

1559 3751 1937 3839 LIBER
2011 3749 2665 3844 SECUNDUS.

1655 3944 1737 4011 DE
1768 3942 2059 3986 SECUNDO
2092 3941 2200 3985 DIE
2231 3943 2629 3994 CREATIONIS.

558 4218 750 4275 Primo
789 4218 877 4274 die
924 4219 1128 4275 factum
1183 4228 1268 4275 est
1322 4219 1508 4274 velum
1554 4220 1862 4290 superioris
1915 4220 2064 4285 coeli,
2102 4221 2144 4277 D
2174 4220 2352 4291 posito
2382 4222 2486 4277 sub
2513 4236 2652 4293 aqua
2685 4214 3044 4292 ﬁrmamenti,
3080 4228 3183 4285 sub
3207 4231 3342 4298 sole,
3366 4232 3616 4304 inquam,
3639 4238 3757 4308 ejus

456 4309 638 4381 quod
696 4310 1102 4380 appropinquat
1156 4309 1393 4366 Sanctus
1449 4312 1792 4375 sanctorum,
1840 4326 1950 4381 quo
1984 4310 2068 4366 in-

486 4403 649 4458 troiit
674 4419 981 4473 praecursor
1002 4418 1103 4472 pro
1123 4403 1284 4458 nobis
1306 4403 1563 4460 Christus
1583 4405 1649 4459 ⁶⁹.
1677 4404 1753 4459 Ea
1776 4403 1844 4459 de
1876 4419 2063 4469 causa,

482 4492 555 4546 de
583 4501 805 4557 cmtero,
834 4492 1080 4548 secundo
1109 4491 1199 4546 die
1241 4492 1302 4545 ﬁt
1361 4493 1667 4547 secundum
1710 4503 1770 4548 et
1820 4497 2067 4553 exterius

484 4585 691 4645 Velum,
713 4583 861 4653 quod
883 4583 1092 4638 dicitur
1118 4601 1132 4637 :
1159 4583 1572 4638 Firmamentum
1605 4585 1664 4638 in
1686 4585 1856 4639 medio
1889 4601 2065 4657 aqua:

480 4673 633 4745 quod
671 4673 896 4743 quidem
931 4682 1018 4729 est
1054 4674 1460 4728 ﬁrmamentum
1501 4672 1629 4729 ﬁdei
1671 4674 1727 4737 in
1754 4674 2061 4732 Christum.

485 4764 606 4821 Non
632 4766 832 4822 fuisset
856 4774 1043 4820 autem
1072 4765 1180 4820 hoc
1202 4764 1433 4831 factum,
1456 4765 1562 4821 nisi
1591 4766 1746 4838 prius
1768 4776 1897 4824 nata
1919 4776 2067 4824 esset

485 4858 583 4913 lux
616 4877 630 4913 :
682 4872 882 4928 nempe
919 4866 1212 4929 postquam
1255 4857 1448 4914 datum
1482 4858 1900 4931 iuitbaptisma,
1931 4859 2067 4915 ﬁdes

482 4947 759 5020 sequitur.
793 4947 912 5003 Non
960 4949 1021 5002 lit
1067 4956 1250 5005 autem
1298 4958 1453 5005 extra
1492 4966 1691 5021 aquam
1737 4952 1844 5006 hoc
1883 4951 2066 5006 ﬁrma-

485 5049 755 5107 mentum,
806 5040 903 5096 sed
944 5039 1000 5094 in
1045 5040 1229 5096 medio
1271 5056 1428 5111 aqua:
1449 5042 1696 5097 omnium
1723 5042 1968 5113 gentium
1998 5058 2068 5098 ex

484 5146 549 5185 ea
580 5140 924 5198 concretum,
955 5133 1217 5205 quoniam
1249 5134 1367 5204 fecit
1389 5132 1528 5188 Deus
1552 5132 1783 5189 salutem
1806 5136 1864 5189 in
1894 5137 2066 5192 medio

484 5230 643 5278 terra:
701 5222 771 5290 ⁷ο,
819 5232 1012 5295 utpote
1061 5225 1155 5294 qui
1185 5224 1521 5280 habitaverit
1556 5224 1613 5278 in
1640 5224 1824 5281 medio
1859 5226 2065 5282 terreni

468 5313 629 5368 .utcri
662 5314 908 5387 Virginis
944 5334 955 5369 :
988 5323 1046 5371 et
1071 5316 1309 5371 salutem
1339 5314 1532 5371 mundi
1555 5314 1752 5371 fecerit
1778 5328 2066 5387 compacto

481 5402 831 5463 ﬁrmamento
875 5409 1054 5464 sancti
1093 5410 1180 5465 sui
1213 5409 1467 5481 corporis
1511 5408 1569 5464 in
1598 5408 1784 5465 medio
1814 5409 2067 5466 incorru-

462 5506 591 5573 ,μη
625 5500 891 5567 metricis,
951 5501 1120 5559 fontis
1171 5503 1299 5558 vita:
1335 5503 1535 5573 puellae
1581 5503 1677 5559 Dei
1740 5503 1973 5572 Matris;
2008 5516 2066 5560 et

555 5630 601 5663 ⁶⁴⁸
635 5630 791 5685 Joan.
824 5648 902 5689 ιιι.
935 5634 964 5686 ι
994 5651 1008 5691 :
1043 5650 1134 5692 ιιι.
1166 5635 1255 5690 35.

482 5698 526 5733 Ἣ
562 5701 754 5755 Matth.
789 5717 896 5768 va,
937 5703 1025 5754 18.
1102 5704 1146 5734 τ’
1187 5706 1378 5758 Matth.
1411 5722 1464 5773 ι,
1504 5707 1587 5761 l6.

1348 5636 1391 5667 ⁸⁷
1430 5636 1445 5688 1
1478 5637 1671 5714 Thess.
1731 5652 1782 5703 γ,
1817 5639 1869 5693 7.
1948 5640 1993 5671 ⁶⁸
2045 5639 2245 5712 Ephes.
2282 5659 2331 5708 v,
2359 5644 2447 5697 '52.
2528 5644 2575 5676 ⁸³
2614 5644 2653 5698 ll
2679 5647 2772 5702 δὺν.
2826 5662 2898 5714 vt,
2937 5648 3026 5703 20.

2172 4313 2508 4369 divinitatis.
2550 4315 2610 4370 In
2632 4315 2738 4371 hoc
2775 4317 3146 4386 ﬁrmamento,
3182 4324 3307 4389 ﬁde,
3342 4325 3589 4396 inquam,
3621 4330 3755 4384 aedi-

2175 4403 2359 4459 ﬁeavit
2407 4405 2617 4471 lunam,
2654 4407 2977 4473 Ecclesium,
3020 4411 3213 4468 dicens
3247 4414 3362 4471 fore
3391 4425 3451 4471 ut
3477 4430 3647 4488 porta:
3676 4423 3759 4473 in-

2174 4494 2312 4565 ferni
2342 4511 2448 4550 non
2482 4500 2833 4566 prtevalerent
2863 4501 3112 4557 adversus
3144 4521 3262 4559 eam
3301 4508 3367 4561 ".
3395 4507 3553 4564 Unde
3589 4513 3754 4566 etiam

2174 4585 2389 4642 ﬁrmata
2417 4587 2520 4642 fuit
2547 4588 2601 4643 in
2626 4590 2812 4645 medio
2844 4608 3141 4662 aquarum,
3184 4598 3512 4655 inconcussa
3548 4601 3607 4655 in
3643 4620 3756 4658 me-

2173 4677 2283 4734 diis
2311 4679 2593 4745 ﬂuctibus,
2636 4684 2837 4747 ventis,
2874 4687 3153 4756 procellis,
3175 4698 3232 4743 et
3255 4690 3751 4749 innumerabilibus

2175 4773 2603 4843 tempestatibus
2625 4776 2945 4845 passionum
2989 4787 3047 4834 ct
3098 4780 3387 4837 baeresum.
3440 4782 3537 4839 Sic
3586 4786 3750 4841 etiam

2168 4883 2270 4923 eos
2298 4867 2390 4938 qui
2444 4883 2565 4923 eam
2616 4868 2983 4937 mdiﬁearunt,
3034 4871 3185 4926 misit
3239 4881 3499 4938 tanquam
3534 4892 3657 4931 oves
3699 4880 3751 4929 in

2172 4959 2348 5014 medio
2388 4959 2637 5031 luporum
2671 4962 2755 5015 ":
2789 4962 3058 5027 virorum,
3102 4964 3348 5033 inquam,
3381 4966 3478 5035 qui
3511 4969 3663 5023 caede
3692 4984 3752 5023 ac

2173 5051 2441 5123 sanguine
2470 5051 2857 5115 delectantur;
2885 5052 3121 5108 dicens:
3163 5054 3227 5109 In
3280 5058 3450 5111 medio
3489 5075 3749 5129 aquarum

2173 5143 2270 5211 ﬁat
2320 5138 2743 5212 ﬁrmamentum,
2788 5156 2986 5216 nempe
3023 5146 3162 5203 ﬁdes
3208 5148 3363 5203 ﬁrma
3394 5151 3746 5220 prmdicetnr,

2173 5251 2245 5290 nc
2270 5236 2509 5305 amplius
2560 5236 2950 5293 discindantur
2996 5240 3389 5312 agitenturque
3434 5252 3495 5297 et
3541 5244 3749 5299 diﬁ‘un-

2174 5328 2377 5383 dantur
2424 5343 2607 5398 aqum,
2629 5328 2883 5400 gentiles,
2942 5330 3065 5386 aliis
3093 5331 3318 5398 quidem
3347 5333 3663 5389 dicentibus
3691 5350 3746 5389 se

2173 5434 2294 5475 esse
2332 5421 2506 5486 Petri,
2532 5421 2659 5477 aliis
2681 5436 2824 5476 vero
2855 5422 3032 5486 Pauli,
3056 5424 3181 5478 aliis
3218 5440 3350 5480 vero
3377 5424 3582 5496 Cephie
3614 5443 3629 5480 :
3655 5425 3746 5480 sed

2176 5509 2427 5567 ﬁrmetur
2456 5528 2652 5567 eorum
2692 5528 2866 5575 mare,
2899 5522 2960 5568 ut
2983 5531 3085 5586 ego
3111 5517 3388 5571 ambulem
3429 5533 3597 5586 super
3629 5521 3747 5589 ejus

3124 5648 3166 5680 ⁷⁸
3221 5648 3361 5705 Psal.
3391 5665 3579 5715 tum,
3624 5649 3708 5705 l2.
