3996 6296
178 228 282 289 8'33

1273 221 1354 281 IN
1395 214 1944 279 HEXAEMERON.
1976 241 2041 251 --
2065 217 2207 276 LIB.
2252 216 2333 275 II.

3330 200 3434 263 δτι

178 357 349 412 aquas
380 348 437 395 et
485 340 792 396 inhabitem
819 348 876 395 et
907 336 1244 393 inambulem
1275 334 1334 388 in
1360 334 1623 391 cordibus
1652 348 1751 386 ευ·
1783 342 1823 390 Α
1855 346 1963 385 non
1999 341 2184 386 autem
2215 340 2410 386 natura
2442 346 2455 381 :
2488 341 2713 382 necesse
2738 334 2818 379 est
2846 323 2917 378 ob
2943 331 3172 393 typicas,
3202 317 3299 373 sed
3324 334 3431 371 nun

180 449 299 489 rum
332 434 388 486 in
426 431 611 486 medio
640 447 796 500 aqum
819 431 975 495 vivae,
1011 427 1117 483 ﬁde
1152 444 1165 481 :
1199 434 1255 482 et
1293 441 1449 497 aquae
1503 433 1753 485 morture,

179 523 585 580 incredulitate.
641 523 778 578 Nam
807 522 852 577 si
888 533 973 576 est
1012 518 1273 583 inﬁdelis,
1302 527 1590 587 separetur
1616 515 1758 569 ziza-

180 621 269 675 nia
307 635 337 674 a
376 618 585 681 tritico,
628 616 784 685 palea
807 630 837 668 a
866 630 1016 685 pane
1041 629 1054 666 :
1097 611 1217 666 Non
1244 610 1393 666 enim
1417 610 1535 663 veni
1559 617 1615 662 ut
1634 609 1758 661 mit~

181 720 345 765 terem
387 725 571 778 pacem
622 707 667 738 ⁷³
701 706 843 761 lucis
870 704 938 760 ad
978 703 1254 765 tenebras,
1291 700 1387 755 sed
1423 708 1484 753 ut
1520 698 1760 752 facerem

181 799 590 869 separationem
620 798 677 851 in
703 796 885 850 medio
921 792 1216 863 serpentis.
1254 792 1312 846 Si
1343 799 1550 854 autem,
1588 797 1649 843 ut
1677 797 1762 843 est

183 898 656 951 consentaneum,
714 870 827 939 non
882 883 1203 939 verisimilis
1258 880 1518 936 videatur
1560 879 1759 942 oratio,

183 980 416 1035 ostendo
443 979 543 1034 tibi
569 980 626 1032 in
646 977 878 1048 singulis
912 988 1008 1030 sex
1062 974 1315 1039 dierum,
1349 972 1523 1027 Deum
1567 969 1764 1025 fecisse

184 1066 424 1142 aliquam
489 1069 809 1140 hujusmodi
884 1065 1329 1138 separationem:
1385 1062 1763 1131 exemplorum

186 1163 565 1228 multitudine,
595 1162 763 1224 forte,
794 1159 1214 1217 teliberaturus
1242 1156 1312 1211 ab
1350 1153 1762 1210 incredulitate.

185 1257 372 1312 Primo
394 1270 524 1326 ergo
558 1254 647 1309 die
679 1253 822 1308 facta
851 1262 936 1307 est
957 1250 1232 1322 separatio
1256 1247 1398 1303 lueis
1422 1262 1454 1301 a
1477 1244 1722 1301 tenebris
1746 1260 1763 1309 ;

186 1347 295 1402 hoc
316 1347 428 1411 die,
456 1347 600 1401 facta
627 1353 713 1401 est
736 1344 1016 1414 separatio
1039 1357 1198 1412 aquae
1229 1350 1287 1395 et
1336 1354 1529 1409 aqum;
1578 1336 1763 1400 tertio,

187 1438 459 1510 separatio
501 1449 662 1493 terra:
689 1437 758 1492 ah
791 1435 951 1506 aquis
982 1452 997 1503 ;
1027 1441 1248 1506 quarto,
1275 1429 1551 1501 separatio
1599 1426 1767 1482 lumi-

187 1533 404 1587 narium
429 1531 577 1585 inter
597 1530 745 1585 diem
773 1538 830 1584 et
862 1518 1082 1583 noctem
1111 1544 1126 1593 ;
1160 1535 1315 1581 sexto
1344 1524 1455 1589 die,
1483 1519 1768 1577 distinctio

187 1632 245 1679 et
269 1618 471 1676 divisio
500 1620 784 1675 hominum
812 1628 868 1674 et
893 1619 1206 1674 volucrum.
1232 1614 1391 1682 Quod
1412 1613 1457 1669 si
1474 1604 1589 1668 non
1610 1610 1769 1667 facile

189 1715 471 1779 admittas,
515 1728 615 1783 per
661 1712 846 1766 omnia
893 1708 1191 1780 signiﬁcari
1219 1707 1549 1767 divisionem
1582 1701 1772 1759 Eccle—

189 1807 285 1862 sia:
314 1805 383 1860 ab
413 1819 607 1859 errore
634 1812 694 1861 et
721 1800 1130 1865 incredulitate,
1157 1798 1249 1854 die
1275 1797 1411 1853 mihi
1433 1808 1672 1866 quanam
1703 1791 1771 1846 de

188 1914 377 1964 causa,
404 1905 501 1957 aut
527 1894 662 1966 quid
691 1910 833 1964 opus
862 1902 983 1949 erat
1006 1893 1116 1948 Deo
1156 1907 1247 1946 res
1274 1891 1421 1946 inter
1453 1902 1513 1942 se
1536 1885 1772 1957 conjun-

184 2006 341 2063 gere,
371 1997 428 2043 et
461 1987 663 2043 deinde
697 2001 793 2040 eas
822 2000 854 2039 a
888 2000 947 2040 se
983 1998 1243 2052 separare
1266 1979 1514 2038 secundo
1539 1975 1772 2032 ordine?

186 2081 308 2141 Hoc
332 2081 480 2136 enim
523 2088 609 2135 est
648 2079 866 2148 signum
918 2075 1145 2131 artiﬁcis
1194 2074 1419 2128 minime
1477 2068 1768 2140 ingeniosi.

187 2174 334 2230 Dicit
357 2172 504 2227 enim
536 2188 551 2225 :
587 2170 659 2226 Et
686 2170 807 2241 fecit
838 2167 1242 2237 ﬁrmamentum
1268 2164 1433 2229 Deus,
1463 2161 1558 2233 qui
1589 2158 1776 2215 ﬁrma-

187 2251 273 2319 vit
307 2272 508 2316 terram
543 2261 790 2317 hominis
819 2274 988 2330 super
1031 2256 1300 2328 piscinam
1334 2272 1348 2311 :
1399 2262 1455 2309 et
1497 2250 1772 2327 separavit

188 2358 339 2416 Deus
360 2355 417 2409 in
446 2353 631 2409 medio
656 2368 814 2430 aqua:
844 2367 969 2423 quae
997 2358 1118 2409 erat
1142 2365 1311 2423 super
1329 2338 1769 2407 ﬁrmamentum:

189 2446 263 2503 Et
288 2446 484 2516 factum
515 2450 588 2497 est
622 2444 695 2496 sic
731 2450 781 2496 et
810 2440 1010 2494 vocavit
1048 2437 1187 2492 Deus
1239 2435 1643 2506 ﬁrmamentum
1674 2447 1775 2486 C(3-

193 2540 309 2591 Ium
334 2554 351 2602 ;
376 2544 423 2589 et
452 2535 582 2589 vidit
603 2532 743 2587 Deus
770 2531 909 2605 quod
941 2541 1069 2585 esset
1109 2528 1321 2582 bonum.
1358 2523 1502 2592 Quid
1547 2537 1774 2578 necesse

189 2637 317 2685 erat
357 2627 466 2691 die,
506 2640 716 2695 quaeso,
750 2624 933 2678 facere
960 2621 1067 2675 hoc
1091 2617 1394 2675 secundum
1425 2615 1607 2670 velum
1630 2632 1643 2668 :
1665 2628 1777 2668 cm-

189 2721 332 2787 lum,
357 2720 604 2789 inquam,
641 2715 790 2789 quod
850 2713 1058 2771 dicitur
1110 2708 1567 2775 ﬁrmamentum?
1610 2705 1771 2762 Suili-

188 2813 377 2869 ciebat
409 2811 558 2871 enim
586 2808 831 2883 primum
869 2806 1075 2870 omium
1100 2804 1169 2859 ad
1193 2804 1358 2861 situm
1385 2801 1517 2859 solis
1550 2808 1608 2855 et
1629 2801 1775 2855 luam

188 2917 248 2964 et
274 2906 557 2961 stellarum
586 2903 654 2958 ad
687 2899 1103 2957 illuminandam
1134 2908 1356 2953 terram.
1380 2896 1436 2951 Si
1460 2904 1647 2951 autem
1668 2894 1775 2948 hoc

186 2997 422 3052 omnino
452 3009 679 3049 necesse
710 2999 831 3046 erat
853 2989 995 3055 ﬁeri,
1024 3004 1127 3043 cur
1158 3003 1271 3042 non
1299 2984 1606 3041 secundum
1634 2998 1774 3054 quo-

183 3104 301 3158 que
332 3087 535 3142 emlum
582 3086 728 3140 sicut
765 3083 1007 3153 primum
1042 3080 1148 3151 fuit
1185 3078 1482 3149 indigena:
1517 3075 1615 3132 sed
1650 3084 1773 3136 tau-

185 3195 360 3250 quam
391 3194 459 3232 ex
505 3177 686 3249 aliqua
726 3182 957 3251 externa
983 3171 1231 3243 regione,
1260 3171 1443 3241 ipsum
1479 3167 1677 3235 extulit
1707 3182 1774 3222 ex

188 3278 345 3323 terra
369 3276 517 3322 et-ex
541 3269 662 3336 ejus
684 3264 856 3336 guttis
881 3264 904 3317 ?
935 3261 1250 3339 Superioris
1274 3275 1403 3329 ergo
1430 3258 1556 3313 cmli
1580 3266 1772 3313 natura

184 3357 777 3429 incomprehensibilis
816 3353 952 3410 mihi
987 3352 1210 3407 videtur
1254 3349 1459 3405 habere
1490 3356 1678 3422 typum
1707 3362 1776 3402 ac

181 3454 424 3524 ﬁgurant
503 3448 811 3504 divinitatis
880 3443 1294 3517 inaSpectabilis
1349 3448 1404 3495 et
1466 3440 1777 3509 incompre-

183 3543 525 3601 hensibilis:
600 3541 1006 3595 ﬁrmamentum
1056 3544 1264 3599 autem,
1323 3530 1474 3603 quod
1535 3530 1604 3587 ab
1664 3529 1776 3583 imo

179 3635 463 3696 ascendit,
507 3632 675 3685 habet
724 3631 953 3699 ﬁguram
991 3624 1199 3681 Christi
1253 3621 1612 3677 humanitatis
1678 3636 1774 3674 seu

177 3724 399 3781 carnis.
464 3722 619 3791 Aqua
668 3729 850 3774 autem
888 3733 1012 3791 quae
1063 3730 1189 3771 cum
1239 3729 1306 3768 eo
1340 3713 1410 3767 ab
1441 3713 1554 3768 imo
1581 3726 1775 3766 ascen-

181 3819 277 3875 dit
350 3827 409 3871 et
489 3813 791 3882 intercepta
874 3809 982 3866 fuit
1057 3807 1118 3861 iu
1196 3803 1379 3861 medio
1455 3802 1656 3879 primi,
1719 3811 1776 3858 et

182 3906 344 3981 quod
402 3903 624 3975 proprie
681 3910 768 3957 est
810 3899 938 3957 cmli
980 3909 1036 3954 et
1069 3897 1235 3969 hujus
1266 3895 1598 3953 ﬁrmamenti
1627 3893 1773 3964 quod

182 3996 443 4055 ascendit
493 3994 563 4049 ab
620 3994 778 4048 imo:
838 3989 1107 4046 describit
1141 3987 1436 4058 imaginem
1477 3985 1776 4056 impolluta

181 4089 361 4162 365
389 4089 509 4159 ejus
550 4086 746 4141 anima:
773 4100 896 4155 qua:
919 4092 1002 4139 est
1042 4080 1225 4136 media
1257 4080 1401 4138 inter
1429 4078 1773 4135 divinitatem

180 4189 249 4237 et
298 4180 480 4235 carnis
513 4176 937 4247 crassitudinem
978 4180 1166 4244 utpote
1210 4173 1356 4242 quod
1405 4170 1518 4227 sint
1562 4170 1621 4226 hi
1664 4170 1775 4226 duo

181 4270 321 4326 coeli
366 4287 379 4322 :
411 4285 480 4324 ex
520 4268 723 4338 quibus
761 4266 997 4320 alterum
1039 4261 1262 4337 quidem
1298 4268 1382 4315 est
1419 4260 1771 4334 aspectabile,

178 4354 429 4421 alterum
471 4375 603 4415 vero
647 4375 755 4413 non
798 4357 945 4427 cadit
975 4355 1080 4411 sub
1122 4362 1424 4424 aspectum.

262 4452 399 4522 Ejus
415 4452 563 4522 quod
586 4451 796 4509 dictum
819 4461 904 4506 est
925 4447 1083 4504 testis
1104 4454 1191 4502 est
1211 4443 1510 4516 Gregorius
1537 4445 1593 4501 iu
1615 4444 1783 4501 rebus

180 4545 401 4601 divinis
423 4543 746 4614 praeclarus,
764 4543 957 4598 dicens
978 4539 1194 4596 Domini
1217 4538 1458 4593 animam
1475 4552 1594 4593 esse
1613 4537 1784 4594 inter-

183 4637 436 4693 medium
472 4635 618 4689 inter
646 4635 990 4693 divinitatem
1021 4640 1078 4687 et
1107 4631 1290 4702 carnis
1315 4630 1737 4686 crassitudinem
1764 4648 1777 4691 ;

183 4729 380 4786 anima
417 4728 566 4782 enim
599 4736 656 4782 et
684 4743 826 4798 aqua
861 4727 1125 4785 dicuntur
1163 4725 1318 4797 signa
1356 4725 1481 4781 vita!
1510 4724 1567 4779 in
1594 4723 1780 4783 divina

180 4821 500 4889 Scriptura.
514 4819 652 4874 Vide
666 4821 812 4873 enim
830 4818 978 4888 quod
994 4817 1194 4873 coelum
1211 4816 1434 4887 quidem
1451 4817 1708 4889 superius
1722 4825 1777 4872 et

176 4910 338 4983 quod
382 4926 495 4965 non
525 4910 673 4965 cadit
702 4910 805 4966 sub
838 4917 1143 4980 aspectum,
1170 4916 1367 4965 natura
1402 4907 1472 4963 ab
1498 4906 1658 4961 initio
1681 4922 1776 4962 vo-

172 5009 376 5057 catum
409 5008 494 5055 est
538 5001 759 5055 emtum.
805 5000 1238 5055 Firmamentum
1283 5006 1465 5054 autem
1494 4999 1773 5053 materiale

169 5090 337 5163 quod
369 5090 438 5145 ab
465 5091 577 5146 imo
606 5090 873 5153 ascendit,
900 5105 1011 5145 non
1038 5100 1251 5153 natura
1275 5091 1345 5145 ab
1374 5089 1534 5147 initio
1568 5091 1771 5147 factum

168 5189 275 5237 est
304 5181 506 5236 caelum
544 5198 558 5235 :
593 5181 688 5237 sed
734 5189 858 5252 post
903 5181 1164 5237 unionem
1199 5196 1362 5250 quam
1410 5181 1603 5236 habuit
1643 5197 1769 5238 cum

170 5272 330 5329 caelo
358 5284 556 5327 natura
591 5271 998 5343 inaspectabili,
1029 5281 1162 5327 tunc
1191 5272 1370 5343 ipsum
1406 5288 1627 5343 quoque
1654 5289 1769 5329 cm-

166 5363 302 5418 lum
333 5369 417 5415 est
446 5364 800 5432 appellatum.
831 5361 939 5418 Sed
977 5363 1238 5433 quoniam
1270 5373 1520 5418 sanctum
1550 5379 1770 5435 quoque

167 5453 399 5512 Christi
429 5470 631 5527 corpus
671 5456 1019 5511 deiﬁcatione
1050 5464 1105 5511 et
1136 5455 1340 5513 unione
1371 5456 1576 5512 dicitur
1601 5458 1766 5523 Deus,

1856 424 2158 488 naturales,
2204 432 2327 493 quae
2373 423 2534 478 dieue
2575 427 2706 476 sunt
2751 431 2937 473 rerum
2984 413 3330 473 traditiones,
3383 410 3436 464 id

1859 515 2045 573 dicere
2105 516 2513 571 ﬁrmamentum
2571 512 2719 583 quod
2768 511 2970 565 factum
3018 513 3104 560 est
3143 521 3212 560 ex
3258 502 3435 573 aquis.

1860 609 1994 664 Erat
2022 608 2253 678 abyssus
2276 605 2633 661 tenebrarum
2658 603 2838 665 sedes,
2873 601 3058 655 homo.
3089 596 3221 663 Quae
3253 603 3440 649 autem

1861 716 1959 770 per
1988 699 2269 755 Christum
2315 697 2552 753 exaltata
2583 703 2668 749 est
2711 708 2899 762 supra,
2930 690 3029 745 Dei
3060 688 3198 743 lucis
3232 686 3392 740 sedes
3426 702 3438 736 :

1863 791 2115 849 considet
2138 792 2306 847 etiam
2332 805 2465 844 cum
2491 804 2559 843 eo
2583 784 2886 842 individue.
2920 783 2995 838 De
3021 782 3107 839 his
3136 781 3203 834 in.
3221 777 3443 834 Christo

1864 882 2036 939 unitis
2080 882 2234 937 caelis
2278 897 2380 949 seu
2422 879 2635 934 naturis
2679 877 2888 933 dictum
2932 885 3018 928 est
3065 870 3201 927 illud
3249 889 3263 927 :
3315 868 3445 924 Caeli

1864 981 2124 1029 enarrem
2152 971 2391 1045 gloriam
2413 971 2506 1027 Dei
2533 989 2551 1026 :
2576 971 2682 1027 hoc
2707 979 2815 1032 est,
2839 975 3050 1022 natura:
3074 962 3279 1019 Christi
3311 978 3450 1030 pra:—

1867 1068 2057 1123 dieant
2092 1077 2150 1122 et
2188 1068 2419 1138 gloriam
2460 1065 2635 1135 ipsius
2661 1062 2759 1118 Dei
2785 1058 3065 1131 Unigeniti
3089 1057 3185 1127 qui
3214 1071 3282 1111 ex
3314 1055 3449 1125 ipsis

1866 1164 1922 1209 et
1958 1155 2014 1209 in
2047 1154 2182 1225 ipsis
2213 1154 2619 1218 consideratur,
2646 1161 2704 1207 et
2728 1159 3037 1221 paternam,
3063 1162 3191 1202 eum
3221 1146 3449 1215 quidem

1865 1258 2014 1304 etut
2045 1236 2219 1304 Deum
2267 1248 2747 1310 declarantes,.et
2784 1251 2846 1299 ut
2892 1241 3175 1298 hominem
3222 1238 3319 1309 qui
3363 1247 3450 1293 est

1867 1341 2030 1397 simul
2063 1343 2121 1397 in
2151 1342 2270 1413 ipso
2298 1343 2466 1399 Deus.
2496 1342 2756 1402 Mannum
2792 1348 2974 1401 autem
3004 1338 3126 1409 ejus
3158 1337 3448 1395 facturam.

1866 1448 1992 1489 cum
2022 1439 2305 1502 oporteret
2326 1447 2477 1498 eum,
2510 1440 2847 1501 tangentem,
2881 1445 2981 1499 per
3011 1444 3071 1484 se
3100 1427 3320 1499 operari
3351 1444 3365 1479 :
3394 1426 3449 1481 in

1868 1523 2153 1581 miraculis
2186 1524 2478 1579 annuntiat
2508 1523 2920 1579 ﬁrmamentum
2952 1541 2966 1577 :
2996 1522 3104 1577 hoc
3130 1531 3237 1586 est,
3264 1521 3358 1592 qui
3395 1521 3451 1575 in

1866 1633 1938 1672 eo
1967 1617 2214 1672 cernitur
2249 1616 2435 1676 homo.
2462 1616 2565 1673 Per
2592 1632 2718 1671 cum
2749 1616 2898 1675 enim
2928 1616 3263 1687 operabatur
3291 1613 3455 1669 mira-

1870 1707 1995 1761 cula
2039 1707 2368 1772 divinitatis,
2415 1723 2579 1776 quem
2607 1723 2639 1762 e
2682 1719 2830 1763 terra
2871 1708 3221 1762 sustulerunt
3260 1706 3455 1761 dicen-

1875 1805 1984 1852 tem
2018 1814 2031 1850 :
2062 1796 2252 1851 Manus
2282 1804 2387 1854 tua:
2418 1798 2651 1868 fecerunt
2681 1814 2763 1852 me
2787 1806 2836 1852 et
2861 1796 3258 1867 plasmaverunt
3282 1813 3365 1850 me
3385 1797 3453 1861 ⁷⁵,

1872 1887 2286 1944 ﬁrmamentum
2334 1906 2367 1942 a
2415 1889 2773 1959 corruptione
2821 1889 2890 1946 ad
2954 1889 3451 1958 incorruptionem.

1874 1977 2031 2033 Unde
2061 1979 2263 2035 ctelum
2309 1979 2532 2049 quidem
2579 1979 2762 2035 carnis
2788 1981 2911 2050 ejus
2936 1979 3085 2050 quod
3113 1979 3356 2042 videtur,
3390 1995 3460 2033 ex

1874 2071 2107 2126 humore
2139 2083 2340 2132 terrm;
2373 2088 2572 2147 nempe
2605 2088 2673 2127 ex
2719 2073 2985 2144 sanguine
3022 2073 3304 2129 terrestris
3329 2072 3460 2128 Vir-

1873 2161 2018 2231 ginis
2047 2161 2151 2218 sibi
2185 2162 2416 2229 editum,
2450 2164 2686 2221 ﬁrmavit
2718 2179 2814 2219 seu
2859 2165 3135 2235 compegit
3162 2163 3231 2226 ad
3271 2163 3458 2221 incor-

1876 2254 2213 2327 ruptionem,
2256 2255 2518 2329 quoniam
2553 2265 2638 2315 est
2664 2255 2763 2316 Dei
2799 2270 2947 2310 caro.
2979 2255 3101 2312 Non
3144 2256 3292 2311 enim
3337 2271 3462 2312 cor-

1876 2355 2040 2415 rupta
2070 2356 2175 2412 est,
2202 2356 2299 2403 aut
2333 2347 2564 2413 interiit,
2594 2347 2810 2409 etiamsi
2852 2363 2918 2408 ea
2955 2364 3080 2419 quae
3124 2356 3257 2405 sunt
3297 2358 3463 2403 natu-

1877 2444 1952 2494 ra:
1977 2447 2167 2494 secuta
2193 2450 2280 2495 est
2307 2441 2474 2496 etiam
2517 2441 2575 2501 in
2602 2457 2790 2497 cruce.
2829 2441 2966 2496 Nam
3010 2441 3113 2496 etsi
3162 2440 3258 2495 Dei
3307 2454 3459 2505 caro,

1876 2543 1996 2589 erat
2038 2543 2222 2589 tamen
2262 2534 2431 2590 etiam
2478 2544 2686 2590 nostra.
2740 2536 2978 2591 Alteram
3025 2543 3230 2595 autem,
3262 2548 3462 2603 nempe

1876 2640 2000 2694 quae
2019 2627 2325 2694 intercepta
2353 2634 2460 2690 est,
2485 2634 2546 2679 ut
2564 2625 2773 2680 dictum
2802 2636 2907 2688 est.
2944 2624 3127 2681 media
3158 2625 3302 2686 inter
3322 2623 3462 2682 duos

1877 2717 2048 2771 caelos
2081 2734 2095 2770 :
2128 2715 2255 2771 dico
2298 2725 2484 2773 autem
2532 2716 2794 2781 animant,
2829 2726 2890 2771 ut
2916 2715 3127 2777 dictum
3152 2724 3258 2781 est,
3289 2715 3462 2775 sumit

1878 2808 1932 2865 in
1976 2823 2074 2863 sua
2103 2808 2367 2873 essentia,
2402 2817 2463 2862 ut
2490 2823 2613 2877 qua:
2660 2823 2786 2865 non.
2821 2822 2965 2879 opus
3008 2806 3242 2876 haberet
3273 2813 3335 2858 ut
3364 2806 3460 2859 lir-

1877 2911 2145 2964 maretur,
2176 2915 2253 2955 eo
2288 2899 2437 2975 quod
2468 2901 2589 2970 ejus
2617 2908 2815 2957 natura
2863 2898 3107 2958 minime.
3135 2911 3461 2966 corrumpa»

1800 3007 1845 3068 ς
1878 2999 1988 3057 tur,
2019 3006 2124 3053 nec
2154 2992 2209 3047 in
2238 3007 2361 3047 eam
2392 2991 2551 3049 cadat
2581 2991 2854 3050 interitus.

1953 3083 2011 3138 Si
2050 3093 2234 3139 autem
2263 3084 2438 3149 voles,
2466 3099 2578 3143 non
2612 3083 2851 3154 accipies
2895 3083 2964 3139 de
3006 3083 3121 3138 sola
3163 3097 3329 3138 carne
3356 3082 3466 3137 Do.-

1880 3174 2016 3231 mini
2049 3175 2356 3232 secundum
2402 3174 2833 3240 ﬁrmamentum,
2872 3190 3073 3246 nempe
3117 3190 3323 3238 aerem,
3363 3174 3459 3232 sed

1880 3264 2046 3319 etiam
2075 3264 2143 3321 de
2168 3266 2289 3337 ejus
2315 3265 2625 3321 divinitate.
2654 3264 2943 3332 Quomodo
2967 3266 3114 3322 enim
3145 3281 3241 3320 aer
3271 3265 3462 3334 implet

1880 3357 2088 3420 ontnia,
2132 3369 2191 3412 et
2217 3357 2404 3414 nullus
2436 3366 2529 3413 est
2572 3358 2728 3413 locus
2757 3373 2826 3413 eo
2858 3374 3096 3427 vacuus;
3133 3357 3337 3413 dicitur
3360 3373 3462 3412 au-

1883 3456 1994 3503 tem
2029 3459 2084 3503 et
2114 3448 2184 3503 ab
2208 3449 2460 3507 externis
2493 3450 2846 3520 locuscapax
2875 3450 3124 3505 omnium
3159 3461 3217 3505 et
3243 3449 3336 3519 qui
3368 3464 3466 3519 po.-

1882 3545 1991 3600 test
2018 3538 2203 3592 omnia
2236 3540 2519 3609 suscipere
2544 3556 2558 3592 :
2588 3549 2888 3596 est-autem
2918 3542 3084 3601 etiam
3110 3542 3459 3617 perspicuus.

1881 3627 2092 3682 nullius
2127 3644 2298 3698 capax
2338 3629 2547 3700 ﬁgurae,
2576 3641 2636 3686 et
2663 3632 3095 3701 inaspectabilis.
3129 3634 3225 3689 sed
3257 3634 3465 3688 faciens

1881 3718 2109 3788 quidem
2138 3728 2199 3774 ut
2230 3720 2650 3780 res.videantur
2669 3738 2795 3778 cum
2842 3724 2964 3793 ipse
2987 3727 3215 3785 cumino
3238 3742 3350 3780 non
3377 3709 3468 3780 lvi.-

1882 3809 2081 3867 deatur
2108 3828 2121 3863 :
2150 3810 2224 3867 ita
2248 3813 2416 3870 etiam
2440 3814 2827 3875 universorum
2861 3817 3009 3871 Deus
3039 3817 3233 3886 implet
3258 3820 3464 3879 omnia.

1881 3909 1938 3956 et
1966 3901 2152 3957 nullus
2182 3911 2268 3957 est
2310 3904 2466 3959 locus
2496 3920 2564 3960 eo
2591 3920 2821 3967 vacuus,
2856 3907 2976 3964 Non
3019 3916 3103 3963 est
3128 3908 3278 3963 enim
3309 3925 3465 3964 erea-

1883 4000 2006 4047 tura
2033 4009 2156 4063 quas
2180 4010 2252 4055 ex
2283 3996 2401 4069 ipse
2440 4013 2552 4052 non
2581 3997 2654 4053 sit
2683 3999 3017 4071 conspicua;
3050 4007 3136 4054 est
3165 4008 3348 4055 autem
3377 4016 3468 4056 ea»

1880 4100 1986 4156 pax
2015 4085 2262 4143 omnium
2289 4087 2386 4157 qui
2413 4097 2668 4158 quaerunt
2693 4090 3166 4160 comprehendere
3193 4107 3315 4147 eam
3344 4108 3468 4163 quas

1881 4194 1948 4232 ex
1982 4178 2350 4248 ipsoexsistit
2378 4179 2804 4247 deiﬁcationem,
2835 4193 3205 4252 congruenter
3231 4184 3282 4238 ei
3316 4185 3465 4255 quod

1881 4285 1913 4324 a
1942 4268 2091 4325 Mose
2122 4268 2333 4325 dictum
2380 4278 2466 4327 est
2496 4290 2509 4326 :
2540 4271 2636 4328 Est
2678 4274 2818 4328 locus
2867 4276 3012 4345 apud
3044 4293 3126 4335 me
3151 4279 3218 4343 ⁷³,
3266 4294 3465 4348 nempe

1815 4360 1855 4415 D
1885 4357 2121 4417 facultas
2147 4361 2488 4432 suscipiendi
2533 4373 2587 4419 te
2631 4373 2689 4419 et
2723 4370 2834 4427 tua,
2866 4364 3138 4435 Quidnam
3169 4377 3351 4423 autem
3381 4379 3466 4422 est

1878 4454 2128 4533 aliud-eo
2160 4456 2337 4527 magis
2382 4458 2758 4528 perspicuum,
2790 4460 2886 4530 qui
2933 4463 3328 4534 propemodum
3361 4462 3463 4518 ob-

1878 4545 2121 4603 caecabat
2149 4547 2342 4604 oculos
2373 4548 2770 4620 discipulorum
2819 4551 2875 4606 in
2922 4552 3182 4611 Thabor?
3231 4554 3328 4609 Est
3362 4571 3463 4609 au-

1879 4645 1991 4693 tem
2035 4637 2246 4695 nullius
2276 4644 2449 4710 capax
2501 4642 2707 4713 ﬁguris,
2756 4644 2897 4699 adeo
2938 4652 3000 4699 ut
3044 4646 3251 4701 nullam
3297 4647 3462 4702 aliam

1879 4728 2149 4799 suscipiat
2169 4730 2429 4797 formam,
2459 4741 2719 4804 tanquam
2751 4736 2985 4791 formam
3018 4737 3073 4792 in
3102 4740 3352 4809 materia.
3380 4741 3460 4796 Ad

1880 4818 1999 4875 hac
2040 4827 2226 4875 autem
2273 4825 2511 4891 accedit,
2550 4827 2699 4896 quod
2745 4836 2828 4882 est
2877 4829 3306 4898 inaspectabilis.
3355 4830 3461 4898 Qui

1877 4911 2025 4967 enim
2058 4927 2226 4984 supra
2250 4915 2373 4984 ejus
2398 4924 2594 4986 pectus
2619 4918 2876 4974 recubuit
2904 4920 3043 4975 dixit
3070 4940 3084 4976 :
3109 4921 3282 4978 Deum
3309 4939 3461 4980 nemo

1876 5001 2006 5056 vidit
2035 5019 2274 5076 unquam
2304 5006 2369 5063 ⁷⁸.
2401 5006 2472 5067 Et
2498 5007 2629 5063 facit
2666 5009 2913 5078 quidem,
2950 5020 3010 5067 ut
3036 5013 3143 5069 alia
3174 5014 3462 5072 videantur

1877 5094 1947 5150 ab
1983 5094 2055 5150 iis
2085 5096 2181 5166 qui
2206 5096 2414 5153 habent
2439 5099 2676 5155 validam
2711 5102 2914 5158 mentis
2937 5106 3409 5176 perspicacitatem
3443 5127 3456 5163 :

1880 5194 2071 5255 utpote
2115 5188 2332 5260 angeli;
2364 5190 2565 5246 uelum
2606 5200 2665 5247 et
2692 5194 2951 5251 universa
2978 5206 3255 5265 creatura,
3288 5201 3460 5257 unde-

1877 5295 2004 5335 nam
2034 5290 2093 5336 et
2123 5283 2589 5352 quemadmodum
2623 5285 2766 5343 facta
2811 5288 2924 5345 sit:
2954 5289 3071 5360 ipse
3113 5301 3298 5348 autem
3346 5310 3457 5349 non

1877 5372 2174 5442 subjicitur
2206 5376 2712 5447 comprehensioni,
2743 5395 2925 5451 neque
2966 5383 3216 5440 cernitur
3260 5389 3459 5443 modus

1876 5463 1996 5533 ejus
2023 5464 2298 5530 essentia.
2332 5464 2447 5521 lloc
2481 5483 2702 5538 quoque
2734 5486 2845 5527 non
2876 5480 2928 5529 te
2956 5484 3268 5546 prmtereat,
3307 5481 3456 5550 quod

262 5634 311 5668 "
345 5634 534 5690 Matth.
572 5652 626 5698 x,
652 5636 740 5690 34.
817 5637 863 5668 ⁷⁸
895 5639 1038 5696 Psal.
1066 5660 1256 5711 cxvm,
1277 5649 1368 5701 75;
1443 5650 1489 5681 "
1513 5649 1687 5705 Exod.
1723 5666 1770 5711 ιι

1874 5667 1908 5721 ι,
1935 5653 2025 5715 21.
2106 5655 2151 5686 ⁷⁸
2177 5653 2333 5711 Joan.
2367 5672 2402 5725 ι,
2436 5658 2519 5716 18.

551 5727 825 5789 Parant.
872 5731 988 5793 Gn.
1036 5734 1362 5802 LXXXIX.

3086 5753 3166 5817 28
