4082 6290
527 239 634 302 875

1716 239 1776 298 S.
1820 236 2219 298 ANASTASll
2259 239 2585 299 SlNAlT.’E

3679 243 3814 308 876

527 351 672 408 sicut
711 364 807 406 aer
835 356 920 405 est
963 347 1270 405 viviﬁeator
1317 349 1605 405 hominum
1654 361 1712 407 et
1757 367 1951 407 eorum
1999 368 2121 422 quae
2151 361 2189 414 Α
2223 355 2370 424 quod
2405 366 2534 412 sunt
2569 357 2742 412 sancti
2795 358 2972 430 angeli
3007 358 3060 414 in
3108 358 3268 424 caelo,
3300 366 3446 430 quoa
3494 374 3606 414 non
3655 362 3829 416 cadit

485 443 495 447 ’
527 452 660 497 sunt
690 443 746 496 in
778 452 948 504 terra.
999 443 1074 498 ita
1104 442 1270 496 etiam
1303 441 1449 497 Deus
1485 443 1774 509 accedens,
1817 459 1914 500 eos
1941 445 2117 499 viviﬁ-

527 547 621 590 eat
649 535 746 606 qui
780 535 974 589 vivunt
996 549 1064 590 ex
1089 534 1302 588 ratione
1333 551 1346 588 :
1379 534 1624 606 angelos,
1656 535 1902 606 inquam,
1931 546 1988 592 et
2014 537 2118 592 ho-

527 628 708 683 an'ines
734 645 748 683 :
773 627 872 682 sed
902 635 957 682 et
1001 641 1099 682 eos
1145 625 1314 682 etiam
1356 626 1453 696 qui
1493 637 1622 683 sunt
1651 627 1884 687 belluini
1911 629 1970 684 in
2001 629 2121 685 sola

528 739 628 779 eos
659 737 995 778 conservans
1025 721 1268 777 essentia
1301 741 1316 776 :
1349 737 1460 778 non
1489 723 1683 794 utique
1725 724 1794 780 ad
1837 740 1934 782 eos
1965 737 2123 782 acce-

527 817 684 881 dens,
716 823 772 870 et
815 829 942 868 cum
987 817 1072 870 eis
1103 815 1400 870 transiens.
1435 815 1593 883 Quod
1627 815 1676 870 si
1713 815 1879 871 etiam
1913 815 2118 871 intelli-

527 923 624 980 gas
663 907 732 962 de
761 905 972 978 angelis
1024 913 1081 961 et
1111 906 1459 963 daemonibus
1507 907 1644 962 illud
1691 925 1704 962 :
1741 907 1814 962 Et
1853 910 2119 979 separauit

527 1000 670 1056 Deus
703 1001 762 1054 in
801 998 975 1054 medio
1016 1014 1170 1070 aquae
1213 1015 1333 1070 quae
1375 1008 1453 1055 est
1501 1001 1596 1055 sub
1644 1001 2018 1069 ﬁrmamento,
2071 1009 2122 1054 et

531 1109 688 1166 aqua
717 1108 836 1164 quae
865 1101 944 1148 est
968 1109 1134 1164 supra
1173 1092 1611 1162 ﬁrmamentum;
1653 1093 1795 1149 nihil
1838 1093 2118 1164 intelligis,

527 1186 680 1258 quod
703 1186 987 1257 diserepet
1007 1202 1038 1241 a
1061 1187 1287 1258 pietate.
1317 1187 1585 1242 Nonnulli
1611 1197 1796 1241 autem
1823 1186 1930 1242 hoc
1957 1188 2120 1243 etiam

529 1267 778 1338 referunt
805 1281 876 1335 ad
900 1279 1042 1335 duos
1073 1280 1329 1350 populos,
1359 1294 1560 1350 nempe
1589 1288 1646 1335 et
1675 1279 1745 1334 ad
1773 1295 1874 1335 nos
1898 1279 2121 1350 quidem

529 1391 740 1437 stantes
767 1379 863 1451 qui
895 1379 1035 1434 ﬁrmi
1063 1392 1257 1434 sumus
1281 1391 1348 1432 ac
1379 1377 1607 1433 stabiles
1631 1391 1797 1446 super
1820 1375 1972 1431 Petri
1995 1374 2122 1429 fun-

529 1475 874 1537 damentum,
904 1481 961 1526 et
988 1471 1138 1525 illius
1176 1469 1304 1523 ﬁdei
1339 1468 1678 1524 immobilem
1705 1467 2072 1522 cbnstantiam
2104 1481 2118 1518 :

527 1575 586 1620 et
632 1565 702 1620 ad
732 1563 952 1620 Iudaeos
985 1561 1080 1632 qui
1115 1560 1462 1624 ceciderunt,
1491 1569 1548 1615 et
1582 1561 1817 1630 subjecti
1861 1567 1990 1614 sunt
2033 1558 2120 1612 in-

528 1657 721 1714 feriori
767 1655 1136 1710 ﬁrmamento.
1173 1653 1360 1707 Potest
1406 1661 1590 1708 autem
1619 1653 1725 1707 hoc
1751 1665 1973 1722 quoque
2006 1648 2118 1704 dici

526 1749 599 1804 de
646 1747 809 1803 nobis
837 1756 893 1802 et
921 1746 990 1802 de
1029 1735 1362 1802 adversariis
1394 1762 1408 1798 :
1440 1759 1691 1815 magnam
1725 1743 1875 1797 enim
1916 1741 2121 1796 daemo-

529 1856 666 1896 num
715 1838 1132 1894 multitudinem
1177 1837 1459 1908 separavit
1503 1837 1649 1892 Deus
1682 1834 1914 1890 veniens
1957 1848 2124 1902 super

529 1945 737 1990 terram
781 1940 837 1988 et
860 1947 958 1986 eos
1000 1930 1152 1986 misit
1195 1931 1249 1985 in
1282 1930 1576 2002 abyssum;
1603 1943 1804 1998 nempe
1831 1927 1934 1982 sub
1961 1937 2123 1982 terra:

531 2029 942 2081 ﬁrmamentum
971 2039 1082 2094 quo
1109 2023 1260 2078 missi
1292 2030 1422 2077 sunt
1465 2021 1542 2076 illi
1574 2021 1670 2091 qui
1714 2027 1845 2074 sunt
1889 2018 2122 2087 ingrcssi

532 2119 588 2175 in
627 2133 846 2192 gregem
883 2131 1200 2188 porcorum,
1231 2125 1291 2170 ut
1315 2130 1443 2170 eum
1484 2113 1776 2184 pauciores
1803 2119 1989 2166 essent
2015 2110 2121 2164 ini-

532 2213 682 2278 mici,
711 2227 814 2266 nos
843 2219 992 2265 recte
1023 2217 1080 2264 et
1107 2224 1176 2264 ex
1209 2207 1414 2264 virtute
1453 2205 1622 2260 vitam
1658 2218 1966 2274 ageremus.
2007 2202 2122 2256 Ali-

531 2304 757 2376 quando
793 2301 1075 2372 separavit
1105 2302 1270 2355 etiam
1306 2297 1533 2369 angelus
1559 2295 1657 2351 Dei
1693 2296 1751 2350 in
1783 2294 1942 2359 mari,
1971 2300 2124 2348 stans

533 2397 591 2452 in
618 2395 803 2452 medio
839 2392 1058 2449 lsraelis
1083 2399 1138 2448 et
1163 2390 1567 2463 Egyptiorum,
1596 2397 1657 2443 ut
1678 2393 1997 2442 servaretur
2023 2399 2124 2454 po-

533 2489 700 2560 pulus
743 2486 863 2550 Dei,
897 2482 1331 2557 praesigniﬁcaus
1374 2480 1556 2552 magni
1588 2473 1812 2533 consilii
1854 2475 2122 2545 Angelum

533 2582 630 2652 qui
665 2597 767 2636 nos
797 2586 920 2636 erat
961 2579 1300 2633 liberaturus
1328 2590 1359 2630 a
1391 2589 1554 2629 manu
1588 2569 1814 2626 diaboli.
1851 2566 2124 2623 Suavissi-

537 2686 662 2726 mus
694 2679 879 2726 autem
925 2669 1277 2738 Nyssaeorum
1319 2663 1644 2734 Gregorius,
1692 2657 2122 2730 intelligentiam

538 2763 813 2820 intellexit
838 2763 1180 2819 Potestatum
1211 2774 1333 2814 esse
1361 2770 1632 2826 aquarum
1667 2751 2120 2824 disiunctionem.

537 2857 673 2912 Nam
703 2855 840 2910 alias
862 2852 1087 2924 quidem
1127 2849 1418 2906 constituit
1445 2849 1592 2903 Deus
1616 2846 1674 2901 in
1700 2844 1856 2900 caelis
1879 2843 1946 2898 ad
1977 2840 2121 2896 divi-

525 2963 666 3004 nam
695 2945 1174 3019 glorificationem,
1201 2941 1416 3010 aliquas
1443 2949 1624 2993 autem
1653 2935 1724 2991 ad
1749 2933 2121 2989 ministerium

539 3041 594 3096 in
629 3049 772 3096 terra
799 3037 1198 3094 convenienter
1228 3035 1276 3088 ei
1307 3032 1402 3102 qui
1435 3031 1572 3086 dicit
1597 3043 1692 3085 eas
1717 3027 2121 3082 administrato-
2150 3055 2192 3113 α

537 3134 646 3187 rios
678 3131 896 3204 spiritus
930 3129 1022 3198 qui
1054 3128 1337 3180 mittuntur
1375 3123 1445 3177 ad
1476 3123 1643 3177 nostri
1684 3118 2035 3174 ministerium
2073 3123 2122 3168 et

540 3223 766 3279 salutem
795 3222 865 3274 ".
898 3221 1092 3276 Videte
1133 3217 1306 3280 enim,
1357 3214 1538 3284 inquit
1573 3211 1848 3276 Christus,
1898 3224 1964 3263 ne
2001 3223 2126 3262 con-

543 3315 791 3370 temnam
825 3327 992 3366 unum
1023 3325 1086 3362 ea:
1117 3305 1321 3380 pusillis
1349 3305 1446 3376 qui
1480 3304 1535 3358 in
1567 3318 1653 3358 me
1697 3299 1932 3356 credunt
1957 3316 1971 3354 :
1995 3297 2124 3353 Dico

544 3409 684 3461 enim
709 3401 1025 3474 uobis,-quod
1049 3396 1224 3470 angeli
1245 3412 1430 3450 eorum
1460 3401 1709 3466 perpetuo
1734 3391 1910 3445 uident
1939 3390 2126 3462 [aciem

543 3497 726 3554 Patris
757 3496 858 3550 mei
888 3493 979 3566 qui
1010 3501 1086 3546 est
1119 3492 1173 3544 iu
1207 3489 1347 3544 caelis
1379 3487 1447 3540 ’⁸.
1483 3485 1540 3542 Si
1579 3493 1761 3540 autem
1795 3482 2122 3554 interrogas,

543 3600 601 3646 et
637 3587 914 3661 quomodo
951 3585 1121 3641 Deum
1156 3597 1309 3638 nemo
1336 3579 1464 3634 uidit
1495 3575 1778 3648 unquam?
1803 3573 1946 3630 scias
1977 3573 2126 3643 quod

547 3681 604 3734 in
660 3678 800 3734 Filio
845 3686 1104 3746 tanquam
1149 3673 1205 3728 in
1246 3671 1432 3741 aliquo
1473 3667 1662 3723 divino
1705 3665 1930 3736 speculo
1965 3663 2130 3718 vide-

546 3786 672 3826 mus
698 3768 930 3835 gloriam
975 3763 1171 3827 Patris,
1204 3766 1574 3831 congruenter
1595 3756 1646 3810 ei
1670 3753 1817 3824 quod
1859 3753 2126 3822 scriptum

546 3872 635 3920 est
660 3881 672 3916 :
699 3859 804 3928 Qui
829 3875 912 3914 me
939 3858 1089 3922 uidit,
1119 3855 1246 3910 uidit
1283 3860 1333 3906 et
1357 3851 1597 3914 Patrem,
1625 3845 1762 3918 quod
1790 3860 1883 3916 ego
1927 3844 2028 3898 sint
2071 3844 2128 3896 in

550 3955 732 4017 Patre,
765 3961 814 4006 et
837 3950 1000 4005 Pater
1023 3951 1078 4003 in
1107 3963 1190 4002 me
1213 3946 1279 3998 ⁷⁸.

601 4045 896 4116 intelliges
951 4043 1122 4097 etiam
1173 4039 1408 4094 duarum
1461 4047 1728 4104 aquarum
1776 4029 2127 4096 divisionem,

545 4141 726 4212 iustos
765 4137 860 4206 qui
891 4140 1222 4203 separentur
1247 4145 1275 4185 a
1317 4125 1724 4199 peccatoribus,
1754 4123 1878 4179 illos
1904 4121 2131 4193 quidem

549 4229 645 4298 qui
678 4227 971 4298 rapiuntur
1003 4227 1057 4278 in
1093 4221 1336 4278 nubibus
1359 4233 1525 4290 supra
1558 4213 2132 4281 fundamentum-hos

549 4337 684 4377 vero
714 4319 810 4390 qui
851 4317 993 4373 infra
1035 4313 1487 4381 transmittuntur
1523 4309 1594 4364 ad
1672 4305 1900 4362 inferos.
1935 4303 2133 4361 Nescio

2220 449 2324 503 sub
2370 458 2674 518 aspectum,
2723 451 2829 505 hoc
2861 463 2990 508 sunt
3019 460 3075 506 et
3109 452 3476 518 ﬁrmamento,
3511 453 3717 520 stellae;
3753 463 3827 509 et

2221 541 2275 594 in
2320 541 2590 607 Ecclesia,
2619 543 2816 597 sancti.
2853 543 2910 598 Si
2947 556 3130 599 autem
3179 545 3233 598 in
3269 544 3490 616 hymnis
3532 545 3825 601 Davidicis

2219 633 2412 688 audias
2461 633 2628 688 etiam
2671 633 2824 688 caios
2877 634 3148 700 caelorum,
3203 635 3320 690 haec
3364 647 3452 690 est
3498 637 3829 706 preprietas

2219 725 2420 797 linguae
2463 726 2768 792 Hebraicaa,
2813 743 2936 798 qua:
2967 728 3244 799 singulare
3287 743 3430 798 saepe
3461 729 3710 784 nominat
3754 729 3829 783 in

2214 817 2442 888 plurali.
2503 818 2736 884 Quando
2787 827 2973 874 autem
3016 818 3176 874 audis
3207 819 3438 874 Paulum
3489 829 3704 890 raptum
3737 819 3830 873 ad

2217 914 2438 965 tertium
2459 910 2678 975 emtum;
2695 910 2934 980 primum
2962 911 3162 966 caelum
3179 911 3430 966 existima
3451 925 3571 966 esse
3595 925 3827 976 aerem,

2223 1011 2594 1074 congruenter
2625 1004 2676 1057 ei
2706 1003 2853 1072 quod
2881 1001 3087 1058 dicitur
3112 1019 3126 1056 :
3155 1003 3294 1058 Novi
3335 1003 3832 1058 omnes'volucres

2224 1098 2368 1162 cmli,
2397 1097 2504 1152 hoc
2530 1105 2614 1151 est
2639 1098 2784 1152 aeris
2811 1114 2824 1150 :
2855 1095 3055 1152 deinde
3087 1096 3393 1152 secundum
3417 1097 3638 1160 caelum,
3673 1097 3832 1151 stel-

2225 1192 2435 1256 larum;
2485 1198 2542 1244 et
2579 1189 2824 1253 tertium,
2873 1203 3193 1257 supremum
3229 1189 3428 1244 caelum
3465 1169 3826 1259 angelorum.

2225 1281 2442 1337 Etenim
2472 1281 2527 1336 in
2555 1281 2816 1336 exteriori
2847 1290 3001 1351 parte
3030 1282 3222 1352 templi
3248 1281 3424 1336 stabat
3451 1297 3640 1352 magna
3667 1282 3834 1336 mul-

2225 1371 2406 1426 titudo
2435 1372 2676 1439 lsraclis,
2706 1372 2761 1426 in
2795 1372 3117 1427 interiorem
3153 1382 3336 1427 autem
3382 1372 3484 1427 soli
3534 1373 3836 1442 ingredie-

2226 1465 2427 1520 bantur
2458 1464 2796 1528 sacerdotes,
2828 1465 2884 1518 in
2913 1479 3032 1519 eam
3061 1480 3183 1534 quae
3207 1473 3293 1520 est
3323 1464 3469 1519 intra
3503 1444 3862 1520 secundum.

2222 1557 2444 1620 velum,
2495 1555 2646 1611 solus
2691 1553 2961 1624 pontifex.
3011 1555 3298 1620 Quomodo
3339 1555 3503 1608 etiam
3535 1542 3605 1607 "in
3653 1553 3837 1609 caelis

2225 1646 2494 1712 invenies,
2520 1647 2575 1700 in
2599 1647 2860 1700 exteriori
2887 1646 3112 1716 quidem
3136 1645 3278 1700 caelo
3300 1653 3356 1699 et
3380 1645 3526 1714 quod
3549 1654 3632 1699 est
3661 1645 3834 1715 apud

2232 1753 2330 1792 nos
2361 1755 2376 1792 :
2410 1737 2464 1792 in
2502 1735 2868 1802 ﬁrmamento,
2903 1737 3148 1806 inquam,
3178 1735 3331 1790 aerio
3359 1753 3372 1788 :
3399 1735 3683 1788 volucrum
3713 1750 3835 1804 ge-

2231 1846 2364 1886 ncra
2389 1829 2553 1886 simul
2581 1829 2810 1889 versari,
2843 1844 2966 1898 qua:
2999 1825 3311 1898 signiﬁcant
3335 1827 3602 1897 grcgalem
3635 1825 3841 1879 Israe-

2229 1920 2296 1974 lis
2325 1919 2738 1974 multitudinem
2769 1935 2782 1972 :
2819 1919 2965 1972 intra
2996 1919 3399 1971 firmamentum
3445 1926 3624 1970 autem
3659 1917 3840 1985 quod

2229 2022 2476 2083 apparet,
2504 2021 2560 2066 et
2589 2011 2802 2082 ingredi
2849 2020 2905 2066 et
2945 2009 3148 2080 degere
3179 2017 3236 2064 et
3280 2009 3490 2064 servire
3529 2024 3590 2062 ac
3623 2007 3841 2064 colere

2230 2103 2600 2174 intelligentes
2638 2103 2980 2167 Petestates,
3033 2112 3090 2158 et
3136 2100 3278 2156 forte
3323 2101 3491 2156 etiam
3526 2101 3842 2171 ’justorum

2229 2194 2458 2249 animas.
2492 2193 2671 2264 Supra
2707 2192 3012 2248 secundum
3040 2192 3240 2248 coelum
3275 2191 3572 2261 (quodnam
3601 2191 3679 2244 sit
3710 2206 3843 2246 an-

2228 2296 2338 2340 tem
2363 2301 2476 2340 non
2505 2283 2803 2355 intelligo),
2830 2283 2936 2339 hoc
2969 2292 3056 2338 est
3081 2281 3387 2339 secundum
3414 2281 3616 2344 velum,
3647 2298 3846 2338 nemo

2227 2388 2312 2434 est
2342 2378 2620 2449 ingressus
2653 2377 2756 2432 nisi
2787 2377 2940 2432 solus
2966 2391 3130 2430 verus
3160 2374 3408 2429 Pontifex
3424 2373 3690 2430 “Christus
3714 2376 3845 2444 qui

2227 2481 2314 2528 est
2343 2469 2591 2541 pontifex
2630 2467 2935 2526 secundum
2965 2467 3218 2523 ordinem
3245 2465 3670 2522 Melchisedech.
3703 2464 3847 2522 Su-

2228 2565 2418 2636 perius
2447 2573 2632 2619 autem
2663 2562 2864 2618 ccelum
2889 2561 3147 2616 existimo
3176 2573 3297 2614 esse
3341 2559 3496 2613 sinus
3517 2567 3844 2628 paternos.

2229 2656 2311 2711 Tu
2347 2664 2532 2711 autem
2562 2655 2789 2726 quando
2817 2653 3062 2708 audieris
3081 2650 3264 2706 Deum
3308 2665 3430 2706 esse
3461 2661 3526 2706 -et
3552 2650 3848 2710 habitare

2229 2749 2283 2804 in
2313 2747 2486 2813 cmlis,
2511 2762 2581 2802 ex
2603 2745 2789 2801 divina
2825 2743 3134 2814 Scriptura,
3171 2752 3266 2797 aut
3299 2758 3421 2798 esse
3455 2743 3590 2796 intra
3620 2741 3845 2798 velum

2229 2837 2534 2896 secundum
2563 2855 2577 2889 :
2605 2851 2676 2890 ne
2710 2834 3051 2889 intellexeris
3095 2831 3308 2903 aliquas
3341 2831 3847 2902 circumscriptio-

2227 2949 2347 2999 nes,
2378 2942 2435 2990 et
2462 2933 2666 2990 locales
2693 2931 3080 2995 habitationes,
3116 2936 3172 2984 et
3195 2925 3740 2998 transmigrationes,
3775 2939 3850 2984 et

2227 3040 2510 3090 ascensus.
2539 3030 2596 3079 et
2626 3036 2900 3096 egressus.
2922 3020 3064 3076 Nam
3094 3034 3220 3074 cum
3264 3018 3336 3072 s‘it
3374 3015 3594 3072 humilis
3620 3023 3680 3070 et
3709 3017 3847 3073 ab-

2225 3117 2371 3188 jecta
2419 3123 2607 3172 nostra
2639 3123 2857 3178 natura,
2894 3127 3021 3168 eum
3050 3125 3135 3176 ea,
3171 3115 3338 3180 prout
3377 3116 3463 3164 εει
3492 3123 3665 3177 capax
3707 3125 3849 3165 au-

2229 3209 2438 3274 diendi,
2468 3207 2712 3278 loquitur
2744 3205 2986 3276 Spiritus
3015 3212 3257 3258 sanctus.
3278 3199 3422 3273 'Ejus
3451 3208 3634 3255 autem
3657 3202 3849 3269 quod

2229 3303 2487 3367 dicimus,
2527 3301 2692 3356 testis
2721 3306 2806 3353 est
2855 3296 3016 3352 nobis
3063 3295 3342 3366 proposita
3375 3292 3655 3362 Scriptura
3687 3289 3848 3348 Mo-

2230 3395 2398 3460 saiea,
2436 3409 2558 3464 quae
2587 3390 2830 3448 continet
2860 3387 3110 3460 qumdam
3139 3400 3328 3442 crassa
3353 3383 3522 3442 verba
3557 3393 3614 3438 et
3657 3383 3847 3439 indi-

2230 3504 2337 3560 gna
2364 3487 2474 3542 Deo
2507 3484 2599 3556 qui
2625 3499 2735 3538 non
2766 3489 2950 3552 potest
2973 3478 3359 3535 circumscribi
3386 3495 3404 3537 ,ε
3429 3492 3550 3549 quae
3581 3475 3849 3547 quidem

2233 3580 2410 3638 Moses
2440 3592 2601 3634 nona
2629 3576 2792 3632 domo
2819 3589 2918 3630 sua
2951 3573 3202 3644 protulit,
3235 3571 3330 3627 sed
3353 3572 3516 3636 Deus,
3539 3584 3662 3626 eum
3690 3567 3849 3641 ipse

2231 3689 2332 3744 per
2381 3680 2601 3728 sanctos
2644 3668 2869 3740 angelos
2908 3667 2970 3724 in
3011 3675 3200 3721 monte
3235 3665 3384 3722 Sinai
3427 3665 3546 3720 haec
3585 3663 3717 3718 locu
3733 3673 3850 3722 tus

2233 3773 2381 3822 esset
2411 3763 2467 3818 in
2498 3761 2874 3817 tabernaculo.
2903 3757 3011 3814 Sed
3039 3773 3144 3812 nec
3167 3771 3369 3811 nomen
3393 3770 3553 3811 suum
3581 3755 3849 3813 omnino

2234 3856 2420 3928 posuit
2462 3855 2641 3910 Moses
2670 3853 2727 3908 in
2770 3852 2890 3924 ejus
2913 3849 3301 3920 inscriptione,
3331 3843 3393 3904 ut
3425 3848 3679 3903 fecerunt
3711 3864 3849 3906 ae-

2236 3949 2338 4003 teri
2399 3945 2685 4018 propheta:
2735 3943 2806 3997 in
2866 3941 3027 3996 libris
3085 3953 3309 3996 suarum
3369 3937 3846 4010 prophetiarum.

2234 4039 2404 4113 866
2421 4035 2577 4106 Quod
2606 4045 2791 4090 autem
2817 4033 2995 4103 angeli
3029 4033 3146 4087 haec
3173 4040 3474 4086 narrarunt
3499 4028 3661 4093 Mosi,
3690 4031 3852 4088 audi

2238 4131 2466 4187 Paulum
2497 4128 2770 4184 dicentem
2804 4125 2859 4179 in
2899 4123 3139 4192 Epistola
3185 4121 3252 4176 ad
3281 4121 3534 4176 Hebraeos
3569 4117 3643 4174 de
3675 4120 3854 4176 Scri-

2197 4287 2206 4294 _
2239 4228 2400 4292 plura
2427 4218 2564 4290 legis
2589 4215 2838 4270 Mosaicae
2870 4232 2883 4268 :
2917 4212 2976 4268 Si
3011 4215 3150 4267 enim
3173 4211 3262 4282 qui
3291 4225 3384 4281 per
3411 4208 3625 4278 angelos
3653 4209 3854 4266 dictus

2239 4321 2314 4366 est
2343 4309 2536 4374 sermo,
2568 4308 2669 4379 fuit
2695 4305 2882 4376 ﬁrmus
2913 4313 2964 4358 et
2987 4302 3190 4358 stabilis
3213 4301 3282 4355 ⁸⁸.
3309 4299 3572 4356 Similiter
3593 4309 3660 4353 et
3687 4299 3872 4356 δερ-ι’

550 4414 700 4468 cnim
725 4389 859 4482 quid
893 4415 1042 4465 esset
1062 4421 1222 4476 opus,
1250 4410 1313 4457 ut
1336 4415 1493 4472 aqua:
1519 4399 1798 4455 ferrentur
1825 4411 1994 4467 supra
2024 4406 2128 4451 cm-

2240 4414 2330 4460 tus
2381 4401 2694 4472 Stephanus
2745 4399 2803 4453 in
2854 4397 3006 4452 Actis
3051 4393 3428 4466 apostolorum
3486 4389 3552 4446 ad
3597 4390 3856 4450 Judaeos

551 4506 688 4561 lum.
718 4503 861 4558 Nam
887 4498 1110 4554 volebat
1146 4497 1294 4550 Deus
1315 4500 1378 4548 ut
1403 4489 1664 4562 angelicae
1692 4493 1994 4558 potestates
2036 4501 2138 4540 ve-

553 4605 842 4654 scerentur
892 4588 1174 4662 piscibus?
1207 4585 1326 4653 Qui
1379 4586 1529 4640 enim
1577 4597 1646 4638 ex
1692 4579 1851 4650 aquis
1900 4575 2140 4632 ﬁrmavit

553 4691 777 4752 omium,
819 4696 877 4742 et
919 4697 1088 4754 super
1127 4694 1299 4750 aquas
1341 4675 1631 4748 suspendit
1665 4684 1889 4737 terram,
1924 4677 2141 4742 poterat

553 4783 720 4838 etiam
750 4781 870 4834 sine
909 4792 1050 4847 aqua
1095 4771 1481 4828 indissolubile
1511 4765 1794 4823 custodire
1827 4764 2142 4820 ﬁrmamen-

553 4886 672 4930 tum
719 4869 887 4928 etiam
924 4883 993 4924 ex
1042 4867 1166 4937 igne
1213 4862 1366 4918 solis.
1413 4861 1658 4915 Duorum
1697 4872 1830 4928 ergo
1859 4857 2138 4910 caelorum

555 4975 772 5024 tantum
793 4959 1212 5019 fabricationem
1237 4952 1534 5010 didicimus
1555 4965 1624 5006 ex
1649 4963 1801 5004 sacra
1828 4947 2135 5017 Scriptura,

555 5067 615 5120 in
644 5075 833 5136 typum
867 5075 931 5114 ac
961 5056 1190 5128 ﬁguram
1235 5051 1470 5106 duorum
1513 5046 1760 5101 velorum
1795 5041 1985 5111 templi
2018 5055 2139 5111 quae

557 5135 870 5230 signiﬁcant
911 5152 1048 5208 duas
1093 5155 1321 5202 naturas
1358 5142 1508 5206 Jesu,
1535 5148 1592 5194 et
1635 5137 1870 5192 duorum
1899 5135 2138 5206 populo-

563 5267 707 5316 rum,
738 5257 796 5305 et
818 5247 1052 5302 duarum
1095 5238 1471 5297 Ecclesiarum
1516 5251 1530 5288 ε
1577 5245 1853 5302 superum,
1899 5229 2142 5298 inquam,

559 5341 985 5406 Jerusalem,‘et
1025 5342 1247 5397 nostra,
1285 5329 1553 5385 ﬁdelium.
1597 5321 1755 5392 Quod
1798 5321 1946 5376 enim
1983 5335 2146 5388 supe-

561 5433 698 5488 riori
734 5432 873 5488 caelo
901 5431 1045 5484 Deus
1073 5435 1158 5482 est
1189 5425 1257 5480 ad
1309 5421 1528 5484 lumen',
1577 5417 1681 5471 hoc
1713 5413 1853 5471 coelo
1893 5411 2144 5466 inferiori

563 5533 650 5578 est
693 5524 796 5586 sol,
838 5531 894 5576 ct
931 5521 1278 5575 ﬁrmamento
1323 5511 1604 5575 Ecclesiae,
1652 5505 2032 5575 Evangelium.
2079 5503 2148 5558 Et

2238 4494 2407 4552 verba
2445 4492 2675 4557 faciens,
2699 4488 2922 4546 dicebat
2960 4487 3029 4542 de
3061 4486 3247 4542 Mose:
3290 4484 3388 4538 Hic
3413 4493 3487 4537 est
3519 4482 3610 4552 qui
3635 4482 3743 4552 fuit
3781 4486 3852 4538 in

2239 4587 2478 4642 Ecclesia
2504 4587 2562 4638 in
2589 4581 2874 4637 solitudine
2901 4580 3030 4634 cum'
3071 4576 3262 4648 angelo
3287 4577 3378 4646 qui
3412 4572 3756 4644 loquebatur,
3789 4585 3854 4628 et

2238 4683 2292 4733 iu
2324 4685 2500 4732 monte
2537 4673 2692 4737 Sina,
2741 4659 2944 4726 etcum
2982 4669 3222 4740 patribus
3259 4669 3478 4731 nostris,
3503 4667 3588 4736 qui
3619 4668 3855 4735 accepit

2240 4769 2400 4824 verba
2438 4769 2558 4822 uiue
2599 4773 2658 4819 ut
2700 4764 2851 4818 daret
2900 4761 3046 4816 nobis
3072 4761 3142 4814 3‘.
3189 4759 3330 4814 Ecce
3359 4766 3542 4827 aperte
3571 4755 3776 4810 audivi
3815 4772 3857 4810 ιι

2244 4861 2437 4925 Paulo,
2468 4857 2768 4926 Stephano,
2793 4852 3076 4926 apostolis,
3099 4867 3220 4906 esse
3250 4849 3474 4920 angelos
3494 4846 3586 4918 qui
3645 4862 3860 4902 enun-

2247 4955 2454 5009 tiarunt
2497 4950 2700 5004 librum
2730 4945 2961 5002 Genesis
2987 4943 3123 4998 Mosi
3167 4960 3179 4995 :
3209 4951 3266 4998 et
3292 4957 3357 4996 ea
3396 4941 3465 4996 de
3507 4953 3672 4994 causa
3707 4953 3854 5000 non

2244 5041 2526 5112 inscripsit
2551 5054 2676 5094 eum
2707 5051 2808 5092 suo
2844 5034 3084 5089 nomine.
3777 5015 3784 5020 ’

2317 5137 2581 5191 Praeterea
2612 5145 2721 5184 non
2751 5137 2836 5183 est
2865 5128 2970 5182 hoc
3002 5138 3222 5196 quoque
3266 5119 3853 5192 praetermittendum,

2244 5223 2709 5298 quemadmodum
2751 5220 2903 5273 hunc
2934 5217 3078 5272 dictu
3123 5215 3412 5286 appellarit
3457 5209 3775 5268 secundum
3835 5233 3852 5270 :

2241 5317 2499 5373 existimo
2533 5323 2715 5368 autem
2745 5311 2798 5366 id
2828 5327 2950 5365 esse
2995 5308 3196 5365 factum
3227 5315 3353 5378 apte
3385 5303 3549 5360 simul
3588 5310 3646 5358 et
3669 5319 3852 5363 vere.

2245 5410 2300 5466 Si
2329 5407 2472 5464 enim
2499 5407 2646 5460 Deus
2687 5419 2797 5458 non
2829 5402 2953 5456 ideo
2995 5399 3256 5454 formavit
3281 5398 3560 5452 hominem
3605 5403 3665 5448 ut
3692 5409 3858 5463 pro-

2245 5509 2368 5572 pter
2411 5499 2590 5568 ipsum
2635 5495 2862 5550 subiens
2909 5491 3093 5548 crucis
3136 5490 3466 5562 patibulum,
3516 5485 3848 5543 adiceretur

637 5701 682 5736 ⁷⁷
717 5698 884 5756 llebr.
921 5714 958 5766 I,
998 5696 1086 5751 14.
1162 5691 1206 5724 ⁷⁸
1239 5691 1430 5749 Matth.
1463 5703 1618 5755 xvut,
1648 5683 1732 5740 10.
1808 5686 1854 5718 το
1888 5682 2043 5739 Joan.
2079 5694 2128 5734 x1

2231 5677 2282 5744 9,
2317 5673 2402 5729 10.
2480 5674 2525 5708 ἐ
2556 5671 2723 5727 Hebr.
2760 5687 2820 5740 ιι,
2851 5671 2906 5725 2.
2981 5669 3022 5702 ⁸⁸
3059 5669 3180 5725 Act.
3217 5682 3312 5734 vn,
3345 5664 3434 5721 58.
