3996 6296
163 289 269 356 877

1244 287 1325 346 ΙΝ
1367 281 1922 345 ΗΕΧΑΕΜΕΒΟΝ.
1952 307 2021 318 -
2057 283 2205 345 LIB.
2246 283 2362 343 ΠΙ.

3333 277 3442 339 878

161 403 365 477 injuria
392 421 406 457 ε
431 412 485 458 et
504 404 606 467 sic,
630 416 728 472 per
749 417 809 457 se
837 409 893 455 et
917 415 1047 455 suos
1072 399 1376 469 discipulos
1395 400 1465 455 ad
1489 415 1548 456 se
1568 399 1756 456 trahe-
1783 427 1830 482 Α
1854 398 2125 453 Mosaicos
2147 410 2203 453 et
2227 395 2585 467 propheticus
2606 402 2659 452 ct
2682 392 2976 449 Davidicos
3010 406 3317 453 sermones,
3341 394 3446 482 ali-

162 504 247 552 ret
272 496 579 551 humanum
612 509 823 566 genus:
853 494 949 548 scd
979 502 1042 547 ut
1066 492 1183 562 ipse
1210 492 1305 563 qui
1342 493 1522 550 fuerat
1550 493 1752 549 forma-

162 599 273 654 tus,
301 588 497 643 ﬁrmus
520 595 769 643 maneret
791 600 856 640 ac
882 585 1096 641 stabilis
1119 586 1174 640 in
1204 586 1273 643 iis
1301 601 1424 657 qum
1453 586 1505 640 ei
1532 585 1755 640 fuerant

165 684 374 739 tributa
423 682 479 737 in
524 681 700 747 Eden,
751 679 980 735 minime
1028 679 1098 734 ab
1140 678 1222 734 eis
1261 679 1577 735 abstractus
1615 696 1628 735 :
1662 678 1755 740 ille

160 791 299 831 vero
324 791 449 831 cum
479 790 590 829 non
615 771 1034 843 permansisset,
1061 771 1242 827 victus
1267 778 1431 827 estet
1457 772 1666 843 eiectus
1686 786 1755 826 ex

162 867 339 932 Eden,
366 866 771 933 damnatusque
799 861 868 918 ad
903 863 1318 933 corruptionem
1345 869 1401 918 et
1427 862 1712 917 interitum
1737 880 1749 915 :

163 961 353 1030 itaque
373 958 663 1029 oportebat
681 955 874 1011 venire
900 954 1087 1024 aliqua
1109 954 1388 1025 prioribus
1412 953 1573 1008 bonis
1591 954 1754 1024 longe

162 1053 416 1116 meliora,
444 1065 508 1105 ea
537 1057 721 1103 autem
764 1055 944 1111 erant,
976 1047 1096 1118 ejus
1129 1046 1225 1116 qui
1267 1060 1372 1101 nos
1397 1053 1484 1102 est
1516 1045 1753 1101 fabrica-

165 1154 257 1197 tus
286 1142 540 1196 humanae
577 1149 790 1194 naturae
824 1137 1122 1207 susceplio.
1155 1137 1224 1191 Et
1253 1151 1402 1191 nunc
1429 1136 1497 1192 ab
1530 1137 1641 1191 imo
1669 1152 1755 1192 as-

161 1235 407 1290 cendens
432 1233 644 1287 aerium
674 1231 1081 1287 ﬁrmamentum
1111 1245 1179 1285 ex
1206 1230 1362 1300 aquis
1404 1237 1584 1295 terrm,
1612 1244 1755 1299 quo-

169 1328 341 1391 niam,
388 1324 702 1380 humanitas
748 1337 850 1392 per
879 1308 1163 1379 Christum
1207 1330 1293 1376 est
1336 1310 1637 1390 assumpta,
1671 1328 1757 1376 est

163 1416 327 1470 simul
358 1430 487 1469 cum
517 1426 717 1484 magno
758 1414 816 1466 et
857 1411 1037 1481 primo
1072 1409 1235 1472 cutio,
1267 1423 1395 1463 cum
1434 1407 1624 1473 Verbi,
1669 1407 1756 1462 in-

160 1523 351 1578 quam,
389 1505 699 1569 divinitate,
741 1501 984 1558 assidue.
1027 1501 1098 1555 Et
1140 1501 1258 1555 haec
1303 1499 1448 1555 facta
1488 1494 1622 1555 sunt
1669 1513 1756 1555 se-

165 1599 386 1664 cunda,
452 1606 514 1652 ut
550 1596 752 1667 prima,
780 1594 1189 1650 medicamento
1250 1590 1526 1658 adhibito,
1590 1607 1750 1647 cura-

166 1698 382 1745 rentur.

1857 486 2082 565 quando
2123 487 2347 556 quidem
2383 485 2637 555 accipere
2682 498 2856 554 aquas
2898 497 2998 553 pro
3040 482 3318 552 gentibus,
3341 471 3448 535 'ali-

1857 580 2082 649 quando
2126 588 2310 635 autem
2360 594 2458 649 pro
2505 576 2928 639 tentutiouibus,
2974 574 3273 644 aliquando
3320 589 3450 627 vero

1860 687 1959 742 pro
1982 671 2187 727 divinis
2213 671 2540 741 disciplinis.
2579 681 2635 726 et
2670 684 2768 739 pro
2790 675 2982 724 sancto
3012 667 3243 737 Spiritu,
3267 677 3320 721 ct
3350 682 3449 736 pro

1857 765 2032 835 gratia
2081 765 2448 835 baptismatis.
2510 762 2799 830 Quomodo
2849 762 3018 817 etiam
3080 762 3280 816 coelum
3343 760 3447 815 alt-

1858 854 2082 923 quando
2135 855 2361 925 quidem
2414 854 2691 925 signiﬁcat
2740 854 2918 923 ipsum
2972 851 3378 906 ﬁrmamentum
3429 865 3444 902 :

1860 944 2156 1014 aliquando
2201 956 2383 1001 autem
2431 945 2917 1000 ctiam-caelestes
2967 928 3304 1004 l'otcstates,
3354 947 3450 994 aut

1858 1039 2027 1092 etiam
2052 1053 2150 1093 cor
2177 1053 2343 1093 omne
2375 1052 2543 1108 super
2563 1038 2712 1109 quod
2740 1038 2883 1093 Deus
2912 1034 3232 1106 requiescit.

1929 1128 2141 1185 Montes
2196 1145 2421 1201 quoque
2486 1130 2675 1186 multis
2743 1130 2920 1183 modis
2996 1127 3445 1197 intelliguntur:

1859 1221 2215 1292 accipiuntur
2296 1223 2445 1278 enim
2525 1238 2627 1292 pro
2711 1220 2867 1277 ctelis
2950 1230 3001 1276 et
3090 1234 3188 1290 pro
3259 1219 3450 1273 Eccle-

1858 1309 1960 1377 sia,
1995 1321 2052 1365 et
2079 1326 2181 1381 pro
2207 1312 2440 1382 angelis,
2466 1310 2525 1367 et
2552 1328 2654 1381 pro
2682 1311 2865 1377 altari,
2892 1322 2949 1366 et
2988 1327 3088 1380 pro
3112 1309 3450 1365 adversariis

1858 1402 2244 1472 potestatibus,
2272 1412 2333 1457 et
2352 1417 2463 1471 pro
2489 1412 2679 1457 sancta
2707 1401 2928 1471 Virgine
2952 1409 3005 1455 et
3034 1399 3130 1454 Dei
3157 1398 3447 1469 genitricc.

1859 1493 2130 1549 Similiter
2153 1493 2321 1549 etiam
2351 1493 2506 1547 ﬂuvii
2526 1504 2590 1549 et
2612 1495 2815 1557 fontes,
2845 1500 2903 1547 et
2944 1492 3167 1561 plantae,
3195 1502 3251 1546 et
3276 1501 3448 1553 terra,

1857 1593 1916 1639 et
1951 1584 2217 1651 tenebrae,
2261 1586 2439 1640 nubes
2483 1593 2540 1640 et
2587 1584 2740 1640 venti
2773 1603 2786 1638 :
2814 1592 2872 1640 et
2918 1593 2978 1638 ut
3024 1585 3193 1639 semel
3240 1583 3447 1646 dicam,

1857 1677 2042 1733 omnis
2080 1678 2433 1748 aspectabilis
2464 1687 2523 1733 et
2562 1692 2685 1748 qum
2713 1677 2817 1733 sub
2845 1686 3130 1748 aspectum
3163 1692 3269 1731 nou
3302 1677 3454 1732 cadit

234 1783 538 1851 Propterea
585 1778 705 1833 dies
751 1775 1027 1832 secundus
1072 1783 1130 1830 et
1162 1774 1307 1829 actio
1338 1772 1581 1828 secunda
1611 1771 1753 1826 dici-
1787 1772 1830 1826 Β
1858 1779 2115 1826 creatura
2143 1770 2499 1826 multifariam
2526 1771 2827 1841 multisque
2852 1772 3034 1827 modis
3064 1770 3452 1843 intelliguntur

165 1885 277 1941 tur,
309 1872 621 1930 Servatoris
664 1871 920 1925 humanae
952 1878 1165 1923 natum
1208 1865 1507 1947 susceptio.
1557 1865 1754 1932 Quam,

161 1968 260 2039 qui
305 1966 436 2020 hinc
481 1975 538 2020 et
580 1963 735 2019 illinc
775 1963 1037 2018 discrevit
1064 1952 1317 2015 ﬁdelium
1360 1967 1417 2014 et
1450 1958 1757 2014 inﬁdelium

163 2074 340 2129 aquas
365 2073 466 2129 per
494 2056 901 2110 firmamentum
932 2050 1060 2106 ﬁdei
1104 2069 1117 2105 :
1156 2048 1599 2105 Christianorum
1639 2049 1759 2106 dies

163 2144 515 2216 signiﬁcavit.
573 2142 815 2213 Apparet
861 2149 1049 2196 autem
1098 2139 1206 2194 hoc
1256 2153 1479 2209 quoque
1526 2139 1757 2209 pulchre

161 2236 483 2301 dicendum,
529 2234 677 2306 quod
724 2249 835 2289 non
866 2234 939 2289 sit
975 2231 1276 2288 recusanda
1309 2231 1754 2287 memorabilium

160 2333 540 2399 interpretum
571 2327 792 2383 diversa
816 2326 873 2380 in
910 2324 1115 2380 divinis
1138 2322 1442 2394 Scripturis
1463 2326 1712 2396 acceptio
1738 2343 1752 2378 :

153 2436 236 2484 ,ex
271 2420 394 2490 ipso
435 2419 584 2473 enim
633 2417 905 2473 divinitus
934 2414 1206 2486 inspirata
1236 2414 1618 2483 fundamento,
1652 2416 1758 2472 hoc

159 2514 348 2569 facere
395 2510 716 2566 didicimus.
767 2507 922 2566 Unde
963 2506 1132 2563 etiam
1180 2519 1400 2577 aequum
1436 2515 1523 2562 est
1558 2506 1755 2561 audire

1855 1876 1886 1915 a
1916 1860 2121 1917 divinis
2144 1861 2399 1918 Patribus
2422 1878 2495 1918 ne
2521 1863 2705 1933 inopia
2727 1863 3064 1934 cognitionis
3094 1863 3298 1919 labore:
3324 1863 3450 1933 Spi-

1855 1952 1998 2009 ritus
2023 1962 2269 2019 sanctus,
2298 1970 2411 2009 non
2442 1956 2660 2022 valens,
2691 1956 2837 2011 sicut
2862 1956 3047 2026 pluvia
3081 1956 3305 2026 plantis,
3353 1957 3455 2010 do-

1855 2062 1987 2103 nare
2032 2047 2308 2102 diversam
2338 2047 2572 2118 gratiam
2606 2048 2665 2103 in
2693 2048 2997 2104 esculentis
3026 2064 3220 2103 eorum
3253 2047 3451 2103 fructi-

1858 2140 2000 2195 bus:
2027 2147 2113 2201 cst
2146 2139 2294 2195 enim
2336 2139 2476 2195 facie
2515 2140 2824 2212 multiplex,
2850 2143 3195 2213 multamque
3222 2149 3278 2197 et
3301 2157 3455 2197 eam—

1857 2229 1983 2285 dem
2035 2230 2249 2286 habens
2292 2230 2475 2286 lucem
2522 2247 2664 2302 aqua
2726 2233 2926 2301 divinae
2971 2232 3271 2303 Scriptura:
3328 2249 3454 2305 qua:

1857 2323 2095 2379 scaturit
2122 2338 2191 2377 cx
2236 2339 2349 2379 uno
2388 2323 2538 2380 fonte
2580 2325 2757 2406 sancti
2793 2324 3053 2397 Spiritus.
3084 2327 3148 2381 Ei
3177 2326 3349 2398 gloria
3396 2336 3455 2381 et

1858 2418 2109 2499 potentia
2136 2416 2193 2471 in
2222 2416 2422 2473 saecula
2457 2419 2807 2487 smculorum.
2838 2408 3036 2487 Amen.
3310 2426 3321 2431 ‘

1301 2887 1575 2983 LIBE
1600 2890 1663 2975 Β
1736 2885 1881 2977 ΤΕ
1909 2887 2102 2982 RTI
2131 2890 2300 2979 US.

1329 3098 1412 3152 pe
1445 3099 1682 3143 TERTIO
1716 3098 1822 3156 una
1856 3096 2262 3155 CREATIONts,

1750 3257 1823 3284 Ρ

231 3395 482 3450 Primum
507 3390 731 3462 quidem
757 3389 964 3449 librum
984 3388 1111 3456 feci,
1152 3404 1186 3445 o
1220 3388 1547 3461 Theophile,
1571 3389 1642 3446 de
1678 3376 1823 3452 iisbc
1855 3388 2124 3458 gatiouem
2159 3387 2368 3443 unum?
2415 3386 2532 3443 Una
2575 3399 2709 3457 ergo
2740 3387 3092 3458 congregatio
3124 3395 3234 3443 tota
3279 3405 3443 3465 aqua,

150 3502 285 3557 quae
315 3486 495 3557 primo
527 3483 618 3539 die
640 3499 671 3537 a
700 3483 812 3538 Deo
848 3481 990 3537 facta
1013 3491 1143 3537 sunt
1171 3497 1184 3535 :
1210 3483 1308 3552 qui
1332 3481 1542 3537 dicitur
1565 3481 1751 3537 Domi-

152 3579 343 3639 nicus.
369 3578 490 3644 Quo
523 3590 651 3629 cum
683 3573 868 3629 omnia
891 3588 961 3628 ex
982 3572 1160 3629 nihilo
1188 3573 1259 3630 ad
1292 3573 1403 3629 hoc
1422 3582 1485 3629 ut
1506 3573 1618 3630 sint
1646 3573 1747 3629 de-

150 3671 412 3726 duxisset
446 3668 616 3732 Deus,
649 3665 717 3719 de
739 3674 939 3721 cancro
973 3674 1235 3734 tanquam
1257 3679 1437 3725 massa
1465 3665 1651 3735 aliqua
1688 3664 1749 3721 in

147 3764 341 3827 frusta
368 3758 608 3813 dissecta
642 3756 913 3812 mundum
959 3756 1265 3815 constituit.
1298 3756 1431 3817 Post
1473 3756 1622 3817 diem
1644 3757 1752 3821 Do-

154 3850 453 3914 minicum,
488 3856 748 3917 tanquam
790 3847 859 3902 ad
891 3846 1197 3911 secundum
1227 3862 1446 3904 sacrum
1474 3848 1749 3904 scalarum

156 3941 415 4014 gradum,
459 3939 528 3995 ad
577 3939 906 3995 firmamenti
948 3938 1298 3999 altitudinem
1345 3941 1743 4011 promovimus,

155 4035 321 4092 Nunc
348 4043 531 4101 autem
557 4032 614 4087 in
641 4033 736 4088 illo
761 4033 829 4089 ad
855 4047 1126 4104 aquarum
1153 4032 1506 4099 latitudinem
1535 4042 1593 4091 et
1617 4049 1746 4105 pro-

150 4126 493 4189 funditatem
539 4133 596 4187 et
636 4125 1039 4197 longitudinem
1083 4126 1415 4193 audebimus
1459 4127 1751 4202 accedere,

150 4219 444 4275 Christum
490 4217 759 4274 habentes
804 4217 1239 4289 gubernatorem
1276 4216 1424 4287 apud
1471 4217 1690 4277 Patrem
1728 4234 1744 4271 :

157 4320 424 4379 tanquam
465 4309 721 4380 opiﬁcem
760 4316 818 4364 et
846 4309 904 4364 in
939 4307 1261 4379 operatione
1287 4324 1499 4379 parem,
1534 4324 1748 4382 germa-

154 4417 427 4473 numquc,
463 4409 521 4461 et
548 4417 677 4457 vere
710 4400 961 4474 ejusdem
989 4403 1263 4461 essentim.
1320 4403 1391 4458 Et
1414 4403 1546 4458 dixit
1580 4402 1745 4469 Deus,

155 4498 521 4569 Congregetur
560 4514 703 4569 aqua
739 4513 858 4570 qua
887 4507 964 4552 est
988 4501 1083 4553 sub
1121 4499 1248 4554 aceto
1288 4501 1346 4555 in
1376 4500 1747 4571 congregatio-

156 4605 281 4642 nem
328 4604 512 4654 uuam,
541 4598 589 4647 et
638 4599 899 4660 appareat
934 4589 1110 4651 arida.
1152 4589 1448 4657 Memento,
1485 4605 1519 4645 ο
1549 4589 1744 4657 lector,

156 4695 249 4735 me
283 4678 509 4743 dixisse,
541 4680 687 4749 quod
719 4696 829 4741 non
858 4680 1223 4738 dissolventes
1258 4680 1503 4745 litteram
1544 4683 1746 4739 transi-

1851 3494 2025 3534 unum
2074 3494 2226 3539 mare
2272 3487 2387 3534 tota
2427 3478 2600 3534 facies
2632 3487 2813 3546 terra),
2849 3496 3021 3535 unum
3060 3480 3240 3546 littus,
3274 3498 3445 3548 unum

1852 3570 2079 3641 pelagus
2106 3579 2499 3643 congregatum
2531 3589 2542 3624 :
2579 3580 2636 3626 et
2669 3573 2949 3642 quomodo
2990 3573 3135 3637 dicis
3166 3592 3180 3629 :
3214 3575 3449 3648 Congre-

1853 3664 2052 3733 getur?
2075 3661 2438 3733 Cougregetur
2466 3663 2640 3729 enim,
2687 3662 2895 3721 dicitur
2933 3674 2993 3721 et
3040 3665 3103 3720 ﬁt
3134 3667 3190 3722 in
3235 3667 3450 3740 disper~

1855 3754 1951 3821 sis,
1985 3753 2043 3810 Si
2070 3771 2204 3827 ergo
2236 3755 2635 3811 convenienter
2656 3756 2879 3822 litterat,
2903 3757 3134 3814 Judaiee
3177 3760 3452 3833 intelliges

1853 3863 1986 3904 mus
2017 3848 2300 3919 proposita
2328 3866 2342 3901 :
2370 3863 2477 3903 nec
2520 3849 2575 3910 in
2604 3848 2693 3904 his
2724 3847 2931 3916 factum
2960 3860 3050 3906 est
3088 3851 3186 3907 Dei
3223 3855 3451 3911 mandas-

1851 3953 1992 3997 tum.
2022 3940 2189 4011 Atqui
2219 3938 2545 4001 testificatur
2564 3940 2855 4011 Scriptura
2897 3941 3085 4007 divina
3111 3943 3304 4007 dicens
3330 3964 3343 4000 :
3376 3947 3448 4005 Et

1853 4034 2054 4106 factum
2086 4043 2163 4090 est
2209 4032 2517 4096 ita:etiam
2552 4033 2596 4088 si
2646 4033 2700 4093 in
2745 4032 2959 4097 ultimis
3000 4037 3341 4107 temporibus
3371 4039 3446 4098 ita

1853 4128 2057 4181 factum
2081 4132 2186 4183 est.
2214 4124 2355 4187 Nam
2385 4123 2547 4186 initio
2592 4123 2649 4179 in
2673 4140 2819 4195 aqua
2847 4126 3099 4187 sensibili
3127 4128 3333 4185 factum
3361 4142 3472 4188 est.

1853 4227 2045 4275 contra
2080 4232 2245 4287 quam
2285 4217 2435 4272 Deus
2464 4215 2773 4282 mandarat,
2809 4217 2856 4273 si
2887 4218 3127 4275 litteram
3172 4225 3467 4293 sequaris,.

1852 4310 1975 4381 Ipse
1997 4310 2149 4367 enim
2175 4308 2311 4370 dixit
2338 4328 2353 4363 ς
2380 4307 2741 4381 Cougregetur
2764 4327 2907 4381 aqua
2938 4328 3056 4384 quae
3081 4324 3160 4370 est
3182 4318 3288 4371 sub
3316 4318 3445 4377 rte/0

1849 4403 1909 4460 in
1937 4402 2401 4473 congregationem
2421 4419 2589 4464 una»:
2614 4418 2632 4457 :
2658 4411 2919 4475 tanquam
2944 4405 3014 4463 de
3040 4424 3148 4465 una
3175 4412 3444 4470 mandans

1853 4509 1997 4565 aqua
2025 4502 2082 4551 et
2107 4509 2219 4555 una
2242 4495 2703 4566 congregatione;
2733 4508 3079 4571 congregatae
3106 4512 3293 4559 autem
3313 4518 3444 4564 sunt

1852 4602 2010 4657 aqua;
2031 4587 2095 4641 in
2118 4587 2324 4646 multas
2348 4587 2824 4661 congregationes,
2843 4607 2955 4650 non
2981 4604 3167 4653 autem
3191 4597 3246 4652 in
3278 4615 3443 4654 unam

1853 4679 2364 4751 congregationem.
2391 4679 2582 4750 Neque
2606 4680 2678 4736 ob
2701 4680 2756 4735 id
2783 4684 2934 4752 quod
2957 4685 3193 4745 dicimus
3215 4699 3467 4746 cantur--

155 4785 281 4824 mus
302 4768 369 4823 ad
396 4784 505 4835 non
533 4769 773 4840 scriptos
793 4785 989 4826 sensus
1008 4771 1338 4842 anagogicos
1362 4790 1374 4825 :
1400 4772 1499 4828 sed
1522 4788 1553 4826 a
1571 4772 1745 4828 Paulo
1780 4787 1823 4841 ι)
1851 4775 2014 4831 betur
2042 4772 2264 4830 auditor
2291 4791 2304 4825 :
2333 4773 2452 4843 ipsa
2493 4775 2641 4833 enim
2667 4776 2855 4831 divina
2899 4777 3187 4850 Scriptura
3228 4781 3334 4839 hoc
3362 4794 3471 4840 te-'

154 4861 366 4916 eruditi
395 4860 491 4930 qui
520 4859 656 4927 dicit
685 4879 701 4927 ;
732 4861 937 4923 Littera
982 4863 1169 4929 occidit
1195 4864 1241 4897 ⁸⁸
1262 4866 1435 4931 ;sicut
1457 4868 1620 4934 etiam
1651 4883 1745 4925 oc-

164 4950 299 5005 cidit
324 4950 560 5008 Judseos.
606 4952 684 5018 Ea
728 4952 798 5006 de
841 4968 1026 5020 causa,
1078 4963 1205 5024 post
1250 4954 1514 5023 litteram,
1549 4956 1749 5026 quaeri-

158 5057 284 5097 mus
324 5042 490 5098 etiam
525 5043 781 5113 spiritum
821 5045 927 5123 qui
952 5060 1052 5115 per
1090 5046 1330 5113 litteram
1360 5047 1746 5114 adumbratur,

157 5136 212 5190 in
239 5135 461 5191 Christo
492 5147 679 5193 autem
723 5137 1005 5211 impletur.
1051 5138 1195 5196 Ecce
1242 5139 1391 5204 enim
1437 5156 1564 5196 cum
1607 5156 1749 5211 aqua

154 5237 686 5300 essetcongregata,
732 5240 987 5301 essetque
1035 5231 1345 5297 individua,
1390 5243 1447 5288 et
1478 5233 1747 5303 quodam-

154 5320 322 5376 modo
368 5329 628 5391 tanquam
682 5338 833 5379 mare
880 5339 1054 5378 unum
1103 5324 1470 5391 consisteret,
1519 5342 1588 5382 ex
1634 5343 1747 5398 quo

153 5414 370 5469 acrium
417 5414 620 5470 factum
662 5416 852 5471 divisit
886 5416 1317 5484 firmamentum,
1359 5419 1595 5474 alterum
1625 5421 1748 5491 qui-

154 5506 279 5561 dem
309 5523 499 5577 supra,
532 5509 771 5564 alterum
805 5525 936 5565 vero
965 5509 1109 5565 infra
1142 5512 1463 5582 Lquomodo
1485 5512 1621 5568 dicit
1642 5513 1747 5581 Do-

154 5598 362 5667 minus,
388 5598 745 5673 Congregetur
768 5620 908 5677 aqua
938 5619 1056 5673 qua:
1080 5612 1155 5669 est
1180 5605 1274 5659 sub
1297 5605 1422 5660 caelo
1447 5606 1501 5659 in
1525 5622 1736 5683 congre-

189 5741 236 5773 ”
267 5738 316 5796 ll
344 5739 471 5796 Cor.
499 5756 579 5807 tu,
614 5742 665 5800 6.

1851 4876 2051 4923 statur.
2083 4865 2384 4938 Subiunxit
2406 4867 2555 4923 enim
2587 4869 2825 4939 scriptor
2855 4870 3048 4927 dicens
3075 4891 3088 4927 :
3118 4873 3189 4929 Et
3222 4893 3443 4949 congre-

1848 4968 1977 5030 gata
2016 4967 2093 5015 est
2128 4974 2268 5028 aqua
2307 4975 2426 5031 qua
2467 4967 2545 5014 est
2585 4961 2679 5015 sub
2720 4962 2869 5029 cwlo,
2908 4965 2963 5018 in
3009 4970 3442 5040 congregationes

1847 5066 1993 5105 suas.
2027 5050 2168 5107 Ecce
2196 5067 2307 5106 non
2343 5051 2478 5107 dicit
2510 5070 2523 5105 :
2549 5054 2603 5106 in
2644 5057 3105 5125 congregationem
3126 5076 3281 5115 suam
3307 5078 3467 5118 con--

1849 5155 2072 5216 gregata
2099 5154 2186 5200 est
2204 5160 2369 5216 aqua,
2393 5145 2511 5211 sed,
2535 5148 2591 5201 in
2614 5148 3048 5220 congregatione:
3064 5169 3192 5208 suae
3215 5157 3437 5220 multas,

1849 5239 2041 5293 multa;
2096 5253 2273 5308 aquae,
2321 5238 2535 5294 eﬂ'ectte
2589 5241 2776 5295 multae
2830 5247 3310 5316 congregationes.
3361 5251 3441 5308 Ex

1847 5329 1943 5383 illa
1972 5329 2121 5384 enim
2172 5345 2280 5384 una
2323 5330 2499 5400 prima
2530 5333 2955 5402 congregatione
2987 5346 3046 5392 et
3092 5342 3232 5401 mari
3277 5345 3443 5399 unius

1846 5438 2023 5491 aqum,
2054 5423 2241 5481 multa:
2266 5437 2444 5493 aquae,
2476 5423 2650 5479 multa
2681 5428 2854 5483 maria
2900 5429 3041 5486 facta
3074 5444 3206 5490 sunt
3233 5454 3246 5490 :
3280 5438 3442 5494 multi

1848 5514 2003 5573 lacus
2032 5524 2166 5569 sunt
2185 5513 2371 5581 divisi,
2408 5516 2565 5571 multi
2600 5515 2783 5573 fontes
2802 5518 2968 5578 divisi
2999 5533 3129 5581 sunt
3153 5526 3209 5583 in
3236 5530 3443 5586 multos

1850 5606 2069 5673 fluvios.
2108 5607 2263 5677 Aqua
2301 5607 2395 5666 illa
2440 5623 2564 5679 quae
2606 5610 2766 5680 prius
2813 5621 2935 5669 erat
2966 5630 3293 5692 congregata
3335 5624 3440 5688 sub
