4082 6290
545 265 658 329 879

1729 258 1790 318 S.
1831 256 2231 319 ANASTASII
2271 255 2598 315 διΝΑιτΑς
2622 328 2625 331 _

555 377 720 443 coelo,
760 373 938 430 divisa
984 380 1073 430 est
1119 373 1174 429 in
1218 374 1391 427 multa
1430 373 1568 439 loca,
1600 381 1656 426 et
1701 373 1891 427 multis
1938 372 2136 427 modis.
2170 379 2211 433 Α
2242 383 2297 425 ct
2343 380 2714 443 congregetur
2759 369 2831 426 ad
2880 370 3061 426 lucem
3097 387 3110 423 :
3140 369 3247 425 hoc
3275 380 3380 437 est,
3428 371 3501 427 ad
3543 370 3836 432 Christum

554 470 711 541 Aqua
732 469 788 523 in
811 468 1032 541 abysso,
1060 482 1190 523 ecce
1215 482 1324 522 una
1347 466 1700 537 congregatio
1724 484 1738 518 :
1762 481 1902 537 aqua
1924 466 2138 530 oceani,

555 576 930 616 ecce'rursus
972 559 1137 614 etiam
1184 558 1289 612 alia
1345 558 1913 628 congregatiozmare
1960 558 2159 627 ipsum

558 653 900 718 Rubrum,et
922 651 1067 722 quod
1091 662 1177 707 est
1197 650 1355 705 nobis
1377 651 1771 721 propinquum,
1794 666 1922 706 ecce
1945 662 2140 720 quarta

558 762 714 817 aqua:
759 744 1111 815 congregatio
1163 760 1177 797 :
1215 743 1367 798 ﬂuvii
1413 759 1482 798 ex
1530 744 1683 797 Eden
1724 758 1896 798 :ecce
1944 759 2138 813 magna

557 855 713 910 aquae
749 838 1101 909 congregatio
1131 855 1144 891 :
1174 837 1417 908 Pbyson,
1466 835 1618 892 Geon
1644 876 1659 900 ,
1691 836 1889 905 Tigris,
1934 844 1992 890 et
2030 836 2142 890 Eu-

554 926 779 1003 phrates
821 949 835 984 :
880 945 1010 986 ecce
1056 939 1297 1000 quatuor
1344 930 1799 1000 congregationcs
1847 942 2137 999 aquarum.

556 1024 702 1079 Fons
750 1023 846 1093 qui
889 1022 1227 1079 ascendebat
1255 1038 1322 1076 ex
1371 1031 1516 1077 terra
1551 1031 1608 1076 et
1655 1021 1919 1091 irrigabat
1966 1029 2137 1075 totam

555 1115 946 1170 faciemterrxe
974 1134 987 1169 :
1019 1131 1152 1171 ecce
1179 1116 1347 1170 etiam
1379 1115 1487 1171 alia
1533 1114 1668 1168 toris
1715 1128 1980 1183 aquarum
2008 1128 2142 1167 con-

553 1207 831 1277 gregatio,
868 1215 1057 1276 mater
1089 1206 1386 1261 multarum
1437 1220 1727 1274 aquarum.
1773 1203 2141 1274 Congregatio

555 1299 747 1364 maris,
780 1314 933 1353 mare
973 1282 1272 1362 mortuum,
1302 1307 1463 1368 typus
1494 1297 1739 1352 Iudaicae
1780 1303 1839 1351 et
1881 1295 2141 1351 infertilis

552 1400 612 1447 et
640 1401 870 1446 mortuae
899 1389 1365 1460 congregationis.
1399 1389 1569 1458 Aquae
1594 1389 1885 1451 infertiles,
1913 1398 1970 1443 et
2004 1388 2139 1443 olim

553 1480 993 1535 llierichuntinaa
1038 1497 1051 1532 :
1101 1488 1158 1534 et
1194 1494 1315 1549 quae
1362 1495 1512 1533 nunc
1554 1488 1683 1534 sunt
1713 1479 1927 1535 fertiles
1973 1496 1986 1531 :
2036 1493 2141 1533 nos

554 1572 877 1643 ﬁgurantes,
898 1571 993 1641 qui
1013 1585 1115 1626 nos
1142 1570 1378 1626 invicem
1407 1571 1654 1640 parimus
1683 1571 1739 1625 in
1772 1571 1899 1625 vivo
1924 1570 2138 1639 Spiritu

552 1674 610 1721 et
653 1680 797 1733 aqua
851 1662 1220 1734 baptismatis.
1272 1661 1427 1732 Aqua
1469 1660 1745 1732 genitalis,
1778 1670 1840 1715 ut
1882 1659 2139 1731 Egyptia

2243 464 2340 534 qui
2371 466 2488 519 suis
2516 465 2742 520 mandat
2774 463 3064 534 discipulis
3105 470 3163 517 et
3194 462 3331 518 dicit
3357 481 3372 517 :
3397 463 3480 519 Ite
3509 473 3568 521 et
3595 482 3855 538 congre--

2241 566 2365 627 gate
2410 574 2587 612 omnes
2610 569 2787 628 gentes
2808 565 2864 611 et
2885 573 3057 627 aquas
3075 556 3129 611 in
3151 572 3316 613 unam
3339 561 3834 630 congregationem

2242 649 2611 720 baptismatis,
2637 650 2969 721 baptizantes
2995 668 3078 704 eos
3101 653 3159 704 in
3184 653 3394 704 nomine
3422 652 3610 707 Patris
3636 664 3686 708 et
3708 654 3837 710 Fih'i

2241 752 2289 796 et
2338 741 2569 813 Spiritus
2606 745 2779 798 sancti
2817 744 2865 776 “
2895 762 2909 798 :
2939 744 3109 808 illius,
3145 746 3391 814 inquam,
3444 744 3690 815 Spiritus
3734 748 3836 817 qui

2239 834 2396 904 prius
2428 835 2716 891 ferebatur
2745 851 2914 906 super
2941 836 3085 891 hanc
3112 852 3310 906 aquam
3340 855 3356 891 :
3384 854 3534 893 nunc
3557 849 3747 909 autem
3772 840 3835 894 in

2240 942 2305 982 ea
2354 928 2661 991 cohabitat,
2697 939 2756 984 et
2798 930 3089 1000 conjungit
3124 945 3320 986 omnes
3359 946 3535 1001 aquas
3580 934 3834 1003 gentium

2240 1034 2366 1087 qua:
2395 1019 2556 1089 prius
2583 1029 2747 1076 erant
2777 1027 3005 1075 remota:
3029 1035 3094 1075 ac
3117 1020 3410 1086 distantes,
3444 1022 3500 1076 in
3526 1039 3697 1076 unam
3728 1023 3838 1077 Ec-

2242 1110 2423 1169 clesiae
2457 1113 2944 1182 congregationem
2988 1122 3089 1169 :et
3128 1113 3263 1168 ﬁent
3294 1128 3491 1168 omnes
3534 1131 3641 1169 una
3687 1132 3834 1185 aqua

2239 1203 2401 1267 vitae,
2453 1220 2595 1260 unus
2641 1206 2803 1270 l'ons,
2838 1221 2983 1261 unus
3034 1206 3234 1261 hortus
3267 1207 3633 1272 deliciarum,
3684 1225 3837 1263 unus

2239 1309 2405 1364 grex,
2457 1311 2604 1350 unus
2651 1306 2873 1365 pastor,
2946 1312 3092 1359 unus
3141 1297 3439 1362 Dominus,
3492 1313 3603 1353 una
3656 1297 3830 1362 ﬁdes,

2239 1402 2410 1441 unum
2448 1387 2743 1458 baptisma,
2780 1405 2951 1444 unum
2993 1405 3197 1460 corpus
3218 1390 3449 1453 Christi,
3478 1406 3626 1446 unus
3657 1391 3835 1460 spiri-

2241 1485 2347 1542 tus,
2384 1494 2555 1533 unum
2589 1494 2709 1545 cor,
2743 1496 2853 1535 una
2890 1496 3023 1536 caro
3069 1497 3275 1551 sponsa
3302 1481 3573 1546 Ecclesia,
3608 1491 3666 1535 et
3707 1483 3836 1551 ejus

2239 1582 2476 1638 sponsus
2507 1568 2782 1636 Christus,
2816 1586 2989 1625 unum
3037 1571 3468 1636 ﬁrmamentum,
3501 1588 3674 1626 unum
3712 1588 3834 1627 cos-

2240 1660 2354 1714 lum
2386 1660 2640 1717 Christus
2673 1671 2730 1717 et
2773 1663 3013 1733 populus
3049 1663 3295 1718 ﬁdelium
3344 1673 3608 1734 tanquam
3639 1666 3833 1720 stella-

552 1772 695 1828 aqua
726 1756 929 1811 multos
954 1770 1243 1827 generatis.
1279 1754 1449 1824 Aquae
1490 1753 1778 1823 potabiles,
1806 1760 1866 1808 et
1897 1768 1976 1807 ea:
2014 1767 2139 1822 qua:
2170 1741 2212 1795 Β
2240 1766 2362 1807 rum
2392 1769 2517 1823 quae
2547 1754 2602 1808 in
2637 1754 2759 1825 ipso
2791 1754 3056 1809 deﬁciunt
3084 1764 3141 1809 et
3170 1755 3577 1811 illuminantur.

554 1857 684 1902 sunt
714 1847 767 1900 in
795 1862 919 1901 usu.
962 1845 1118 1917 Aqua
1161 1861 1285 1916 quae
1315 1844 1455 1899 adiri
1490 1859 1601 1899 non
1630 1852 1812 1914 potest
1850 1860 1864 1896 :
1906 1850 1966 1896 ut
2003 1842 2136 1899 Am-

551 1941 768 1996 moniea
801 1959 812 1993 :
842 1956 972 1995 ecce
992 1941 1157 1995 etiam
1187 1939 1369 1995 aliena
1391 1953 1546 2008 aquae
1574 1935 1945 2006 congregatio.
1968 1934 2139 2004 Aqua

554 2036 611 2090 in
644 2034 841 2089 insulis
870 2034 1083 2096 divisis,
1116 2041 1172 2085 et
1208 2047 1307 2101 per
1337 2045 1397 2085 se
1437 2030 1910 2099 congregationes.
1958 2025 2136 2081 Fluvii

554 2127 610 2180 in
646 2125 952 2181 continenti
984 2142 996 2176 :
1022 2124 1173 2177 lacus
1191 2132 1247 2177 ct
1269 2136 1424 2191 aquas
1441 2135 1565 2190 qua:
1587 2120 1643 2173 in
1668 2119 1807 2173 locis
1827 2118 1951 2173 aliis
1970 2117 2140 2171 aliam

551 2219 760 2275 habent
804 2217 1182 2288 operationem
1229 2223 1287 2269 et
1333 2212 1652 2284 qualitatem
1684 2228 1697 2264 :
1726 2227 1866 2280 aqua
1912 2224 2134 2274 amara,

552 2325 696 2381 aqua
745 2305 1014 2362 accedens
1057 2303 1124 2358 ad
1170 2317 1424 2372 saporem
1468 2298 1779 2360 bituminis,
1811 2313 1952 2366 aqua
1988 2296 2135 2366 peri-

550 2416 732 2465 mens,
762 2408 823 2454 ut
845 2414 966 2469 quae
986 2406 1070 2452 est
1095 2396 1151 2450 in
1178 2393 1416 2449 desertis
1434 2390 1733 2461 Ethiopia:
1760 2407 1773 2442 :
1799 2404 1939 2459 aqua
1960 2387 2137 2451 calida

550 2503 609 2548 et
637 2491 892 2548 salubris.
923 2486 1363 2544 Innumerabiles
1385 2483 1839 2554 congregationes
1869 2495 2137 2551 aquarum

553 2586 897 2641 diversarum
928 2591 985 2635 et
1016 2581 1334 2635 multarum.

620 2672 788 2741 Atqui
813 2686 923 2725 non
954 2670 1032 2723 sic
1056 2668 1223 2739 jussit
1251 2668 1396 2722 Deus
1426 2675 1486 2722 ut
1520 2681 1662 2738 aqua
1701 2673 1850 2721 esset
1889 2664 2135 2731 dividua,

555 2765 649 2822 sed
700 2764 856 2818 unita
901 2764 955 2817 in
1006 2777 1169 2816 unam
1218 2760 1719 2830 congregationem.
1762 2757 1905 2824 Quid
1952 2767 2138 2811 autem

550 2866 675 2913 erat
702 2854 929 2911 omnino
962 2868 1184 2907 necesse
1207 2850 1399 2920 Opiﬁci
1425 2865 1626 2921 aquam
1648 2849 1943 2903 extendere
1971 2862 2140 2918 super

554 2964 791 3005 omnem
826 2947 1174 3017 superliciem
1213 2954 1394 3007 terrae,
1442 2951 1498 2998 et
1546 2942 1745 2997 deinde
1788 2957 1907 2996 eam
1944 2954 2140 2995 rursus

549 3056 936 3114 congregare:
984 3049 1039 3094 et
1094 3055 1205 3093 non
1270 3037 1456 3107 potius
1508 3048 1956 3105 unamquamque
2022 3047 2138 3086 rem

550 3147 795 3192 creatam
838 3135 892 3188 in
933 3132 1162 3203 proprio
1210 3130 1332 3185 loco
1372 3138 1615 3183 statuere
1644 3134 1700 3180 et
1745 3124 2137 3195 compingere?

553 3230 717 3300 Ergo,
750 3242 819 3282 ne
869 3242 969 3279 nos
1015 3237 1237 3293 quoque
1268 3220 1578 3276 incidamus
1624 3218 1679 3271 in
1713 3218 1940 3286 laqueos
1969 3217 2138 3270 Mani-

554 3323 854 3377 chaeorum.
897 3320 978 3373 llli
1027 3318 1197 3375 enim.
1246 3313 1641 3369 convenienter
1672 3310 1891 3375 litterae,
1937 3309 2140 3364 intelli-

554 3422 746 3485 gentes
768 3413 975 3484 iussum
999 3410 1093 3464 Dei
1121 3407 1188 3463 de
1213 3408 1300 3461 his
1322 3406 1483 3476 aquis
1509 3423 1523 3458 :
1551 3404 1938 3458 existimarunt
1963 3403 2135 3457 Deum

554 3522 675 3563 esse
722 3506 1051 3569 mentitum,
1105 3514 1396 3572 propterea
1432 3496 1580 3569 quod
1624 3512 1765 3567 aqua
1811 3510 1922 3550 non
1966 3494 2139 3549 fuerit

552 3608 882 3670 congregata
925 3598 981 3652 in
1032 3608 1198 3651 unam
1261 3591 1770 3664 congregationem,
1816 3588 1913 3644 sed
1951 3587 2139 3658 potius

549 3701 747 3747 (antra
772 3690 972 3745 factum
1002 3696 1106 3743 est.
1137 3687 1238 3742 llic
1262 3700 1397 3755 ergo
1430 3683 1597 3750 adsis,
1625 3699 1659 3737 ο
1681 3683 1879 3736 harum
1909 3679 2140 3735 divinis-

554 3786 818 3838 simarum
840 3780 1099 3836 Ecclesia
1122 3792 1388 3849 aquarum
1412 3783 1795 3845 congregator,
1819 3781 1877 3827 et
1896 3772 2139 3826 deducas

554 3876 623 3930 ad
645 3873 977 3946 profundum
1004 3872 1201 3925 harum
1227 3883 1516 3939 aquarum.
1550 3866 1693 3921 Dicit
1720 3866 1887 3928 Deus,
1909 3864 2139 3932 Congre-

555 3977 708 4040 get‘ur
735 3982 875 4038 aqua
901 3978 1021 4035 qua
1046 3970 1120 4016 est
1148 3962 1241 4016 sub
1262 3959 1411 4023 caelo,
1439 3959 1545 4013 hoc
1572 3967 1678 4020 est,
1712 3956 1968 4009 universa
1999 3953 2139 4007 mul-

556 4060 736 4115 titudo
767 4058 1012 4129 gentium
1050 4070 1173 4124 quas
1198 4061 1329 4107 sunt
1357 4051 1464 4106 sub
1496 4050 1657 4111 malo,
1686 4054 2055 4117 congregetur
2080 4046 2137 4099 in

556 4150 1039 4221 congregationem
1076 4159 1241 4201 unam
1277 4159 1412 4199 mea:
1446 4142 1573 4197 ﬁdei
1603 4149 1660 4196 et
1688 4138 1967 4204 Ecclesiae,
1997 4152 2140 4207 quo-

555 4244 724 4299 modo
750 4251 836 4296 est
875 4246 1202 4311 congregata
1232 4252 1371 4307 aqua
1401 4250 1524 4305 qua:
1556 4242 1639 4287 est
1666 4230 1770 4287 sub
1794 4230 1971 4295 cmlis,
1998 4229 2141 4283 Inul-

556 4335 756 4399 titndo,
786 4334 1034 4403 inquam,
1074 4332 1413 4386 Potestatum
1443 4324 1836 4396 angelicorum,
1880 4320 1938 4375 in
1972 4334 2137 4374 unam

2308 1842 2389 1898 Ita
2438 1851 2525 1898 est
2571 1843 2932 1915 intelligenda
2983 1855 3040 1898 et
3088 1843 3414 1914 accipienda
3460 1861 3567 1899 vox
3624 1844 3723 1900 Dei
3772 1853 3834 1899 et

2236 1934 2424 2006 jussus
2462 1935 2532 1990 de
2583 1936 2672 1991 his
2718 1936 2926 2006 aquis:
2977 1936 3058 1992 sic
3104 1947 3162 1991 ct
3193 1952 3304 1991 non
3344 1937 3513 1992 aliter
3542 1939 3834 1996 sentimus

2237 2024 2463 2095 Spiritu,
2499 2040 2707 2089 omnia,
2738 2034 2795 2080 et
2824 2041 2934 2080 non
2961 2040 3231 2095 corpore:
3258 2035 3315 2082 et
3347 2027 3426 2082 sic
3459 2029 3833 2098 praedicamus

2239 2119 2309 2174 de
2336 2119 2499 2174 nobis
2536 2120 2632 2190 qui
2665 2120 2826 2189 prius
2861 2135 3086 2176 eramus
3127 2129 3322 2191 gentes
3368 2121 3641 2192 dispersae
3680 2132 3740 2177 et
3770 2124 3832 2177 in

2238 2210 2382 2266 Deos
2429 2212 2874 2269 innumerabiles
2922 2213 3019 2283 qui
3069 2213 3155 2267 Dii
3201 2230 3311 2269 non
3370 2224 3532 2270 erant
3580 2224 3642 2269 et
3686 2217 3828 2271 muti

2237 2311 2400 2357 erant
2430 2303 2516 2357 Dii
2548 2304 2893 2367 errabamus,
2930 2303 3120 2359 dicere
3152 2312 3346 2359 vocem
3375 2304 3627 2361 divinam
3659 2317 3717 2361 et
3738 2307 3832 2376 ju-

2237 2391 2425 2448 bendo
2441 2393 2633 2450 dicere
2660 2412 2675 2449 ε
2701 2393 3063 2467 Congregetur
3086 2412 3229 2465 aqua
3253 2411 3373 2467 qua!
3399 2406 3476 2451 est
3496 2399 3593 2452 sub
3619 2400 3751 2457 celo
3770 2402 3827 2453 in

2237 2484 2704 2553 congregationem
2723 2500 2911 2538 unam.
2936 2483 3117 2553 Super
3137 2494 3342 2540 terram
3362 2496 3664 2559 congregat
3685 2467 3832 2546 Deus

2238 2576 2485 2630 Verbum
2518 2576 2573 2630 in
2610 2593 2776 2631 unam
2806 2579 3313 2649 congregationem.
3351 2580 3455 2635 Per
3475 2584 3689 2637 aerium
3723 2600 3827 2638 an-

2240 2676 2353 2723 tem
2393 2666 2803 2722 ﬁrmamentum
2856 2668 3133 2735 dividens,
3164 2686 3295 2725 cum
3338 2671 3392 2725 in
3438 2674 3611 2728 caelos
3637 2684 3828 2729 sustu-

2240 2758 2398 2812 lisset
2440 2773 2640 2828 aquam
2685 2775 2699 2812 :
2739 2774 2862 2814 eam
2901 2760 3157 2815 dilatavit
3201 2772 3257 2815 et
3295 2762 3457 2818 valde
3495 2765 3752 2819 eatendit
3794 2781 3828 2819 a

2241 2849 2446 2903 ﬁnibus
2496 2865 2674 2919 usque
2708 2849 2775 2905 ad
2812 2850 2949 2906 ﬁnes
2977 2852 3253 2908 universae
3276 2862 3569 2922 creaturae,
3597 2856 3827 2926 abysso-

2241 2954 2476 3012 rumque
2505 2951 2562 2997 et
2585 2958 2870 3013 aequorum
2910 2962 2923 2997 ε
2967 2954 3024 2999 οι
3055 2961 3181 3000 cum
3221 2962 3387 3017 supra
3415 2948 3829 3006 ﬁrmamentum

2242 3032 2421 3088 instar
2473 3034 2584 3089 veli
2636 3035 3019 3105 expandisset,
3072 3038 3252 3107 ipsum
3298 3039 3571 3104 extendit,
3624 3050 3687 3096 ut
3727 3057 3834 3098 nos

2244 3127 2520 3181 discamus
2569 3128 2717 3196 quod
2764 3145 2887 3198 qua:
2932 3130 3088 3199 prius
3136 3139 3297 3185 erant
3342 3140 3535 3201 gentes
3583 3134 3832 3191 tenebris

2244 3219 2436 3275 oﬁ‘usm
2472 3236 2642 3289 super
2670 3231 2897 3285 terrain,
2939 3222 2994 3275 in
3031 3237 3194 3275 unam
3222 3235 3570 3295 congregatae
3599 3241 3833 3298 congre-

2245 3312 2523 3383 gationem
2569 3313 2957 3368 consensionis
2982 3313 3195 3369 Christi
3224 3315 3506 3388 Ecclgsite,
3541 3318 3833 3388 rapientur

2244 3403 2547 3474 aliquando
2582 3404 2639 3457 in
2662 3405 2881 3460 nubibus
2914 3406 2971 3459 in
3007 3421 3279 3460 occursum
3307 3406 3522 3461 Domini
3558 3408 3614 3462 in
3651 3411 3830 3473 cauis.

2244 3506 2485 3552 extensae
2532 3506 2585 3551 et
2631 3497 2874 3551 dilatata:
2913 3496 3079 3552 :aliie
3123 3499 3345 3566 quidem
3380 3500 3433 3554 in
3490 3502 3717 3572 regione
3749 3503 3834 3557 vi-

2244 3589 2512 3653 ventium,
2545 3590 2667 3645 aliae
2687 3598 2871 3643 autem
2893 3589 2950 3645 in
2976 3590 3255 3660 paradiso,
3276 3600 3334 3646 cl
3360 3592 3479 3647 alite
3506 3594 3560 3646 in
3583 3596 3833 3650 externis

2246 3679 2641 3737 tabernaculis.
2667 3687 2723 3733 et
2757 3678 2879 3734 aliae
2907 3679 2963 3733 in
2988 3680 3114 3735 luce
3146 3682 3476 3747 viventium,
3510 3693 3570 3739 et
3608 3685 3732 3740 alite
3774 3686 3832 3739 in

2246 3787 2417 3841 regno
2438 3771 2555 3834 Dei,
2582 3779 2635 3825 et
2659 3770 2781 3825 alia:
2804 3772 2860 3825 in
2886 3772 3109 3828 civitate
3133 3772 3350 3828 Domini
3372 3777 3669 3841 virtutum,
3700 3792 3835 3833 con-

2245 3872 2511 3935 gruenter
2532 3863 2583 3918 ei
2611 3863 2760 3933 quod
2793 3864 3008 3919 dictum
3037 3874 3123 3919 est
3149 3881 3177 3919 a
3209 3864 3451 3931 Christo,
3500 3868 3687 3925 Multa:
3705 3883 3834 3926 sunt

2246 3958 2547 4011 mansiones
2575 3956 2718 4027 apud
2740 3954 2958 4011 Patrem
2978 3958 3043 4012 “.
3068 3957 3145 4013 De
3173 3962 3597 4030 congregatione
3629 3964 3833 4019 harum

2246 4050 2464 4104 ratione
2506 4048 2867 4120 praeditarnm
2898 4064 3170 4119 aquarum
3201 4050 3422 4107 dicebat
3448 4052 3725 4121 Christirs,
3772 4073 3835 4112 se

2245 4159 2366 4199 esse
2407 4144 2637 4198 missum
2681 4157 2795 4196 non
2819 4141 2999 4197 solum
3035 4152 3264 4216 propter
3290 4160 3425 4201 oves
3458 4146 3694 4205 lsraelis.
3733 4151 3837 4205 sed

2244 4233 2412 4287 etiam
2453 4240 2514 4286 at
2549 4231 2815 4300 dispersos
2849 4229 2945 4286 Dei
2978 4231 3119 4301 ﬁtios
3141 4242 3485 4303 congregaret
3514 4232 3586 4289 ⁸⁷.
3629 4237 3705 4291 De
3746 4238 3835 4292 his

2245 4326 2406 4396 aquis
2431 4325 2622 4394 maris,
2652 4322 2767 4382 Deo
2793 4324 2931 4381 dicit
2959 4323 3131 4380 David
3162 4343 3176 4379 :
3207 4322 3546 4398 Congregans
3571 4336 3833 4399 tanquam

557 4428 656 4482 Dei
678 4423 1180 4496 congregationem,
1218 4421 1275 4473 in
1306 4417 1680 4477 concordiam,
1719 4416 1772 4469 in
1807 4426 1974 4468 unam
2017 4426 2142 4483 επι-
2173 4441 2216 4497 D
2246 4427 2418 4471 utrem
2467 4434 2639 4488 aqua:
2686 4420 2874 4482 maris,
2901 4428 3102 4489 ponens
3125 4420 3181 4472 in
3221 4418 3482 4473 thesauris
3518 4420 3736 4491 abysso:
3761 4422 3830 4485 ",

557 4531 668 4575 tam
691 4519 1005 4573 animorum
1028 4513 1471 4575 consensionem,
1495 4510 1552 4563 in
1574 4509 1929 4580 hymuodiam
1953 4521 2138 4571 unam,

559 4613 618 4666 in
650 4609 955 4667 Jerusalem
987 4606 1269 4661 coalestcm
1301 4618 1489 4665 unam,
1537 4600 1593 4653 in
1640 4612 1805 4653 unam
1846 4598 1987 4652 lueis
2014 4612 2146 4651 eou-

557 4702 831 4757 visionem
867 4716 882 4752 :
917 4697 1011 4751 ubi
1061 4695 1212 4749 nulla
1253 4702 1339 4748 est
1386 4691 1614 4746 haeresis
1646 4704 1751 4743 nec
1792 4689 2014 4755 divisio,
2047 4689 2144 4745 ubi

561 4813 668 4852 non
705 4803 780 4849 est
820 4792 1059 4847 Juda’us‘
1085 4804 1177 4842 nec
1223 4787 1388 4859 867
1428 4785 1663 4848 Grcam,
1695 4784 1782 4837 ubi
1812 4800 1919 4838 non
1948 4784 2144 4855 Scytha

559 4906 654 4944 nec
682 4887 959 4942 Barbarus
976 4884 1067 4945 “‘,
1089 4896 1268 4950 neque
1298 4878 1524 4947 iniquus
1550 4892 1653 4931 nec
1678 4877 1938 4941 inﬁdelis,
1965 4890 2146 4946 neque

561 4995 794 5051 serpens
820 4992 1000 5047 neque
1027 4973 1282 5042 scorpius
1300 5012 1314 5034 ,
1344 4987 1531 5041 neque
1556 4970 1785 5040 reptiles
1813 4970 2023 5032 bestiae,
2051 4985 2149 5025 ne-

560 5088 670 5144 que
704 5081 993 5142 peccatum
1023 5080 1127 5120 nec
1157 5067 1391 5135 nigror:
1424 5062 1519 5118 sed
1545 5077 1685 5133 aqua
1718 5078 1848 5123 una,
1880 5073 1943 5118 et
1967 5062 2146 5117 ﬁnen-

562 5179 682 5223 tum
712 5179 909 5229 unum,
937 5172 995 5216 et
1026 5162 1154 5215 litus
1178 5173 1323 5214 unus
1352 5165 1410 5212 et
1436 5156 1657 5221 similis,
1684 5166 1739 5211 et
1766 5167 1968 5226 puteus
1991 5171 2148 5226 aqum.

562 5262 704 5337 viva:
750 5257 799 5290 ⁸³
829 5271 974 5311 unus
1008 5254 1097 5310 cui
1133 5250 1342 5307 assidet
1377 5250 1655 5313 Christus,
1701 5257 1760 5302 et
1801 5250 2156 5319 congregatio

565 5338 754 5407 sancta
785 5360 841 5405 et
867 5348 1111 5419 pretiosa
1141 5360 1274 5400 una.
1302 5342 1422 5397 Fiat
1451 5357 1582 5412 ergo
1608 5340 1859 5395 voluntas
1887 5341 1983 5394 Dei
2020 5342 2155 5393 sicut

566 5446 620 5496 in
644 5444 772 5498 creto
804 5452 852 5496 ct
876 5445 933 5496 in
957 5452 1105 5495 terra
1127 5441 1196 5494 “.
1228 5438 1589 5508 Congregctur
1614 5449 1791 5505 genus
1823 5434 2151 5498 humanum,

569 5549 766 5603 nempe
801 5550 939 5602 aqua
974 5534 1062 5589 cui
1105 5532 1264 5603 prius
1308 5528 1624 5583 insidebant
1653 5526 1931 5587 tenebrae:
1968 5528 2156 5581 veniat

641 5647 704 5677 “'
746 5646 951 5702 szloss.
986 5666 1062 5712 tu,
1096 5649 1179 5701 il.
1260 5646 1306 5677 “
1334 5646 1491 5700 Joan.
1524 5661 1596 5705 tv,
1630 5644 1714 5697 ll.

572 5714 617 5748 ⁸⁷
655 5715 809 5770 .loan.
855 5733 927 5782 χι,
982 5721 1069 5772 52.
1148 5719 1193 5750 ⁸⁵
1234 5717 1378 5770 l‘sal.
1432 5731 1600 5779 xxx“,
1640 5718 1689 5769 7.

1794 5644 1837 5677 "‘
1889 5645 2053 5699 Matth
2114 5646 2251 5713 11,9
2287 5660 2437 5717 seqq.

2247 4507 2560 4563 'l‘hesauros
2609 4508 2706 4562 Dei
2733 4507 2930 4562 dicens
2972 4507 3272 4572 Ecclesiae,
3306 4509 3400 4563 ubi
3433 4523 3634 4563 aurum
3658 4520 3715 4566 et
3742 4529 3830 4566 ar-

2243 4606 2471 4670 gentum
2519 4599 2677 4654 verbi
2731 4599 3037 4669 Scriptum
3080 4599 3370 4669 reponitur
3396 4600 3739 4656 absconsum
3775 4614 3833 4657 et

2244 4693 2555 4764 spirituale,
2589 4693 2681 4748 ubi
2731 4692 3129 4748 custodiuntur
3159 4692 3473 4762 margarita:
3510 4692 3832 4749 divinorum

2244 4794 2743 4851 sacramentorum,
2771 4800 2910 4854 quas
2930 4786 3195 4856 iubemur
3228 4784 3571 4840 abscondere
3604 4787 3790 4856 porcis
3818 4807 3832 4841 :

2254 4893 2384 4933 nam
2412 4879 2514 4942 illi,
2562 4879 2708 4934 sicut
2747 4888 2805 4933 et
2834 4877 3027 4942 ludas,
3069 4892 3164 4932 eas
3196 4890 3306 4931 non
3334 4879 3580 4949 capiunt.

2322 4972 2533 5027 Christi
2570 4973 2745 5041 igitur
2782 4970 3031 5025 thesauri
3062 4980 3193 5026 sunt
3229 4970 3506 5035 Ecclesiae,
3539 4970 3597 5024 in
3630 4972 3840 5041 quibus

2256 5066 2351 5119 alii
2392 5065 2620 5135 quidem
2667 5080 2734 5119 ex
2785 5062 3044 5119 ﬁdelibus
3087 5064 3292 5118 dantur
3321 5064 3571 5132 quinque
3607 5066 3836 5129 talenta,

2252 5159 2346 5213 alii
2391 5168 2577 5213 autem
2610 5159 2824 5222 decem,
2851 5157 2944 5211 alii
2974 5173 3108 5211 vero
3137 5155 3269 5221 duo,
3297 5158 3391 5211 alii
3420 5167 3605 5211 autem
3640 5170 3837 5213 unum.

2252 5251 2310 5305 In
2353 5251 2439 5305 his
2470 5250 2749 5305 thesauris
2798 5248 3113 5304 recondidit
3159 5250 3406 5320 gentium
3450 5249 3684 5320 abyssos
3715 5267 3841 5320 qua:

2252 5344 2410 5413 prius
2442 5352 2602 5397 erant
2631 5343 2822 5397 oﬁ'usze
2844 5342 3111 5407 tenebris,
3144 5342 3407 5412 quoniam
3432 5346 3660 5396 tencbrre
3684 5352 3840 5396 erant

2250 5418 2411 5505 super
2451 5436 2717 5506 abyssum.
2778 5435 2856 5489 De
2914 5434 3019 5490 hac
3077 5437 3274 5506 abysso
3320 5438 3566 5506 gentium
3618 5437 3834 5490 dicebat

2251 5530 2417 5582 etiam
2469 5528 2740 5597 propheta
2806 5527 3063 5583 llabacuc
3127 5545 3140 5581 :
3195 5528 3347 5581 Dedit
3399 5530 3617 5600 abysm
3658 5547 3839 5583 τιοςσενι

2517 5645 2562 5675 ⁸⁸
2595 5644 2783 5699 Matth.
2824 5661 3007 5710 xxvm,
3168 5645 3254 5697 20.
3353 5644 3401 5677 ³⁵
3448 5644 3606 5700 Joan.
3645 5662 3756 5705 xxv,
3784 5644 3840 5700 2.
