4082 6290
214 301 323 376 881

1312 314 1399 376 ΙΝ
1438 313 1990 378 ΠΕΧΑΕΜΕΒΟΝ.
2014 317 2255 378 --Ι..ΙΒ.
2296 316 2412 379 ΙΙΙ.

3400 316 3506 378 832

211 437 377 477 suam
411 421 478 484 “,
513 420 833 493 gloriﬁcans
877 437 1004 480 eum
1040 423 1136 495 qui
1171 424 1345 496 ipsam
1380 407 1739 492 illuminavit,
1764 439 1819 485 et
1852 442 1896 500 Α
1924 432 2315 503 receptaculis,
2341 431 2534 495 alveis,
2557 428 2844 486 canalibus
2878 437 2935 486 et
2961 428 3509 501 congregationibus,

215 515 483 571 dissolvit
510 516 868 572 altitudinem
908 518 1216 587 phantasite
1249 520 1426 591 ipsius
1448 523 1673 593 gentilis
1701 523 1821 578 ido-

219 608 482 663 lolatrian
527 607 606 662 Dc
642 608 748 662 hac
797 608 993 680 abysso
1049 624 1318 678 aquarum
1354 611 1571 669 ratione
1611 612 1817 682 praedi-

223 712 408 758 tarum
454 705 598 757 Deus
637 703 825 772 gloria:
861 703 1071 758 tonavit
1104 720 1202 773 per
1231 705 1592 775 Evangelium
1626 724 1641 759 :
1677 706 1821 762 Deus

220 797 488 854 Dominus
549 814 711 867 super
764 815 936 867 aquas
974 798 1174 854 multas
1203 799 1250 831 "‘
1278 810 1334 855 et
1357 809 1551 871 gentes
1598 801 1822 857 inenar-

223 890 456 944 rabiles.
504 889 876 955 Quamobrem
927 906 1131 946 rursus
1171 892 1437 947 Dominus
1488 892 1825 947 inhabitabit

220 983 526 1046 diluvium,
565 983 618 1036 in
659 990 767 1037 una
815 984 1266 1054 congregatione,
1301 994 1358 1040 et
1395 986 1613 1041 sedebit
1638 987 1825 1041 Domi-

223 1083 335 1123 nus
358 1085 529 1138 super
551 1068 731 1138 ipsum
758 1079 1017 1140 tanquam
1040 1066 1421 1142 super-sedem
1444 1076 1822 1145 requiescens,

168 1210 171 1211 ν
226 1176 476 1231 regnans
504 1177 673 1232 super
722 1162 902 1232 ipsum
936 1164 990 1217 in
1024 1165 1312 1237 saeculum.

297 1252 400 1307 Die
427 1269 561 1323 ergo
599 1253 766 1308 tertio
798 1253 934 1309 fecit
970 1254 1115 1310 Deus
1140 1271 1315 1326 aquas
1338 1257 1395 1310 in
1429 1254 1822 1327 congregatio-

224 1362 358 1402 nem
412 1362 601 1401 unam.
632 1345 1050 1413 Quamobrem?
1092 1346 1366 1413 Quoniam
1416 1357 1542 1414 post
1578 1350 1820 1418 primum

225 1440 382 1496 diem
406 1441 733 1505 Mosaicum,
761 1450 818 1497 et
843 1441 1150 1497 secundum
1173 1442 1384 1513 cultum
1410 1429 1822 1512 propheticum,

226 1533 400 1589 tertio
435 1533 547 1597 die,
590 1522 696 1588 nos
738 1543 935 1604 gentes
979 1543 1325 1605 congregata:
1356 1550 1548 1588 sumus
1577 1536 1634 1590 in
1659 1550 1823 1590 unam

226 1627 360 1683 ﬁdei
380 1627 862 1698 congregationem
887 1643 984 1696 per
1005 1643 1262 1696 sagenam
1289 1627 1592 1698 Evangelii.
1621 1628 1826 1694 Quam-

223 1719 424 1773 obrem
482 1718 705 1773 dicebat
742 1718 913 1773 etiam
958 1718 1216 1774 Christus
1241 1718 1338 1788 qui
1370 1720 1535 1773 tertio
1578 1719 1668 1774 die
1700 1735 1827 1774 sur-

229 1811 383 1865 rexit
426 1826 457 1864 a
508 1811 743 1865 mortuis
788 1827 802 1864 :
857 1809 1024 1863 Hodie
1075 1819 1125 1864 et
1168 1827 1288 1864 cras
1336 1811 1475 1881 facio
1524 1813 1681 1881 signa
1726 1812 1768 1843 ”
1808 1828 1823 1864 :

224 1918 367 1957 ecce
414 1902 527 1955 duo
572 1901 713 1957 dies.
754 1901 922 1973 Signa
959 1911 1143 1957 autem
1174 1902 1339 1964 dicit,
1364 1918 1487 1973 quae
1527 1901 1672 1957 facta
1697 1911 1829 1958 sunt

228 1996 290 2049 in
323 1994 579 2065 AZgypto,
617 2010 739 2065 quae
776 1994 831 2049 in
876 1994 1121 2059 deserto,
1154 2001 1212 2050 et
1257 2010 1387 2064 quas
1431 2012 1532 2065 per
1577 1996 1782 2051 Mosem
1810 2014 1854 2050 :.

224 2096 366 2142 sunt
399 2094 534 2151 haec,
592 2096 653 2142 ut
712 2088 884 2143 semel
940 2086 1147 2151 dicam,
1179 2087 1346 2157 primi
1390 2086 1528 2143 diei.
1584 2086 1828 2142 Secundi

226 2190 441 2247 autem,
475 2198 598 2251 quae
624 2197 725 2250 per
754 2182 931 2235 Eliam
963 2189 1022 2236 et
1048 2181 1331 2247 Elisteum,
1354 2190 1413 2236 et
1437 2180 1533 2250 qui
1563 2179 1829 2250 deinceps

226 2274 414 2330 securi
448 2284 578 2328 sunt
630 2273 956 2343 prophetas.
993 2272 1186 2329 Tertio
1228 2272 1418 2329 autem
1451 2272 1545 2327 die
1579 2274 1701 2344 ejus
1727 2272 1825 2327 ad-

226 2376 437 2421 ventus
478 2366 614 2422 .dies
661 2367 884 2421 lucidus
928 2367 1237 2436 perﬁcitur,
1304 2368 1400 2437 qui
1443 2366 1687 2421 ostendit
1729 2381 1830 2436 per

229 2459 621 2531 Evangelium,
655 2460 965 2530 perfectum
998 2468 1054 2515 et
1094 2460 1354 2516 omnibus
1383 2460 1635 2515 numeris
1664 2460 1828 2517 abso-

168 2536 169 2539 Ὶ
226 2552 412 2607 lutum
445 2553 569 2621 ejus
603 2553 853 2607 studium
874 2568 907 2611 ,ε
939 2562 1025 2608 est
1060 2553 1209 2608 enim
1241 2553 1497 2609 Christus
1538 2553 1829 2624 plenitudo

228 2659 300 2699 ac
347 2646 819 2715 complementum
866 2645 1004 2716 legis
1046 2645 1479 2715 prophetarum;
1516 2644 1584 2699 Et
1625 2646 1831 2700 Paulus

226 2735 396 2799 dicit,
448 2737 553 2791 Lex
587 2745 663 2791 est
702 2737 850 2790 omni
889 2752 955 2791 ex
986 2745 1145 2806 parte
1180 2737 1416 2806 perfecta
1454 2753 1472 2791 :
1511 2752 1709 2807 nempe
1740 2738 1830 2793 lex

227 2830 442 2887 Christi
464 2849 477 2883 ς
496 2847 589 2895 eqo
612 2841 793 2884 autem
814 2846 906 2899 per
936 2831 1103 2900 legem
1123 2831 1193 2895 θ’,
1216 2830 1474 2885 videlicet
1512 2831 1826 2896 Mosaicam,

229 2924 424 2978 servio
457 2923 558 2993 legi
591 2923 825 2993 peccati.
851 2922 1009 2978 Unde
1026 2922 1194 2977 etiam
1244 2918 1368 2992 quae
1404 2924 1458 2977 in
1490 2922 1637 2978 Cana
1675 2924 1832 2979 facta:

231 3025 373 3071 sunt
421 3016 649 3086 nuptiae,
697 3016 853 3070 facta:
902 3029 1038 3070 sunt
1086 3015 1255 3070 tertio
1288 3015 1602 3071 die:Cana
1643 3026 1829 3073 autem

1919 536 1977 580 et
2009 540 2133 595 quae
2170 533 2299 608 sunt
2341 538 2617 597 synagoga
2666 538 2764 578 seu
2815 522 3181 593 congregatio
3212 520 3510 593 Apollinis,

1923 632 2205 689 synagoga
2243 616 2492 681 Saturni,
2526 630 2801 688 synagoga
2842 615 3157 680 Ammonis,
3193 626 3250 671 et
3281 615 3387 671 alia
3415 612 3514 671 Sc-

1922 708 2152 778 rapidis,
2176 724 2449 780 synagoga
2466 708 2620 772 Julii,
2643 722 2919 779 synagoga
2938 707 3217 773 Mercurii,
3239 723 3510 779 synagoga

1923 800 2134 871 Pythia:
2177 810 2235 855 et
2286 801 2495 856 Dianae.
2527 800 2647 855 Nec
2681 800 2787 854 hoc
2818 801 3023 864 solum,
3051 798 3146 854 sed
3194 799 3363 854 etiam
3405 799 3511 852 im-

1920 891 2098 960 proba
2128 890 2381 957 Judaica,
2412 890 2619 947 Christi
2659 890 2885 969 inimica
2912 898 2969 945 et
3017 889 3114 945 Dei
3166 888 3510 943 adversaria.

1923 985 2159 1055 Propter
2205 986 2304 1040 bas
2358 1001 2492 1056 ergo
2546 984 2743 1055 impias
2781 984 3083 1056 synagbgas
3113 992 3168 1037 et
3215 996 3514 1053 congrega-

1923 1076 2125 1144 tiones,
2158 1085 2216 1132 et
2262 1093 2388 1148 qum
2429 1079 2487 1132 in
2518 1077 2602 1132 eis
2642 1085 2773 1132 sunt
2802 1076 3136 1147 populorum
3174 1084 3230 1130 et
3260 1075 3511 1147 gentium

1922 1170 2294 1225 exsecrandas
2344 1170 2673 1240 disciplinas
2722 1178 2780 1225 et
2835 1170 3136 1234 doctrinas,
3173 1168 3322 1225 Deus
3353 1168 3514 1239 jubet

1924 1275 2121 1332 magna
2150 1244 2298 1317 Voce
2324 1261 2517 1317 dicens
2556 1280 2569 1316 :
2599 1261 2964 1334 Congregetur
2989 1280 3130 1334 aqua
3162 1279 3279 1333 quae
3314 1273 3389 1316 est
3417 1263 3512 1317 sub

1924 1353 2054 1408 creto
2105 1354 2162 1408 in
2190 1369 2359 1408 unam
2388 1354 2514 1409 ﬂdei
2546 1356 3048 1427 congregationem.
3082 1355 3259 1423 Quam
3287 1354 3513 1426 quidem

1923 1461 2118 1503 vocem
2162 1446 2370 1504 Christi
2417 1447 2539 1513 Dei,
2589 1463 2715 1502 cum
2767 1448 3077 1503 audiissent
3128 1458 3187 1504 et
3244 1438 3523 1517 aquas-et

1928 1537 2087 1603 ﬂnes,
2115 1554 2317 1610 genera
2342 1539 2628 1595 barbarica
2655 1557 2668 1593 :
2696 1539 2978 1610 quomodo
2997 1548 3130 1595 tunc
3157 1541 3212 1594 in
3233 1540 3523 1596 creatione

1928 1630 2144 1696 mundi,
2190 1646 2349 1701 aqua;
2379 1631 2557 1697 ﬂuxae,
2600 1641 2751 1686 metu
2785 1644 2851 1687 ac
2901 1641 3160 1698 tremore,
3187 1648 3384 1704 magno
3418 1632 3518 1687 im-

1866 1772 1904 1825 B
1928 1731 2062 1791 petu
2102 1722 2344 1779 ﬂuentes
2365 1723 2722 1783 festinabant.
2757 1726 3077 1791 currebant,
3114 1727 3516 1794 accelerabant,

1929 1830 2039 1869 non
2080 1817 2478 1886 exspectabant
2510 1832 2569 1871 se
2602 1816 2842 1871 invicem
2878 1825 2939 1871 ut
2973 1816 3030 1870 in
3071 1833 3236 1871 unam
3282 1832 3517 1886 congre-

1929 1915 2193 1977 garentur
2236 1915 2293 1961 et
2319 1917 2680 1962 moverentur
2712 1908 3218 1978 congregationem,
3245 1907 3517 1973 boreales,

1929 1998 2225 2063 australes,
2275 1998 2671 2062 occidentales,
2719 1999 3023 2054 orientales
3052 1998 3205 2056 orbis
3246 2008 3519 2055 terrarum

1931 2090 2092 2146 undae
2133 2099 2189 2146 et
2236 2090 2443 2146 ﬂuenta
2478 2107 2589 2146 :se
2624 2090 2864 2147 invicem
2918 2093 3324 2162 praevenientes
3356 2104 3413 2151 et
3459 2094 3519 2151 in

1930 2183 2132 2239 ﬂuctus
2166 2193 2542 2255 assurgentes,
2578 2194 2838 2255 tanquam
2873 2186 2941 2240 ab
2971 2187 3157 2257 aliquo
3185 2188 3434 2243 violento
3461 2198 3520 2245 et

1931 2277 2124 2332 divino
2186 2277 2385 2347 spiritu
2421 2285 2477 2332 et
2515 2277 2613 2348 qui
2653 2292 2821 2347 super
2869 2277 3018 2348 ipsas
3041 2278 3345 2346 ferebatur,
3383 2290 3520 2336 actae

1930 2378 1987 2425 et
2034 2370 2308 2441 impulsae,
2363 2381 2423 2426 ut
2476 2387 2587 2426 una
2629 2371 2982 2442 congregatio
3030 2380 3087 2427 et
3139 2388 3291 2427 mare
3333 2382 3521 2428 essent

1929 2478 2125 2519 omnes
2165 2479 2325 2534 aqua:
2350 2473 2531 2519 terrm.
2576 2463 2654 2517 Ita
2689 2464 2821 2519 licet
2858 2463 3048 2518 videre
3078 2478 3274 2519 omnes
3301 2474 3516 2535 gentes,

1929 2562 1987 2608 et
2014 2556 2253 2608 maxime
2277 2553 2372 2607 illo
2396 2553 2486 2608 die
2516 2553 2892 2618 Pentecostes,
2917 2554 2987 2608 ab
3009 2553 3100 2608 illa
3122 2568 3258 2609 voce
3278 2555 3521 2610 violenta

1930 2658 2055 2712 qua:
2085 2642 2233 2698 facta
2265 2650 2353 2698 est
2380 2643 2612 2713 spiritus
2647 2644 2744 2714 qui
2771 2660 2925 2699 nunc
2955 2645 3123 2700 etiam
3148 2643 3328 2703 fertur
3355 2660 3521 2716 supra

1932 2735 2195 2806 gentilem
2236 2734 2455 2790 ﬂdelem
2499 2751 2722 2806 aquam,
2775 2752 2898 2805 quae
2951 2746 3283 2808 congregata
3325 2747 3411 2793 est
3464 2737 3521 2793 in

1933 2844 2099 2883 unam
2134 2828 2259 2884 ﬁdei
2296 2831 2808 2900 congregationem,
2840 2839 2898 2886 et
2920 2832 3074 2886 unita
3116 2832 3171 2887 in
3218 2848 3380 2887 unam
3413 2832 3521 2888 Ec-

1933 2923 2115 2977 clesiae
2158 2923 2560 2994 compaginem,
2592 2934 3014 2979 concurrentes.
3055 2924 3191 2981 Vide
3224 2924 3372 2979 enim
3407 2940 3519 2979 non

1932 3016 2111 3070 solum
2159 3016 2348 3080 rebus,
2397 3016 2495 3071 sed
2524 3017 2692 3071 etiam
2725 3016 2860 3086 ipsis
2892 3015 3082 3071 verbis
3121 3027 3520 3070 consonantem

232 3111 652 3180 interpretatur
687 3119 941 3164 creatura
977 3109 1102 3174 ,-.in
1155 3126 1261 3179 qua
1309 3117 1586 3176 creatura,
1636 3126 1705 3166 eo
1731 3111 1899 3171 de-C.
1932 3117 1988 3164 et
2037 3110 2461 3165 convenientem
2519 3108 2784 3165 unionem
2834 3109 3054 3164 illarum
3118 3124 3410 3179 aquarum,
3464 3117 3522 3163 et

232 3204 566 3267 scendente,
616 3203 773 3257 factm
811 3211 943 3258 sunt
987 3200 1337 3273 incorrupta:
1364 3202 1575 3272 nuptiae
1607 3203 1832 3259 unionis

231 3297 405 3352 Verbi
451 3305 510 3351 et
552 3306 758 3351 nostrae
808 3305 1041 3350 naturae.
1072 3296 1134 3350 In
1171 3296 1260 3352 his
1294 3296 1509 3367 nuptiis
1546 3297 1711 3350 tertio
1743 3295 1832 3351 die

232 3390 478 3461 primum
504 3388 831 3443 miraculum
855 3387 1115 3443 Christus
1146 3387 1280 3443 fecit
1314 3387 1371 3441 in
1420 3403 1565 3458 aqua
1588 3388 1658 3453 ’3,
1691 3403 1833 3458 quo-

234 3481 390 3536 niam
417 3481 583 3535 tertio
603 3480 694 3536 die
714 3496 913 3550 aquam
935 3479 1183 3549 gentium
1201 3477 1560 3549 congregavit
1590 3478 1645 3532 in
1666 3493 1832 3532 unam

234 3575 756 3644 congregationem,
791 3588 917 3627 cum
953 3588 1074 3627 eam
1099 3580 1532 3627 transmutasset
1548 3587 1681 3627 vera
1705 3572 1835 3628 vitis

235 3668 311 3721 ab
343 3682 487 3736 aqua
516 3667 571 3720 in
600 3667 789 3719 vinum
813 3665 1035 3728 laetitiae,
1061 3664 1116 3719 in
1139 3664 1661 3737 congregationibus
1695 3664 1829 3729 suis,

236 3776 441 3830 nempe
468 3761 522 3815 in
552 3759 789 3830 lapideis
833 3767 1005 3829 petra:
1028 3757 1403 3813 Ecclesiarum
1449 3757 1683 3829 hydriis,
1711 3773 1834 3828 quae

235 3853 476 3924 capiunt
504 3853 649 3908 circa
681 3853 818 3907 duas
865 3857 1126 3906 metretas
1162 3848 1370 3904 veteris
1398 3856 1455 3904 et
1490 3849 1621 3903 novi
1661 3856 1833 3904 testa-

238 3946 415 4001 menti
447 3962 461 3999 :
499 3953 595 3999 aut
633 3954 764 4007 tres,
799 3943 1045 4015 mysterii
1077 3941 1372 3996 Trinitatis
1403 3941 1503 3997 Dei
1536 3941 1633 4012 ιιιιί
1667 3941 1832 3997 tertio

234 4040 334 4095 die
376 4040 720 4095 resurrexit:
756 4038 850 4108 qui
886 4038 978 4093 die
1029 4036 1197 4092 tertio
1243 4035 1379 4091 dicit
1419 4052 1434 4089 :
1471 4015 1834 4107 congregetur

238 4149 387 4201 aqua
441 4147 558 4202 gnte
595 4142 669 4186 est
702 4131 797 4185 sub
842 4128 974 4185 cmlo
1039 4130 1096 4184 in
1130 4144 1297 4183 unam
1344 4129 1829 4199 congregationem.

238 4220 379 4277 Nam
435 4222 627 4276 multa:
687 4237 867 4291 nuper
937 4230 1095 4276 erant
1152 4235 1347 4290 aquae,
1414 4219 1716 4289 multaque
1775 4225 1836 4274 et

238 4314 599 4369 exsecranda:
636 4329 923 4385 synagoga:
969 4328 1035 4368 ac
1087 4311 1548 4384 congregationes
1591 4320 1835 4366 extensa:

238 4421 415 4477 super
460 4414 629 4459 totam
674 4405 870 4460 faciem
909 4411 1090 4460 terrm.
1124 4404 1312 4475 Aquas
1366 4418 1517 4459 nunc
1551 4403 1703 4468 'dico,
1731 4403 1835 4459 do-

238 4508 425 4569 gmata
456 4506 512 4552 et
546 4497 866 4568 disciplinas
898 4498 1111 4553 alienas
1156 4513 1187 4552 a
1219 4497 1450 4567 pietate,
1499 4496 1599 4552 sed
1634 4512 1831 4567 aquam

238 4607 369 4662 quae
412 4589 683 4645 interimit
730 4590 995 4660 gentilem
1052 4590 1391 4654 doctrinam,
1449 4589 1831 4661 astrologiam,

241 4683 674 4739 divinationem.
703 4683 858 4753 Aqua
884 4681 1117 4738 {usionis
1143 4682 1448 4754 sanguinis,
1479 4697 1621 4753 aqua
1652 4696 1835 4737 amara

242 4774 523 4831 haeretica:
553 4774 757 4845 linguae
785 4775 1111 4847 pruriginis,
1155 4791 1297 4846 aqua
1320 4775 1559 4831 obscura
1592 4782 1646 4831 et
1691 4772 1837 4830 difﬁ-

239 4870 369 4925 cilis
420 4866 489 4923 ad
572 4857 1086 4938 interpretandum.
1126 4866 1571 4941 Superstitionis
1627 4865 1837 4922 Graecae

243 4962 435 5017 multae
460 4970 590 5017 sunt
619 4960 796 5033 aqua},
827 4962 987 5016 multi
1019 4960 1201 5021 ﬂuvii.
1232 4960 1393 5014 multi
1423 4958 1832 5015 submerso‘res.

242 5055 357 5111 Iste
392 5054 631 5109 docebat
664 5070 776 5110 non
822 5069 944 5111 esse
995 5055 1203 5120 Deum,
1251 5052 1348 5107 hic
1393 5067 1507 5106 non
1553 5066 1677 5107 esse
1710 5067 1838 5122 pro-

244 5146 571 5201 videntiam.
615 5146 723 5202 lste
774 5147 1109 5218 praedicabat
1141 5146 1274 5202 solis
1308 5145 1711 5208 adorationem,
1744 5146 1836 5201 hic

244 5239 531 5294 adoranda
561 5239 705 5310 ligna
736 5258 749 5294 :
787 5248 845 5294 et
892 5240 998 5294 iste
1048 5239 1285 5294 docebat
1333 5238 1543 5309 ligneas
1577 5237 1837 5292 fabricari

246 5340 483 5399 statuas,
523 5340 581 5388 et
628 5333 719 5387 hic
764 5332 946 5404 ignem
1002 5331 1273 5397 adorare;
1302 5329 1446 5385 alius
1475 5328 1734 5385 initiabat
1781 5329 1836 5384 in

248 5426 533 5499 mysteriis
582 5426 832 5481 libidinis
865 5434 923 5481 et
949 5423 1417 5494 intemperantiae-

322 5516 416 5573 ﬂre
453 5527 584 5572 sunt
626 5518 820 5589 pritme
863 5526 919 5572 et
958 5515 1178 5570 steriles
1212 5506 1278 5569 ‘et
1317 5528 1428 5568 non
1458 5511 1732 5583 potabiles
1782 5520 1843 5567 et-

250 5611 554 5668 mortil'erae
591 5627 751 5682 aqua:
779 5610 932 5665 orbis
962 5618 1237 5664 terrarum
1293 5613 1504 5662 stantes
1543 5605 1597 5660 in
1645 5606 1837 5661 multis

318 5725 367 5755 ⁸⁸⁵
409 5726 614 5781 llabae.
701 5735 780 5777 ιιι.
886 5726 969 5782 l0.
1071 5728 1116 5759 ’°
1156 5728 1298 5784 Psal.
1346 5745 1529 5796 xxviii,
1560 5730 1610 5783 5.

246 5801 296 5832 ⁸⁸
344 5800 465 5853 Act.
509 5815 564 5863 ιι,
602 5798 654 5851 5.
734 5799 778 5829 ’⁸
804 5797 939 5851 ibid.
974 5798 1122 5854 9-H.

1727 5729 1768 5761 ⁰¹
1804 5728 1935 5784 Luc.
1967 5744 2082 5794 xm,
2135 5727 2223 5781 55.

1935 3202 2132 3257 harum
2179 3202 2467 3273 gentilium
2523 3218 2813 3273 aquarum.
2849 3201 3091 3273 Spiritus
3117 3203 3208 3272 qui
3239 3201 3523 3257 ferebatur

1934 3309 2103 3366 super
2140 3312 2361 3365 aquam,
2394 3306 2529 3352 tunc
2566 3299 2681 3366 ipse
2714 3296 2934 3366 spirans
2962 3312 3057 3351 eas
3090 3295 3273 3367 coegit
3300 3305 3358 3350 et
3380 3294 3523 3350 uniit

1906 3406 1909 3407 '
1935 3388 1990 3442 in
2027 3404 2193 3443 unam
2226 3389 2708 3460 congregationem
2737 3406 2750 3442 :
2792 3398 2849 3443 et
2879 3389 2973 3444 hic
3003 3389 3120 3459 ipse
3152 3387 3394 3458 Spiritus
3426 3387 3523 3443 ad-

1934 3472 2165 3535 veniens
2213 3482 2556 3554 et.spirans,
2597 3481 2730 3536 fecit
2778 3481 3025 3552 gentium
3074 3480 3358 3535 unionem.
3405 3479 3524 3535 Illic

1936 3573 2202 3640 scriptum
2250 3578 2337 3626 est
2375 3584 2399 3624 ς
2452 3570 2682 3643 Spiritus
2723 3572 2969 3627 insedit:
3014 3579 3071 3627 et
3116 3571 3211 3627 hic
3254 3573 3522 3642 scriptum

1933 3674 2017 3719 est
2040 3680 2052 3718 :
2078 3663 2227 3720 Sedit
2257 3680 2417 3736 super
2457 3662 2889 3736 unumquemque
2926 3666 3165 3735 ipsorum
3189 3664 3419 3736 Spiritus
3452 3664 3531 3721 ⁸⁸.

1933 3757 1994 3812 1η
2025 3757 2118 3812 illo
2161 3757 2344 3828 primo
2375 3757 2484 3822 die,
2539 3758 2716 3828 ignem
2768 3758 2916 3812 Deus
2943 3757 3073 3812 fecit
3105 3775 3118 3810 :
3145 3767 3202 3813 et
3238 3758 3292 3812 in
3328 3758 3520 3812 eodem

1933 3850 2116 3920 primo
2167 3850 2259 3905 die
2309 3849 2598 3905 Dominico
2633 3849 2689 3903 in
2717 3849 2922 3919 linguis
2964 3849 3141 3920 igneis
3189 3849 3410 3903 advenit
3439 3850 3525 3903 lu-

1936 3956 2063 3996 men
2088 3938 2332 4011 Spiritus
2358 3940 2555 3996 sancti.
2593 3940 2714 3995 Illic
2764 3939 3032 4010 scriptum
3061 3947 3148 3995 est
3186 3956 3199 3992 :
3243 3937 3417 3993 Tertio
3439 3939 3523 3993 die

1934 4043 2258 4105 congregata
2290 4042 2367 4088 est
2395 4049 2537 4104 aqua
2568 4047 2586 4085 :
2616 4031 2707 4086 hic
2729 4032 3064 4103 congregatis
3100 4045 3165 4086 ea:
3192 4032 3338 4086 omni
3369 4042 3523 4102 gente

1936 4143 2055 4200 qua:
2077 4134 2155 4182 est
2184 4127 2279 4181 sub
2311 4126 2437 4181 cmlo
2468 4126 2816 4181 unanimiter.
2847 4124 3054 4181 Omnes
3077 4140 3232 4195 aquae
3265 4125 3521 4198 gentiles,

1935 4219 2149 4287 Parthi,
2201 4220 2362 4285 Medi,
2407 4228 2457 4273 et
2509 4218 2784 4283 Elamitaz,
2837 4227 2887 4272 et
2944 4222 3035 4288 qui
3090 4219 3407 4274 habitabant
3465 4220 3520 4274 in

1934 4313 2339 4385 HesOpotamia,
2376 4311 2670 4382 ludumque
2722 4319 2773 4365 et
2808 4309 3171 4382 Cappadocia,
3234 4312 3426 4375 Ponto,
3473 4322 3529 4366 ct

1935 4405 2084 4471 Asia,
2126 4403 2361 4476 Phrygia
2384 4412 2433 4460 et
2460 4404 2803 4477 Pamphylia,
2832 4405 3166 4476 Aigyptoque
3190 4413 3239 4459 et
3280 4405 3523 4476 partibus

1937 4498 2116 4571 Libya!
2136 4514 2252 4568 qua:
2290 4506 2366 4553 est
2410 4500 2550 4553 circa
2575 4496 3134 4569 Cyrenam,‘Romani,
3167 4508 3215 4553 et
3242 4499 3438 4562 Judwi,
3473 4509 3524 4552 et

1939 4589 2224 4663 Proselyti.
2292 4590 2473 4648 Cretes
2500 4601 2550 4646 et
2586 4591 2787 4655 Arabes
2831 4593 2900 4646 ".
2942 4590 3045 4658 Qui
3070 4592 3294 4663 quidem
3332 4606 3526 4647 omnes

1935 4701 2062 4741 cum
2107 4685 2420 4741 audiissent
2481 4701 2673 4742 vocem
2722 4703 2845 4758 qua:
2897 4687 3039 4743 facta
3091 4695 3177 4744 est
3234 4705 3303 4744 ex
3357 4689 3520 4751 cmlo,

1938 4785 2206 4847 tanquam
2252 4792 2518 4846 aquarum
2553 4794 2566 4831 :
2596 4785 2709 4833 tota
2740 4777 3061 4842 multitudo,
3104 4777 3269 4832 simul
3297 4775 3526 4831 fuerunt

1936 4869 2251 4940 congregati
2276 4869 2334 4923 in
2356 4871 2524 4925 domo
2551 4869 2644 4924 ubi
2670 4877 2829 4923 erant
2851 4868 3110 4939 apostoli.
3140 4869 3299 4938 Papae
3319 4869 3333 4921 ἱ
3357 4882 3523 4936 quam

1938 4969 2068 5017 sunt
2115 4961 2199 5015 ha.-
2238 4974 2333 5016 res
2372 4962 2557 5019 n‘ovazl
2591 4960 2741 5015 Nihil
2796 4959 2969 5016 refert
3000 4975 3069 5014 an
3113 4959 3331 5013 dicatur
3373 4959 3522 5028 quod

1938 5060 2271 5123 congregata
2316 5059 2373 5105 et
2411 5050 2640 5106 confusa
2689 5050 2796 5106 fuit
2830 5059 2944 5106 tota
2984 5050 3077 5106 illa
3128 5049 3432 5105 multitudo
3466 5050 3523 5106 in

1939 5141 2104 5196 domo
2123 5141 2522 5211 apostolorum.
2547 5140 2716 5211 868
2740 5139 2880 5195 Illud
2902 5140 3052 5195 enim
3086 5158 3100 5193 :
3128 5138 3360 5211 Confusa
3389 5140 3486 5210 fuit
3502 5157 3523 5196 :

1930 5233 2089 5289 valde
2111 5232 2372 5287 convenit
2396 5242 2457 5287 ut
2488 5242 2614 5303 apte
2634 5242 2690 5287 et
2710 5231 2977 5288 decenter
3003 5230 3227 5288 dicatur
3247 5233 3316 5287 de
3338 5233 3519 5302 aquis.

1934 5323 2173 5381 Ratione
2201 5323 2352 5379 enim
2383 5322 2640 5394 praeditis
2671 5329 2802 5378 tunc
2830 5322 2992 5393 aquis
3016 5331 3073 5378 et
3098 5321 3302 5379 Christi
3338 5323 3522 5394 pisca-

1933 5417 2182 5478 toribus,
2232 5425 2461 5488 propter
2512 5431 2675 5471 unam
2719 5414 3171 5486 praedicationem
3211 5415 3523 5472 communis

1932 5509 2046 5564 vita
2057 5552 2070 5564 .

2004 5603 2227 5659 Christo
2271 5619 2405 5675 ergo
2445 5602 2679 5659 Domino
2734 5601 2895 5657 valde
2954 5601 3216 5657 cmn'cnit
3271 5600 3455 5656 dicere
3498 5625 3512 5659 :

2323 5726 2367 5759 ἐ
2401 5728 2561 5785 Rom.
2601 5742 2693 5787 vn,
2739 5726 2827 5782 23.
2907 5725 2953 5758 ’³
2991 5725 3150 5781 Joan.
3193 5739 3249 5781 ιι.
3295 5722 3318 5776 1
3359 5737 3514 5791 seqq-
