4082 6290
538 337 644 402 883

1701 331 1762 392 s.
1804 333 2204 393 ANASTASII
2229 319 2570 396 'SINAIT/E

3713 314 3878 381 834

533 443 896 518 (ἶοηθνεθειιιτ
950 462 1091 516 aqua
1139 461 1259 516 qua:
1292 451 1370 498 est
1401 443 1495 498 sub
1543 442 1676 496 caelo
1710 445 1766 497 in
1795 460 1958 499 unam
1987 463 2114 500 con-
2145 453 2187 507 Α
2218 447 2389 503 turiat
2434 445 2712 515 scaturigo
2756 437 3126 512 baptismatis.
3177 424 3454 506 Appareat
3501 422 3684 494 arida,
3723 442 3870 483 auo

535 538 926 608 gregationefn.
955 535 1314 608 Congregetur
1337 552 1500 606 aqua,
1529 533 1833 604 piscatores
1852 537 2001 592 enim
2026 553 2123 608 pa-

533 631 672 686 ravi.
717 631 1066 701 Congregetur
1086 642 1222 698 aqua
1250 641 1269 680 :
1333 626 1532 682 Petrus
1553 625 1725 692 enim,
1756 627 1869 697 jam
1900 643 2121 684 crucem

537 731 798 791 tanquam
828 737 1041 776 remum
1075 719 1302 792 intingit
1343 720 1400 775 in
1449 720 1591 774 mari
1641 719 1946 775 mundano.
1981 719 2123 776 Con-

535 823 780 884 gregetur
825 831 991 885 aqua,
1048 824 1239 884 parata
1265 822 1354 868 est
1380 811 1532 868 enim
1557 828 1760 884 sagena
1796 813 1989 869 Verbi.
2016 814 2124 868 Ae-

537 906 854 960 cumuletur
880 921 1045 976 aqua,
1078 921 1191 961 non
1228 914 1414 976 potest
1447 905 1598 961 enim
1641 905 1822 976 frangi
1855 915 1990 962 rete.
2019 905 2126 961 Ae-

506 1055 508 1058 ,
537 997 746 1052 celeret
772 1013 935 1068 aqua,
969 997 1173 1053 adsunt
1197 997 1346 1053 enim
1382 997 1621 1067 scapha.
1645 995 1924 1052 Convenit
1959 1011 2124 1066 aqua,

538 1089 808 1146 festinant
849 1090 998 1145 enim
1041 1091 1138 1160 qui
1181 1077 1492 1160 baptizant.
1520 1090 1680 1160 Aqua
1722 1088 2125 1154 sanetiﬁcetur,

537 1178 807 1250 praevenit
826 1179 975 1235 enim
1005 1180 1319 1236 Pracursor
1346 1179 1413 1236 ad
1437 1196 1604 1251 quem
1627 1181 1929 1238 currebant
1959 1181 2128 1236 etiam

539 1287 698 1341 aqua
723 1272 1094 1343 populorum:
1125 1268 1182 1328 et
1215 1271 1757 1338 circumcurrehant,
1788 1272 1939 1344 quod
1967 1274 2036 1328 ah
2063 1289 2132 1328 eo

503 1433 510 1436 _
540 1353 1017 1434 congregarentur
1047 1374 1106 1419 et
1141 1364 1650 1420 accumularentur.
1677 1365 1775 1420 llle
1819 1379 2134 1436 praeursor

539 1463 794 1509 veterum
835 1469 1127 1524 aquarum,
1191 1455 1296 1510 fuit
1339 1455 1508 1510 etiam
1547 1471 1860 1526 pracursor
1901 1465 1960 1512 et
1983 1460 2132 1526 'pro-

542 1561 788 1616 gramma
826 1545 994 1617 hujus
1040 1546 1422 1624 praeursoris,
1455 1545 1740 1618 ﬁguraque
1773 1556 1830 1601 et
1866 1545 2132 1602 indicium

543 1651 812 1706 aquarum
853 1637 1204 1693 credentium
1259 1645 1316 1692 et
1363 1639 1580 1693 ratione
1629 1638 2015 1709 praditarum,
2063 1638 2134 1692 ad

542 1719 827 1782 Christum
855 1725 1288 1782 accurrentium.
1321 1712 1424 1784 Per
1453 1713 1607 1783 illum
1634 1729 1928 1798 antiquum
1965 1743 2137 1798 aqua-

545 1821 670 1871 rum
702 1817 1106 1888 praeursorem
1139 1802 1428 1874 constituti
1465 1829 1596 1875 sunt
1625 1819 1808 1876 fontes
1843 1833 2132 1890 aquarum,
2168 1806 2210 1859 Β

544 1919 602 1965 et
629 1909 873 1965 revelata
904 1900 1034 1966 sunt
1058 1909 1414 1966 fundamenta
1439 1911 1592 1966 orbis
1615 1919 1781 1968 terra
1818 1929 1830 1964 :
1867 1924 1968 1981 per
1984 1909 2138 1964 hunc

546 2017 952 2087 pracursorem
1003 2002 1271 2074 aquarum
1317 2003 1629 2073 gentilium,
1667 2003 1883 2057 ﬁrmata
1921 2009 2052 2056 sunt
2083 2011 2139 2056 et

546 2104 734 2152 creata
776 2094 1137 2152 fundamenta
1173 2095 1438 2151 Ecclesia
1485 2095 1644 2151 orbis
1679 2105 1974 2152 terrarum.

619 2187 730 2243 Illa
775 2204 932 2259 aqua
983 2188 1254 2242 currentes
1299 2188 1622 2243 revelat-unt
1687 2202 1789 2258 per
1836 2186 2139 2242 vehemen-

552 2293 661 2336 tem
691 2278 916 2364 cursum
942 2295 1137 2364 omnes
1161 2281 1376 2336 montes
1395 2265 1490 2351 qui
1522 2280 1679 2351 prius
1719 2279 1851 2336 tecti
1880 2279 2136 2334 luerunt:

553 2360 1044 2444 prasigniiicantes
1074 2358 1484 2450 Fracursorem
1526 2371 1796 2450 gentium,
1830 2371 2142 2426 revelantes

553 2473 608 2523 et
649 2451 1009 2522 ostendentes
1051 2459 1272 2524 montes
1321 2449 1528 2521 Christi
1579 2449 1974 2528 Ecclesiarum,
2018 2477 2143 2533 «tua

553 2560 712 2629 prius
763 2543 1090 2631 tegebantur
1115 2567 1174 2614 et
1203 2541 1620 2614 suli‘ocabantur
1643 2572 1673 2612 a
1691 2557 1971 2615 tenebris.
1997 2561 2138 2612 Ante

557 2650 711 2707 illum
755 2667 1161 2723 praecursorem
1208 2667 1502 2721 aquarum,
1547 2658 1702 2721 petra
1736 2665 1905 2722 super
1939 2659 2142 2705 terram

559 2761 670 2800 non
726 2729 1168 2816 cognoscebatur
1208 2762 1222 2798 :
1267 2752 1326 2799 et
1355 2755 1484 2800 ante
1514 2743 1920 2798 Pracursorem
1979 2757 2145 2812 aqua-

560 2853 682 2894 rum
738 2835 1055 2910 gentilium,
1107 2835 1396 2892 Christum
1445 2835 1664 2890 Petram
1723 2848 1836 2889 non
1889 2834 2147 2906 cognovi-

560 2945 704 3010 mus.

631 3005 740 3104 illa
773 3036 930 3092 aqua
959 3023 1306 3092 Congregatze
1348 3025 1507 3074 terra
1530 3017 1708 3072 lucem
1733 3015 2100 3072 ostenderunt
2131 3034 2144 3070 ε

561 3106 619 3202 et
663 3114 718 3198 in
767 3128 1044 3193 concursu
1087 3125 1357 3182 aquarum
1397 3110 1690 3181 gentilium
1739 3118 1896 3166 ortus
1930 3119 2016 3165 est
2068 3109 2149 3163 sol
2176 3145 2222 3203 c

565 3200 812 3286 iustitiae.
863 3205 1004 3260 Ante
1032 3204 1188 3258 illum
1220 3207 1626 3273 praecursorem
1663 3216 1956 3271 aquarum,
1998 3200 2154 3255 volu-

565 3298 766 3354 crisin
816 3307 965 3354 terra
1013 3313 1124 3353 non
1161 3295 1455 3358 habitavit,
1493 3304 1550 3350 ct
1597 3301 1726 3349 ante
1771 3291 2154 3364 congregatio-

570 3407 698 3469 nem
747 3405 946 3446 cursus
972 3388 1245 3462 gentium,
1279 3373 1522 3457 Spiritus
1557 3385 1732 3440 sancti
1761 3381 2017 3439 columba
2044 3396 2156 3436 non

571 3469 847 3539 habitavit
879 3483 939 3538 in
968 3479 1155 3538 nobis.
1208 3479 1354 3535 Ante
1388 3479 1536 3534 illam
1588 3493 1746 3547 aqua
1773 3473 2159 3547 congregatio-

573 3581 722 3642 nem,
753 3585 900 3633 terra
931 3573 1087 3630 nullo
1112 3573 1278 3628 modo
1299 3571 1542 3628 fructum
1569 3564 1854 3634 ostendit;
1879 3565 2160 3638 quomodo

573 3682 677 3722 nec
705 3675 832 3720 ante
855 3663 1346 3736 congregationem
1372 3645 1584 3717 Christi
1617 3659 1878 3717 Ecclesia
1900 3657 2156 3736 fructum

531 3810 554 3818 _
572 3759 822 3832 possedit
844 3759 1085 3814 humana
1111 3766 1333 3818 natura,
1361 3770 1562 3825 nempe
1595 3746 1866 3808 virtutes.
1887 3735 2158 3813 Percon-

573 3851 951 3926 gregationem
997 3850 1192 3922 prima
1225 3864 1401 3918 aqua,
1435 3861 1634 3917 panem
1667 3845 1838 3902 homo
1866 3841 2110 3900 comedit
2144 3859 2158 3894 :

575 4024 732 4096 lestis
781 4039 942 4096 cibus
991 4039 1049 4094 in
1097 4038 1284 4094 cibum
1335 4034 1612 4107 apparuit,
1648 4042 1706 4087 et
1752 4031 1997 4087 calestia
2048 4029 2166 4084 hac

541 4119 764 4190 'omnia
811 4116 957 4189 bona
1003 4127 1311 4188 nascuntur
1343 4139 1506 4184 terra
1533 4125 1800 4181 hominis.
1835 4121 2165 4202 Prophetice

579 4226 720 4282 dixit
753 4215 897 4282 Deus
931 4243 946 4280 :
981 4224 1342 4296 Congregetur
1373 4234 1511 4288 aqua
1559 4233 1679 4290 qua
1711 4225 1789 4271 est
1823 4216 1918 4271 sub
1949 4199 2075 4273 caelo
2109 4199 2166 4268 in

581 4319 1041 4391 congregationem
1096 4333 1283 4380 unam,
1335 4324 1384 4369 et
1433 4319 1698 4384 appareat
1749 4311 1926 4366 arida.
1979 4309 2167 4364 Tertio

581 4401 769 4469 autem
800 4410 913 4475 die,
941 4426 1010 4466 ex
1032 4408 1310 4481 profundo
1344 4405 1558 4478 profert
1581 4413 1787 4459 terram
1821 4404 1986 4466 Deus,
2011 4401 2169 4472 prius

2225 541 2367 596 ferte
2408 539 2615 594 malum
2675 533 3005 606 operculum
3054 527 3286 600 pudoris
3331 525 3548 580 animae.
3599 521 3866 577 Solvite

2227 629 2618 686 intermediam
2647 625 2861 698 peccati
2887 621 3206 682 maceriem,
3243 632 3366 688 qua
3389 616 3564 670 Deum
3589 613 3660 668 ab
3697 611 3866 682 ipsa

2225 729 2462 792 separat.
2496 719 2776 790 Appareat
2801 730 2926 785 qua
2953 721 3096 768 tecta
3127 717 3251 764 erat
3297 722 3410 762 non
3445 703 3688 774 amplius
3721 716 3870 757 ca:-

2225 813 2448 870 cutiens
2497 830 2512 866 :
2555 811 2652 868 sed
2701 808 2980 870 videatur,-
3025 801 3290 874 quoniam
3334 801 3487 853 visus
3533 804 3620 851 cst
3663 795 3872 849 Deus

2227 883 2460 962 deorum
2489 904 2548 958 in
2591 902 2746 957 Sion.
2789 897 3049 968 Respiret
3083 894 3154 948 de
3195 897 3400 946 catero
3451 896 3506 943 et
3548 884 3872 942 ascendat

2229 1015 2298 1054 ex
2346 996 2625 1070 profundo
2672 991 3002 1065 ignorantia
3037 1003 3160 1059 qua
3189 983 3296 1040 fuit
3327 979 3629 1051 aliquando
3659 977 3874 1070 arida

2230 1069 2503 1156 Ecclesia,
2553 1097 2612 1146 et
2658 1087 2901 1158 accipiat.
2941 1083 3132 1138 radios
3161 1075 3407 1135 calestis
3446 1074 3612 1132 Solis.
3641 1080 3712 1125 ut
3745 1069 3876 1123 di-

2231 1187 2379 1242 citur
2426 1183 2634 1254 pluvia.
2673 1179 2976 1236 Reveletur
3025 1171 3202 1234 arida,
3250 1167 3510 1240 quoniam
3538 1164 3732 1218 lumen
3777 1161 3877 1215 ad

2234 1253 2613 1332 reuelationem
2641 1272 2877 1344 gentium
2905 1267 2952 1300 “
2985 1263 3232 1326 advenit,
3269 1269 3327 1315 et
3357 1270 3567 1327 tempus
3613 1264 3710 1310 est
3777 1253 3879 1307 de

2234 1379 2440 1425 catera
2495 1377 2558 1422 ut
2621 1367 2738 1436 ipsa
2781 1369 2956 1416 exuat.
2999 1368 3056 1414 et
3099 1357 3345 1426 deponat
3391 1349 3648 1406 tenebras
3705 1360 3880 1416 qua

2235 1470 2369 1518 sunt
2413 1459 2496 1515 illi
2525 1456 2818 1527 imposita,
2847 1463 2925 1508 -ut
2948 1453 3044 1506 e'as
3086 1449 3194 1518 sibi
3226 1447 3428 1527 habeat
3461 1443 3764 1512 subjeCtas
3799 1449 3880 1494 et

2235 1519 2677 1608 conculcatas-et
2703 1545 2807 1600 sub
2847 1558 2908 1598 se
2953 1539 3312 1595 transmissus
3343 1519 3419 1590 ad.
3455 1533 3757 1604 abyssum,
3799 1540 3884 1584 et

2205 1642 2429 1698 audiat
2469 1657 2482 1693 :
2541 1638 2676 1692 Ecce
2720 1635 2842 1690 dedi
2881 1633 2972 1688 tibi
3021 1638 3336 1702 potestatem
3379 1623 3622 1680 calcandi
3665 1637 3883 1691 super

2242 1733 2482 1788 tenebras
2504 1731 2550 1764 "
2575 1745 2700 1800 qua
2721 1725 3022 1798 aliquando
3051 1731 3214 1778 erant
3260 1725 3431 1790 supra
3472 1727 3523 1772 te
3550 1717 3774 1786 posita:
3804 1723 3886 1768 et

2239 1823 2341 1880 tibi
2371 1821 2635 1883 adversa,
2675 1831 2824 1873 nunc
2847 1827 3032 1871 autem
3069 1821 3203 1868 sunt
3229 1810 3511 1883 subjecta.
3539 1807 3678 1862 Nam
3721 1805 3882 1858 vim

2237 1929 2412 1986 passa
2447 1910 2710 1968 Ecclesia
2737 1917 2797 1964 et
2837 1921 2960 1978 qua
2989 1905 3278 1961 submersa
3327 1903 3448 1956 erat
3494 1909 3548 1954 et
3585 1896 3696 1952 sub
3741 1911 3882 1965 pe:-

2238 2007 2424 2070 dibus,
2452 2003 2742 2074 subjiciam
2764 2009 2822 2056 et
2853 2013 3054 2054 omnes
3085 2005 3260 2066 aquas
3291 1999 3580 2048 terrestres
3617 1997 3677 2043 et
3717 2002 3878 2042 cae;

2238 2099 2409 2154 lestes
2436 2113 2451 2150 :
2483 2095 2822 2151 exsiccatam
2865 2099 3121 2146 naturam
3155 2095 3212 2142 et
3243 2098 3467 2142 carnem
3496 2079 3767 2135 hominis
3807 2079 3888 2134 in

2239 2185 2707 2246 exterminatione
2741 2191 2798 2240 et
2829 2179 3145 2252 privatione
3168 2175 3341 2233 fontis
3373 2175 3500 2228 vita
3526 2169 3814 2242 paradisi
3857 2185 3883 2222 :

2239 2298 2362 2340 eam
2413 2280 2654 2336 etferens
2701 2291 2870 2348 super
2911 2285 3134 2329 omnem
3177 2267 3546 2340 principatum
3592 2272 3652 2317 et
3709 2277 3884 2317 ona—

2241 2391 2368 2431 nem
2395 2378 2748 2444 potestatem,
2784 2368 2842 2422 in
2871 2367 3076 2422 throno
3092 2360 3422 2419 Cherubino
3451 2358 3502 2414 ei
3525 2354 3888 2410 ostendens

2243 2469 2339 2523 Dei
2393 2465 2589 2522 faciem
2642 2460 2739 2532 qui
2785 2467 3018 2530 propter
3069 2456 3246 2526 ipsam
3299 2447 3524 2506 advenit
3569 2444 3891 2501 Christus

2243 2561 2425 2620 Deus,
2464 2557 2596 2628 quia
2629 2553 2812 2608 dicit:
2859 2549 3224 2620 Congregetur
3269 2557 3411 2613 aqua
3462 2555 3576 2611 qua:
3617 2545 3696 2590 est
3753 2537 3886 2591 sub

2239 2648 2372 2706 calo
2416 2649 2474 2702 in
2513 2643 2972 2716 congregationem
3002 2655 3184 2708 unam
3205 2653 3224 2691 :
3251 2639 3514 2706 appareat
3549 2628 3746 2691 arida,
3805 2637 3895 2683 ut

2244 2751 2374 2797 ante
2403 2739 2604 2795 calum
2635 2743 2874 2791 ornetur
2904 2731 3082 2788 arida.
3108 2729 3346 2798 Propter
3377 2739 3498 2780 eam
3517 2721 3666 2777 enim
3697 2721 3896 2776 exiit

2247 2836 2297 2891 is
2339 2833 2440 2905 qui
2475 2829 2736 2892 seminat,
2779 2826 2848 2882 ad
2898 2819 3286 2880 seminandum
3316 2825 3372 2874 et
3408 2812 3780 2887 irrigandum
3815 2819 3900 2866 et

2247 2925 2556 2984 ornandum
2581 2921 2817 2978 aridam.
2839 2918 3038 2975 Semen
3056 2913 3207 2976 enim
3230 2920 3316 2968 est
3336 2916 3605 2981 paratum,
3632 2919 3897 2976 nempe

2251 3017 2650 3089 Evangelium:
2685 3019 2978 3084 promptus
3024 3017 3082 3063 et
3129 3003 3332 3062 alacris
3373 3009 3459 3057 est
3500 2996 3892 3061 seminator;

2242 3124 2452 3180 .nempe
2479 3106 2736 3163 Christus
2761 3120 2776 3157 :
2808 3099 3049 3172 operarii
3082 3105 3216 3153 sunt
3247 3093 3447 3166 parati,
3483 3103 3680 3158 nempe
3711 3103 3903 3159 apo-

2254 3203 2426 3260 stoli:
2463 3212 2741 3254 messores
2773 3193 2957 3265 probi,
2988 3199 3120 3252 sunt
3147 3188 3405 3244 doctores
3435 3203 3449 3238 :
3477 3183 3647 3237 boves
3679 3179 3907 3250 impi-

2205 3315 2212 3322 ·
2254 3295 2360 3368 gri,
2410 3293 2450 3347 ii
2494 3291 2592 3362 qui
2637 3301 2863 3344 crucem
2908 3283 3098 3344 ferunt
3145 3301 3156 3335 :
3221 3279 3410 3350 iugum
3467 3281 3676 3344 aptum,
3742 3287 3903 3327 non

2255 3363 2406 3443 enim
2450 3381 2583 3438 terit
2633 3378 2840 3434 collare
2887 3373 3083 3430 :hene
3111 3369 3493 3443 germinarunt
3541 3363 3900 3427 naturalia,

2258 3477 2536 3548 aspiciunt
2577 3472 2727 3528 enim
2777 3470 2920 3524 bene
2951 3474 3224 3522 comatam
3269 3463 3536 3517 virtutum
3585 3455 3904 3511 altitudi-

2261 3587 2407 3626 nem.
2449 3566 2726 3638 Regiones
2747 3563 3018 3635 gentium,
3043 3566 3174 3614 sunt
3195 3557 3331 3622 alba
3358 3563 3415 3610 et
3443 3567 3588 3623 pura
3621 3549 3900 3608 animae.

2259 3663 2344 3718 Ad
2388 3675 2625 3717 messem
2654 3653 3066 3728 importandam
3109 3652 3223 3706 lata
3251 3654 3419 3704 estet
3447 3643 3623 3712 ampla
3647 3641 3906 3697 Eccle-

2262 3757 2358 3813 sia
2391 3769 2517 3810 area
2551 3771 2564 3808 :
2603 3753 2747 3808 bene
2773 3747 3014 3804 laborati
3049 3751 3179 3800 sunt
3224 3741 3386 3804 sulci,
3416 3736 3664 3806 Baptista
3693 3735 3905 3790 enim

2229 3863 2360 3904 .eos
2406 3843 2678 3916 proscidit
2721 3857 2737 3894 :
2782 3838 2901 3910 agri
2943 3839 3079 3892 sunt
3114 3829 3410 3902 frugiferi:
3448 3825 3624 3881 Facite
3671 3825 3902 3890 enim,

573 3955 633 4002 ct
668 3947 724 4001 in
766 3943 1198 4017 congregatione
1230 3950 1442 4006 nostra,
1491 3953 1693 4009 nempe
1737 3936 2006 4009 gentium,
2053 3937 2167 3990 cce-
2261 3939 2275 3994 i

2265 4232 2298 4272 a
2334 4210 2678 4272 circumﬂuis
2714 4205 2874 4277 aquis
2896 4219 2962 4260 ea
2987 4199 3326 4258 alluentibus
3362 4215 3377 4251 :
3408 4204 3472 4250 ut
3492 4207 3612 4250 eam
3644 4192 3906 4248 contir-

2267 4319 2422 4366 ment
2444 4321 2512 4362 ac
2535 4301 2823 4362 stabiliant
2850 4311 3022 4367 super
3049 4307 3222 4364 aquas
3253 4288 3503 4361 piscina,
3539 4291 3595 4339 ut
3624 4282 3682 4336 in
3728 4295 3906 4354 ειη-

2269 4401 2343 4456 tis
2377 4393 2726 4469 baptismatis
2765 4405 2834 4447 ea
2861 4389 3082 4443 latetur
3112 4381 3372 4440 exoriens
3411 4393 3535 4448 qua
3564 4375 3698 4430 olim
3740 4391 3909 4432 erat

583 4511 778 4573 aperte
814 4465 1138 4568 describens
1171 4465 1380 4554 Christi
1413 4495 1585 4551 trium
1613 4495 1831 4550 dierum
1866 4493 1936 4549 ah
1970 4465 2164 4548 inferis
2197 4501 2243 4558 ι)
2266 4489 2428 4548 arida
2451 4465 2514 4544 et
2545 4499 2746 4556 expers
2785 4481 3040 4536 humoris
3069 4474 3245 4532 divini
3273 4469 3516 4526 inﬂuxus
3559 4483 3572 4521 :
3608 4475 3672 4566 ut
3699 4465 3775 4520 in
3821 4485 3908 4526 ea

585 4591 1054 4648 resurrectionem
1099 4603 1131 4644 e
1185 4595 1330 4643 terra
1360 4573 1562 4657 genita
1589 4595 1792 4640 nostra
1837 4591 2068 4649 natura,
2095 4597 2166 4638 ne

587 4683 826 4755 amplius
867 4689 1087 4737 maneat
1117 4679 1295 4735 arida.
1336 4669 1614 4750 Appareat
1645 4686 1702 4732 et
1735 4676 2016 4731 reveletur
2044 4689 2169 4745 qua

585 4787 710 4832 erat
751 4759 908 4831 arida
938 4781 996 4830 et
1045 4756 1370 4844 iufrugifera
1413 4770 1638 4843 gentilis
1679 4768 1948 4833 Ecclesia,
1987 4783 2110 4839 qua
2138 4782 2170 4822 a

587 4857 702 4928 beo
750 4867 1049 4942 aliquando
1078 4867 1262 4922 fuerat
1285 4865 1578 4942 absconsa,
1617 4872 1679 4918 ut
1707 4879 1833 4935 qua
1855 4861 1997 4918 facta
2027 4869 2174 4916 esset

588 4962 738 5018 nuda
769 4960 838 5016 ab
873 4957 1089 5015 insidiis
1121 4941 1351 5014 diaboli.
1396 4945 1672 5026 Appareat
1714 4969 1838 5025 qua
1868 4961 1990 5010 erat
2017 4951 2174 5008 arida

589 5061 648 5108 et
677 5036 898 5108 deserta
940 5057 998 5106 et
1046 5048 1261 5110 sitiens,
1291 5044 1552 5116 quoniam
1597 5045 1652 5100 iu
1709 5045 1934 5100 deserto
1987 5041 2175 5112 erupit

592 5163 759 5219 aqua,
795 5159 865 5200 ne
911 5144 1150 5215 amplius
1203 5149 1428 5196 maneat
1481 5124 1653 5195 arida.
1689 5121 1988 5208 Appare‘at,
2015 5143 2073 5191 et
2105 5134 2175 5191 ad

593 5230 806 5299 fontem
821 5239 948 5294 vita
967 5236 1286 5307 veniatqua
1298 5219 1403 5290 l'uit
1425 5219 1554 5288 olim
1567 5230 1790 5308 gentilis
1807 5228 2172 5293 Samaritana,

595 5325 784 5388 Tereus
808 5329 1062 5402 hydriam
1092 5327 1290 5382 anima
1317 5323 1385 5379 ad
1426 5331 1652 5393 puteum
1681 5319 1976 5374 viventem.
2014 5315 2184 5372 Sedet

597 5423 750 5478 enim
794 5421 1052 5479 Christus
1083 5435 1207 5475 eam
1257 5424 1610 5486 exspectans.
1634 5412 1912 5482 Appareat
1945 5407 2105 5464 arida
2127 5415 2198 5463 et'

602 5529 724 5584 qua
745 5512 1018 5584 proﬂuvio
1037 5511 1178 5568 male
1203 5507 1494 5564 laborabat
1523 5503 1810 5576 sanguinis
1835 5498 2181 5564 idololatria,

605 5612 667 5660 ut
687 5606 992 5662 exsiccetur
1021 5603 1201 5660 ﬂuxus
1229 5599 1513 5672 sanguinis
1535 5597 1630 5668 qui
1674 5594 1953 5659 currebat,
1984 5601 2041 5648 et
2066 5607 2186 5646 sea-

2268 4587 2614 4644 constructa,
2660 4569 2940 4632 exsultent
2977 4567 3203 4640 quidem
3263 4569 3482 4617 montes
3532 4557 3903 4628 regionum,

2271 4668 2649 4733 multitudinis
2681 4678 2869 4723 autem
2896 4663 3068 4719 colles
3114 4657 3373 4715 exsiliunt
3401 4672 3416 4708 :
3449 4653 3706 4708 latentur
3777 4667 3912 4705 au-

2272 4775 2385 4821 tem
2411 4775 2606 4834 greges
2639 4757 2992 4830 populorum.
3037 4749 3237 4820 Fugiat
3265 4756 3449 4802 autem
3479 4756 3628 4798 mare
3659 4737 3913 4797 adver.

2275 4830 2558 4912 sariorum
2594 4861 2839 4918 :nempe
2884 4841 3139 4914 improba
3185 4847 3243 4896 et
3289 4836 3430 4892 falsa
3475 4830 3908 4890 incredulitas.

2275 4945 2534 5016 lardanis
2563 4943 2748 5000 autem
2774 4935 3126 5010 baptismatis
3155 4931 3424 5004 gentium,
3459 4931 3756 4983 convertat.
3799 4941 3915 4982 re-

2279 5050 2521 5096 trorsum
2571 5050 2681 5107 eos
2702 5031 2798 5104 qui
2830 5032 3011 5102 ipsum
3054 5025 3277 5097 fugiunt
3304 5030 3361 5077 et
3383 5017 3712 5107 baptismi—tn
3763 5031 3910 5072 non

2279 5127 2610 5199 suscipiunt.
2658 5103 2817 5181 Unde
2851 5119 2922 5175 de
2964 5118 3080 5173 Deo
3109 5113 3247 5170 dicit
3266 5110 3540 5183 Propheta
3581 5122 3595 5158 :
3643 5103 3909 5199 Balaam:

2281 5195 2452 5279 maris
2483 5234 2605 5290 qua
2629 5213 2906 5270 conturbat
2953 5225 3110 5265 sonos
3142 5209 3402 5278 ﬂuctuum
3430 5201 3562 5272 ejus,
3601 5195 3722 5268 quis
3755 5215 3914 5254 sus-

2280 5311 2459 5368 tinebit
2503 5289 2586 5362 5°?
2629 5305 2732 5362 Sed
2767 5316 2824 5359 tu
2858 5301 3150 5357 dominaris
3183 5293 3434 5368 potestati
3482 5289 3666 5352 maris,
3706 5304 3911 5346 sonos

2278 5395 2536 5476 ﬂuctuum
2559 5401 2671 5470 ejus
2693 5399 2808 5469 quis
2828 5379 3146 5450 sustinebit?
3177 5385 3368 5445 Saium
3398 5389 3577 5439 autem
3603 5382 3912 5452 ﬂuctuum

2281 5475 2396 5570 ejus
2431 5505 2488 5551 tu
2526 5495 2739 5564 mitigas
2771 5491 2812 5544 ¹.
2856 5477 2934 5544 Te
2961 5485 3109 5542 enim
3143 5480 3506 5555 praligurans
3532 5475 3704 5530 Jonas
3742 5489 3911 5545 pro.

2283 5563 2470 5661 pheta,
2522 5563 2744 5657 quando
2806 5581 3087 5652 projectus
3130 5573 3238 5629 fuit
3288 5572 3344 5626 in
3429 5582 3617 5633 mare,
3679 5563 3909 5624 etfacit

677 5787 724 5818 "
766 5781 899 5837 Luc.
937 5797 992 5845 ll,
1043 5781 1130 5834 52.
1209 5779 1250 5809 ’⁷
1300 5776 1434 5830 Luc.
1491 5789 1544 5839 ι,
1603 5773 1683 5828 lt).
1760 5769 1805 5803 ’³
1850 5767 2041 5824 Matth.
2097 5782 2149 5821 Ill

2249 5771 2275 5820 ἰ.
2352 5763 2395 5794 ’³
2435 5757 2580 5816 Psal.
2621 5771 2762 5824 μιν,
2807 5753 2860 5809 8.
2938 5751 2955 5784 ¹
2995 5739 3140 5810 Psal.
3176 5757 3439 5811 Lxxxvm,
3480 5741 3564 5799 i0.
