3996 6296
210 296 327 366 885

1311 307 1393 367 IN
1432 309 1986 372 HEXAEMERON.
2007 328 2077 346 -ἀ
2100 310 2246 372 LIB.
2290 310 2404 371 IlI.

3384 308 3492 371 886

213 409 681 480 ‘ranquillitatem
715 411 877 468 undae
911 426 1033 484 quae
1066 422 1300 471 mortem
1346 420 1629 489 attulerat,
1665 436 1803 490 quo-
1834 426 1877 481 Α
1908 429 2129 490 quarto,
2151 421 2361 476 aridam
2392 418 2686 474 nominans
2710 415 3222 482 bominem,diccns
3251 417 3311 470 ὼε
3341 418 3487 473 Deo:

215 500 388 556 modo
410 508 490 567 tu,
517 500 844 559 idololatriae
879 506 1049 561 totius
1072 506 1264 562 mundi
1288 511 1489 573 marini
1521 512 1801 568 interitus.

219 590 402 645 Tuam
431 591 580 647 enim
615 602 852 649 mortem
904 595 1171 670 cﬁingens
1219 607 1275 655 et
1310 604 1803 669 resurrectionem,

220 681 457 735 dormiit
505 682 560 737 in
606 687 734 739 navi
770 688 915 742 sicut
941 695 1000 743 tu
1047 689 1104 743 in
1142 691 1293 762 ligno
1325 694 1508 749 crucis
1550 712 1563 749 :
1603 703 1810 765 etpost

225 787 484 856 somnum
515 777 796 846 projectus
833 777 938 834 fuit
972 779 1027 834 in
1060 782 1413 852 profundam,
1458 792 1716 856 tanquam
1752 787 1809 841 in

221 855 408 918 lacum
442 866 858 935 profundissimi
914 872 1117 928 inferni
1169 882 1228 930 et
1268 876 1507 946 sepulcri
1554 855 1805 933 balaente:

218 962 284 1009 ct
337 958 567 1012 salutem
613 960 971 1031 praefigurans
1024 965 1092 1020 iis
1134 967 1229 1036 qui
1277 968 1440 1022 simul
1474 969 1813 1038 navigabant

225 1042 285 1099 in
318 1048 438 1101 navi
465 1044 741 1116 Ecclesia},
767 1052 992 1109 donavit
1016 1057 1141 1111 navi
1176 1067 1236 1113 ut
1273 1069 1553 1113 cessarent
1589 1058 1808 1115 ﬂuctus.

222 1131 315 1193 Tu
350 1141 497 1195 enim
538 1157 598 1196 es
647 1144 741 1212 qui
770 1142 933 1215 jubes
962 1156 1018 1201 et
1053 1148 1194 1204 dicis
1227 1165 1242 1203 :
1283 1148 1642 1222 Congregetur
1671 1168 1813 1218 aqua

225 1249 348 1303 qua:
376 1242 449 1288 est
479 1235 572 1289 sub
598 1232 723 1289 caelo
748 1238 803 1306 in
842 1240 1301 1309 congregationem
1326 1257 1511 1307 unam,
1544 1249 1594 1294 et
1616 1241 1815 1312 factum

226 1332 308 1378 est
353 1326 430 1379 ita
459 1341 478 1380 :
512 1333 562 1380 et
621 1337 943 1399 congregata
974 1337 1049 1383 est
1078 1346 1221 1400 aqua
1259 1347 1376 1400 qua:
1404 1339 1519 1384 erat
1556 1330 1649 1403 sub
1688 1330 1814 1384 caelo

227 1416 288 1468 in
325 1419 758 1488 congregationes
803 1436 950 1474 suas.
992 1418 1135 1476 Ecce
1180 1437 1291 1475 non
1327 1421 1536 1476 factum
1565 1428 1650 1476 est
1679 1435 1815 1475 cou-

230 1508 531 1563 venienter
594 1509 791 1565 litterrc
842 1528 855 1563 :
907 1526 1084 1581 neque
1143 1520 1473 1583 congregata
1529 1521 1615 1571 est
1675 1526 1818 1583 aqua

232 1612 358 1668 qua:
407 1607 490 1654 est
523 1600 627 1654 sub
654 1601 818 1667 ccelo,
854 1601 909 1655 in
942 1602 1422 1673 congregationem
1466 1618 1631 1657 unam
1669 1621 1685 1657 :
1721 1601 1817 1657 sed

233 1691 423 1745 multa:
470 1706 626 1761 aquae
673 1701 804 1747 sunt
846 1702 1184 1764 congregatae
1229 1694 1282 1748 in
1333 1709 1462 1751 suas
1518 1709 1819 1765 congrega-

236 1780 439 1838 tiones.

310 1873 380 1929 Et
401 1878 600 1931 vocavit
623 1875 761 1931 Deus
794 1878 1025 1947 aridam,
1053 1885 1253 1933 terram
1275 1895 1293 1932 :
1319 1885 1367 1931 et
1393 1882 1819 1951 congregationes

237 1983 506 2036 aquarum
551 1971 751 2023 vocavit
796 1971 988 2025 maria.
1020 1969 1164 2036 Quid
1224 1970 1360 2025 mihi
1408 1971 1477 2026 ad
1508 1971 1627 2027 haec
1653 1972 1816 2039 dicis,

236 2075 274 2114 ο
305 2054 579 2117 Hebraeo?
615 2063 750 2118 Nam
777 2065 922 2135 quod
955 2065 1159 2120 attinet
1187 2065 1255 2120 ad
1277 2066 1588 2132 historiam,
1625 2078 1820 2124 contra

238 2151 447 2207 factum
486 2162 570 2209 cst
596 2171 760 2225 quam
786 2157 952 2227 jussit
982 2157 1148 2212 Deus.
1171 2157 1417 2213 Primum
1448 2159 1675 2229 quidem
1702 2169 1821 2217 erat

238 2238 351 2299 una
371 2246 746 2316 congregatio,
776 2264 945 2302 unum
972 2263 1146 2314 mare,
1175 2265 1345 2304 unum
1371 2249 1618 2321 pelagus,
1646 2266 1819 2305 unum

239 2337 601 2408 profundum,
655 2354 763 2393 una
815 2354 954 2408 aqua
988 2357 1001 2393 :
1033 2337 1197 2394 simul
1238 2347 1349 2394 tota
1381 2354 1523 2409 aqua
1552 2356 1673 2410 qua:
1701 2347 1822 2396 erat

238 2431 346 2485 sub
391 2431 568 2496 caelis,
612 2431 920 2497 individua,
972 2432 1147 2498 unita,
1197 2430 1538 2487 insecabilis.
1586 2430 1822 2499 Quando

236 2530 424 2577 autem
461 2522 600 2578 dixit
635 2524 781 2579 Deus
814 2542 827 2578 :
867 2522 1224 2595 Congregetur
1273 2541 1415 2596 aqua
1450 2525 1507 2578 in
1526 2540 1823 2596 congrega-

236 2616 436 2670 tionem
468 2618 635 2670 unam
663 2633 681 2670 :
714 2616 891 2672 divisa
914 2617 1088 2688 magis
1116 2616 1221 2671 fuit
1249 2632 1390 2686 aqua
1420 2633 1541 2687 quae
1574 2627 1696 2673 erat
1718 2617 1821 2673 sub

237 2708 403 2773 caelo,
456 2707 510 2761 in
546 2708 749 2764 multas
795 2724 966 2779 aquas
997 2726 1010 2763 :
1046 2717 1307 2780 tanquam
1335 2709 1379 2764 si
1412 2709 1525 2780 jam
1555 2709 1818 2765 dixisset:

241 2798 555 2855 Multae‘sint
584 2801 890 2871 congeries,
919 2802 1104 2856 multae
1133 2802 1608 2873 congregationes,
1649 2801 1821 2856 multa

237 2890 460 2944 maria.
505 2890 650 2946 sicut
699 2899 931 2948 testatur
985 2892 1103 2962 ipsa
1136 2880 1306 2947 dictio
1337 2892 1660 2964 Scripturzc,
1700 2910 1823 2964 qua:

251 2980 333 3034 sic
365 2978 538 3036 habet
609 2999 622 3035 :
671 2979 1003 3053 Congregata
1073 2983 1171 3054 fuit
1240 3001 1380 3055 aqua
1433 3002 1552 3056 qum
1599 2995 1676 3041 est
1728 2987 1822 3040 sub

1904 511 2077 579 Ipsius
2125 520 2201 566 cst
2231 529 2400 575 mare,
2434 520 2482 565 et
2516 511 2626 582 ipse
2662 510 2782 581 fecit
2811 509 2968 575 illud,
2997 519 3053 564 et
3076 508 3289 563 aridam
3321 507 3492 575 ﬁnxe-

1907 613 2033 658 runt
2067 605 2182 675 ejus
2230 620 2422 659 manus
2460 620 2478 658 :
2517 603 2624 657 hoc
2657 613 2761 668 est,
2806 602 3088 657 hominem
3140 601 3235 671 qui
3295 599 3432 655 dicit
3475 615 3490 654 :

1906 696 2098 750 Manus
2141 704 2267 762 tuas,
2318 695 2563 761 Domine,
2597 695 2833 765 fecerunt
2880 710 2962 749 me
2997 702 3047 748 et
3075 692 3350 762 finxerunt
3388 708 3489 747 me.

1906 787 2126 843 Nullam
2181 795 2493 844 creaturam
2542 803 2609 842 ex
2655 788 2725 842 iis
2775 802 2897 858 qua:
2944 794 3078 841 sunt
3118 787 3173 841 in
3209 786 3353 842 coelo
3398 792 3497 839 aut

1911 877 1967 933 in
2007 888 2156 934 terra
2204 878 2362 934 ﬁnxit
2397 880 2540 936 Deus
2576 879 2692 934 suis
2731 879 3010 944 manibus,
3055 879 3163 932 nisi
3208 878 3493 933 hominem

1908 969 2004 1039 qui
2044 968 2112 1023 ad
2164 970 2284 1040 ejus
2306 969 2483 1025 factus
2505 977 2592 1025 est
2626 971 2944 1041 imaginem,
2971 969 3040 1025 de
3074 984 3185 1039 quo
3222 969 3359 1023 dicit
3381 969 3496 1024 Mo-

1911 1075 2000 1114 ses
2035 1078 2050 1113 :
2091 1058 2302 1114 Vocavit
2348 1060 2488 1114 Deus
2525 1061 2735 1116 aridam
2778 1070 3000 1114 terram.
3050 1060 3189 1115 Vide
3234 1060 3497 1131 mysteria

1912 1149 2296 1205 admirabilia!
2334 1148 2563 1204 Terram
2622 1150 2680 1203 in
2723 1148 3001 1220 profundo
3039 1148 3110 1203 ab
3155 1149 3281 1203 aliis
3338 1149 3497 1219 aquis

1914 1239 2262 1307 suffocatam,
2313 1240 2566 1296 nominat
2597 1239 2997 1295 aridam-Cum
3026 1247 3211 1294 autem
3242 1254 3400 1308 aqua;
3425 1238 3497 1294 ab

1915 1347 1980 1386 ea
2020 1339 2373 1387 recesserunt
2404 1338 2462 1386 et
2500 1339 2633 1385 sunt
2655 1331 2869 1396 divisae,
2901 1340 2959 1386 et
2983 1346 3049 1386 ea
3075 1329 3180 1385 fuit
3201 1329 3496 1395 exsiccata,

1915 1438 2027 1477 non
2075 1435 2198 1476 eam
2251 1420 2491 1491 amplius
2524 1421 2777 1475 nominat
2819 1420 3054 1485 aridam,
3096 1419 3196 1476 sed
3241 1428 3494 1474 terram:

1916 1514 2195 1585 quomodo
2238 1514 2407 1569 etiam
2438 1522 2656 1570 constat
2688 1513 2826 1569 citra
2850 1512 3315 1578 controversiam,
3349 1511 3499 1583 quod

1919 1607 2188 1681 imagines
2211 1615 2266 1661 et
2291 1606 2489 1678 ﬁguras
2518 1622 2674 1662 novae
2701 1606 2760 1660 in
2790 1604 3013 1661 Christo
3046 1610 3317 1662 creatura;
3344 1604 3500 1674 prius

1921 1697 2277 1754 describebat
2307 1706 2365 1753 et
2405 1696 2805 1769 praeﬁgurabat.
2833 1696 3088 1752 Christus
3126 1696 3192 1750 in
3240 1695 3501 1750 universa

1920 1805 2017 1845 sex
2063 1789 2277 1844 dierum
2333 1789 2633 1844 creatione.
2682 1786 2956 1854 Quoniam
2991 1799 3177 1842 autem
3206 1785 3502 1842 mundanae

1918 1879 2150 1951 Egypto
2184 1878 2457 1950 imprimis
2502 1880 2620 1935 ι)ωο
2647 1879 2886 1935 dicimus
2924 1896 2937 1932 :
2970 1894 3080 1933 non
3112 1878 3282 1934 fuerit
3305 1879 3504 1935 absur-

1919 1969 2051 2025 dum
2103 1969 2149 2025 si
2187 1985 2288 2040 per
2333 1984 2422 2024 res
2468 1976 2729 2040 tanquam
2783 1984 2884 2040 per
2921 1968 3089 2023 verba
3141 1968 3502 2024 ostendamus

1921 2060 2123 2132 ﬁguras
2163 2059 2497 2116 detectionis
2548 2069 2604 2115 et
2650 2061 3007 2117 liberationis
3037 2060 3309 2115 malarum
3337 2067 3395 2115 et
3427 2066 3498 2115 te-

1920 2152 2284 2207 nebrosarum
2322 2167 2588 2222 aquarum
2621 2152 2832 2207 erroris
2872 2166 2994 2222 qua:
3036 2151 3192 2221 prius
3220 2158 3379 2205 erant
3407 2165 3501 2205 su-

1919 2260 2020 2315 per
2061 2259 2204 2300 eam.
2262 2244 2377 2299 Soli
2409 2243 2557 2299 enim
2611 2243 2845 2315 [Egypto
2886 2258 2975 2299 ex.
3002 2243 3264 2300 omnibus
3305 2242 3498 2297 mundi

1921 2337 2260 2410 regionibus,
2288 2338 2437 2394 Dens
2464 2338 2533 2393 ad
2560 2338 2785 2409 pietatis
2808 2338 3244 2413 admonitionem
3275 2337 3501 2392 donavit

1920 2431 2232 2503 exemplum
2266 2443 2324 2488 ct
2344 2441 2767 2487 monumentum
2800 2429 3117 2485 indelebile.
3155 2429 3291 2484 Nam
3325 2429 3501 2484 instar

1921 2524 2357 2595 uniuscujusque
2388 2524 2442 2581 in
2491 2524 2600 2579 illis
2644 2525 2803 2593 aquis
2854 2538 2976 2594 quae
3020 2522 3316 2591 aliquando
3357 2530 3502 2592 tege-

1920 2614 2056 2669 bant
2105 2615 2421 2669 universam
2461 2613 2656 2670 faciem
2695 2622 2879 2675 terrae,
2939 2628 3039 2682 per
3083 2610 3310 2666 ﬂuvium
3348 2610 3500 2666 Geon

1922 2715 2069 2761 terra
2090 2704 2308 2777 Egypti
2338 2706 2558 2777 tegitur.
2586 2705 2958 2772 Quamobrem
2985 2704 3053 2759 de
3082 2703 3306 2773 regione
3338 2700 3504 2774 [Egy-

1921 2797 1999 2867 pti
2026 2796 2133 2850 dici
2160 2803 2342 2866 potest
2385 2797 2440 2851 in
2467 2786 2712 2865 tempore
2738 2810 3000 2852 ascensus
3033 2808 3324 2864 aquarum,
3352 2792 3500 2863 quod

1923 2897 2068 2944 terra
2088 2887 2304 2960 {Egypti
2325 2897 2411 2944 est
2433 2888 2733 2945 invisibilis
2753 2896 2808 2943 et
2832 2886 3224 2959 incomposita,
3254 2894 3310 2941 et
3346 2894 3502 2941 tene-

1887 3018 1895 3028 .
1925 2982 2037 3037 bne
2066 2983 2322 3055 caliginis
2349 2991 2405 3039 et
2444 2983 2788 3055 tempestatis
2817 2997 2985 3051 supra
3014 2981 3272 3052 abyssum
3301 2979 3501 3050 hujus-

238 3071 388 3139 caeio,
432 3075 489 3129 in
520 3066 646 3131 suas
687 3080 1136 3151 congregationes.
1170 3078 1314 3133 Dicit
1350 3077 1537 3149 itaque
1570 3097 1584 3132 :
1622 3078 1691 3132 Et
1726 3095 1819 3133 vo-
1849 3097 1891 3154 ο
1924 3075 2358 3146 modiaquarum
2385 3092 2397 3129 :
2420 3084 2473 3130 et
2500 3074 2740 3145 Spiritus
2759 3073 2853 3129 Dei
2876 3073 3507 3142 (hocestventirenova-

238 3166 378 3237 cauit
401 3165 540 3220 Deus
568 3175 787 3231 terram,
822 3169 1032 3223 aridam
1066 3185 1083 3223 :
1112 3177 1160 3223 et
1189 3170 1620 3241 congregationes
1654 3187 1825 3241 aqua-

241 3272 364 3310 rum
401 3258 603 3312 vocavit
632 3260 827 3313 maria.
856 3260 969 3330 Age
992 3273 1122 3330 ergo
1148 3277 1160 3312 :
1198 3276 1391 3314 rursus
1416 3260 1613 3315 littera:
1639 3261 1826 3315 velum

240 3355 301 3404 et
332 3351 655 3419 operculum
700 3352 1032 3429 aperientes,
1089 3352 1400 3422 spiritualia
1444 3352 1827 3423 spiritualibus

240 3441 619 3513 intelligamus
673 3444 894 3514 eloquia
945 3443 1197 3514 Spiritus,
1245 3444 1496 3499 dicentes
1553 3444 1724 3499 :Una
1771 3452 1829 3500 et

240 3533 527 3588 individua
558 3550 715 3603 aqua:
747 3536 1123 3607 congregatio,
1162 3544 1316 3590 recta
1347 3544 1403 3590 et
1437 3536 1492 3589 in
1521 3551 1685 3605 quam
1716 3550 1828 3590 non

241 3628 393 3682 cadit
425 3628 807 3697 reprehensio,
844 3637 899 3682 et
936 3628 1205 3683 Ecclesiae
1246 3628 1531 3682 catholicae
1563 3628 1618 3682 in
1654 3628 1827 3683 Deum

241 3717 422 3787 pietas
445 3732 510 3771 ac
537 3716 730 3787 religio
765 3725 849 3773 est
882 3735 894 3771 :
931 3734 1089 3789 aqua:
1127 3728 1310 3772 autem
1345 3718 1825 3789 congregationes,

242 3816 375 3861 sunt
414 3807 674 3862 Ecclesiae
697 3824 819 3878 qua:
839 3817 969 3862 sunt
996 3809 1052 3863 in
1082 3810 1204 3863 loco
1231 3807 1522 3879 regionum
1553 3808 1825 3881 gentium,

243 3899 524 3971 quomodo
573 3898 736 3954 docet
786 3897 989 3955 Paulus
1017 3900 1211 3955 dicens
1245 3900 1344 3955 Dei
1377 3900 1644 3956 Ecclesiis
1678 3919 1691 3955 :
1721 3900 1827 3955 Ec-

244 3990 418 4045 clesia:
479 3990 738 4055 Corinthi,
776 4006 903 4047 ecce
967 3987 1074 4046 alia
1118 3992 1523 4064 congregatio:
1578 3992 1829 4049 Ecclesia:

247 4081 809 4149 Thessalonicensium,
865 4099 993 4138 ecce
1037 4084 1141 4138 alia
1172 4085 1523 4155 congregatio
1557 4086 1826 4157 gentium.

245 4173 532 4242 Quomodo
572 4175 718 4229 enim
768 4192 940 4229 unum
966 4184 1051 4231 est
1073 4180 1303 4246 regnum
1331 4177 1620 4244 cmlorum,
1659 4178 1830 4233 habet

247 4272 431 4318 autem
485 4265 687 4319 multas
740 4264 1062 4319 mansiones
1113 4272 1175 4318 ut
1221 4263 1359 4319 dicit
1405 4264 1659 4322 Christus
1704 4267 1829 4322 :ita

248 4356 417 4411 etiam
473 4366 559 4411 est
592 4354 711 4411 'una
765 4356 1078 4412 communis
1109 4356 1311 4412 Christi
1359 4357 1629 4412 Ecclesia.
1688 4358 1832 4413 Sunt

1925 3169 2025 3240 tio)
2055 3159 2231 3224 fertur
2265 3184 2431 3239 supra
2463 3184 2684 3238 aquam.
2708 3166 2799 3222 Sic
2823 3166 2970 3221 enim
2998 3163 3344 3234 interpretati
3375 3171 3506 3217 sunt

1927 3262 2086 3316 multi
2132 3263 2478 3332 interpretes.
2516 3260 2585 3315 Et
2637 3260 2863 3316 teuebra:
2908 3266 3064 3312 erant
3107 3275 3273 3329 supra
3314 3273 3505 3328 aquas,

1927 3362 1977 3408 et
2016 3353 2245 3425 Spiritus
2270 3354 2367 3409 Dei
2404 3353 2667 3424 ferebatur
2701 3370 2867 3424 supra
2888 3369 2997 3406 eas.
3040 3351 3154 3406 Non
3193 3349 3340 3405 enim
3367 3348 3507 3403 dixit

1928 3444 2539 3520 (inquiuntikScriptura
2566 3463 2578 3498 :
2604 3444 2662 3496 τὸ
2687 3442 2907 3512 Πνεῦμα.
2929 3442 3063 3496 Θεοῦ
3084 3458 3207 3497 cum
3236 3440 3502 3496 articulo:

1929 3532 1984 3588 id
2015 3542 2119 3598 est,
2153 3534 2393 3604 Spiritus
2424 3534 2513 3588 ille
2548 3552 2560 3586 :
2599 3534 2693 3588 sed
2730 3532 2953 3604 Πνεῦμα
2972 3533 3107 3586 Θεοῦ
3144 3532 3351 3602 absque
3377 3532 3510 3587 arti—

1928 3624 2073 3687 culo,
2110 3623 2281 3677 idest
2308 3623 2548 3692 Spiritus
2578 3622 2672 3677 Dei
2699 3641 2710 3675 :
2734 3623 2841 3676 hoc
2858 3631 2977 3689 est;
3011 3638 3153 3676 unus
3176 3637 3243 3675 ex
3272 3628 3511 3691 quatuor

1928 3713 2210 3785 spiritibus
2250 3724 2540 3769 ventorum
2575 3714 2857 3769 ferebatur
2892 3729 3059 3783 super
3102 3729 3321 3782 aquam.
3370 3713 3506 3766 lilud

1926 3817 2113 3863 autem
2144 3807 2272 3863 ferri
2293 3823 2480 3877 supra,
2512 3823 2621 3861 non
2644 3804 2730 3861 est
2759 3806 3045 3876 proprium
3066 3816 3276 3862 naturae
3310 3805 3511 3861 divini-

1931 3900 2058 3955 tatis
2089 3916 2211 3971 quae
2237 3916 2347 3955 non
2375 3907 2560 3970 potest
2589 3897 2995 3954 circumscribi.

1997 3991 2136 4045 Illud
2162 3988 2348 4045 autem
2375 3998 2460 4045 est
2482 3988 2810 4044 admirabile
2861 3988 2915 4043 in
2950 4002 3183 4043 ascensu
3237 4001 3506 4056 aquarum

1929 4084 1985 4138 in
2004 4081 2236 4153 Aigypto
2274 4081 2479 4152 quibus
2528 4080 2635 4136 fuit
2663 4088 2881 4151 operta,
2914 4079 3420 4148 obscurationcque
3456 4086 3511 4132 ct

1929 4174 2184 4245 caligine,
2233 4184 2288 4229 et
2337 4172 2729 4237 infertilitate,
2782 4178 2840 4226 et
2915 4169 3283 4227 suilocatione
3338 4168 3512 4240 ipsius

1928 4276 2110 4330 terrae,
2148 4266 2297 4337 quod
2347 4281 2457 4321 non
2498 4274 2624 4336 post
2667 4260 2915 4319 mensem
2970 4272 3067 4320 aut
3105 4263 3225 4319 dies
3266 4272 3426 4319 ortus
3455 4261 3511 4317 in

1930 4360 2176 4415 earnein
2205 4359 2487 4415 Bethleem
2514 4366 2571 4415 et
2622 4356 2988 4429 apparitionis
3037 4356 3269 4424 Christi,
3315 4356 3410 4412 sed
3454 4355 3513 4411 in

248 4446 414 4502 etiam
453 4448 763 4517 singulares
796 4448 1054 4504 Ecclesiae
1076 4448 1268 4503 mundi
1291 4457 1455 4504 rectae
1479 4448 1627 4505 ﬁdei.
1655 4448 1831 4521 Opor-
1858 4458 1904 4512 D
1933 4453 2131 4508 diebus
2186 4452 2389 4508 natalis
2432 4459 2489 4507 et
2539 4450 2908 4521 apparitionis
2968 4466 3032 4507 ac
3084 4449 3525 4505 illuminationisx

248 4547 329 4594 tet
385 4549 567 4595 autem
610 4541 717 4596 hoc
758 4558 977 4613 quoque
1044 4543 1103 4597 in
1154 4542 1277 4597 loco
1329 4542 1622 4609 adnotare,
1680 4545 1827 4615 quod

247 4631 470 4703 quando
507 4649 632 4687 cum
666 4635 806 4689 ccelo
843 4635 991 4690 Deus
1023 4634 1156 4690 fecit
1183 4642 1411 4701 terram,
1444 4651 1553 4690 non
1585 4637 1830 4706 appella-

248 4727 413 4781 batur
443 4727 614 4781 arida.
673 4725 1023 4797 Frugiferum
1063 4725 1213 4781 enim
1282 4742 1348 4782 ac
1398 4725 1639 4783 fertilem
1682 4728 1830 4786 Deus

226 4818 379 4897 fecit
415 4819 699 4874 hominem
733 4828 927 4873 etnon
953 4818 1189 4873 aridum.
1235 4816 1466 4885 Quando
1512 4830 1696 4875 autem
1727 4821 1831 4875 fuit

249 4902 516 4964 suffocata
547 4925 576 4964 a
599 4909 846 4966 tenebris
869 4926 993 4981 quae
1014 4926 1182 4980 supra
1205 4926 1325 4966 eam
1352 4920 1531 4979 erant,
1551 4919 1607 4967 et
1628 4914 1787 4983 aquis
1813 4929 1826 4968 :

249 5012 383 5055 tunc
431 5000 571 5056 facta
606 5009 693 5057 est
727 5001 880 5056 arida
924 5010 982 5056 et
1011 5010 1249 5057 mortua.
1278 5001 1487 5057 Deinde
1526 5018 1645 5057 cam
1684 4998 1831 5058 Deus

250 5108 469 5147 rursum
519 5107 724 5147 vocans
753 5092 820 5147 ad
873 5091 1154 5162 antiquam
1188 5093 1674 5154 illuminationem.
1706 5110 1828 5149 cam

247 5184 655 5240 transnominat
675 5193 732 5241 et
750 5185 802 5240 ei
824 5170 1007 5241 reddit
1026 5185 1265 5257 primum
1286 5201 1489 5241 nomen
1510 5203 1525 5240 :
1543 5187 1829 5256 etquando

248 5295 279 5333 a
314 5278 560 5334 tenebris
605 5277 720 5333 Deo
767 5279 1046 5349 apparuit,
1095 5278 1281 5332 statim
1313 5292 1434 5333 eam
1474 5278 1691 5334 voravit
1717 5286 1829 5334 ter-

248 5384 386 5436 ram,
422 5370 700 5443 quomodo
724 5370 858 5426 dicit
885 5370 1053 5442 869
1098 5370 1328 5425 historia
1355 5370 1500 5441 quod
1536 5370 1683 5426 Deus
1717 5370 1829 5425 ari-

250 5460 374 5515 dam
419 5462 637 5516 vocavit
678 5471 882 5517 terram
923 5481 935 5516 :
973 5469 1161 5532 utpote
1193 5462 1338 5532 quod
1386 5462 1456 5517 ab
1485 5461 1827 5518 infcrtilitate

248 5552 316 5609 ad
356 5553 721 5621 fertilitatem,
774 5572 877 5626 per
912 5555 1196 5612 Christum
1231 5556 1299 5610 de
1344 5564 1545 5611 uetere
1596 5565 1826 5611 vocetur

246 5656 306 5701 et
338 5658 637 5702 renovetur
669 5649 858 5703 homo.
891 5649 953 5703 Ei
986 5657 1169 5703 autem
1212 5648 1359 5718 quod
1387 5648 1512 5703 dico
1540 5647 1646 5703 fert
1679 5649 1831 5704 testi-

250 5739 502 5793 inonium
545 5741 811 5810 propheta
859 5755 1078 5811 quoque
1128 5740 1181 5795 in
1230 5741 1440 5812 psalmo
1476 5743 1829 5813 nonagesimo

1931 4545 2181 4615 operitur
2210 4553 2267 4599 et
2308 4542 2716 4600 obtenebratur
2766 4542 2926 4612 aquis
2966 4551 3023 4597 et
3075 4541 3309 4612 caligine
3363 4548 3511 4594 terra

1928 4636 2164 4708 Egypti.
2192 4636 2424 4704 Quando
2459 4645 2642 4691 autem
2684 4634 2941 4692 Christus
2994 4634 3140 4690 Deus
3168 4633 3265 4687 lux
3317 4631 3508 4688 mundi

1930 4736 2095 4783 natus
2129 4735 2243 4783 cst:
2273 4735 2330 4782 et
2380 4743 2447 4782 ex
2478 4727 2712 4797 praescpi
2759 4725 3067 4787 Bethleem,
3110 4724 3166 4779 in
3212 4722 3508 4795 Egyptum

1930 4830 2055 4876 cum
2081 4836 2181 4875 sua
2238 4828 2411 4875 matre
2440 4819 2687 4891 fugiente
2725 4819 2796 4875 ab
2827 4818 3068 4884 ilcrode,
3100 4825 3355 4873 versatus
3386 4825 3506 4872 est:

1931 4912 2116 4967 statim
2146 4920 2293 4967 terra
2357 4910 2576 4983 IEgypti
2629 4910 2928 4982 detegitur,
2957 4909 3186 4980 deponit
3226 4907 3508 4973 tenebras,

1929 5007 2085 5060 exuit
2115 5005 2405 5076 caliginem
2427 5005 2656 5071 erroris,
2681 5003 2826 5062 Solis
2849 5003 3080 5077 justitiae
3101 5003 3289 5058 lumen
3306 4999 3508 5057 induit.

1931 5097 2193 5152 Versatus
2223 5097 2371 5151 enim
2397 5105 2483 5152 est
2528 5112 2653 5152 cum
2686 5096 2912 5167 proprio
2945 5095 3105 5160 orbe,
3161 5107 3361 5164 nempe
3394 5105 3511 5147 ma-

1933 5198 2044 5246 tre:
2073 5197 2131 5245 ct
2154 5188 2323 5244 solvit
2346 5188 2627 5253 tenebras,
2676 5196 2734 5245 et
2783 5186 2957 5243 veluti
3014 5185 3295 5256 quoddam
3322 5183 3506 5239 velum

1931 5282 2130 5353 abjccit
2163 5297 2192 5335 a
2221 5296 2324 5337 suo
2350 5281 2527 5347 vultu,
2566 5295 2767 5351 nempe
2790 5295 2947 5350 aqua:
2977 5279 3328 5349 operculum,
3364 5285 3421 5332 et
3451 5276 3508 5331 in

1930 5374 2209 5431 Christum
2238 5373 2663 5439 ﬁxit.oculos,et
2718 5388 2846 5428 eum
2894 5371 3139 5443 agnovit,
3173 5370 3415 5426 adorans
3452 5375 3506 5424 et

1908 5460 2322 5539 procumbens,
2355 5482 2517 5536 quem
2542 5467 2695 5537 prius
2720 5482 2832 5522 non
2855 5465 3221 5537 cognoscebat
3259 5466 3510 5535 (propter

1931 5560 2139 5616 erroris
2188 5560 2447 5614 tenebras
2497 5574 2621 5629 qua:
2664 5559 2717 5613 ei
2773 5553 3196 5628 impendebant)
3215 5563 3408 5626 operta
3439 5552 3507 5609 ab

1933 5649 2094 5721 aquis
2114 5649 2455 5720 ignorantiae.
2483 5648 2713 5705 Reccdit
2742 5657 2926 5704 autem
2973 5657 3030 5703 et
3082 5647 3321 5704 recurrit
3352 5647 3508 5702 Nilus

1933 5760 1996 5798 ex
2017 5740 2250 5813 AZgypto
2284 5741 2339 5796 in
2370 5741 2566 5798 diebus
2625 5742 2895 5796 mensium
2942 5740 3263 5798 Decembris
3310 5751 3368 5796 et
3410 5738 3499 5793 εἰςιν
