3996 6296
566 309 668 372 887

1789 290 1852 359 S.
1891 285 2295 364 ANASTASII
2332 289 2661 364 SINAITE
2689 326 2698 338 ο

562 421 767 478 nuarii.
798 416 1002 490 Incipit
1035 417 1190 473 enim
1251 407 1427 471 fluere
1491 424 1683 468 mense
1726 409 1926 467 Iunio:
1957 418 2014 465 et
2047 421 2148 478 per
2177 415 2219 469 Λ
2250 411 2409 479 prius
2441 411 2556 468 dixi
2595 429 2610 466 :
2647 427 2752 482 per
2789 409 2980 467 omnia
3031 427 3158 483 qua:
3198 411 3333 466 sunt
3397 419 3578 480 supra
3632 412 3859 464 terram

561 529 692 568 eum
725 519 902 568 totum
929 518 1134 582 etpost
1163 508 1343 580 ipsum
1373 504 1596 570 crescit,
1623 517 1828 574 nempe
1867 499 2038 558 Iulio.
2086 499 2146 554 In

560 602 814 674 Augusto
867 607 1056 655 autem
1091 606 1148 654 et
1197 606 1315 653 toto
1381 595 1700 666 Septembri
1761 595 1942 648 instar
1974 590 2148 646 maris

562 693 842 749 inundans
902 691 1220 764 IEgyptum,
1275 688 1406 745 facit
1439 686 1809 759 navigabilem
1837 699 1962 756 qum
1991 683 2150 754 prius

561 795 684 842 erat
703 784 954 847 arabilis.
990 783 1193 854 Incipit
1219 790 1430 845 autem,
1457 791 1522 836 ut
1553 780 1770 836 dictum
1815 787 1921 841 est,
1954 777 2148 832 decre-

561 891 722 933 scere
767 876 825 931 in
869 874 1102 930 Octobri
1147 883 1203 931 et
1234 875 1568 941 Novembri;
1615 874 1671 928 in
1718 887 1909 927 mense
1960 877 2145 925 autem

565 967 857 1027 Decembri
897 976 954 1022 et
982 975 1098 1022 toto
1119 967 1404 1028 Januario,
1441 964 1699 1021 redditur
1741 963 1916 1034 priori
1963 963 2144 1016 alveo.

560 1060 793 1128 Quando
823 1075 955 1130 ergo
997 1069 1127 1114 ante
1156 1057 1368 1113 Christi
1418 1067 1604 1112 ortum
1657 1059 1780 1110 eam
1841 1054 2148 1110 viderimus

561 1153 774 1207 tristem
799 1158 856 1206 et
873 1151 1330 1222 caliginosam,et
1356 1139 1681 1212 infertilem,
1699 1155 1757 1203 et
1785 1149 1840 1202 in
1865 1145 2146 1218 profundo

557 1243 905 1299 submersam
963 1249 1021 1296 ct
1071 1241 1418 1302 inornatam:
1489 1238 1696 1294 deinde
1735 1246 1882 1308 'post
1937 1235 2146 1292 Christi

559 1343 745 1391 ortum
775 1335 979 1405 ctejus
1022 1333 1399 1404 praesentiam.
1441 1331 1499 1386 in
1553 1331 1704 1386 omni
1762 1331 1884 1394 loco
1925 1328 2146 1401 [Egypti

560 1428 748 1483 statim
779 1426 898 1482 fieri
918 1441 1226 1489 recessum,
1265 1434 1323 1480 ct
1349 1435 1553 1480 terram
1593 1423 1783 1478 ornari
1809 1431 1866 1477 et
1897 1421 2142 1492 irrigari,

559 1521 766 1594 gestire
794 1520 1074 1591 regiones,
1098 1518 1320 1574 densari
1357 1516 1610 1588 paludes,
1630 1531 1794 1588 agros
1807 1515 2142 1586 germinare,

557 1621 615 1668 et
641 1612 797 1667 vicos
855 1620 1118 1680 tanquam
1145 1623 1216 1662 ex
1259 1605 1536 1679 profundo
1573 1619 1844 1677 aquarum
1895 1605 2146 1660 detectos

558 1715 617 1760 et
647 1705 704 1759 in
743 1702 916 1758 altum
968 1703 1167 1766 elatos,
1221 1709 1280 1757 et
1328 1714 1504 1770 aquas
1538 1707 1912 1770 congregatas
1937 1698 1992 1752 in
2023 1697 2140 1753 suis

559 1793 1122 1868 congregationibus,
1187 1805 1495 1864 earumque
1557 1793 1734 1849 fossas
1793 1801 1851 1848 et
1919 1782 2139 1864 ﬂuvios,

561 1889 727 1958 plane
755 1885 1390 1958 intelligannus‘quando
1418 1887 1537 1940 hazc
1587 1885 1710 1940 fleri
1735 1883 2047 1940 viderimus
2088 1883 2146 1938 in

557 1978 820 2052 Egypto,
851 1979 1000 2049 quod
1029 1975 1273 2034 Verbum
1317 1973 1414 2033 Dei
1447 1978 1794 2032 incarnatum
1821 1977 2006 2047 ipsum
2027 1983 2149 2032 erat

559 2071 712 2143 quod
773 2069 832 2125 In
872 2069 1150 2140 principio
1201 2078 1290 2126 est
1344 2069 1778 2124 architectatum
1832 2073 2146 2124 creaturam

561 2161 688 2218 (ιωιί
716 2168 774 2214 et
817 2170 1018 2215 terra}:
1062 2159 1360 2230 ipsumque
1387 2160 1443 2214 in
1469 2158 1706 2232 Egypto
1751 2168 2034 2215 versatum
2061 2167 2148 2214 est

561 2257 621 2310 in
649 2269 840 2318 carne,
883 2261 944 2308 'et
1002 2268 1128 2309 cum
1180 2269 1302 2308 eam
1360 2253 1596 2310 vidisset
1627 2254 1986 2310 tenebrosam
2027 2261 2085 2309 et
2113 2269 2145 2308 a

561 2347 805 2421 maligno
828 2346 1176 2411 suffocatam,
1205 2347 1466 2404 clamavit
1489 2363 1556 2403 ex
1577 2355 1848 2418 potestate
1879 2357 2148 2416 tanquam

559 2439 730 2504 Deus,
757 2439 902 2495 sicut
926 2439 1088 2510 aquis
1113 2439 1412 2495 mundanis
1439 2439 1514 2494 ila
1560 2439 1731 2494 etiam
1781 2437 2145 2510 Egyptiacis,

562 2531 758 2588 dicens
779 2539 917 2602 quot
941 2533 1126 2596 annis,
1158 2541 1218 2588 ct
1267 2542 1446 2603 usque
1491 2532 1560 2588 ad
1606 2531 2144 2588 consummationem

561 2631 690 2693 post
709 2623 818 2678 Nili
842 2610 1156 2684 ascensum,
1189 2631 1537 2695 congregetur
1566 2640 1709 2694 aqua
1742 2637 1862 2694 qua
1883 2633 1957 2676 est
1981 2636 2148 2692 supra

565 2716 755 2786 faciem
801 2709 1060 2771 universa:
1093 2725 1252 2771 terra:
1297 2713 1516 2788 lEgypti
1580 2716 1634 2770 in
1693 2715 2150 2788 congregationes

563 2823 715 2864 suas.
739 2808 988 2864 Rursus:
1027 2817 1292 2878 appareat
1317 2818 1488 2874 terra,
1511 2817 1574 2863 ut
1603 2809 1698 2879 qui
1726 2809 1838 2880 jam
1865 2809 2000 2862 olim
2027 2807 2150 2878 qui-

565 2900 693 2956 dem
745 2900 980 2971 spiritus
1004 2901 1216 2956 erroris
1245 2900 1550 2971 increparit
1574 2911 1632 2955 et
1657 2915 1753 2956 eos
1777 2899 2015 2972 A-Zgypto
2049 2914 2148 2954 ex-

564 2993 789 3064 pulerit,
817 3006 966 3046 nunc
990 2999 1176 3048 autem
1199 2991 1252 3047 in
1285 3001 1534 3063 tempore
1566 2993 1689 3063 ejus
1736 3007 1929 3073 aquas.
1953 2991 2150 3047 fecerit

2249 506 2372 574 ejus
2400 504 2742 562 ineffabilem
2781 503 3053 560 discimus
3084 501 3440 574 sapientiam.
3481 500 3656 556 Unde
3713 507 3865 555 stans

2252 598 2305 652 in
2338 596 2633 668 praesentia
2665 599 2718 653 in
2753 612 3027 676 aquarum
3066 596 3428 659 tractatione,
3467 603 3530 648 et
3581 593 3860 664 obstupe-

2249 708 2444 766 sccns:
2473 710 2578 750 nec
2613 695 2787 748 malas
2809 693 3038 764 quidem
3081 708 3146 748 ac
3168 691 3480 747 metallicas
3507 705 3857 760 amarasque

2247 793 2305 841 et
2353 787 2738 843 abhorrendas
2759 803 2932 858 aquas
2957 801 3079 856 qua:
3101 786 3187 840 vel
3202 785 3272 840 ad
3292 800 3552 856 saporem
3575 781 3859 840 acccilunt

2249 877 2563 943 bituminis,
2596 879 2684 933 vel
2737 879 2885 942 atris,
2913 877 2998 931 vel
3027 877 3269 945 alicujus
3309 876 3522 930 metalli
3575 875 3652 929 ad
3710 873 3853 944 quod

2249 985 2364 1024 non
2393 971 2726 1024 esttsensui
2774 974 3056 1034 accessus,
3099 968 3274 1024 credo
3325 967 3500 1022 factas
3541 981 3676 1020 esse.
3703 976 3850 1019 extra

2249 1059 2348 1114 Dei
2378 1060 2735 1132 mysterium:
2763 1060 2860 1115 sed
2895 1059 3064 1114 credo
3097 1075 3194 1114 eas
3224 1068 3478 1128 spectare
3509 1057 3582 1111 ad
3610 1057 3852 1128 profun-

2245 1152 2379 1206 dum
2406 1151 2634 1221 aliquod
2663 1153 3002 1222 exemplum,
3033 1159 3090 1206 et
3121 1166 3222 1206 nos
3254 1151 3460 1206 docere
3491 1150 3649 1220 quod
3669 1160 3849 1204 totam

2249 1243 2478 1312 quidem
2510 1237 2734 1312 aquam,
2774 1247 2975 1312 nempe
3019 1257 3196 1314 genus
3236 1243 3573 1303 humanum,
3608 1240 3766 1296 Deus
3797 1239 3850 1294 in

2248 1333 2532 1405 principio
2569 1351 2738 1389 unam
2771 1336 2974 1390 bonam
3003 1349 3200 1406 aquam
3227 1335 3382 1400 fecit,
3411 1335 3589 1388 unius
3612 1344 3848 1392 natm

2249 1427 2415 1482 unius
2431 1427 2792 1496 Operationis,
2819 1427 2987 1482 unius
3007 1427 3327 1498 potestatis,
3354 1427 3604 1482 similem
3624 1435 3684 1480 et
3712 1424 3852 1479 indi-

2247 1518 2510 1574 viduam:
2550 1519 2648 1574 sed
2717 1535 2842 1590 quae
2875 1531 2964 1586 est
2995 1519 3052 1574 in
3081 1535 3211 1574 aere
3239 1519 3518 1589 operatio.
3572 1530 3847 1586 terraeque

2249 1609 2470 1665 diversa
2519 1619 2904 1682 temperatura
2955 1619 3014 1666 et
3043 1610 3301 1681 qualitas,
3353 1610 3444 1664 vel
3503 1607 3847 1679 salsuginem

2251 1702 2532 1772 redoleas,
2563 1703 2652 1758 vel
2685 1704 3014 1774 aeruginem,
3041 1703 3131 1775 vel
3179 1701 3420 1774 aliquem
3445 1701 3626 1756 alium
3660 1699 3848 1754 insua-

2253 1811 2376 1852 vem
2411 1812 2480 1852 ex
2505 1795 2748 1852 metallis
2799 1795 3056 1860 odorem,
3123 1810 3324 1865 aquam
3359 1801 3545 1848 mutat
3587 1792 3660 1846 ad
3693 1806 3844 1845 suam

2250 1889 2654 1967 proprietatem
2677 1905 2691 1942 :
2713 1887 2786 1942 ita
2825 1903 3044 1942 morum
3071 1903 3196 1957 qua:
3229 1889 3316 1942 est
3353 1886 3410 1940 in
3435 1885 3582 1940 locis
3610 1883 3844 1938 diversi-

2250 1991 2335 2037 tas
2387 1996 2562 2052 genus
2588 1981 2918 2044 humanum,
2968 1979 3120 2050 quod
3149 1986 3235 2034 est
3280 1990 3480 2041 unum,
3532 1977 3595 2032 in
3648 1977 3843 2032 multas

2250 2071 2430 2128 secuit
2492 2069 2819 2124 divisiones.
2874 2067 3008 2123 Mihi
3039 2077 3226 2122 autem
3263 2066 3515 2136 intellige
3567 2079 3776 2134 aquam
3812 2077 3842 2114 a

2251 2165 2365 2220 Deo
2390 2172 2661 2232 creatam,
2713 2162 3045 2217 catholicam
3101 2160 3267 2215 ﬁdem
3327 2159 3629 2219 veritatis,
3682 2172 3842 2226 quam

2249 2256 2397 2312 Deus
2425 2254 2560 2310 fecit
2581 2254 2654 2309 ab
2680 2253 2864 2308 initio.
2887 2253 3039 2308 Mala:
3063 2261 3251 2307 autem
3281 2265 3475 2305 rursus
3503 2257 3644 2304 sunt
3669 2264 3838 2316 aquse.

2250 2347 2595 2418 impurarum
2629 2347 2904 2402 haercSum
2941 2341 3284 2414 disciplinac:
3305 2358 3446 2413 quas
3473 2358 3593 2402 aer.
3615 2343 3728 2397 hoc
3761 2349 3840 2395 est

2255 2441 2438 2496 malus
2466 2441 2730 2510 princeps
2760 2453 2908 2500 aeris
2933 2437 3214 2501 diabolus,
3257 2445 3316 2492 et
3369 2435 3712 2496 amaricans,
3750 2449 3839 2488 seu

2251 2535 2320 2590 ad
2345 2533 2635 2590 bituminis
2691 2533 2949 2598 ardorem
2985 2530 3262 2590 accedens
3294 2545 3391 2584 cor
3428 2528 3839 2598 terrigenarum

2250 2624 2722 2696 hominum-quod
2760 2624 2906 2695 sapit
2939 2623 3249 2685 terrestria,
3292 2621 3486 2691 genuit
3512 2631 3573 2676 et
3613 2636 3840 2676 conver-

2253 2719 2339 2783 tit,
2389 2725 2445 2772 ct
2483 2731 2551 2770 ex
2604 2715 2752 2770 bona
2801 2715 3001 2768 malam
3054 2713 3190 2769 fecit
3245 2713 3408 2768 fidem
3443 2712 3836 2781 alteravitque.

2249 2807 2409 2876 Quod
2435 2804 2663 2878 quidem
2716 2805 2924 2860 factum
2974 2813 3062 2860 est
3117 2805 3286 2860 etiam
3321 2805 3379 2858 in
3426 2803 3596 2874 aquis
3651 2805 3838 2857 maris.

2251 2901 2399 2955 Deus
2429 2900 2580 2954 enim
2613 2898 2682 2952 ab
2716 2897 2878 2954 initio
2926 2897 3110 2968 ipsum
3163 2896 3296 2951 fecit
3321 2911 3523 2966 aquam
3578 2895 3842 2950 dulcem:

2250 2996 2523 3046 mutatum
2549 2999 2635 3046 est
2660 2998 2848 3044 autem
2873 2999 3147 3060 tempore,
3173 2989 3244 3043 ab
3275 3003 3404 3042 aere
3456 2995 3518 3042 et
3550 2987 3840 3042 elementis

524 3076 528 3082 ⁷
569 3097 908 3158 restagnare;
936 3093 1077 3142 utet
1101 3085 1230 3142 eiet
1257 3086 1420 3142 nobis
1459 3098 1682 3142 revocet
1711 3087 1762 3141 in
1820 3086 2146 3142 memoriam
2177 3107 2219 3164 ο
2256 3086 2526 3142 efiectum
2563 3085 2771 3140 salsum
2802 3082 2992 3139 divina
3035 3079 3426 3152 permissionc,
3477 3078 3841 3150 praeﬁgurata

563 3181 714 3251 quod
769 3180 886 3250 ipse
921 3189 1008 3236 est
1043 3179 1238 3235 mundi
1273 3179 1534 3236 conditor
1563 3181 1656 3251 qui
1697 3195 1818 3236 eam
1845 3181 2146 3236 atenebris

563 3281 831 3327 cterrore
877 3271 1164 3327 liberavit.
1208 3272 1342 3327 Nam
1373 3271 1418 3327 si
1450 3271 1504 3326 in
1530 3271 1802 3342 sapientia
1849 3271 1981 3326 fecit
2010 3267 2149 3326 Ver-

563 3365 698 3418 hum
729 3365 848 3427 Dei,
869 3364 1009 3418 nihil
1041 3364 1174 3420 fecit
1208 3364 1596 3435 intempestive
1619 3371 1674 3419 et
1703 3379 1815 3419 non
1840 3363 1949 3418 nisi
1996 3372 2150 3429 certo

563 3473 734 3528 scopo
755 3456 861 3511 sibi
884 3457 1205 3527 proposito:
1231 3465 1308 3522 et,
1333 3458 1377 3512 si
1405 3458 1593 3512 omnia
1627 3437 1853 3528 potest,
1875 3473 1987 3512 non
2029 3450 2152 3512 erat

564 3549 712 3604 Deus
749 3548 1124 3618 omnipotens,
1155 3548 1434 3619 impotens
1455 3547 1606 3603 sicut
1667 3547 1982 3602 universam
2033 3556 2150 3601 ter-

567 3653 683 3696 ram
723 3641 800 3698 ita
834 3641 1002 3695 etiam
1030 3639 1327 3712 {Egyptum
1361 3640 1686 3696 coelestibus
1722 3639 1998 3695 imbribus
2022 3637 2150 3692 irri-

563 3749 726 3804 gare:
781 3749 944 3803 quam
995 3733 1161 3787 etiam
1217 3732 1348 3788 fecit
1399 3731 1574 3804 magis
1617 3729 1922 3786 concavam
1981 3745 2147 3800 quam

567 3835 736 3883 totam
778 3833 981 3882 terram
1029 3841 1154 3896 quae
1203 3835 1288 3882 est
1321 3826 1426 3882 sub
1477 3825 1642 3888 corio,
1689 3829 1752 3879 ut
1795 3823 2000 3878 docent
2052 3820 2149 3892 qui

563 3920 992 3990 descripserunt
1028 3924 1304 3974 terrarum
1347 3915 1538 3973 mundi
1571 3915 1999 3987 descriptiones.
2039 3912 2148 3969 Sed

563 4027 635 4069 ne
680 4013 878 4090 rideat,
908 4028 1032 4084 qua:
1053 4013 1342 4076 dicuntur,
1384 4008 2145 4082 insipientissimusauditor:

564 4104 757 4160 credat
784 4110 970 4160 autem
995 4103 1045 4160 ei
1070 4105 1162 4176 qui
1195 4104 1334 4160 dicit
1362 4103 1512 4174 quod
1537 4102 1677 4158 Deus
1730 4101 1912 4158 omnia
1941 4101 2062 4172 fecit
2092 4104 2150 4156 in

563 4199 854 4268 sapientia.
881 4196 1122 4254 Omnino
1159 4197 1308 4254 enim
1339 4197 1637 4253 uobiscum
1685 4196 1971 4260 fateberis,
1997 4178 2164 4268 quod

565 4288 636 4344 ad
668 4287 1100 4344 admonitionem
1131 4289 1352 4365 pietatis
1371 4298 1429 4344 et
1458 4288 1622 4346 fidem
1654 4288 1963 4345 faciendam
1983 4304 2150 4343 mun-

565 4379 623 4434 di
655 4377 976 4442 creationis,
1003 4380 1150 4434 Deus
1174 4379 1230 4434 in
1259 4373 1494 4452 (Egypto
1547 4380 1743 4435 statuit
1771 4379 1877 4436 hoc
1911 4379 2150 4435 miracu-

2252 3197 2316 3237 ac
2341 3181 2500 3252 prius
2553 3179 2882 3234 describens
2941 3177 3174 3232 humani
3227 3175 3397 3230 maris
3445 3175 3835 3235 mutationem,

2251 3273 2400 3345 quod
2425 3289 2493 3328 cx
2523 3272 2732 3327 virtute
2753 3281 2840 3326 est
2895 3285 3226 3327 conversum
3264 3269 3319 3323 in
3355 3267 3567 3322 salsum
3621 3266 3834 3344 vitium.

2251 3365 2401 3437 quod
2431 3365 2688 3422 Christus
2717 3362 2955 3419 mutavit
2989 3363 3046 3416 in
3107 3359 3308 3416 melius
3335 3375 3437 3430 per
3467 3375 3625 3414 mare
3660 3357 3837 3429 bapti-

2251 3461 2464 3516 smatis.
3309 3441 3314 3446 ’
3529 3459 3534 3463 ’

2323 3552 2391 3607 Et
2439 3552 2574 3605 dixit
2606 3550 2772 3614 Deus,
2797 3549 3072 3630 Gerntinet
3104 3557 3252 3604 terra
3279 3545 3500 3602 herbam
3536 3547 3650 3617 feni
3681 3544 3835 3600 sentio

2251 3663 2389 3701 nans
2425 3657 2608 3699 semen
2661 3643 2952 3698 secundum
3012 3660 3178 3716 genus
3214 3651 3264 3696 et
3311 3639 3742 3696 similitudinem.
3779 3633 3833 3692 In

2252 3739 2340 3794 his
2367 3751 2588 3808 quoque
2609 3749 2810 3809 rursus
2836 3733 3067 3789 minime
3097 3747 3450 3802 consequens
3475 3738 3537 3784 et
3574 3729 3684 3784 sibi
3731 3740 3833 3782 non

2253 3832 2632 3894 consentiens,
2665 3829 2709 3884 si
2767 3829 3012 3884 litteram
3072 3835 3314 3898 spectes,
3381 3822 3611 3878 videtur
3670 3817 3834 3874 dictio

2252 3924 2573 3996 Scriptum.
2632 3923 2770 3980 Nam
2821 3922 3059 3992 loquens
3093 3921 3150 3975 in
3201 3917 3472 3973 feminino
3518 3929 3728 3986 genere
3773 3924 3832 3966 ex

2251 4019 2441 4091 regula
2469 4016 2981 4090 grammaticorum,
3019 4014 3188 4069 desiit
3226 4011 3281 4066 in
3312 4018 3599 4072 neutrum,
3629 4007 3830 4064 Genti-

2252 4121 2338 4166 net
2387 4109 2559 4172 enim,
2595 4109 2802 4178 inquit.
2851 4118 2997 4162 terra
3027 4097 3246 4160 herbam
3295 4103 3404 4172 feni
3451 4102 3751 4174 seminans.
3779 4097 3830 4152 Si

2250 4218 2384 4274 ergo
2425 4201 2495 4258 ad
2553 4199 2786 4255 herbam
2844 4198 3156 4254 deducatur
3208 4195 3581 4250 seminantem
3624 4206 3828 4274 semen,

2251 4273 2400 4352 recte
2443 4292 2648 4348 habet:
2690 4291 2777 4346 sin
2801 4365 2804 4368 ξ
2826 4299 3012 4345 autem
3038 4287 3106 4344 ad
3161 4287 3287 4359 feni,
3323 4284 3481 4340 dicas
3510 4273 3828 4342 convenire;

2253 4389 2524 4443 seminans
2545 4401 2745 4440 semen.
2791 4381 3080 4454 Scriptura
3111 4379 3437 4450 relinquens
3458 4378 3607 4431 hanc
3635 4389 3825 4432 consc-

566 4473 682 4529 lum
727 4489 992 4529 ascensus
1040 4489 1312 4544 aquarum
1339 4483 1396 4528 et
1439 4489 1632 4528 earum
1665 4473 1718 4527 in
1760 4488 1923 4527 suum
1963 4473 2148 4528 locum
2179 4454 2227 4510 Ῑ)
2254 4477 2560 4549 qttentiam,
2586 4471 2744 4538 dicit,
2771 4471 3058 4528 Seminans
3107 4487 3282 4525 semen
3317 4468 3616 4528 secundum
3649 4483 3822 4538 genus.

567 4562 926 4618 reversionis.
952 4561 1240 4630 Quomodo
1268 4576 1464 4618 rursus
1519 4563 1578 4618 in
1633 4562 1888 4618 ﬁnitimis
1934 4565 2003 4619 iis
2029 4580 2153 4636 quae

567 4655 624 4711 in
653 4653 945 4739 i’entapoli
974 4655 1274 4711 Barbarica
1301 4655 1566 4711 dicuntur
1585 4655 1762 4729 Adyta
1789 4671 1958 4728 super
1980 4673 2152 4728 aquas

567 4747 748 4803 fertur
809 4755 956 4804 terra
1006 4747 1346 4803 convinccns
1411 4747 1729 4804 incredulos
1781 4747 1931 4820 quod
1983 4764 2153 4818 super

567 4855 740 4911 aquas
761 4855 930 4911 supra
975 4849 1232 4896 naturam
1260 4842 1407 4898 Deus
1452 4857 1674 4914 gravem
1713 4841 2009 4912 suspendit
2039 4851 2150 4898 ter-

567 4947 720 4985 ram:
749 4931 896 5004 quod
928 4931 1069 5002 lapis
1111 4947 1142 4988 a
1177 4942 1364 4990 monte
1395 4935 1680 4990 abscissus
1711 4935 1827 5006 ipse
1870 4931 2152 5006 angularia

565 5022 842 5088 Christus,
874 5031 1019 5080 terra
1056 5025 1299 5096 genitam
1335 5033 1584 5082 nostram
1617 5026 1917 5082 essentiam
1971 5024 2150 5080 admi-

565 5116 818 5174 rabiliter
843 5117 1074 5173 extollet
1093 5134 1262 5189 supra
1293 5135 1488 5190 aquas,
1519 5117 1785 5174 videlicet
1833 5134 2001 5188 supra
2039 5134 2150 5174 ete-

565 5213 670 5269 los.
713 5211 986 5268 Similiter
1007 5211 1174 5266 etiam
1202 5210 1257 5266 in
1283 5209 1568 5266 montibus
1605 5209 1788 5281 Lyciae
1829 5209 1922 5280 qui
1954 5208 2152 5264 dicun-

567 5315 682 5370 tur,
718 5321 862 5375 aqua
891 5313 946 5359 et
979 5306 1121 5379 ignis
1142 5303 1308 5361 simul
1336 5311 1564 5366 coeunt,
1589 5319 1692 5358 nos
1725 5301 2154 5360 docentesindi-

565 5397 786 5452 viduam
805 5396 1011 5454 Christi
1045 5395 1354 5451 divinitatis
1381 5403 1438 5451 et
1473 5393 1838 5450 humanitatis
1863 5393 2152 5448 unionem.

567 5487 703 5544 Nam
737 5489 783 5544 si
823 5499 910 5544 est
936 5499 1132 5545 natura
1167 5489 1441 5561 sapientia
1471 5497 1529 5544 et
1559 5487 1724 5544 dator-
1755 5487 2071 5560 sapieutiae,
2095 5495 2156 5541 et

567 5585 619 5639 in
690 5581 962 5651 sapientia
1025 5582 1209 5637 omnia
1244 5581 1378 5636 fecit
1423 5582 1568 5638 Deus
1618 5579 1790 5637 Filius
1848 5581 1971 5650 Dei,
2005 5579 2153 5636 sicut

635 5760 654 5790 ’
701 5761 891 5817 Matth.
916 5779 1031 5828 xm,
1063 5765 1131 5830 3;
1165 5764 1302 5820 Luc.
1337 5782 1451 5832 vm,
1510 5769 1564 5822 δ.

2249 4567 2474 4624 videtur
2504 4575 2692 4622 autem
2724 4565 2861 4620 mihi
2901 4580 3026 4620 esse
3079 4562 3276 4630 Irarum
3321 4575 3513 4616 rerum
3561 4557 3824 4631 ejusmodi

2249 4660 2670 4734 consequentia,
2694 4667 2756 4714 ut
2783 4657 2954 4713 illud:
2983 4653 3251 4713 Germtnet
3279 4653 3504 4725 quidem
3546 4661 3695 4708 terra
3722 4655 3829 4706 her-

2252 4754 2374 4810 bam
2423 4753 2532 4827 feni
2605 4751 2824 4808 dicatur
2871 4767 2901 4804 a
2955 4751 3071 4805 Deo
3128 4749 3198 4804 ad
3252 4747 3468 4804 animas
3516 4745 3825 4802 infertiles:

2254 4846 2391 4902 illud
2445 4836 2638 4900 autem
2687 4843 3014 4898 :seminans
3067 4856 3250 4896 semen
3307 4839 3602 4894 secundum
3638 4850 3826 4908 genus:

2251 4935 2420 5009 870
2449 4933 2672 4990 videtur
2701 4933 2838 4988 mihi
2893 4932 3044 5003 quod
3091 4933 3240 4987 Deus
3281 4931 3440 5002 jubet
3484 4929 3660 4986 choro
3701 4944 3828 4998 apo-

2253 5028 2547 5082 stolarum.
2600 5021 2758 5082 Unde
2788 5027 2914 5096 posit
2962 5024 3086 5095 ejus
3133 5020 3370 5086 exitum,
3407 5019 3510 5092 qui
3544 5029 3633 5076 est
3679 5035 3711 5072 a
3737 5019 3830 5074 Pa-

2253 5131 2336 5176 tre
2397 5117 2806 5189 inseparabilis.
2867 5117 3092 5173 diccbat
3140 5115 3209 5170 de
3259 5115 3488 5184 seipse,
3543 5111 3696 5168 Exiit
3748 5128 3826 5182 qs:

2249 5203 2503 5278 seminat,
2549 5213 2618 5267 ad
2679 5209 3058 5266 seminandum
3119 5209 3370 5274 semen’,
3431 5205 3829 5269 verbi,secun-

2251 5304 2383 5360 dum
2436 5313 2680 5375 gentem,
2721 5311 2782 5356 et
2815 5299 3123 5357 secundum
3162 5301 3444 5370 regionem
3499 5298 3556 5352 in
3611 5298 3825 5352 univer-

2251 5413 2310 5454 sa
2339 5404 2485 5452 terra
2521 5409 2644 5466 qua:
2673 5393 2828 5464 prius
2877 5393 3184 5449 vocabatur
3214 5391 3410 5448 arida:
3463 5406 3637 5461 super
3672 5403 3824 5460 quam

2253 5486 2580 5551 descendit,
2636 5495 2896 5556 tanquam
2970 5484 3160 5554 pluvia
3223 5497 3393 5554 super
3451 5481 3655 5546 vellus,
3703 5480 3828 5534 Ver-

2253 5581 2386 5637 bum
2447 5581 2545 5636 Dei
2597 5596 2721 5636 eam
2789 5576 3076 5634 seminans
3145 5585 3202 5633 et
3250 5575 3500 5632 dicens:
3567 5572 3827 5631 σει-ηιξκιε
