3996 6296
243 315 353 382 839

1343 328 1426 389 ΙΝ
1464 326 2017 396 HEXAEMERON-
2049 329 2287 397 -LIB.
2331 331 2429 398 IV.

3414 334 3530 407 890

241 441 389 487 terra
420 431 649 490 humani
673 434 880 495 cordis.
917 441 979 492 n't
1003 451 1125 506 qua:
1153 452 1265 493 non
1288 452 1439 497 esset
1484 443 1642 513 prius
1668 446 1825 500 arida
1856 452 1899 507 Α
1931 450 2153 519 (nempe
2185 448 2331 503 bona
2359 451 2530 517 terra)
2557 443 2794 517 primum
2838 446 3064 517 quidem
3112 440 3341 504 herbam
3381 447 3518 515 feni,

249 540 305 580 In
337 526 510 595 priori
562 528 946 587 infertilitate:
1014 533 1110 589 sed
1154 534 1430 605 germinet
1475 526 1743 608 deinceps
1770 545 1827 592 et

244 619 444 676 ﬂoreat
511 631 775 693 tanquam
822 625 1023 689 lilium,
1067 634 1131 680 ut
1179 642 1295 682 non
1343 629 1582 684 sulfocet
1634 646 1826 685 semen

244 714 546 767 multitudo
612 716 921 782 spinarum.
983 717 1359 774 Recesserunt
1411 722 1653 775 tenebra:
1703 716 1826 791 quae

247 807 404 875 prius
427 818 589 861 erant
640 823 809 877 super
834 825 955 863 eam
996 823 1009 863 τ
1037 827 1192 881 aqua?
1224 822 1353 867 sunt
1390 816 1825 884 congregatte'in

248 914 380 952 suas
402 901 861 970 congregationes
900 919 913 955 :
943 902 1146 959 fluvius
1176 906 1331 960 verbi
1352 906 1447 960 Dei
1469 908 1732 977 impletus
1747 918 1831 963 est

246 991 406 1059 aquis
437 991 673 1061 irrigans
703 993 851 1046 hunc
882 995 1200 1063 paradisum
1248 997 1530 1053 Ecclesiaz.
1566 996 1829 1055 Fluminis

248 1083 475 1149 impetus
503 1079 738 1149 la'ti/icat
763 1084 1030 1138 civitatem
1065 1085 1163 1139 Dei
1196 1087 1237 1157 ἒ,
1280 1103 1577 1157 supernam
1607 1091 1830 1147 Jerusa-

249 1174 388 1227 lem:
422 1172 665 1227 Pluviam
688 1172 1053 1230 voluntariam
1089 1156 1386 1247 segregavit
1438 1178 1574 1233 Deus
1607 1180 1832 1236 Incredi-

252 1271 352 1322 tati
375 1284 485 1322 sua:
513 1267 573 1332 ’⁵;
600 1282 796 1338 nempe
820 1269 1105 1339 gentium:
1166 1271 1515 1340 prtesentiam
1565 1273 1827 1343 Spiritus,

247 1373 360 1426 quo
391 1359 576 1412 sulcos
643 1373 773 1413 suos
830 1358 1089 1425 inebriat,
1138 1368 1195 1416 et
1238 1362 1570 1431 multiplicat
1616 1362 1834 1418 fructus

249 1464 381 1502 suos
414 1448 467 1501 in
498 1449 722 1518 triginta
783 1457 840 1503 et
891 1448 1172 1522 sexaginta
1203 1460 1259 1507 et
1304 1464 1562 1508 centum.
1610 1455 1681 1511 Et
1718 1465 1831 1511 tor-

250 1550 400 1593 rente
439 1534 966 1613 voluptatis'potabis
1011 1559 1117 1609 eos,
1154 1547 1408 1615 quoniam
1457 1547 1606 1616 apud
1656 1548 1831 1617 ipsum

248 1639 336 1686 est
361 1632 475 1701 fons
502 1634 623 1687 vita:
660 1633 719 1696 ⁸;
754 1634 835 1687 κάρ
884 1642 1086 1689 caetero
1133 1636 1214 1690 sic
1243 1652 1395 1691 nunc
1428 1637 1654 1708 irrigata
1710 1654 1833 1709 quas

246 1724 406 1793 prius
431 1731 553 1777 erat
616 1722 793 1787 arida,
837 1725 1113 1793 germinet
1144 1734 1203 1779 ut
1241 1736 1387 1781 terra
1441 1728 1561 1792 Dei,
1600 1729 1831 1784 herbam

1930 554 2128 608 nempe
2158 537 2554 606 simplicioretn
2578 544 2635 590 et
2660 534 2958 591 delicatum
2973 536 3140 592 Verbi
3168 537 3406 593 fructum
3420 540 3520 609 qui

1930 631 2192 685 convenit
2239 628 2487 684 Judaicis
2536 636 2593 682 et
2633 626 2865 681 rationis
2912 627 3098 681 minus
3146 628 3516 698 participibus

1928 720 2133 777 Christi
2162 710 2343 790 gregis
2368 718 2570 773 animis
2586 718 2650 772 ad
2677 718 2863 772 cibum
2891 718 3287 774 infantioribus
3302 728 3358 773 et
3377 719 3522 775 lacte

1929 812 2225 883 egentibus
2250 828 2264 863 :
2295 811 2387 865 Est
2406 810 2552 866 enim
2574 809 2962 879 perfectorum;
2990 803 3189 878 nempe
3213 819 3403 863 noster
3424 809 3520 879 qui

1931 922 2123 961 sumus
2152 904 2374 959 fideles:
2413 903 2556 958 cibus
2578 903 2799 966 solidus,
2835 918 3000 974 quem
3032 909 3256 971 portant
3284 902 3519 971 perfecti

1931 998 1999 1051 de
2026 997 2232 1068 quibus
2260 996 2469 1050 dictum
2499 1004 2617 1050 est:
2665 995 2941 1050 Germinet
2972 1001 3129 1047 terra:
3156 993 3378 1047 herbam
3408 993 3519 1061 feni

1931 1088 2563 1160 et’lignumfructiferum
2592 1088 2788 1158 faciens
2817 1088 3070 1158 fructum,
3116 1087 3277 1157 cujus
3325 1100 3516 1140 semen

1932 1183 2053 1252 ejus
2078 1182 2133 1235 in
2159 1182 2299 1251 ipso.
2331 1180 2466 1235 Nam
2502 1194 2722 1250 semper
2741 1179 3052 1250 geminans,
3087 1190 3145 1233 et
3167 1178 3257 1247 qui
3288 1177 3517 1232 minime

1932 1274 2126 1329 interit
2171 1289 2237 1329 ac
2300 1271 2681 1341 corrumpitur
2709 1314 2724 1336 ,
2796 1280 2882 1327 est
2910 1272 3153 1325 fructus
3201 1269 3509 1339 Evangelii.

1932 1366 2165 1438 Lignum
2197 1364 2568 1428 fructiferum,
2593 1363 2856 1434 quoniam
2890 1348 3071 1417 omnis
3094 1364 3250 1418 arbor
3270 1379 3388 1433 qua:
3410 1378 3515 1415 non

1933 1457 2059 1527 facit
2085 1456 2317 1527 fructum
2338 1455 2530 1509 bonum
2544 1453 2868 1507 exscinditur
2882 1462 2931 1506 et
2954 1453 3009 1506 in
3033 1454 3207 1523 ignem
3228 1454 3454 1506 mittitur
3470 1453 3512 1505 ν.

1933 1549 2170 1619 Lignum
2227 1547 2575 1602 fructiferum
2626 1546 2840 1599 habens
2878 1544 3094 1600 fruetus
3142 1545 3408 1615 spiritus,
3456 1552 3519 1598 ut

1933 1657 2127 1699 eorum
2164 1643 2258 1711 qui
2282 1656 2433 1696 nunc
2472 1639 2695 1697 dicunt:
2730 1640 2842 1711 Ego
2881 1647 3062 1693 autem
3114 1648 3372 1708 tanquam
3412 1637 3518 1692 oli-

1934 1754 2000 1791 va
2027 1733 2305 1805 fructifera
2335 1733 2390 1787 in
2424 1733 2579 1786 dante
2613 1732 2711 1786 Dei
2734 1734 2798 1786 ¹⁰.
2836 1731 2994 1788 Unde
3022 1731 3116 1801 qui
3153 1741 3284 1785 sunt
3314 1731 3520 1785 illumi-

246 1818 360 1875 feni
381 1817 643 1887 gentibus
667 1833 789 1886 qua:
805 1818 1129 1886 priuserant
1148 1828 1404 1889 expertes
1429 1816 1834 1888 rationis.Q'uo-
1870 1800 1906 1853 θ
1936 1829 2073 1893 nati,
2107 1836 2238 1881 sunt
2266 1826 2321 1880 in
2351 1826 2518 1880 domo
2558 1825 2654 1879 Dei
2681 1825 2739 1879 in
2771 1826 2926 1879 atriis
2964 1824 3062 1878 Dei
3108 1825 3282 1878 nostri
3310 1823 3516 1877 ﬂoren-

247 1912 398 1966 niam
439 1911 528 1965 bos
552 1920 757 1974 arator,
802 1912 1040 1980 populus
1085 1911 1180 1980 qui
1213 1912 1371 1982 prius
1424 1922 1546 1967 erat
1576 1925 1833 1969 assuetus

247 2004 571 2065 sacrificiis;
606 2004 843 2074 cognovit
875 2021 994 2059 eum
1018 2007 1107 2075 qui
1151 2006 1376 2075 possedit
1399 2006 1595 2075 ipsum,
1649 2022 1832 2077 popu-

248 2096 363 2150 lum
422 2098 785 2164 peculiarem.
835 2098 978 2152 Deus
1031 2098 1180 2151 enim
1218 2098 1388 2168 elegit
1440 2113 1568 2152 eum
1615 2099 1722 2153 sibi
1775 2099 1832 2153 in

248 2190 671 2245 hereditatem:
708 2190 778 2244 Et
804 2192 987 2245 asinus
1024 2192 1258 2261 agrestis
1281 2193 1517 2262 populus
1538 2192 1829 2248 idololatra

246 2283 485 2351 cognovit
523 2297 753 2351 pricsepe
782 2266 994 2335 Doinini
1019 2284 1101 2335 sui
1121 2282 1164 2346 ⁸,
1210 2282 1490 2337 Bethleem
1515 2282 1691 2338 Judte.
1712 2283 1832 2339 lllic

244 2373 395 2428 enim
434 2388 563 2427 eum
600 2373 851 2426 adoravit
879 2389 975 2443 per
1014 2372 1252 2444 Magicas
1289 2375 1830 2442 primitias.-Quam-

248 2464 445 2519 obrem
480 2466 740 2535 germinet
782 2471 927 2518 term
962 2467 1181 2520 herbam
1220 2468 1348 2536 feni.
1394 2468 1455 2523 In
1486 2468 1643 2522 Eden
1678 2469 1828 2523 enim

250 2555 363 2608 loco
396 2571 607 2625 pascna,’
643 2556 910 2625 paradisi,
940 2557 1011 2611 ibi
1072 2574 1166 2610 nos
1212 2557 1524 2613 collocavit:
1554 2558 1621 2613 Et
1668 2576 1832 2629 super

247 2665 444 2719 aquam
470 2650 656 2718 quietis
680 2648 917 2702 educavit
945 2659 992 2701 et
1015 2650 1267 2702 convertit
1304 2649 1345 2714 ⁷,
1372 2651 1575 2704 amotis
1598 2650 1667 2704 ab
1687 2667 1830 2721 aqua

247 2743 534 2796 veteribus
564 2741 833 2804 tenebris,
859 2751 915 2795 et
949 2741 1153 2811 quietis
1181 2744 1321 2810 aqua
1382 2740 1523 2796 facta
1562 2759 1704 2812 aqua
1734 2743 1832 2798 ha.

244 2835 550 2905 ptismatis,
586 2834 640 2887 in
665 2850 776 2905 quo
807 2834 1122 2903 depositum
1179 2842 1264 2887 cst
1303 2850 1444 2889 onus
1476 2845 1828 2905 peccatorum

246 2928 619 2999 prtesentibus
672 2936 728 2982 et
781 2926 1241 2992 redundantibus,
1288 2935 1345 2982 et
1382 2927 1621 2982 ﬂuvium
1662 2944 1829 2983 manu

248 3020 590 3074 unanimiter
651 3018 970 3073 tenentibus
1023 3018 1319 3087 gentibus,
1375 3028 1432 3072 et
1474 3018 1824 3073 dicentibus:

251 3106 603 3163 Exsultemus
650 3116 879 3177 propter
932 3107 1173 3162 salutare
1228 3114 1505 3171 nostrum,
1548 3123 1650 3161 nos
1679 3108 1827 3162 enim

249 3203 433 3259 induit
468 3202 802 3255 vestimento
831 3200 1091 3255 salutaris
1119 3199 1490 3269 baptismatis,
1523 3211 1581 3255 et
1609 3201 1830 3256 ornavit

249 3302 512 3365 tanquam
557 3295 893 3351 vestimento
941 3292 1137 3347 salutis
1180 3301 1237 3346 et
1284 3292 1747 3362 incorruptionis,
1775 3301 1831 3346 et

247 3378 499 3441 fontibus
533 3384 947 3455 Scripturarum
986 3383 1426 3438 scaturientibus
1457 3393 1514 3437 et
1554 3383 1608 3437 in
1640 3381 1831 3437 Eccle-

247 3476 331 3536 sia
350 3481 522 3535 Deum
545 3478 1007 3534 benedicentibus
1039 3486 1096 3533 et
1122 3477 1418 3532 Dominum
1444 3476 1633 3532 Jesum
1669 3476 1827 3531 Chri-

248 3582 429 3628 stum:
483 3573 591 3627 hoc
647 3580 732 3626 est
779 3572 1060 3642 gentibus,
1111 3585 1180 3625 ex
1218 3569 1466 3624 fontibus
1509 3567 1832 3639 apostolicis

246 3663 439 3718 Israel.
474 3662 635 3715 llliuc
652 3662 897 3715 euimest
921 3677 1097 3731 genus
1123 3660 1330 3730 ipsius:
1361 3661 1430 3714 Et
1462 3674 1630 3729 super
1670 3673 1832 3713 mon-

250 3766 336 3811 tes
378 3754 751 3809 Ecclesiarum
776 3753 1056 3808 stantibus
1082 3753 1244 3823 aquis
1275 3753 1609 3822 populorum
1646 3750 1833 3821 bapti-

248 3858 499 3903 zatorum
543 3846 816 3916 germinet
865 3854 1013 3901 terra
1076 3846 1358 3916 gentium,
1410 3861 1574 3916 quam
1631 3844 1832 3915 procul

245 3940 546 4003 annuntiat
577 3940 806 3995 dicens:
840 3939 1044 3994 Veritas
1070 3939 1134 3993 de
1160 3948 1304 3992 terra
1328 3946 1451 3992 orta
1486 3946 1583 4000 est,
1613 3946 1662 3992 et
1687 3947 1831 3993 terra

245 4042 430 4087 nostra
460 4031 613 4105 dabit
628 4030 857 4100 fructum
909 4046 1065 4085 suum
1097 4030 1140 4083 ⁸.
1191 4028 1463 4096 Quoniam
1512 4029 1653 4084 bene
1678 4044 1829 4084 com-

245 4127 455 4197 placuit
478 4127 599 4188 libi,
624 4125 877 4189 Domine,
898 4134 1048 4180 terra
1068 4117 1181 4189 tua,
1208 4139 1331 4195 quae
1348 4123 1596 4180 audiitet
1615 4123 1827 4177 obediit

243 4219 296 4274 ei
321 4218 414 4288 qui
449 4218 625 4288 ipsam
655 4219 931 4273 convertit
958 4225 1016 4273 et
1052 4217 1227 4272 dixit:
1264 4216 1535 4273 Germinet
1574 4214 1823 4272 Ecclesia

318 4369 501 4424 ’Psal.
548 4386 669 4431 va,
702 4370 755 4422 ii.

1937 1931 2039 1984 tes,
2094 1919 2356 1990 quoniam
2394 1918 2573 1989 justus
2631 1927 2891 1988 tanquam
2946 1916 3129 1988 palma
3183 1916 3391 1988 florebit
3450 1916 3515 1979 “,

1934 2010 2072 2069 alios
2093 2027 2313 2084 quoque
2341 2011 2555 2066 fructus
2586 2010 2813 2065 seminis
2856 2009 3202 2079 impertiens.
3254 2016 3314 2060 ut
3352 2023 3518 2061 mun-
3610 2046 3619 2057 .

1933 2104 2037 2159 dus
2061 2102 2229 2158 corde
2258 2110 2316 2156 et
2345 2110 2605 2171 tanquam
2630 2100 2833 2155 cedrus
2866 2114 2989 2169 qum
3022 2099 3076 2152 in
3113 2098 3347 2161 Libano,
3373 2098 3518 2151 mul-

1934 2198 2191 2268 tiplicans
2217 2205 2272 2251 et
2307 2194 2626 2249 lteliflcans:
2665 2194 2934 2264 quoniam
2986 2191 3327 2246 laetabuntur
3366 2190 3516 2261 ejus-

1932 2286 2083 2342 modi
2110 2287 2260 2357 ligna
2286 2284 2503 2341 Domini
2535 2299 2662 2338 cum
2692 2283 2876 2338 cedris
2922 2281 3019 2337 alti
3059 2280 3278 2344 Libani,
3316 2293 3515 2349 nempe

1932 2377 2255 2432 caelestibus
2280 2374 2653 2446 potestatibus
2678 2390 2817 2444 quas
2859 2373 3128 2427 Dominus
3164 2371 3431 2442 plantavit
3460 2379 3517 2425 et

1931 2486 2042 2523 non
2072 2468 2259 2522 homo.
2322 2465 2403 2521 Tu
2463 2474 2648 2520 autem
2704 2464 2930 2535 quando
2977 2462 3138 2518 audis
3193 2461 3342 2532 quod
3391 2468 3517 2531 post

1932 2558 2243 2629 simplicius
2281 2566 2338 2612 et
2359 2556 2664 2611 delicatum
2691 2554 3132 2609 contrimentum
3157 2553 3348 2608 herbae
3374 2553 3517 2608 Ver-

1936 2650 2013 2713 bi,
2045 2664 2213 2718 quam
2266 2656 2329 2701 ut
2361 2646 2627 2702 convenit
2667 2647 2860 2717 jussus
2909 2657 2996 2701 est
3045 2646 3255 2710 colere,
3313 2642 3516 2699 deinde

1931 2738 2357 2809 etiamjubetur
2417 2737 2602 2791 colere
2654 2735 2859 2806 lignum
2911 2735 3255 2806 fructiferum
3313 2736 3516 2805 faciens

1932 2833 2185 2903 fructum,
2219 2832 2379 2902 cujus
2400 2846 2588 2885 semen
2608 2831 2662 2885 in
2682 2829 3025 2901 formajnssa
3060 2831 3354 2901 germinat,
3376 2830 3517 2885 nihil

1936 2925 2087 2979 aliud
2115 2925 2397 2995 intelliges
2431 2940 2596 2994 quam
2631 2924 2945 2995 passionem
2981 2924 3185 2988 crucis,
3221 2924 3516 2979 Mosaicam

1932 3018 2283 3088 prophetiam
2312 3016 2476 3071 nobis
2498 3031 2812 3086 proponere
2828 3018 2895 3070 ad
2924 3003 3277 3070 imitandum.
3306 3016 3518 3071 Etideo

1933 3109 2070 3165 dicit
2088 3108 2352 3165 Ecclesiae
2379 3118 2440 3164 ut
2467 3110 2730 3180 germinet
2753 3108 2956 3179 lignum
2978 3108 3183 3173 crucis,
3227 3108 3321 3163 sed
3354 3108 3521 3165 nobis

1933 3202 2068 3257 solis
2096 3201 2304 3268 fertile,
2346 3201 2554 3258 Iudaeis
2586 3209 2771 3256 autem
2830 3201 3156 3257 scandalum
3207 3208 3264 3256 et
3326 3201 3516 3256 incre-

1932 3294 2077 3349 dulis
2105 3295 2396 3350 stultitiam
2422 3312 2435 3349 :
2467 3294 2680 3349 faciens
2698 3304 2889 3350 autem
2905 3293 3150 3349 fructum
3182 3302 3240 3349 et
3286 3306 3514 3363 aspectu

1934 3384 2226 3454 pulchrum
2264 3392 2321 3439 et
2355 3384 2564 3439 bonum
2607 3384 2676 3440 ad
2727 3386 3089 3451 vescendum,
3123 3400 3324 3455 nempe
3357 3384 3520 3439 Chri-

1935 3486 2080 3531 stum
2124 3477 2475 3541 crueifixum,
2508 3494 2675 3548 quem
2707 3478 3025 3549 colligimus
3065 3478 3405 3547 accipientes
3449 3491 3519 3531 ex

1934 3580 2092 3641 parte
2124 3571 2262 3641 justi
2297 3572 2551 3652 latronis,
2600 3572 3007 3642 blasphemiam
3037 3581 3223 3626 autem
3251 3570 3519 3641 dejicien-

1935 3669 2039 3722 tes.
2071 3670 2126 3716 et
2156 3662 2259 3732 ipsi
2289 3677 2513 3717 crucem
2538 3663 2908 3720 ascendentes
2933 3670 2996 3718 ut
3016 3663 3282 3734 utrinque
3305 3661 3517 3732 Christi

1930 3750 2188 3806 eamdem
2245 3750 2618 3821 praedicemus
2670 3750 3006 3820 theologiam
3044 3749 3100 3803 in
3142 3757 3396 3818 tempore
3430 3746 3517 3801 ef-

1932 3843 2066 3899 fecti
2100 3841 2465 3897 immortales.
2496 3840 2672 3913 Cujus
2725 3840 2944 3911 fructus
2973 3856 3163 3895 semen
3200 3847 3287 3893 est
3329 3839 3513 3892 Evan-

1930 3936 2106 4007 gelica
2120 3932 2440 4005 praedicatio
2468 3930 2613 3987 facta
2646 3947 2713 3986 ex
2731 3931 2849 4002 ipso
2881 3930 3089 3995 fructu,
3121 3940 3179 3985 ct
3203 3929 3516 4000 procedens

1935 4029 1995 4084 in
2029 4036 2232 4082 terram
2288 4024 2520 4079 dilatata
2570 4032 2627 4079 et
2656 4024 2905 4095 dispersa
2954 4023 3180 4093 quando
3231 4020 3515 4076 mandavit

1936 4118 2258 4188 discipulis:
2290 4114 2367 4170 Ite
2396 4121 2445 4167 et
2467 4114 2754 4186 prtcdicate
2804 4111 3158 4184 Evangelium
3192 4110 3338 4165 omni
3365 4124 3514 4163 crea-

1934 4221 2103 4267 tum:
2132 4210 2235 4281 ipsi
2268 4208 2443 4281 gloria
2476 4209 2536 4264 iu
2559 4208 2760 4264 saecula
2782 4207 3133 4263 saeculorum.
3165 4206 3364 4262 Amen.

830 4369 1016 4424 "Psal.
1068 4384 1231 4431 van,
1276 4368 1362 4423 10.
1437 4366 1459 4399 ⁸
1508 4367 1650 4423 Psal.
1684 4380 1848 4428 xxxv,
1886 4366 1939 4421 9.
2014 4366 2035 4396 ‘
2076 4366 2242 4430 lsa.t,
2274 4366 2327 4420 5.
2404 4362 2425 4394 "
2453 4361 2596 4416 Psal.
2655 4342 2870 4426 xxn,'5.
2932 4356 3538 4425 'Psal.i.xxxw,l~2,l5.

245 4439 266 4471 ’
305 4441 496 4493 Matth.
557 4456 639 4506 ιιι,
681 4440 767 4495 10.
847 4441 891 4472 ¹⁰
931 4441 1074 4495 Psal.
1107 4456 1178 4505 LI,
1216 4439 1301 4495 10.
1377 4438 1418 4468 ’⁸
1448 4436 1593 4493 Psal.
1628 4453 1737 4504 xei,
1779 4438 1861 4491 15.

1366 4718 1719 4847 LIBER
1806 4718 2411 4824 QUARTUS.
2495 4750 2501 4755 -

1443 4931 1524 4973 ne
1565 4928 1821 4984 ρυΑιιτο
1856 4916 2394 4974 nte'cnenloms.

315 5221 383 5276 Et
400 5222 533 5276 dixit
554 5222 693 5278 Deus
717 5239 735 5277 :
755 5221 912 5279 Fiant
944 5222 1238 5282 luminaria
1271 5223 1327 5280 in
1350 5222 1693 5293 firmamento
1710 5227 1828 5282 caeli
1860 5223 1905 5282 D
1931 5237 2001 5277 ex
2029 5222 2214 5279 littera
2242 5221 2561 5285 historiam,
2604 5221 2973 5293 Spiritualiter
3008 5220 3332 5297 corporales
3358 5234 3514 5276 crea-

239 5314 315 5368 ad
365 5316 821 5373 illuminationcm
878 5334 1038 5390 super
1088 5329 1312 5384 terram,
1361 5320 1432 5374 ad
1462 5321 1831 5391 separandum

239 5407 537 5462 iuterdiem
580 5418 629 5463 et
660 5410 800 5464 inter
832 5418 1055 5465 noctem.
1078 5410 1321 5483 Equum
1365 5427 1487 5468 esse
1547 5411 1827 5477 existimo,

240 5498 519 5570 valdeque
570 5501 1020 5572 amplectendam
1065 5513 1123 5560 et
1180 5503 1314 5559 utile
1350 5520 1451 5575 per
1501 5504 1819 5560 universam

241 5599 496 5646 nostram
522 5608 620 5649 sex
642 5594 863 5649 dierum
892 5595 1318 5664 expositionem.
1340 5596 1643 5652 admonere
1672 5597 1831 5653 audi-

239 5688 399 5738 tores
428 5683 714 5752 quodnon
735 5684 1107 5741 dissolventes
1156 5685 1253 5741 Dei
1280 5701 1512 5755 operum
1565 5703 1688 5757 quae
1743 5697 1830 5741 est

1936 5325 2086 5371 turas
2108 5317 2438 5387 exponimus
2457 5332 2556 5386 per
2579 5316 2902 5388 allegoriam
2931 5331 2945 5368 :
2972 5330 3152 5385 neque
3196 5323 3516 5385 evertentes

1931 5410 2155 5465 Patrum
2218 5409 2619 5482 expositiones,
2658 5409 2756 5465 sed
2799 5409 3095 5464 audientes
3141 5408 3296 5464 orbis
3356 5419 3517 5464 terrae

1932 5500 2205 5555 luminare
2254 5507 2312 5555 et
2338 5500 2729 5567 ,elarissimam
2769 5499 3032 5556 Ecclesia:
3056 5499 3347 5557 lucernam
3371 5499 3515 5554 Pau-

1932 5595 2047 5650 lum
2108 5593 2386 5649 dicentem
2439 5593 2588 5664 quod
2652 5603 2813 5649 vetus
2842 5593 3134 5665 Scriptura
3181 5602 3238 5650 et
3288 5594 3380 5649 lex
3427 5604 3513 5648 est

1933 5685 2127 5740 umbra
2164 5685 2418 5743 veritatis
2446 5703 2631 5743 rerum
2647 5686 2924 5745 Christiet
2953 5687 3256 5744 Ecclesiae:
3284 5693 3341 5743 et
3364 5685 3513 5755 quod
