3996 6296
515 269 622 337 891

1723 289 1784 349 s.
1825 276 2224 352 ANASTASII
2264 283 2591 355 SINAITAi

3672 294 3798 360 892

505 381 700 472 omnia
725 385 960 450 prOpter
985 381 1274 446 Christum
1293 396 1349 444 et
1377 388 1434 444 in
1475 377 1760 448 Christum
1802 395 2090 452 tendentia
2119 401 2164 458 Α
2191 399 2373 456 adhuc
2405 400 2694 472 agebatur,
2725 399 3050 470 priusquam
3076 399 3433 458 illuceseeret
3461 400 3792 457 multitudo

506 469 651 529 facta
681 477 832 536 sunt,
867 478 977 524 tam
1023 489 1146 544 quae
1197 485 1328 531 sunt
1361 479 1416 532 in
1453 481 1611 536 caelis
1667 498 1843 552 quam'
1879 501 2002 555 quae
2030 487 2085 541 in

508 573 677 618 terra.
733 564 804 618 Et
848 565 976 620 ideo
1014 568 1362 624 excutientes
1416 573 1624 641 spicam
1671 575 1976 646 Scripturae
2017 577 2088 633 ab

507 656 853 712 extrinsecus
907 659 1171 728 imposito
1228 664 1495 731 operculo
1554 666 1756 723 litterae
1811 669 2084 735 Mosaicae,

509 747 743 816 primam
764 747 1059 814 rationem,
1091 765 1348 820 granum,
1383 753 1632 826 inquam,
1667 760 1814 828 quod
1841 770 1929 816 est
1958 761 2089 817 abs-

509 852 734 893 consum
770 839 914 894 intra
945 840 1308 910 frumentum,
1347 863 1548 918 nempe
1581 849 1868 906 Christum
1906 853 2092 924 inqui-

511 923 704 978 rimus.
728 925 836 980 Res
855 941 1049 982 omnes
1073 929 1502 1002 praeﬁgerabant
1565 935 1850 994 Christum
1887 949 1944 996 et
1968 923 2090 1014 ejus

510 1013 842 1072 Ecclesiam:
886 1019 1086 1086 Moses,
1119 1023 1368 1092 inquam,
1412 1035 1470 1080 et
1499 1026 1724 1086 Tabulae
1779 1013 2007 1102 priores
2033 1043 2091 1089 et

510 1109 790 1174 secundae,
823 1119 879 1166 et
934 1113 1376 1182 tabernaculum.
1413 1128 1471 1173 et
1495 1136 1680 1188 mons,
1713 1133 1769 1179 ct
1803 1125 2002 1190 rubus,
2036 1135 2093 1180 et

512 1197 674 1269 ignis,
705 1207 762 1255 et
818 1217 1042 1268 manna,
1097 1212 1154 1261 et
1204 1218 1366 1275 urna,
1418 1218 1475 1264 et
1529 1227 1680 1280 arca,
1715 1223 1773 1271 et
1802 1232 2000 1287 agnus,
2036 1227 2094 1273 et

512 1293 802 1357 columbae,
839 1304 896 1350 et
926 1306 1193 1364 turtures,
1247 1311 1304 1356 et
1334 1305 1630 1372 Sacriﬁcia,
1668 1315 1726 1364 et
1761 1307 2006 1382 sanguis,
2037 1321 2095 1369 et

513 1387 780 1454 aspersio,
831 1397 888 1442 et
925 1389 1262 1458 sacerdotes,
1297 1404 1351 1451 et
1401 1398 1878 1468 propitiatorium,
1908 1411 1966 1458 et
1984 1402 2096 1458 duo

514 1477 636 1531 vela
677 1489 738 1532 et
771 1489 947 1548 petra,
983 1491 1040 1537 et
1068 1484 1243 1556 virga,
1267 1495 1325 1544 et
1347 1488 1666 1561 hySSOpum,
1701 1504 1759 1548 et
1781 1496 2092 1560 coccinum,

514 1574 594 1631 et,
639 1577 702 1621 ut
735 1570 904 1624 semel
935 1571 1135 1640 dicam,
1185 1590 1274 1630 res
1303 1590 1498 1633 omnes
1553 1579 1809 1651 legitimae
1851 1583 2092 1640 lsraelis.

516 1657 609 1713 Sic
628 1660 795 1714 etiam
829 1664 1014 1717 omnia
1049 1665 1297 1736 legitima
1333 1684 1457 1739 quae
1491 1685 1522 1726 a
1565 1668 1716 1728 Mose
1747 1681 1878 1728 sunt
1919 1672 2092 1742 dicta,

517 1749 666 1807 dirta
695 1760 826 1808 sunt
855 1755 922 1810 de
949 1755 1174 1812 Christo
1202 1767 1258 1814 et
1283 1769 1510 1832 propter
1543 1761 1851 1830 Christum,
1889 1780 2096 1822 conve-

517 1843 738 1900 nienter
771 1846 946 1916 ipsius
977 1847 1108 1904 Jesu
1134 1851 1257 1906 voci
1286 1852 1381 1922 qui
1419 1853 1559 1910 dicit
1593 1873 1606 1910 :
1640 1855 1760 1912 Iota
1797 1875 1964 1912 unum
2003 1867 2099 1914 aut

523 1952 666 2007 apex
688 1953 825 1992 unus
862 1955 966 1994 non
999 1944 1292 2012 prwteribit
1316 1961 1380 2000 ea;
1406 1944 1540 2018 lege,
1559 1947 1723 2004 donec
1741 1952 1922 2005 omnia
1943 1951 2010 2006 de
2033 1966 2100 2006 eo

521 2025 661 2098 ﬁant
691 2030 735 2061 ¹¹
765 2039 824 2085 et
852 2031 1210 2103 impleantur.
1247 2035 1338 2092 Sic
1365 2039 1514 2094 enim
1567 2055 1692 2111 quae
1719 2051 1804 2098 est
1847 2043 2099 2098 omnium

521 2119 622 2176 Dei
652 2131 1038 2180 creaturarum
1065 2127 1381 2184 miserrima
1436 2139 1494 2190 et
1521 2131 1811 2200 vilissima,
1863 2137 2096 2202 vermis,

523 2205 778 2284 inquam,
811 2215 908 2286 qui
943 2217 1065 2272 sine
1097 2221 1310 2276 semine
1342 2229 1510 2278 natus
1552 2231 1726 2279 estex
1762 2225 2102 2297 pinguedine

525 2317 708 2396 terrae,
742 2310 853 2379 jam
881 2311 1015 2366 olim
1046 2311 1425 2396 praefiguravit
1457 2332 1523 2372 ac
1549 2317 1848 2389 descripsit
1879 2328 2102 2376 uterum

527 2393 942 2466 gloriosissima:
967 2393 1236 2475 Deiparae,
1259 2415 1321 2462 ut
1351 2414 1585 2464 testatur
1613 2408 1791 2473 David
1814 2411 2008 2467 dicens
2037 2428 2104 2468 ex

527 2497 768 2557 persona
793 2490 1035 2550 Christi:
1090 2495 1203 2568 Ego
1227 2515 1346 2553 sum
1413 2503 1628 2568 vermis,
1668 2511 1717 2556 et
1769 2521 1873 2558 non
1901 2507 2055 2559 homo
2085 2522 2104 2561 :

531 2574 639 2633 hoc
666 2589 773 2646 est,
807 2582 926 2637 sine
989 2585 1202 2641 semine
1267 2597 1564 2658 generatus
1615 2593 1761 2648 sicut
1789 2595 2015 2658 vermis,
2049 2603 2107 2650 et

531 2683 643 2722 non
669 2685 823 2726 more
849 2673 1095 2729 humano
1123 2691 1189 2730 ex
1229 2693 1394 2732 causa
1447 2679 1711 2736 seminis:
1767 2683 2107 2754 opprobrium

534 2759 808 2815 hominum
837 2761 1180 2832 Iudaeorum,
1223 2769 1448 2839 abjectio
1473 2771 1718 2842 pepuli"
1750 2774 2007 2845 gentilis:
2039 2792 2110 2832 ne

537 2850 608 2906 de
628 2859 830 2910 caetero
858 2855 996 2910 mihi
1024 2857 1370 2916 dubitaveris
1403 2877 1588 2934 neque
1621 2862 1798 2921 fueris
1847 2865 2110 2922 incredu-

538 2942 628 2998 lus
659 2943 728 3000 de
751 2949 1226 3016 praestantissimis
1248 2953 1546 3018 creaturis,
1578 2955 1728 3024 quod
1755 2955 1964 3012 fuerint
1993 2973 2110 3013 om-

2187 491 2564 562 apostolorum
2595 499 2652 546 et
2687 489 3002 558 doctorum,
3038 491 3260 557 lucida,
3325 492 3584 562 inquam,
3650 507 3786 562 qua

2188 591 2319 636 sunt
2344 581 2398 636 in
2432 583 2594 639 terris
2619 581 2812 647 stellae,
2833 590 2892 638 et
2906 583 3228 654 priusquam
3248 583 3496 640 oriretur
3511 583 3794 640 Christus

2187 661 2350 743 871
2383 664 2474 728 Sol
2498 673 2751 746 justitiae,
2776 689 2902 730 cum
2917 676 3038 748 ejus
3064 678 3298 748 conjuge
3334 663 3490 741 lun'a,
3554 693 3774 748 nempe

2189 764 2468 820 Ecclesia:
2501 781 2566 822 ea
2625 767 2694 823 de
2739 773 2908 823 causa
2941 777 3058 824 tres
3116 768 3238 824 dies
3287 779 3418 822 ante
3475 780 3792 838 quartum,

2191 855 2546 926 imperfectos
2591 868 2648 915 et
2697 872 2903 930 opacos
2932 859 3158 930 soleque
3215 867 3274 915 et
3317 859 3452 914 luna
3503 869 3784 917 carentes

2190 949 2324 1004 fecit
2352 951 2518 1006 Deus.

2263 1039 2502 1107 Quartus
2531 1050 2718 1098 autem
2753 1041 2877 1098 dies
2912 1042 3022 1097 fuit
3067 1041 3184 1113 ipse
3217 1041 3428 1098 mundo
3464 1043 3792 1112 perfectus.

2192 1130 2260 1186 Et
2297 1143 2526 1203 propter
2557 1149 2684 1197 eum
2733 1143 2930 1205 quarta
2977 1135 3144 1189 noctis
3189 1133 3374 1205 vigilia
3415 1136 3561 1189 venit
3619 1135 3797 1190 Chri-

2193 1233 2314 1282 stus
2343 1234 2475 1280 tunc
2511 1242 2682 1296 super
2709 1242 2860 1282 mare
2887 1227 3179 1282 ambulans
3200 1235 3258 1282 et
3283 1242 3460 1298 super
3483 1243 3684 1296 aquas,
3719 1229 3790 1283 ad

2193 1326 2324 1370 suos
2391 1313 2699 1386 discipulos
2762 1316 2858 1388 qui
2916 1317 3270 1388 agitabantur
3323 1324 3686 1387 tempestate,
3732 1327 3792 1372 et

2191 1415 2354 1474 erant
2407 1408 2642 1479 perituri
2690 1409 2746 1464 in
2779 1409 2920 1464 mari
2968 1411 3140 1486 hujus
3198 1409 3417 1474 mundi,
3450 1417 3510 1464 et
3571 1409 3646 1464 ad
3686 1426 3794 1467 nos

2195 1499 2387 1554 itidem
2416 1500 2719 1570 discipulos
2749 1501 2842 1572 qui
2869 1501 2926 1555 in
2959 1502 3266 1572 periculum
3299 1501 3735 1556 adducebantur
3763 1513 3795 1552 a

2197 1591 2489 1662 spiritibus
2513 1591 2869 1648 tenebrarum
2891 1601 2948 1648 et
2966 1593 3234 1649 ﬂuctuum
3264 1593 3605 1663 impietatis.
3629 1592 3792 1650 Unde

2195 1681 2367 1736 etiam
2416 1681 2564 1740 Deus
2609 1682 2870 1740 Israelem
2909 1683 2964 1739 in
3009 1685 3148 1740 mari
3196 1685 3441 1741 servavit
3487 1684 3548 1738 in
3590 1694 3790 1755 quarta

2199 1775 2387 1846 vigilia
2418 1776 2692 1830 matutina
2731 1776 2801 1832 ad
2830 1791 2934 1832 nos
2966 1775 3308 1848 ﬁgurandos.
3334 1775 3450 1831 Nos
3494 1776 3656 1831 enim
3696 1791 3794 1830 su-

2198 1882 2322 1922 mus
2349 1869 2470 1938 ejus
2515 1868 2758 1938 pepulus
2785 1883 2949 1938 quem
2982 1869 3243 1924 liberavit
3275 1885 3306 1924 a
3340 1884 3509 1923 manu
3561 1868 3796 1939 maligni

2201 1957 2408 2014 diaboli
2463 1958 2771 2014 Pharaonis
2817 1946 3032 2030 'quarto
3071 1967 3128 2014 et
3165 1961 3348 2030 primo
3397 1959 3663 2029 perfecto
3707 1959 3798 2013 die

2200 2057 2495 2119 postquam
2540 2051 2710 2105 tertio
2745 2050 2836 2106 die
2877 2050 3124 2105 surrexit
3160 2066 3192 2105 a
3222 2051 3468 2106 mortuis
3508 2061 3680 2106 ortus
3717 2049 3798 2105 sol

2197 2137 2425 2210 iustitiae
2451 2156 2464 2194 :
2494 2155 2657 2210 quem
2683 2139 2840 2211 prius
2871 2139 3202 2211 signiﬁcavit
3227 2141 3332 2198 iste
3353 2141 3443 2200 sol
3460 2141 3560 2212 qui
3596 2153 3800 2214 quarto

2203 2229 2293 2286 die
2329 2231 2434 2286 fuit
2481 2247 2512 2286 a
2551 2233 2664 2287 Deo
2695 2232 2987 2300 conditus,
3022 2233 3300 2304 quoddam
3344 2250 3556 2290 novum
3613 2243 3674 2290 et
3719 2233 3802 2289 di-

2203 2337 2372 2393 gnum
2410 2323 2559 2393 quod
2583 2334 2902 2380 scrutemur
2927 2325 3090 2382 nobis
3111 2326 3412 2382 ostendens
3435 2326 3797 2398 mysterium,

2205 2423 2501 2484 propterea
2551 2415 2697 2484 quod
2749 2425 2950 2486 quarto
3001 2415 3092 2471 die
3147 2415 3328 2472 factus
3376 2403 3482 2472 est.
3520 2417 3668 2472 Nam
3704 2417 3798 2471 lux

2207 2504 2429 2574 quidem
2482 2503 2653 2561 trium
2680 2505 2899 2562 dierum
2955 2507 3410 2578 praecedentium,
3446 2523 3706 2578 expansa
3734 2522 3798 2562 ac

2208 2595 2457 2666 dispersa
2486 2613 2586 2668 per
2631 2606 2802 2653 totam
2837 2598 3283 2664 universitatem,
3315 2599 3568 2660 ostendit
3616 2600 3798 2655 lucem

2209 2687 2469 2745 increatae
2517 2688 2804 2747 Trinitatis
2854 2708 3187 2763 quocunque
3219 2693 3541 2764 pervenire,
3577 2705 3639 2749 et
3673 2693 3796 2748 nul-

2209 2780 2324 2834 lum
2367 2781 2686 2852 relinquere
2739 2783 2926 2838 locum
2948 2799 3012 2838 ea
3038 2799 3296 2840 vacuum.
3323 2783 3566 2851 Quando
3612 2793 3798 2840 autem

2213 2879 2410 2940 quarto
2445 2871 2534 2926 die
2579 2873 2886 2928 fabricatur
2938 2874 3094 2930 orbis
3142 2875 3294 2939 solis,
3327 2883 3384 2930 et
3411 2875 3508 2930 lux
3543 2875 3642 2930 illa
3681 2891 3802 2945 qua;

2213 2974 2298 3019 est
2320 2963 2529 3034 ubique
2543 2979 2786 3034 prtesens
2813 2965 2868 3020 in
2885 2982 2952 3022 eo
2972 2968 3219 3038 ponitur,
3233 2967 3341 3022 hoc
3361 2966 3799 3038 signiticatquod

542 3044 643 3087 nes
677 3031 863 3130 figurae
891 3035 1122 3102 Christi,
1147 3055 1214 3094 ex
1249 3039 1453 3130 quibus
1473 3045 1784 3100 suntetiam
1815 3047 2112 3104 luminaria
2145 3069 2186 3128 ε
2219 3052 2405 3108 divina
2437 3031 2668 3110 illa—lux
2706 3057 2760 3110 in
2809 3059 2945 3113 orbe
2973 3031 3232 3130 -quodam
3276 3031 3519 3129 primum
3575 3058 3798 3128 quidem

543 3137 667 3185 quae
695 3123 835 3180 facta
861 3136 990 3182 sunt
1025 3139 1224 3200 quarto
1248 3126 1357 3187 die.
1387 3130 1528 3189 Ante
1581 3133 1881 3193 dictionem
1933 3149 2118 3195 autem

547 3213 680 3270 illud
705 3228 790 3272 est
821 3222 1207 3288 quaerendum,
1237 3237 1340 3279 cur
1366 3234 1478 3282 tres
1508 3227 1737 3284 fuerunt
1780 3230 1900 3285 dies
1941 3233 2122 3287 manci

546 3307 958 3377 etimperfecti,
999 3313 1442 3386 lucem'quidem
1473 3319 1768 3387 habentes,
1811 3323 1984 3377 solem
2021 3339 2122 3378 au-

555 3409 688 3458 tem.
715 3401 899 3456 lunam
932 3411 990 3458 et
1035 3407 1321 3462 stellarum
1345 3425 1456 3484 non
1485 3411 1756 3470 habentes
1809 3416 2125 3472 multitudi~

548 3503 710 3546 nem:
745 3491 854 3546 imo
889 3509 1022 3550 vero
1057 3495 1386 3553 videbantur
1403 3516 1527 3558 esse
1556 3502 1966 3573 qttadammodo
1997 3522 2126 3577 pro-

548 3578 707 3634 fundi
731 3590 785 3636 et
810 3598 919 3637 non
946 3585 1277 3668 illuminati:
1304 3605 1416 3644 non
1439 3590 1720 3648 habebant
1749 3594 1898 3648 enim
1929 3595 2122 3658 solem,

547 3673 672 3732 caeli
707 3683 764 3728 et
799 3685 958 3731 terrae
989 3677 1302 3747 luminare;
1336 3690 1393 3736 et
1416 3681 1678 3740 universa
1707 3701 1830 3755 qua:
1858 3702 1958 3754 per
1988 3687 2125 3742 alias

550 3767 889 3824 refulserunt
935 3770 1075 3826 dies.
1132 3771 1274 3840 Quid
1329 3792 1464 3850 ergo
1503 3777 1559 3832 in
1607 3779 1697 3834 his
1751 3779 2022 3836 dicimus?
2071 3789 2128 3836 et

547 3873 780 3915 curnam
844 3871 1076 3932 quartus
1093 3864 1215 3922 dies
1270 3867 1378 3923 fuit
1399 3870 1614 3940 primus
1645 3881 1702 3926 et
1730 3887 1840 3927 non
1865 3873 2128 3928 mancus?

549 3949 874 4022 Audiamus,
927 3973 1154 4028 quaeso,
1185 3977 1440 4031 quanam
1493 3964 1639 4020 inter
1686 3965 1942 4020 homines
2001 3978 2128 4022 ante

550 4042 758 4101 Christi
785 4043 1086 4106 adrentum
1121 4061 1177 4107 et
1205 4053 1670 4112 illuminationem
1718 4057 1946 4112 fuerunt
1979 4059 2130 4129 leges

550 4146 609 4191 et
638 4139 785 4193 modi
817 4141 1040 4208 pietatis
1065 4153 1122 4198 et
1149 4145 1352 4202 divinae
1387 4147 1693 4220 religionis.
1723 4149 1861 4204 Nam
1898 4151 1951 4205 in
1979 4151 2130 4220 prin-

552 4225 698 4295 cipio
727 4229 950 4298 quidem
978 4231 1034 4287 in
1066 4235 1247 4304 prima
1264 4237 1544 4293 creatione
1565 4238 1712 4294 Deus
1739 4239 1894 4295 dedit
1914 4240 2128 4296 Adamo

551 4318 753 4375 exilem
808 4331 866 4379 et
916 4326 1208 4382 evanidam
1254 4329 1437 4384 lucem
1497 4331 1870 4402 cognitionis,
1928 4348 2129 4402 nempe

2223 3143 2449 3213 ponitur
2471 3145 2709 3201 obscura
2730 3147 2802 3202 oh
2819 3156 3106 3217 peccatum
3144 3147 3339 3203 Adami
3359 3188 3374 3213 ,
3400 3157 3596 3217 postea
3614 3156 3798 3200 autem

2223 3231 2406 3288 lucida
2438 3247 2674 3318 propter
2699 3237 2964 3291 unionem
2999 3237 3055 3292 in
3106 3237 3220 3293 Deo
3264 3253 3368 3308 per
3405 3237 3751 3308 hypostasim
3781 3251 3794 3288 :

2227 3325 2280 3380 in
2338 3327 2554 3398 abjecto
2593 3328 2804 3384 scilicet
2858 3339 2916 3385 et
2969 3338 3290 3400 contempto
3350 3329 3581 3384 homine
3639 3342 3798 3398 quem

2226 3417 2401 3472 Filius
2453 3419 2698 3474 hominis
2746 3420 2854 3475 sibi
2899 3431 3146 3476 assumct
3189 3436 3258 3474 ex
3306 3428 3419 3474 tota
3466 3420 3707 3474 obscura
3746 3428 3799 3474 et

2228 3509 2578 3565 tenebricosa
2629 3511 3016 3566 humanitate:
3052 3510 3149 3566 sed
3205 3511 3282 3565 ita
3314 3525 3535 3581 quoque
3584 3519 3646 3564 ut
3695 3523 3796 3562 non

2227 3607 2550 3654 coercentur
2576 3599 2629 3652 in
2651 3609 2864 3654 arctum
2898 3616 3079 3670 neque
3103 3600 3625 3656 circumscribatur.
3652 3599 3795 3665 Quo-

2227 3689 2392 3744 modo
2427 3691 2574 3743 enim
2605 3689 2697 3743 lux
2721 3706 2914 3745 rursus
2941 3699 3065 3758 post
3093 3691 3214 3762 ejus
3248 3691 3302 3744 in
3339 3691 3456 3750 sole
3494 3692 3796 3761 posituram

2229 3789 2430 3850 quarto
2485 3779 2596 3845 die,
2626 3780 2780 3835 adest
2847 3781 3055 3852 ubique
3113 3791 3166 3836 et
3214 3797 3316 3851 per
3374 3789 3545 3836 totam
3602 3789 3796 3833 terram

2228 3872 2563 3942 expanditur
2606 3891 2619 3922 :
2655 3872 2729 3927 ita
2763 3872 2931 3927 etiam
2980 3874 3076 3928 lux
3121 3872 3432 3928 divinitatis
3461 3881 3592 3942 post
3625 3874 3790 3927 incar-

2227 3964 2509 4018 nationem
2530 3979 2640 4018 non
2667 3971 2752 4019 est
2771 3965 3194 4036 circumscripta
3221 3979 3323 4020 nec
3345 3973 3630 4020 contracta
3662 3984 3676 4018 :
3709 3964 3795 4018 sed

2229 4072 2447 4122 rursus,
2481 4055 2626 4112 sicut
2651 4057 2819 4112 etiam
2845 4058 2993 4112 Deus
3021 4057 3301 4136 Christus,
3325 4057 3506 4111 omnia
3529 4057 3795 4118 intuetur,

2231 4149 2582 4219 illustratque
2621 4157 2678 4204 et
2700 4147 2971 4204 viviﬁcat.
2999 4149 3097 4205 Illa
3127 4151 3274 4206 enim
3299 4150 3397 4204 Dei
3425 4150 3594 4203 Verbi
3633 4149 3796 4219 hypo-

2232 4240 2397 4296 stasis
2425 4241 2592 4296 etiam
2644 4241 2701 4296 in
2729 4255 2897 4296 carne
2941 4251 3028 4298 est
3056 4252 3248 4314 aperta
3280 4251 3375 4298 :et
3414 4243 3509 4296 illa
3547 4243 3715 4296 etiam
3737 4255 3798 4295 ex

2233 4349 2401 4390 carne
2447 4332 2713 4388 mundum
2771 4333 3032 4390 illustrat.
3083 4334 3326 4402 Quartus
3361 4342 3547 4389 autem
3603 4333 3724 4388 dies
3749 4333 3797 4386 in

551 4409 730 4480 legem
759 4414 1028 4472 mandati.
1079 4419 1292 4476 Deinde
1333 4421 1582 4478 secundo
1634 4423 1784 4489 loco,
1823 4433 1950 4494 post
1981 4425 2126 4480 dilu-
2163 4424 2206 4478 Ι)
2233 4441 2346 4495 quo
2372 4425 2654 4495 perfectus
2671 4424 2778 4480 fuit
2811 4425 2918 4492 sol,
2941 4425 3038 4496 qui
3073 4425 3347 4497 significat
3383 4423 3594 4480 Christi
3627 4425 3800 4480 incar—

553 4501 728 4569 vium,
783 4514 1098 4562 creaturam
1147 4524 1408 4565 recreans
1445 4519 1503 4566 et
1561 4520 1769 4568 terram
1816 4530 2010 4570 rursus
2069 4531 2136 4571 ex

543 4593 716 4663 ,aquis
738 4596 999 4665 aperiens
1024 4597 1190 4660 Deus,
1218 4599 1314 4654 dat
1344 4600 1645 4656 secundam
1697 4603 1876 4674 legem
1911 4604 1980 4659 de
2011 4606 2139 4676 qui-

557 4683 789 4740 busdam
823 4687 1100 4744 utandatis
1122 4697 1181 4744 et
1207 4691 1499 4761 praeceptis
1525 4692 1670 4748 datis
1703 4693 1844 4751 Noe.
1931 4696 2140 4763 Quam-

560 4777 751 4832 obrem
777 4779 1218 4836 nominatetiam
1268 4782 1679 4852 Testamentum,
1697 4803 1820 4842 eam
1870 4804 1994 4858 qua:
2037 4789 2141 4860 ipsi

561 4869 689 4925 data
715 4879 801 4926 est
837 4872 1036 4942 legem.
1079 4873 1302 4930 Tertius
1330 4875 1533 4932 deinde
1565 4877 1672 4933 fuit
1698 4878 1841 4946 dies,
1889 4880 1978 4936 lex
2016 4897 2140 4951 quae

561 4960 688 5016 data
709 4970 797 5016 est
817 4964 872 5016 in
893 4971 1078 5018 monte
1099 4963 1273 5020 Sinni.
1306 4965 1512 5023 Tribus
1543 4968 1730 5040 itaque
1765 4969 1964 5026 diebus
1983 4972 2140 5040 prius

563 5053 867 5110 instructus
891 5063 941 5109 et
962 5057 1342 5115 sanctiﬁcatus
1367 5059 1475 5115 fuit
1494 5060 1664 5117 Israel
1687 5063 1911 5132 quando
1929 5065 2142 5134 accepit

563 5145 762 5218 legem.
805 5149 1082 5218 Quoniam
1115 5170 1248 5226 ergo
1292 5155 1386 5210 illa
1425 5157 1530 5211 tria
1563 5157 1854 5212 hominum
1888 5157 2142 5212 instituta

564 5239 800 5312 vitaeque
831 5245 1053 5313 agendae
1090 5246 1352 5312 rationes,
1375 5264 1498 5318 quae
1525 5247 1786 5314 fuerunt,
1812 5247 2058 5318 inquam,
2085 5249 2170 5304 in'

565 5329 738 5388 Adam
771 5344 898 5390 ante
929 5337 1127 5409 legem,
1160 5348 1216 5394 et
1241 5356 1364 5412 quae
1388 5341 1581 5412 inlege
1610 5341 1736 5396 data
1763 5341 1878 5397 Noe
1903 5382 1918 5407 ,
1943 5349 1996 5395 et
2022 5357 2144 5412 qure

570 5420 628 5476 in
658 5423 778 5494 lege
800 5424 1060 5493 Mosaica,
1085 5427 1314 5485 fuerunt
1334 5430 1691 5500 imperfectae,
1719 5439 1777 5486 et
1807 5430 1862 5486 in
1906 5431 2144 5501 profun-

568 5511 655 5570 dis
681 5527 966 5600 nocturnae
993 5527 1049 5575 et
1073 5521 1389 5592 caliginosae
1413 5523 1713 5594 impietatis
1751 5523 2000 5580 tenebris
2028 5524 2139 5579 vita

641 5691 687 5725 “
737 5691 927 5746 Matth.
954 5710 1005 5760 ν,
1043 5694 1130 5748 18.
1205 5695 1247 5727 ⁸³
1276 5694 1417 5750 Psal.
1442 5711 1550 5763 χχι,
1587 5696 1639 5752 7.

2230 4514 2537 4591 nationem,
2564 4515 2841 4587 significat
2883 4517 3036 4588 quod
3077 4517 3358 4572 bonorum
3399 4517 3651 4570 omnium
3689 4531 3799 4585 per-

2232 4605 2399 4662 fectio
2425 4614 2557 4661 tunc
2584 4605 2894 4676 apparebit,
2921 4621 3048 4662 cum
3083 4622 3154 4662 ex
3179 4607 3360 4662 lucida
3398 4605 3557 4660 stella
3591 4605 3798 4676 (nempe

2233 4695 2484 4766 Virgine)
2532 4705 2715 4751 ortum
2775 4695 2946 4750 fuerit
3008 4705 3221 4752 astrum
3282 4695 3689 4752 lucidissimum
3738 4711 3796 4750 ex

2234 4785 2462 4851 Iacobo,
2486 4785 2700 4840 habens
2719 4785 3014 4841 luciferum
3038 4787 3324 4841 stellarum
3356 4790 3797 4856 (przeeurrentem

2237 4876 2423 4948 Magos
2474 4877 2685 4933 effusos
2716 4876 2985 4948 tenebris)
3017 4893 3142 4948 qua:
3198 4878 3304 4933 hoc
3359 4877 3590 4932 indicat.
3631 4878 3802 4933 Dena~

2237 4967 2382 5023 rium
2403 4969 2596 5039 implet
2624 4968 3020 5040 quaternarius
3046 4985 3058 5023 :
3089 4969 3278 5024 unitas
3305 4967 3456 5023 enim
3477 4983 3604 5023 cum
3651 4967 3797 5022 bina-

2239 5057 2322 5112 rio
2368 5057 2562 5128 implet
2599 5057 2926 5139 'ternarium
2973 5064 3032 5112 et
3090 5057 3197 5112 tria
3251 5073 3377 5112 cum
3437 5072 3508 5112 eo
3564 5056 3798 5112 eliiciunt

2240 5149 2550 5216 senarium,
2582 5159 2639 5206 et
2671 5150 3068 5222 quaternarius
3103 5165 3228 5206 cum
3283 5165 3352 5203 eo
3399 5149 3594 5220 implet
3646 5150 3799 5204 dena-

2241 5241 2410 5308 rium,
2459 5249 2516 5297 et
2569 5241 2716 5308 ideo,
2749 5243 3170 5312 quaternarium
3222 5241 3527 5312 appellant,
3558 5242 3798 5295 ἀπο-τελε-

2243 5339 2525 5409 σματικὶν,
2565 5338 2671 5392 hoc
2716 5346 2822 5402 est,
2856 5336 3232 5407 perﬁcientem
3271 5353 3285 5389 :
3315 5335 3580 5406 quoniam
3604 5353 3671 5391 ex
3695 5337 3800 5406 ejus

2240 5431 2514 5502 partibus,
2545 5429 2590 5486 si
2637 5429 2978 5486 reducantur
3016 5429 3085 5484 ad
3131 5429 3426 5495 unitatem,
3455 5429 3801 5484 constituitur

2243 5523 2526 5580 denarius.
2551 5522 2751 5588 Dicens
2765 5537 2899 5594 ergo
2915 5529 3150 5594 quartus
3169 5518 3289 5576 dies
3313 5540 3324 5574 :
3345 5523 3612 5592 quoniam
3628 5521 3800 5576 decem
