3996 6296
282 292 391 370 81⁸3

1382 295 1466 369 IN’
1505 295 2054 372 HEXAEMERON.
2080 298 2314 390 —LIB.
2359 300 2456 373 Iv‘.

3443 300 3546 373 894

282 417 494 484 indico,
540 424 729 489 aperte
777 408 1014 475 ostendo
1062 418 1212 490 quod
1267 420 1542 481 bonorum
1612 423 1861 477 omnium
1890 431 1934 485 Α
1963 422 2239 487 cruciﬁxi,
2269 418 2903 492 praefiguravitquatuor
2936 424 3145 474 cornua
3176 417 3381 483 crucis,
3423 430 3548 489 quae

281 508 556 580 perfectio
618 518 750 565 tunc
811 512 1100 582 apparebit
1157 521 1213 567 et
1275 514 1564 570 illucescct
1615 516 1861 571 humano

282 603 499 672 generi,
528 603 750 673 quando
773 603 1031 660 Christus
1062 605 1228 661 unius
1266 606 1437 661 fuerit
1464 615 1680 663 natura:
1731 616 1865 663 tunc

284 693 614 759 obscuratae,
648 696 929 764 quomodo
955 696 1010 750 in
1045 712 1133 752 me
1165 698 1462 752 obscurato
1485 699 1622 753 orbe
1655 699 1750 753 lux
1776 707 1864 753 est

282 782 462 838 unita.
511 783 680 838 Multa
738 785 919 840 habeo
986 803 1111 857 quae
1165 787 1222 841 in
1269 787 1484 859 judicio
1542 788 1724 843 dicam
1792 789 1863 843 de

282 882 485 943 quarto
513 874 604 929 die
639 892 652 928 :
683 885 738 930 et
789 878 936 946 quad
984 894 1082 948 per
1120 878 1272 934 hunc
1309 896 1625 945 numerum,
1662 897 1863 952 nempe

283 966 746 1033 quaternarium,
807 962 1230 1025 administratur
1284 982 1341 1027 et
1400 980 1618 1027 constat
1675 973 1857 1028 omnis

284 1058 524 1112 cmlestls
587 1068 840 1114 creatura
905 1078 1030 1131 quae
1090 1062 1231 1118 facta
1295 1063 1403 1119 fuit
1457 1072 1555 1120 sex
1622 1060 1860 1132 diebus,

280 1165 351 1204 eo
372 1164 738 1206 numero-nos
780 1152 1014 1209 docente
1054 1170 1154 1232 per
1184 1158 1523 1227 eXemplum,
1550 1158 1698 1228 quod
1730 1169 1862 1213 sane

281 1250 368 1295 cta
395 1241 618 1310 quidem
650 1233 890 1299 Trinitas
928 1255 1015 1300 est
1059 1245 1302 1302 inereata
1341 1267 1352 1302 :
1383 1249 1475 1318 qui
1509 1253 1697 1304 autem
1726 1259 1856 1320 post

281 1331 612 1389 Trinitatem
638 1343 732 1389 est
759 1334 966 1391 Christi
994 1337 1414 1405 incarnationis,
1445 1341 1546 1411 qui
1589 1350 1676 1397 est
1716 1357 1861 1396 unus

280 1437 348 1477 ex
384 1433 572 1479 sancta
596 1425 892 1492 Trinitate,
929 1429 1125 1485 modus
1150 1440 1207 1485 et
1241 1431 1406 1497 ratio,
1436 1433 1483 1487 is
1522 1439 1610 1488 est
1648 1433 1775 1488 fons
1804 1443 1863 1487 et

280 1514 617 1585 principium
656 1529 711 1571 et
751 1519 910 1573 radix
933 1530 990 1574 et
1024 1520 1448 1578 fundamentum
1497 1533 1555 1580 et
1587 1525 1862 1581 securitas

278 1606 529 1659 omnium
556 1607 829 1664 bo’norum
855 1626 977 1679 quae
1004 1624 1035 1665 a
1060 1602 1174 1667 Deo
1205 1614 1347 1668 facta
1377 1623 1511 1670 sunt
1537 1612 1593 1670 in
1618 1616 1860 1671 ereatio-

278 1713 350 1752 ne
404 1714 501 1753 sex
551 1699 771 1755 dierum
811 1702 868 1756 in
900 1703 1040 1758 coelo
1088 1713 1145 1758 et
1191 1704 1247 1759 in
1279 1713 1448 1769 terra,
1483 1716 1860 1778 congruenter

277 1790 401 1844 'voei
453 1790 607 1845 Pauli
643 1802 765 1862 qua:
799 1792 973 1848 dicit:
1003 1788 1198 1851 Omnia
1241 1788 1296 1850 in
1324 1796 1531 1852 Christi
1565 1808 1753 1870 typum
1793 1816 1858 1856 ac

279 1878 511 1949 ﬁguram
564 1892 749 1938 creata
788 1893 938 1950 sunt,
973 1887 1128 1956 prius
1172 1878 1475 1943 iudieanlia
1498 1890 1771 1944 rationem
1803 1902 1859 1946 et

277 1973 503 2029 modum
551 1976 672 2044 ejus
720 1975 1122 2047 incarnationis
1178 1981 1275 2050 qui
1316 1990 1441 2050 post
1473 1981 1625 2037 tria‘
1652 1982 1857 2056 (dicam

276 2066 574 2139 rationem)
613 2085 713 2139 per
739 2080 978 2140 quatuor
1010 2073 1304 2144 Evangelia
1333 2082 1594 2145 tanquam
1625 2087 1861 2147 quartus

276 2157 397 2214 dies
420 2161 473 2213 in
504 2170 744 2230 quatuor
767 2164 1020 2233 partibds
1053 2165 1205 2220 orbis
1236 2174 1417 2231 terrae,
1451 2166 1507 2222 in
1545 2184 1658 2239 quo
1696 2184 1860 2223 exor-

276 2253 367 2305 tus
429 2262 517 2308 est
570 2255 777 2310 mundo
834 2257 916 2310 sol
973 2257 1236 2312 caelestis.
1295 2259 1528 2328 Propter
1578 2260 1856 2332 ejusmodi

176 2344 179 2347 λ
276 2351 434 2400 Ortus
494 2346 840 2411 mysterium,
867 2348 999 2403 fecit
1050 2348 1221 2415 etiam
1277 2360 1477 2421 quarto
1516 2350 1608 2406 die
1660 2353 1855 2407 solem.

276 2433 514 2503 Propter
565 2436 673 2521 hoc
723 2452 790 2492 ex
835 2447 1076 2508 quatuor
1130 2438 1425 2496 elementis
1468 2442 1598 2496 fecit
1645 2444 1855 2507 omnia,

277 2536 479 2593 nempe
513 2525 659 2595 igne,
704 2535 873 2595 terra,
904 2537 961 2583 et
1005 2545 1168 2599 aqua,
1195 2538 1404 2607 etaere
1440 2549 1452 2584 :
1485 2543 1778 2603 propterea
1802 2538 1859 2589 et

278 2616 397 2685 ipsa
432 2627 672 2687 quatuor
700 2619 756 2673 in
791 2621 1024 2691 singulis
1052 2637 1248 2677 eorum
1289 2622 1344 2677 in
1394 2634 1635 2692 quatuor
1679 2628 1861 2681 conSi-

278 2706 565 2773 derantur,
599 2710 740 2780 ignis
775 2713 1000 2781 quidem
1038 2712 1092 2766 in
1114 2714 1262 2778 luce,
1291 2721 1348 2768 et
1382 2716 1592 2780 stellis,
1624 2720 1680 2771 et
1701 2716 1855 2780 luna,

276 2799 508 2853 etsole:
544 2814 685 2870 aqua
732 2810 918 2857 autem
948 2803 1004 2857 in
1046 2804 1414 2870 (irritamento,
1453 2814 1510 2861 et
1561 2806 1666 2861 alia
1714 2823 1859 2878 aqua

277 2904 443 2960 supra
466 2891 892 2959 firmamentum,
916 2903 973 2961 et
996 2896 1273 2961 terrestri,
1292 2906 1347 2952 et
1371 2898 1618 2968 abyssin.
1655 2898 1856 2955 Aerem

278 2981 337 3036 in
381 2991 622 3053 quatuor
650 2997 853 3041 ventos
877 2995 932 3041 et
962 2996 1208 3056 quatuor
1242 2988 1370 3042 anni
1416 2996 1667 3063 tempora
1710 2982 1858 3045 divi-

278 3072 371 3128 sit.
410 3074 639 3130 Terram
663 3078 903 3147 partitus
933 3079 1099 3134 estin
1124 3086 1368 3149 quatuor
1391 3079 1550 3145 fines,
1578 3078 1859 3149 quomodo

276 3169 446 3226 etiam
476 3171 531 3225 in
553 3181 792 3242 quatuor
815 3174 1221 3243 generationes,
1248 3173 1575 3239 herbarum,
1606 3175 1854 3243 inquam,

275 3270 333 3318 et
354 3261 654 3328 fructuum,
684 3275 742 3319 et
762 3265 1153 3329 animantium,
1175 3265 1232 3319 et
1253 3265 1561 3320 heminum.
1587 3262 1858 3321 Similiter

275 3352 443 3406 etiam
467 3355 767 3409 animantia
784 3355 838 3409 in
854 3366 1307 3427 quatuorgenera
1331 3356 1589 3412 dividens
1601 3373 1665 3411 ea
1682 3354 1857 3411 nomi-

274 3444 449 3508 navit,
474 3460 538 3500 ea
566 3462 768 3501 vocans
804 3447 1324 3516 pceora,auimalia,
1344 3446 1488 3502 feras
1520 3457 1575 3502 et
1616 3448 1854 3517 reptilia.

275 3533 544 3591 Volucres
592 3546 776 3591 autem
803 3553 909 3591 una
938 3546 1102 3592 vocat
1131 3538 1521 3607 appellatione;
1547 3547 1678 3592 sunt
1706 3539 1858 3591 enim

276 3632 440 3695 typus
465 3642 527 3680 ac
563 3626 737 3694 figura
765 3628 890 3681 coeli
923 3628 1216 3683 volucrum
1254 3646 1266 3681 :
1292 3644 1491 3698 nempe
1516 3627 1857 3685 Potestatum

278 3715 736 3784 intelligentium,
763 3732 1000 3785 quarum
1034 3718 1325 3773 sententia:
1359 3727 1455 3772 aut
1480 3721 1608 3773 vita:
1631 3720 1859 3788 agendae

274 3805 428 3858 nulla
466 3810 553 3858 est
588 3803 809 3858 divisio.
841 3806 1111 3862 Similiter
1153 3807 1320 3862 etiam
1365 3817 1607 3878 quatuor
1647 3808 1859 3866 semina

275 3894 333 3948 in
379 3902 632 3949 creatura
683 3911 855 3965 super
911 3904 1115 3953 terram
1168 3908 1545 3969 agnoscuntur
1597 3918 1610 3954 :
1658 3916 1857 3971 nempe

271 3985 723 4054 germinantium,
747 3996 803 4042 et
828 3989 1139 4054 volucrum,
1180 3998 1236 4044 et
1278 3989 1534 4060 piscium,
1559 3998 1616 4047 et
1646 3992 1858 4047 anima-

272 4077 429 4132 lium.
460 4078 538 4132 Ea
563 4080 711 4134 enim
752 4081 869 4135 sola
900 4080 956 4134 in
991 4088 1157 4147 terra,
1185 4095 1244 4138 et
1276 4097 1307 4137 e
1340 4091 1485 4138 terra
1520 4094 1851 4150 nascuntur,

271 4184 392 4238 qua:
407 4181 537 4227 sunt
550 4180 709 4241 typus
727 4180 970 4241 quatuor
990 4172 1262 4226 seminum
1276 4172 1540 4229 doctrinae
1556 4174 1858 4238 Verbi,hoc

270 4272 356 4317 cst
394 4262 510 4316 Dei.
545 4262 838 4328 Quomodo
863 4264 1009 4318 enim
1036 4278 1222 4318 semen
1255 4279 1351 4318 sua
1380 4273 1578 4334 sponte
1609 4268 1858 4321 nascitur

270 4367 337 4409 ex
387 4362 553 4421 terra,
611 4356 684 4411 ita
724 4356 891 4411 etiam
934 4357 1077 4411 ratio
1117 4356 1384 4413 doctrinae
1417 4358 1764 4425 naturaliter,
1789 4366 1856 4414 ex

1968 516 2136 570 etiam
2159 515 2365 570 dicitur
2393 514 2604 584 lignum
2631 513 2760 567 vitae
2789 531 2802 565 :
2829 528 2969 567 crux
2995 512 3144 567 enim
3171 521 3292 566 erat
3314 510 3544 567 Christi.

1966 607 2204 677 Pl‘Olllel'
2236 607 2415 676 ipsum
2462 605 2610 659 enim
2654 605 2940 674 exsculpta
2981 612 3067 657 est
3110 602 3370 672 scalpello
3409 601 3545 673 ligni

1964 713 2097 752 vere
2144 698 2373 767 plantati
2411 712 2557 751 secus
2603 697 2853 749 decursus
2883 711 3149 765 aquarum
3182 695 3264 758 ”;
3307 702 3549 763 quatuor

1967 787 2189 856 inquam
2222 787 2675 857 Evangeliorum.
2702 786 2825 840 Non
2855 785 2966 840 erit
2989 794 3176 839 autem
3210 783 3542 847 absurdum.

1965 880 2008 934 Si
2037 879 2184 933 illius
2232 894 2452 948 quoque
2497 878 2677 948 quarti
2733 878 2825 946 qui
2881 877 2936 931 iu
2991 875 3217 930 fornace
3242 890 3545 944 puerorum

1967 971 2119 1025 visus
2149 976 2233 1024 est
2260 969 2622 1024 similitudine
2661 968 2785 1021 Filii
2811 967 2906 1021 Dei
2930 968 2995 1032 ¹⁸,
3031 966 3304 1022 visionem
3341 966 3545 1019 intellia

1965 1078 2177 1135 gamus,
2217 1069 2475 1131 tanquam
2535 1060 2717 1130 quarti
2762 1059 2871 1115 diei
2923 1058 3198 1129 ﬁguram:
3233 1066 3289 1112 et
3335 1056 3544 1112 Christi

1965 1157 2058 1225 qui
2092 1156 2148 1209 in
2183 1170 2249 1209 eo
2281 1162 2536 1208 ostensus
2576 1161 2681 1214 est,
2705 1168 2904 1220 nempe
2938 1152 3090 1206 solis.
3117 1152 3215 1205 Est
3254 1150 3404 1205 enim
3452 1151 3546 1204 ille

1963 1246 2108 1317 ignis
2133 1255 2401 1316 cognatus
2432 1244 2599 1315 hujus
2626 1244 2793 1309 solis;
2823 1242 3100 1313 siquidem
3148 1242 3241 1297 ille
3280 1256 3544 1310 corporad

1964 1339 2053 1401 lis,
2082 1339 2193 1391 vim
2226 1337 2441 1391 habens
2476 1342 2532 1390 et
2564 1336 2755 1390 urendi
2801 1344 2857 1390 et
2898 1350 3105 1404 pueros
3145 1333 3497 1388 custodiendi
3527 1349 3543 1399 ;

1963 1431 2097 1485 solis
2121 1430 2215 1500 qui
2247 1438 2333 1484 cst
2358 1428 2414 1482 in
2443 1429 2628 1492 nobis,
2661 1444 2861 1498 nempe
2891 1426 3131 1494 Christi,
3159 1426 3548 1497 prteligurabat

1964 1522 2262 1593 imaginem
2306 1520 2431 1576 :sic
2479 1520 2647 1575 etiam
2697 1519 2912 1585 fornax,
2948 1518 3211 1590 Virginis.
3241 1519 3381 1573 Dum
3429 1518 3544 1573 haec

1963 1628 2148 1673 autem
2206 1615 2494 1672 terrestria
2546 1630 2858 1685 persequor
2921 1614 2978 1668 in
3040 1620 3243 1683 quarto
3301 1612 3416 1676 die,
3475 1611 3546 1665 de

1963 1716 2165 1779 quarto
2197 1722 2429 1763 numero
2466 1706 2692 1763 divinus
2722 1706 2977 1761 Ezechiel
3005 1705 3275 1776 propheta
3306 1707 3348 1737 ³⁸
3370 1704 3544 1757 veluti

1962 1802 2249 1866 assistens,
2283 1816 2439 1856 suam
2470 1798 2828 1870 prOphetiam
2873 1805 2929 1853 et
2956 1797 3217 1852 etstasim
3264 1795 3546 1850 revocavit

1958 1888 2018 1948 in
2060 1891 2405 1956 memoriam,
2437 1889 2598 1944 nobis
2649 1887 2950 1943 ostendens
2995 1885 3392 1956 quadriformia
3451 1884 3547 1939 illa

1961 1983 2265 2041 animantia
2319 1990 2659 2037 summarum
2715 1978 3148 2050 intelligentium
3199 1978 3544 2033 Potestatum

1961 2085 2083 2145 quae
2138 2073 2312 2137 vidit,
2364 2070 2689 2143 mysterium
2743 2069 2947 2125 Christi
3002 2052 3430 2138 praesigniﬁcare
3487 2076 3545 2121 et

1962 2165 2281 2222 describere
2304 2164 2360 2219 in
2385 2164 2455 2219 iis
2483 2163 2686 2234 quibus
2715 2161 3125 2231 contemplatus
3152 2167 3239 2213 est
3268 2157 3541 2227 propheta

1958 2256 2157 2312 faciem
2204 2250 2469 2319 hominis,
2497 2262 2555 2308 et
2601 2251 2758 2307 bovis
2787 2258 2841 2305 et
2887 2250 3062 2304 leonis
3098 2256 3156 2303 et
3184 2246 3404 2317 aquilae,
3439 2260 3545 2301 nos

1960 2342 2220 2405 docentia
2276 2347 2426 2418 quod
2484 2345 2670 2416 magni
2723 2342 2941 2399 consilii
2998 2341 3240 2411 Angelus
3293 2339 3441 2409 (cum
3472 2338 3546 2393 sit

1960 2437 2345 2510 incorporeus)
2373 2445 2430 2493 et
2452 2434 3004 2491 humanamJormam
3026 2431 3200 2485 subiit
3225 2447 3239 2483 :
3276 2438 3543 2499 tanquam

1962 2531 2128 2587 homo
2171 2530 2398 2600 quidem
2449 2522 2732 2583 videbitur
2778 2525 2833 2578 in
2874 2532 3021 2579 terra
3054 2538 3069 2591 ;
3103 2529 3165 2575 ut
3207 2521 3293 2575 leo
3333 2530 3541 2583 autem,

1961 2640 2087 2683 cum
2125 2617 2391 2681 ceciderit
2437 2621 2702 2693 quidem,
2746 2616 2986 2673 dormiet
3029 2616 3086 2672 in
3141 2621 3540 2671 monumento:

1960 2727 2222 2774 caeterum
2270 2706 2579 2770 divinitatis
2629 2709 2858 2765 habebit
2905 2714 3130 2778 apertos
3182 2706 3397 2769 oculos,
3428 2718 3544 2758 non

1959 2810 2110 2864 enim
2162 2806 2344 2864 somni
2382 2804 2696 2869 all‘ectione,
2727 2809 2823 2856 aut
2854 2801 3089 2871 alicujus
3122 2798 3352 2853 alterius
3393 2795 3545 2866 capi-

1963 2911 2053 2956 tur
2083 2900 2347 2956 divinitas
2379 2910 2392 2953 :
2436 2896 2689 2954 resiliens
2716 2899 2903 2950 autem
2934 2900 3187 2963 resurget
3216 2906 3248 2945 a
3280 2888 3540 2955 mortuis,

1961 3004 2018 3051 et
2047 3005 2304 3064 tanquam
2331 2991 2514 3061 aquila
2544 3005 2640 3044 rex
2665 2993 2979 3043 assumetur
3004 2985 3058 3039 in
3090 2984 3314 3039 coelum.
3336 2981 3543 3047 Quam-

1886 3108 1928 3164 ο
1962 3087 2153 3142 obrem
2180 3084 2368 3139 divine
2402 3080 2742 3138 vociferatur
2770 3072 2977 3135 Paulus
3008 3077 3072 3143 ¹⁷,
3107 3076 3255 3147 quod
3296 3076 3352 3129 in
3381 3073 3544 3130 Chri-

1961 3177 2030 3233 sti
2089 3176 2321 3247 figuram
2376 3188 2442 3227 ac
2482 3179 2672 3243 typum
2715 3178 2898 3225 creata
2957 3175 3088 3222 sunt
3144 3165 3433 3222 terrestria
3479 3179 3545 3220 ac

1960 3265 2228 3329 coelestia,
2249 3275 2318 3318 ex
2343 3263 2548 3333 quibus
2576 3267 2705 3316 sunt
2735 3260 2969 3314 maxime
2996 3258 3163 3313 etiam
3188 3273 3311 3328 qua:
3340 3255 3542 3312 dicun-

1962 3362 2053 3413 tur
2098 3357 2157 3412 in
2210 3363 2412 3425 quarto
2453 3363 2509 3409 et
2561 3353 2741 3424 primo
2787 3352 2877 3407 die
2922 3350 3166 3422 perfecta
3193 3366 3208 3417 ;
3235 3348 3305 3404 de
3335 3348 3544 3419 quibus

1959 3448 2101 3503 dixit
2133 3456 2146 3501 ’:
2178 3441 2336 3501 Fiant
2371 3446 2662 3500 luminaria
2688 3447 2745 3498 in
2771 3443 3112 3513 ﬁrmamento
3160 3442 3276 3497 caeli
3306 3442 3375 3495 ad
3414 3440 3544 3495 illu-

1961 3539 2305 3592 minationem
2327 3553 2484 3608 super
2500 3544 2722 3591 terram.
2740 3536 3039 3592 Pulchram
3052 3534 3541 3592 commutationem

1959 3628 2174 3696 accepit
2219 3642 2250 3680 a
2299 3622 2412 3681 Deo
2462 3624 2873 3680 ﬁrmamentum
2942 3638 3209 3694 aquarum
3258 3622 3538 3677 Ecclesiae.

1958 3717 2151 3788 Cogita
2182 3719 2329 3774 enim
2366 3714 2514 3788 quod
2546 3718 2870 3788 priusquam
2903 3717 3063 3771 fieret
3105 3715 3537 3778 ﬁrmamentum,

1960 3826 2101 3881 aqua
2129 3818 2251 3865 erat
2279 3804 2390 3864 nan
2420 3810 2636 3863 firmata
2676 3824 2742 3863 ac
2795 3808 3050 3873 solidata,
3089 3821 3212 3877 quae
3237 3805 3542 3860 vocabatur

1959 3904 2191 3974 abyssus
2222 3910 2452 3973 propter
2495 3900 2669 3955 malas
2701 3899 2910 3954 erroris
2948 3897 3208 3953 tenebras
3232 3911 3355 3966 quae
3371 3911 3539 3965 supra

1958 4009 2078 4050 eam
2115 3993 2411 4065 iacebant:
2456 4006 2595 4062 quas
2621 4005 2747 4045 eum
2799 3991 2945 4044 Deus
2974 3989 3044 4043 ab
3096 3988 3217 4057 ipso
3278 3986 3542 4042 extermis

1961 4092 2186 4150 nasset,
2238 4084 2322 4139 eis
2363 4082 2742 4138 adversariam
2793 4081 3025 4135 donavit
3052 4080 3266 4145 lucem,
3298 4078 3535 4134 dicens:

1960 4168 2117 4231 Fiant
2167 4176 2459 4230 luminaria
2493 4176 2548 4228 in
2577 4174 2918 4242 ﬁrmamento
2978 4172 3092 4227 cmli
3143 4172 3213 4227 ad
3257 4171 3539 4225 illumina-

1961 4267 2157 4319 tionem
2227 4280 2388 4334 super
2459 4271 2682 4316 terram.
2755 4261 2909 4315 Beati
2973 4260 3119 4315 enim
3181 4260 3357 4330 angeli
3425 4275 3540 4314 non

1967 4358 2037 4412 ab
2090 4357 2202 4411 ulla
2278 4373 2334 4411 re
2409 4362 2596 4411 creata
2671 4354 3094 4418 illuminantur,
3146 4352 3243 4407 sed
3303 4352 3372 4407 ab
3418 4352 3540 4422 ipso

269 4444 490 4501 Christo
523 4454 579 4501 et
614 4448 844 4517 angelis,
878 4463 1018 4517 quos
1042 4447 1359 4518 ﬂgurabunt
1385 4450 1660 4515 volueras,
1693 4459 1748 4505 et
1780 4467 1849 4507 ex
1881 4441 1927 4498 Ι)
1955 4450 2065 4504 Deo
2103 4449 2171 4503 de
2219 4463 2330 4518 quo
2372 4447 2513 4502 dicit
2553 4445 2841 4516 Scriptura
2872 4462 2884 4499 :
2911 4444 3028 4499 Lua:
3073 4446 3256 4516 justus
3299 4453 3376 4498 est
3417 4459 3540 4513 per-

273 4536 608 4589 animalibus
643 4546 700 4591 et
732 4536 1058 4592 hominibus
1091 4537 1406 4610 (scripturae
1443 4539 1593 4594 enim
1624 4549 1755 4595 sunt
1783 4543 1852 4596 ab

270 4625 638 4698 hominibus),
660 4643 759 4697 per
781 4629 885 4684 hos
898 4628 1049 4682 enim
1068 4639 1309 4698 quatuor
1331 4631 1525 4687 modos
1548 4632 1856 4687 seminatur

270 4725 418 4770 terra
482 4717 759 4772 Ecclesiae.
787 4717 977 4772 Pisces
1018 4726 1204 4773 autem
1256 4733 1448 4774 semen
1492 4720 1763 4789 dejiciunt
1795 4720 1852 4775 in

268 4817 494 4872 terram,
528 4808 636 4863 nisi
657 4809 807 4879 quod
838 4810 975 4863 citra
998 4824 1187 4864 semen
1220 4818 1530 4864 nascuntur
1550 4826 1617 4865 ex
1642 4811 1805 4880 aquis
1834 4830 1846 4866 :

265 4917 437 4971 quare
467 4910 653 4956 autem
693 4903 943 4958 dicemus
966 4903 1249 4974 in'quinto
1271 4904 1381 4958 die.
1405 4904 1475 4959 Et
1523 4914 1707 4960 tamen
1743 4922 1848 4962 nec

266 4995 448 5065 pisces
472 5002 602 5050 sunt
631 4995 828 5064 privati
863 4995 1035 5067 figura
1063 4996 1428 5067 quaternarii,
1456 5012 1582 5052 cum
1608 4997 1848 5053 habeant

265 5086 496 5157 ﬁguram
521 5089 706 5144 crucis
734 5106 746 5141 :
788 5089 931 5144 sicut
960 5089 1129 5144 etiam
1164 5089 1442 5153 volucres,
1471 5104 1596 5143 cum
1639 5089 1846 5160 quibus

264 5178 398 5234 facti
427 5188 577 5233 sunt.
612 5179 720 5249 lpsi
744 5179 893 5233 enim
924 5179 1141 5234 duabus
1164 5180 1290 5243 alis,
1315 5187 1371 5234 et
1394 5179 1574 5248 capite
1599 5180 1845 5237 etcauda

264 5269 522 5337 feruntur
553 5271 608 5326 in
631 5288 760 5328 aere
785 5280 842 5327 et
863 5273 1042 5343 aquis.
1079 5272 1283 5326 Pceora
1309 5286 1552 5341 quoque,
1585 5289 1710 5327 cum
1734 5274 1847 5329 sint

264 5363 668 5434 quadrupedia,
693 5373 953 5434 quartum
979 5364 1306 5419 describunt
1331 5379 1650 5420 numerum.
1681 5366 1846 5421 Simi-

266 5453 394 5509 liter
444 5457 621 5511 etiam'
682 5459 850 5513 homo
905 5457 972 5512 ad
1024 5457 1257 5512 formam
1308 5458 1491 5512 crucis
1549 5458 1838 5530 figuratam

305 5546 480 5603 aberis
527 5547 841 5621 imaginem,
871 5559 933 5605 ut
970 5550 1066 5620 qui
1098 5548 1170 5603 sit
1199 5548 1263 5603 ad
1305 5547 1599 5620 imaginem
1629 5552 1839 5608 Christi

339 5726 385 5760 "
409 5727 552 5784 Psal.
580 5743 617 5795 I,
647 5729 701 5785 5.
779 5731 821 5763 ⁸⁵
852 5731 988 5787 Dan.
1020 5748 1097 5797 tu,
1126 5731 1213 5786 92.
1295 5733 1335 5765 “‘
1365 5732 1562 5788 Ezech.
1597 5747 1634 5797 ι,
1662 5732 1694 5787 4
1727 5748 1879 5803 seqq.

1955 4546 2130 4608 petua.
2194 4537 2277 4592 Ad
2331 4547 2496 4613 terrae
2543 4551 2678 4606 ergo
2707 4533 3170 4589 illuminationem
3218 4531 3360 4586 facta
3409 4539 3541 4585 sunt

1951 4631 2270 4694 luminaria,
2309 4646 2421 4684 non
2470 4629 2639 4684 etiam
2695 4627 2764 4684 ad
2819 4626 3282 4681 illuminationem
3342 4635 3538 4678 eorum

1952 4734 2239 4795 quae,sunt
2278 4724 2331 4777 in
2371 4723 2509 4778 mari
2543 4740 2555 4776 :
2589 4721 2848 4791 quoniam
2879 4721 2935 4775 in
2969 4720 3228 4791 abyssum
3254 4733 3283 4771 a
3313 4716 3538 4772 Christo

1951 4816 2108 4871 missi
2159 4815 2437 4870 daemones
2469 4814 2730 4883 (quorum
2788 4818 2948 4883 typus
3024 4818 3155 4864 sunt
3220 4816 3538 4878 strepentes

1945 4905 2146 4977 pisces)
2178 4914 2309 4961 sunt
2337 4914 2596 4974 expertes
2625 4903 2868 4959 caelestis
2890 4901 3120 4956 luminis
3170 4898 3535 4954 illuminatio-

1945 5013 2015 5053 ne
2037 5038 2050 5061 ,
2084 5004 2141 5052 et
2176 4998 2247 5051 ab
2269 5012 2336 5052 eo
2367 4997 2558 5050 alieni.
2592 4994 2749 5062 Quod
2781 4994 2826 5050 si
2860 4995 2928 5049 de
2961 4995 3127 5049 astris
3178 4990 3536 5048 sensibilibus

1945 5088 2086 5142 dixit
2112 5088 2258 5141 Deus
2291 5088 2471 5141 solum
2506 5104 2518 5139 :
2551 5085 2711 5140 Fiant
2748 5085 3062 5148 luminaria,
3125 5099 3309 5138 annon
3361 5081 3535 5137 dixis-

1945 5190 2067 5235 set:
2103 5179 2185 5233 Ad
2210 5162 2661 5231 illurninationem
2694 5185 2852 5230 terra:
2891 5185 2942 5229 et
2983 5176 3194 5229 maris?
3220 5175 3352 5229 Plus
3379 5173 3531 5228 enim

1953 5286 2117 5338 quam
2149 5270 2218 5324 iis
2249 5268 2343 5338 qui
2366 5276 2660 5323 versantur
2690 5268 2744 5321 in
2771 5275 2941 5330 terra,
2972 5276 3121 5321 astra
3145 5274 3277 5320 sunt
3300 5265 3425 5320 usui
3461 5263 3530 5319 iis

1953 5355 2048 5425 qui
2102 5356 2361 5426 navigant
2410 5356 2465 5410 in
2515 5356 2674 5410 mari.
2712 5357 2858 5426 Ergo
2897 5356 3260 5425 corporaliter
3301 5353 3527 5425 quidem

1951 5447 2084 5502 dicit
2115 5447 2425 5518 Scriptura.
2456 5448 2525 5503 de
2549 5448 2615 5503 iis
2639 5465 2763 5519 qua:
2779 5465 2809 5503 a
2833 5449 2943 5505 Deo
2968 5464 3098 5503 vere
3130 5448 3530 5507 convenienter

1948 5538 2147 5593 littera:
2191 5538 2335 5595 facta
2369 5551 2499 5597 sunt
2529 5536 2801 5598 crcat‘uris
2833 5561 2846 5597 :
2882 5560 2979 5615 per
3007 5545 3122 5615 ipsa
3156 5550 3341 5599 autem
3386 5541 3526 5598 citra

1962 5734 2001 5764 ”
2025 5734 2191 5791 Hebr.
2219 5754 2281 5807 Χ,
2303 5740 2351 5794 1.
