  <div class='ocr_page' id='page_1' title='image "/cluster/home/n/w/nwhite01/storage/ocr_20150623/89/pst.000005712953/455.png"; bbox 0 0 4082 6290; ppageno 0'>
   <div class='ocr_carea' id='block_1_1' title="bbox 503 276 616 344">
    <p class='ocr_par' dir='ltr' id='par_1_1' title="bbox 503 276 616 344">
     <span class='ocr_line' id='line_1_1' title="bbox 503 276 616 344; baseline 0 -1"><span class='ocrx_word' id='word_1_1' title='bbox 503 276 616 344; x_wconf 74' lang='lat' dir='ltr'><strong>B95</strong></span> 
     </span>
    </p>
   </div>
   <div class='ocr_carea' id='block_1_2' title="bbox 1724 251 2590 337">
    <p class='ocr_par' dir='ltr' id='par_1_2' title="bbox 1724 251 2590 337">
     <span class='ocr_line' id='line_1_2' title="bbox 1724 251 2590 337; baseline -0.002 -1"><span class='ocrx_word' id='word_1_2' title='bbox 1724 271 1786 336; x_wconf 88' lang='lat' dir='ltr'><strong>s.</strong></span> <span class='ocrx_word' id='word_1_3' title='bbox 1826 251 2226 337; x_wconf 64' lang='lat' dir='ltr'><strong>.masrasn</strong></span> <span class='ocrx_word' id='word_1_4' title='bbox 2265 271 2590 335; x_wconf 69' lang='lat' dir='ltr'><strong>summ</strong></span> 
     </span>
    </p>
   </div>
   <div class='ocr_carea' id='block_1_3' title="bbox 3667 269 3772 341">
    <p class='ocr_par' dir='ltr' id='par_1_3' title="bbox 3667 269 3772 341">
     <span class='ocr_line' id='line_1_3' title="bbox 3667 269 3772 341; baseline 0 0"><span class='ocrx_word' id='word_1_5' title='bbox 3667 269 3772 341; x_wconf 81' lang='lat'><strong>896</strong></span> 
     </span>
    </p>
   </div>
   <div class='ocr_carea' id='block_1_4' title="bbox 503 380 3764 461">
    <p class='ocr_par' dir='ltr' id='par_1_4' title="bbox 503 380 3764 461">
     <span class='ocr_line' id='line_1_4' title="bbox 503 380 3764 461; baseline -0 -19"><span class='ocrx_word' id='word_1_6' title='bbox 503 388 679 444; x_wconf 85' lang='lat' dir='ltr'><strong>ullum</strong></span> <span class='ocrx_word' id='word_1_7' title='bbox 708 385 1057 442; x_wconf 83' lang='lat' dir='ltr'><strong>mendacium</strong></span> <span class='ocrx_word' id='word_1_8' title='bbox 1087 385 1519 459; x_wconf 67' lang='lat' dir='ltr'><strong>praasigniﬁcans</strong></span> <span class='ocrx_word' id='word_1_9' title='bbox 1552 393 1726 442; x_wconf 91' lang='lat' dir='ltr'><strong>totum</strong></span> <span class='ocrx_word' id='word_1_10' title='bbox 1756 385 2084 456; x_wconf 79' lang='lat' dir='ltr'><strong>mysterium</strong></span> <span class='ocrx_word' id='word_1_11' title='bbox 2116 389 2162 445; x_wconf 79' lang='grc' dir='ltr'>Α</span> <span class='ocrx_word' id='word_1_12' title='bbox 2190 384 2358 439; x_wconf 88' lang='lat' dir='ltr'><strong>habet</strong></span> <span class='ocrx_word' id='word_1_13' title='bbox 2407 391 2724 458; x_wconf 85' lang='lat' dir='ltr'><strong>sanctorum</strong></span> <span class='ocrx_word' id='word_1_14' title='bbox 2770 383 3094 461; x_wconf 76' lang='lat' dir='ltr'><strong>angelorum</strong></span> <span class='ocrx_word' id='word_1_15' title='bbox 3144 380 3242 455; x_wconf 83' lang='lat' dir='ltr'><strong>qui</strong></span> <span class='ocrx_word' id='word_1_16' title='bbox 3294 382 3472 440; x_wconf 86' lang='lat' dir='ltr'><strong>creati</strong></span> <span class='ocrx_word' id='word_1_17' title='bbox 3537 395 3672 441; x_wconf 85' lang='lat' dir='ltr'><strong>sunt</strong></span> <span class='ocrx_word' id='word_1_18' title='bbox 3711 388 3764 444; x_wconf 84' lang='lat' dir='ltr'><strong>in</strong></span> 
     </span>
    </p>
   </div>
   <div class='ocr_carea' id='block_1_5' title="bbox 501 476 2090 534">
    <p class='ocr_par' dir='ltr' id='par_1_5' title="bbox 501 476 2090 534">
     <span class='ocr_line' id='line_1_5' title="bbox 501 476 2090 534; baseline -0.002 0"><span class='ocrx_word' id='word_1_19' title='bbox 501 479 710 534; x_wconf 86' lang='lat' dir='ltr'><strong>Christi</strong></span> <span class='ocrx_word' id='word_1_20' title='bbox 733 486 789 534; x_wconf 86' lang='lat' dir='ltr'><strong>et</strong></span> <span class='ocrx_word' id='word_1_21' title='bbox 819 477 1102 534; x_wconf 64' lang='lat' dir='ltr'><strong>Ecclesiae.</strong></span> <span class='ocrx_word' id='word_1_22' title='bbox 1135 477 1192 534; x_wconf 89' lang='lat' dir='ltr'><strong>Si</strong></span> <span class='ocrx_word' id='word_1_23' title='bbox 1236 487 1422 533; x_wconf 89' lang='lat' dir='ltr'><strong>autem</strong></span> <span class='ocrx_word' id='word_1_24' title='bbox 1465 477 1534 534; x_wconf 88' lang='lat' dir='ltr'><strong>ad</strong></span> <span class='ocrx_word' id='word_1_25' title='bbox 1583 477 1700 532; x_wconf 70' lang='lat' dir='ltr'><strong>hanc</strong></span> <span class='ocrx_word' id='word_1_26' title='bbox 1758 476 2090 532; x_wconf 90' lang='lat' dir='ltr'><strong>contradicit</strong></span> 
     </span>
    </p>
   </div>
   <div class='ocr_carea' id='block_1_6' title="bbox 504 569 2088 636">
    <p class='ocr_par' dir='ltr' id='par_1_6' title="bbox 504 569 2088 636">
     <span class='ocr_line' id='line_1_6' title="bbox 504 569 2088 636; baseline -0.003 -9"><span class='ocrx_word' id='word_1_27' title='bbox 504 572 746 627; x_wconf 82' lang='lat' dir='ltr'><strong>carnalis</strong></span> <span class='ocrx_word' id='word_1_28' title='bbox 804 571 1029 626; x_wconf 70' lang='lat' dir='ltr'><strong>Iudaeus</strong></span> <span class='ocrx_word' id='word_1_29' title='bbox 1079 571 1336 636; x_wconf 82' lang='lat' dir='ltr'><strong>auditor;</strong></span> <span class='ocrx_word' id='word_1_30' title='bbox 1369 569 1460 626; x_wconf 91' lang='lat' dir='ltr'><strong>dic</strong></span> <span class='ocrx_word' id='word_1_31' title='bbox 1503 569 1636 625; x_wconf 91' lang='lat' dir='ltr'><strong>mihi</strong></span> <span class='ocrx_word' id='word_1_32' title='bbox 1687 579 1766 634; x_wconf 92' lang='lat' dir='ltr'><strong>tu,</strong></span> <span class='ocrx_word' id='word_1_33' title='bbox 1801 585 1904 624; x_wconf 91' lang='lat' dir='ltr'><strong>cur</strong></span> <span class='ocrx_word' id='word_1_34' title='bbox 1961 584 2088 626; x_wconf 86' lang='lat' dir='ltr'><strong>cum</strong></span> 
     </span>
    </p>
   </div>
   <div class='ocr_carea' id='block_1_7' title="bbox 505 660 2089 724">
    <p class='ocr_par' dir='ltr' id='par_1_7' title="bbox 505 660 2089 724">
     <span class='ocr_line' id='line_1_7' title="bbox 505 660 2089 724; baseline 0 -10"><span class='ocrx_word' id='word_1_35' title='bbox 505 661 732 716; x_wconf 79' lang='lat' dir='ltr'><strong>fecisset</strong></span> <span class='ocrx_word' id='word_1_36' title='bbox 765 662 911 715; x_wconf 88' lang='lat' dir='ltr'><strong>Deus</strong></span> <span class='ocrx_word' id='word_1_37' title='bbox 930 660 1356 724; x_wconf 90' lang='lat' dir='ltr'><strong>ﬁrmamentum,</strong></span> <span class='ocrx_word' id='word_1_38' title='bbox 1383 676 1494 715; x_wconf 91' lang='lat' dir='ltr'><strong>non</strong></span> <span class='ocrx_word' id='word_1_39' title='bbox 1530 660 1720 715; x_wconf 87' lang='lat' dir='ltr'><strong>statim</strong></span> <span class='ocrx_word' id='word_1_40' title='bbox 1751 675 1878 714; x_wconf 91' lang='lat' dir='ltr'><strong>cum</strong></span> <span class='ocrx_word' id='word_1_41' title='bbox 1915 675 1983 714; x_wconf 93' lang='lat' dir='ltr'><strong>eo</strong></span> <span class='ocrx_word' id='word_1_42' title='bbox 2007 660 2089 714; x_wconf 81' lang='lat' dir='ltr'><strong>fe-</strong></span> 
     </span>
    </p>
   </div>
   <div class='ocr_carea' id='block_1_8' title="bbox 505 751 2090 822">
    <p class='ocr_par' dir='ltr' id='par_1_8' title="bbox 505 751 2090 822">
     <span class='ocr_line' id='line_1_8' title="bbox 505 751 2090 822; baseline -0.001 -16"><span class='ocrx_word' id='word_1_43' title='bbox 505 753 582 806; x_wconf 86' lang='lat' dir='ltr'><strong>cit</strong></span> <span class='ocrx_word' id='word_1_44' title='bbox 635 753 821 807; x_wconf 89' lang='lat' dir='ltr'><strong>stellas</strong></span> <span class='ocrx_word' id='word_1_45' title='bbox 869 763 926 806; x_wconf 91' lang='lat' dir='ltr'><strong>et</strong></span> <span class='ocrx_word' id='word_1_46' title='bbox 966 753 1138 807; x_wconf 87' lang='lat' dir='ltr'><strong>solem</strong></span> <span class='ocrx_word' id='word_1_47' title='bbox 1172 760 1230 805; x_wconf 89' lang='lat' dir='ltr'><strong>et</strong></span> <span class='ocrx_word' id='word_1_48' title='bbox 1268 753 1498 807; x_wconf 86' lang='lat' dir='ltr'><strong>lunam:</strong></span> <span class='ocrx_word' id='word_1_49' title='bbox 1543 753 1823 822; x_wconf 89' lang='lat' dir='ltr'><strong>quomodo</strong></span> <span class='ocrx_word' id='word_1_50' title='bbox 1869 751 2090 821; x_wconf 82' lang='lat' dir='ltr'><strong>quando</strong></span> 
     </span>
    </p>
   </div>
   <div class='ocr_carea' id='block_1_9' title="bbox 510 843 2092 913">
    <p class='ocr_par' dir='ltr' id='par_1_9' title="bbox 510 843 2092 913">
     <span class='ocr_line' id='line_1_9' title="bbox 510 843 2092 913; baseline -0.001 -15"><span class='ocrx_word' id='word_1_51' title='bbox 510 843 732 912; x_wconf 87' lang='lat' dir='ltr'><strong>aperuit</strong></span> <span class='ocrx_word' id='word_1_52' title='bbox 775 851 1003 907; x_wconf 90' lang='lat' dir='ltr'><strong>terram,</strong></span> <span class='ocrx_word' id='word_1_53' title='bbox 1031 844 1291 913; x_wconf 83' lang='lat' dir='ltr'><strong>protinus</strong></span> <span class='ocrx_word' id='word_1_54' title='bbox 1317 844 1482 913; x_wconf 77' lang='lat'><strong>872</strong></span> <span class='ocrx_word' id='word_1_55' title='bbox 1511 859 1631 898; x_wconf 90' lang='lat' dir='ltr'><strong>eam</strong></span> <span class='ocrx_word' id='word_1_56' title='bbox 1660 844 1878 898; x_wconf 87' lang='lat' dir='ltr'><strong>ornavit</strong></span> <span class='ocrx_word' id='word_1_57' title='bbox 1903 843 2092 897; x_wconf 85' lang='lat' dir='ltr'><strong>herbis</strong></span> 
     </span>
    </p>
   </div>
   <div class='ocr_carea' id='block_1_10' title="bbox 506 931 2088 1002">
    <p class='ocr_par' dir='ltr' id='par_1_10' title="bbox 506 931 2088 1002">
     <span class='ocr_line' id='line_1_10' title="bbox 506 931 2088 1002; baseline -0.002 -15"><span class='ocrx_word' id='word_1_58' title='bbox 506 941 566 987; x_wconf 88' lang='lat' dir='ltr'><strong>et</strong></span> <span class='ocrx_word' id='word_1_59' title='bbox 613 931 905 990; x_wconf 66' lang='lat' dir='ltr'><strong>fruct—ibus.</strong></span> <span class='ocrx_word' id='word_1_60' title='bbox 936 941 992 987; x_wconf 88' lang='lat' dir='ltr'><strong>et</strong></span> <span class='ocrx_word' id='word_1_61' title='bbox 1041 933 1342 986; x_wconf 77' lang='lat' dir='ltr'><strong>arboribus</strong></span> <span class='ocrx_word' id='word_1_62' title='bbox 1392 931 1716 1002; x_wconf 84' lang='lat' dir='ltr'><strong>lignorum?</strong></span> <span class='ocrx_word' id='word_1_63' title='bbox 1745 931 1858 986; x_wconf 89' lang='lat' dir='ltr'><strong>Cur</strong></span> <span class='ocrx_word' id='word_1_64' title='bbox 1904 944 2088 986; x_wconf 87' lang='lat' dir='ltr'><strong>autem</strong></span> 
     </span>
    </p>
   </div>
   <div class='ocr_carea' id='block_1_11' title="bbox 506 1012 2093 1092">
    <p class='ocr_par' dir='ltr' id='par_1_11' title="bbox 506 1012 2093 1092">
     <span class='ocr_line' id='line_1_11' title="bbox 506 1012 2093 1092; baseline -0.001 -13"><span class='ocrx_word' id='word_1_65' title='bbox 506 1025 640 1079; x_wconf 79' lang='lat' dir='ltr'><strong>fecit</strong></span> <span class='ocrx_word' id='word_1_66' title='bbox 700 1012 928 1078; x_wconf 82' lang='lat' dir='ltr'><strong>minima</strong></span> <span class='ocrx_word' id='word_1_67' title='bbox 955 1064 970 1086; x_wconf 94' lang='lat'><strong>,</strong></span> <span class='ocrx_word' id='word_1_68' title='bbox 1003 1033 1132 1078; x_wconf 90' lang='lat' dir='ltr'><strong>ante</strong></span> <span class='ocrx_word' id='word_1_69' title='bbox 1184 1024 1296 1077; x_wconf 91' lang='lat' dir='ltr'><strong>duo</strong></span> <span class='ocrx_word' id='word_1_70' title='bbox 1340 1017 1584 1092; x_wconf 79' lang='lat' dir='ltr'><strong>perfecta</strong></span> <span class='ocrx_word' id='word_1_71' title='bbox 1639 1023 1986 1077; x_wconf 88' lang='lat' dir='ltr'><strong>luminaria?</strong></span> <span class='ocrx_word' id='word_1_72' title='bbox 2027 1023 2093 1078; x_wconf 88' lang='lat' dir='ltr'><strong>Et</strong></span> 
     </span>
    </p>
   </div>
   <div class='ocr_carea' id='block_1_12' title="bbox 507 1113 2091 1184">
    <p class='ocr_par' dir='ltr' id='par_1_12' title="bbox 507 1113 2091 1184">
     <span class='ocr_line' id='line_1_12' title="bbox 507 1113 2091 1184; baseline -0.002 -17"><span class='ocrx_word' id='word_1_73' title='bbox 507 1113 790 1184; x_wconf 83' lang='lat' dir='ltr'><strong>quomodo</strong></span> <span class='ocrx_word' id='word_1_74' title='bbox 841 1129 1041 1168; x_wconf 89' lang='lat' dir='ltr'><strong>rursus</strong></span> <span class='ocrx_word' id='word_1_75' title='bbox 1081 1113 1136 1168; x_wconf 91' lang='lat' dir='ltr'><strong>in</strong></span> <span class='ocrx_word' id='word_1_76' title='bbox 1175 1113 1394 1169; x_wconf 73' lang='lat' dir='ltr'><strong>duobus</strong></span> <span class='ocrx_word' id='word_1_77' title='bbox 1448 1113 1710 1169; x_wconf 79' lang='lat' dir='ltr'><strong>perfectis</strong></span> <span class='ocrx_word' id='word_1_78' title='bbox 1747 1127 1864 1167; x_wconf 81' lang='lat' dir='ltr'><strong>non</strong></span> <span class='ocrx_word' id='word_1_79' title='bbox 1904 1113 2091 1166; x_wconf 82' lang='lat' dir='ltr'><strong>minus</strong></span> 
     </span>
    </p>
   </div>
   <div class='ocr_carea' id='block_1_13' title="bbox 505 1204 2091 1274">
    <p class='ocr_par' dir='ltr' id='par_1_13' title="bbox 505 1204 2091 1274">
     <span class='ocr_line' id='line_1_13' title="bbox 505 1204 2091 1274; baseline 0 -16"><span class='ocrx_word' id='word_1_80' title='bbox 505 1205 664 1274; x_wconf 89' lang='lat' dir='ltr'><strong>prius</strong></span> <span class='ocrx_word' id='word_1_81' title='bbox 717 1212 804 1258; x_wconf 89' lang='lat' dir='ltr'><strong>est</strong></span> <span class='ocrx_word' id='word_1_82' title='bbox 855 1204 1193 1268; x_wconf 85' lang='lat' dir='ltr'><strong>fabricatus,</strong></span> <span class='ocrx_word' id='word_1_83' title='bbox 1227 1204 1323 1259; x_wconf 86' lang='lat' dir='ltr'><strong>sed</strong></span> <span class='ocrx_word' id='word_1_84' title='bbox 1380 1205 1696 1274; x_wconf 85' lang='lat' dir='ltr'><strong>magnum?</strong></span> <span class='ocrx_word' id='word_1_85' title='bbox 1735 1204 2091 1259; x_wconf 88' lang='lat' dir='ltr'><strong>Perterribile</strong></span> 
     </span>
    </p>
   </div>
   <div class='ocr_carea' id='block_1_14' title="bbox 507 1297 2086 1368">
    <p class='ocr_par' dir='ltr' id='par_1_14' title="bbox 507 1297 2086 1368">
     <span class='ocr_line' id='line_1_14' title="bbox 507 1297 2086 1368; baseline 0 -18"><span class='ocrx_word' id='word_1_86' title='bbox 507 1305 690 1351; x_wconf 86' lang='lat' dir='ltr'><strong>autem</strong></span> <span class='ocrx_word' id='word_1_87' title='bbox 719 1297 971 1362; x_wconf 90' lang='lat' dir='ltr'><strong>omnino,</strong></span> <span class='ocrx_word' id='word_1_88' title='bbox 1001 1306 1062 1352; x_wconf 90' lang='lat' dir='ltr'><strong>ut</strong></span> <span class='ocrx_word' id='word_1_89' title='bbox 1084 1298 1305 1368; x_wconf 91' lang='lat' dir='ltr'><strong>opinor,</strong></span> <span class='ocrx_word' id='word_1_90' title='bbox 1336 1298 1691 1352; x_wconf 85' lang='lat' dir='ltr'><strong>etoecultum</strong></span> <span class='ocrx_word' id='word_1_91' title='bbox 1729 1297 2086 1368; x_wconf 79' lang='lat' dir='ltr'><strong>mysterium!</strong></span> 
     </span>
    </p>
   </div>
   <div class='ocr_carea' id='block_1_15' title="bbox 506 1389 2092 1460">
    <p class='ocr_par' dir='ltr' id='par_1_15' title="bbox 506 1389 2092 1460">
     <span class='ocr_line' id='line_1_15' title="bbox 506 1389 2092 1460; baseline 0.001 -16"><span class='ocrx_word' id='word_1_92' title='bbox 506 1389 695 1444; x_wconf 88' lang='lat' dir='ltr'><strong>stellas</strong></span> <span class='ocrx_word' id='word_1_93' title='bbox 715 1389 944 1460; x_wconf 86' lang='lat' dir='ltr'><strong>quidem</strong></span> <span class='ocrx_word' id='word_1_94' title='bbox 973 1405 1140 1460; x_wconf 84' lang='lat' dir='ltr'><strong>supra</strong></span> <span class='ocrx_word' id='word_1_95' title='bbox 1162 1405 1262 1460; x_wconf 84' lang='lat' dir='ltr'><strong>per</strong></span> <span class='ocrx_word' id='word_1_96' title='bbox 1287 1390 1506 1459; x_wconf 85' lang='lat' dir='ltr'><strong>jussum</strong></span> <span class='ocrx_word' id='word_1_97' title='bbox 1548 1389 1761 1445; x_wconf 87' lang='lat' dir='ltr'><strong>creavit</strong></span> <span class='ocrx_word' id='word_1_98' title='bbox 1804 1390 1862 1443; x_wconf 87' lang='lat' dir='ltr'><strong>in</strong></span> <span class='ocrx_word' id='word_1_99' title='bbox 1905 1389 2092 1445; x_wconf 89' lang='lat' dir='ltr'><strong>ﬁrma-</strong></span> 
     </span>
    </p>
   </div>
   <div class='ocr_carea' id='block_1_16' title="bbox 507 1482 2092 1552">
    <p class='ocr_par' dir='ltr' id='par_1_16' title="bbox 507 1482 2092 1552">
     <span class='ocr_line' id='line_1_16' title="bbox 507 1482 2092 1552; baseline 0.002 -19"><span class='ocrx_word' id='word_1_100' title='bbox 507 1489 696 1535; x_wconf 90' lang='lat' dir='ltr'><strong>mento</strong></span> <span class='ocrx_word' id='word_1_101' title='bbox 726 1499 738 1534; x_wconf 88' lang='lat'><strong>:</strong></span> <span class='ocrx_word' id='word_1_102' title='bbox 775 1482 948 1536; x_wconf 82' lang='lat' dir='ltr'><strong>solem</strong></span> <span class='ocrx_word' id='word_1_103' title='bbox 981 1491 1166 1536; x_wconf 90' lang='lat' dir='ltr'><strong>autem</strong></span> <span class='ocrx_word' id='word_1_104' title='bbox 1207 1490 1266 1536; x_wconf 92' lang='lat' dir='ltr'><strong>et</strong></span> <span class='ocrx_word' id='word_1_105' title='bbox 1299 1482 1486 1536; x_wconf 89' lang='lat' dir='ltr'><strong>lunam</strong></span> <span class='ocrx_word' id='word_1_106' title='bbox 1523 1497 1648 1536; x_wconf 91' lang='lat' dir='ltr'><strong>cum</strong></span> <span class='ocrx_word' id='word_1_107' title='bbox 1682 1498 1782 1552; x_wconf 89' lang='lat' dir='ltr'><strong>per</strong></span> <span class='ocrx_word' id='word_1_108' title='bbox 1815 1497 1876 1536; x_wconf 91' lang='lat' dir='ltr'><strong>se</strong></span> <span class='ocrx_word' id='word_1_109' title='bbox 1922 1499 2092 1551; x_wconf 90' lang='lat' dir='ltr'><strong>super</strong></span> 
     </span>
    </p>
   </div>
   <div class='ocr_carea' id='block_1_17' title="bbox 509 1573 2088 1642">
    <p class='ocr_par' dir='ltr' id='par_1_17' title="bbox 509 1573 2088 1642">
     <span class='ocr_line' id='line_1_17' title="bbox 509 1573 2088 1642; baseline 0.003 -16"><span class='ocrx_word' id='word_1_110' title='bbox 509 1580 740 1634; x_wconf 89' lang='lat' dir='ltr'><strong>terram,</strong></span> <span class='ocrx_word' id='word_1_111' title='bbox 776 1581 1038 1642; x_wconf 86' lang='lat' dir='ltr'><strong>tanquam</strong></span> <span class='ocrx_word' id='word_1_112' title='bbox 1069 1573 1245 1628; x_wconf 86' lang='lat' dir='ltr'><strong>Adam</strong></span> <span class='ocrx_word' id='word_1_113' title='bbox 1269 1583 1324 1629; x_wconf 89' lang='lat' dir='ltr'><strong>et</strong></span> <span class='ocrx_word' id='word_1_114' title='bbox 1354 1575 1545 1634; x_wconf 87' lang='lat' dir='ltr'><strong>Evam.</strong></span> <span class='ocrx_word' id='word_1_115' title='bbox 1582 1583 1731 1629; x_wconf 78' lang='lat' dir='ltr'><strong>esset</strong></span> <span class='ocrx_word' id='word_1_116' title='bbox 1760 1574 2088 1639; x_wconf 80' lang='lat' dir='ltr'><strong>fabricatus,</strong></span> 
     </span>
    </p>
   </div>
   <div class='ocr_carea' id='block_1_18' title="bbox 504 1664 2088 1735">
    <p class='ocr_par' dir='ltr' id='par_1_18' title="bbox 504 1664 2088 1735">
     <span class='ocr_line' id='line_1_18' title="bbox 504 1664 2088 1735; baseline 0.003 -19"><span class='ocrx_word' id='word_1_117' title='bbox 504 1673 698 1734; x_wconf 80' lang='lat' dir='ltr'><strong>postea</strong></span> <span class='ocrx_word' id='word_1_118' title='bbox 721 1679 819 1718; x_wconf 92' lang='lat' dir='ltr'><strong>eos</strong></span> <span class='ocrx_word' id='word_1_119' title='bbox 842 1664 896 1716; x_wconf 90' lang='lat' dir='ltr'><strong>in</strong></span> <span class='ocrx_word' id='word_1_120' title='bbox 927 1665 1099 1718; x_wconf 86' lang='lat' dir='ltr'><strong>altum</strong></span> <span class='ocrx_word' id='word_1_121' title='bbox 1129 1665 1378 1719; x_wconf 88' lang='lat' dir='ltr'><strong>sublatos</strong></span> <span class='ocrx_word' id='word_1_122' title='bbox 1408 1665 1592 1735; x_wconf 85' lang='lat' dir='ltr'><strong>posuit</strong></span> <span class='ocrx_word' id='word_1_123' title='bbox 1627 1665 1681 1720; x_wconf 91' lang='lat' dir='ltr'><strong>in</strong></span> <span class='ocrx_word' id='word_1_124' title='bbox 1716 1665 2088 1720; x_wconf 89' lang='lat' dir='ltr'><strong>ﬁrmamento.</strong></span> 
     </span>
    </p>
   </div>
   <div class='ocr_carea' id='block_1_19' title="bbox 2191 477 3767 548">
    <p class='ocr_par' dir='ltr' id='par_1_19' title="bbox 2191 477 3767 548">
     <span class='ocr_line' id='line_1_19' title="bbox 2191 477 3767 548; baseline 0.004 -17"><span class='ocrx_word' id='word_1_125' title='bbox 2191 477 2381 541; x_wconf 76' lang='lat' dir='ltr'><strong>caelis;</strong></span> <span class='ocrx_word' id='word_1_126' title='bbox 2419 485 2476 530; x_wconf 87' lang='lat' dir='ltr'><strong>et</strong></span> <span class='ocrx_word' id='word_1_127' title='bbox 2504 477 2627 531; x_wconf 90' lang='lat' dir='ltr'><strong>ideo</strong></span> <span class='ocrx_word' id='word_1_128' title='bbox 2657 491 2754 534; x_wconf 86' lang='lat' dir='ltr'><strong>eas</strong></span> <span class='ocrx_word' id='word_1_129' title='bbox 2784 477 2970 546; x_wconf 87' lang='lat' dir='ltr'><strong>posuit</strong></span> <span class='ocrx_word' id='word_1_130' title='bbox 2991 486 3290 548; x_wconf 78' lang='lat' dir='ltr'><strong>antequam</strong></span> <span class='ocrx_word' id='word_1_131' title='bbox 3323 477 3586 535; x_wconf 87' lang='lat' dir='ltr'><strong>illuceret</strong></span> <span class='ocrx_word' id='word_1_132' title='bbox 3611 479 3767 538; x_wconf 85' lang='lat' dir='ltr'><strong>solet</strong></span> 
     </span>
    </p>
   </div>
   <div class='ocr_carea' id='block_1_20' title="bbox 2191 567 3769 638">
    <p class='ocr_par' dir='ltr' id='par_1_20' title="bbox 2191 567 3769 638">
     <span class='ocr_line' id='line_1_20' title="bbox 2191 567 3769 638; baseline 0.006 -17"><span class='ocrx_word' id='word_1_133' title='bbox 2191 568 2321 622; x_wconf 84' lang='lat' dir='ltr'><strong>luna</strong></span> <span class='ocrx_word' id='word_1_134' title='bbox 2356 582 2524 636; x_wconf 82' lang='lat' dir='ltr'><strong>super</strong></span> <span class='ocrx_word' id='word_1_135' title='bbox 2574 576 2797 621; x_wconf 89' lang='lat' dir='ltr'><strong>terram.</strong></span> <span class='ocrx_word' id='word_1_136' title='bbox 2831 567 2966 636; x_wconf 85' lang='lat' dir='ltr'><strong>Nam</strong></span> <span class='ocrx_word' id='word_1_137' title='bbox 2999 578 3128 634; x_wconf 84' lang='lat' dir='ltr'><strong>ante</strong></span> <span class='ocrx_word' id='word_1_138' title='bbox 3178 570 3350 626; x_wconf 88' lang='lat' dir='ltr'><strong>solem</strong></span> <span class='ocrx_word' id='word_1_139' title='bbox 3375 569 3681 638; x_wconf 88' lang='lat' dir='ltr'><strong>Christum,</strong></span> <span class='ocrx_word' id='word_1_140' title='bbox 3717 584 3769 630; x_wconf 86' lang='lat' dir='ltr'><strong>et</strong></span> 
     </span>
    </p>
   </div>
   <div class='ocr_carea' id='block_1_21' title="bbox 2191 653 3767 731">
    <p class='ocr_par' dir='ltr' id='par_1_21' title="bbox 2191 653 3767 731">
     <span class='ocr_line' id='line_1_21' title="bbox 2191 653 3767 731; baseline 0.003 -19"><span class='ocrx_word' id='word_1_141' title='bbox 2191 657 2378 712; x_wconf 90' lang='lat' dir='ltr'><strong>lunam</strong></span> <span class='ocrx_word' id='word_1_142' title='bbox 2411 653 2735 722; x_wconf 84' lang='lat' dir='ltr'><strong>Ecclesiam,</strong></span> <span class='ocrx_word' id='word_1_143' title='bbox 2763 657 3124 715; x_wconf 74' lang='lat' dir='ltr'><strong>divinissimae</strong></span> <span class='ocrx_word' id='word_1_144' title='bbox 3170 676 3394 731; x_wconf 88' lang='lat' dir='ltr'><strong>quoque</strong></span> <span class='ocrx_word' id='word_1_145' title='bbox 3424 671 3643 727; x_wconf 85' lang='lat' dir='ltr'><strong>mentes</strong></span> <span class='ocrx_word' id='word_1_146' title='bbox 3677 679 3767 718; x_wconf 85' lang='lat' dir='ltr'><strong>seu</strong></span> 
     </span>
    </p>
   </div>
   <div class='ocr_carea' id='block_1_22' title="bbox 2192 746 3768 824">
    <p class='ocr_par' dir='ltr' id='par_1_22' title="bbox 2192 746 3768 824">
     <span class='ocr_line' id='line_1_22' title="bbox 2192 746 3768 824; baseline 0.004 -22"><span class='ocrx_word' id='word_1_147' title='bbox 2192 746 2594 818; x_wconf 66' lang='lat' dir='ltr'><strong>intelligentiae.</strong></span> <span class='ocrx_word' id='word_1_148' title='bbox 2627 749 2809 804; x_wconf 89' lang='lat' dir='ltr'><strong>lucem</strong></span> <span class='ocrx_word' id='word_1_149' title='bbox 2832 751 3155 820; x_wconf 68' lang='lat' dir='ltr'><strong>prmbebant</strong></span> <span class='ocrx_word' id='word_1_150' title='bbox 3186 751 3254 805; x_wconf 90' lang='lat' dir='ltr'><strong>iis</strong></span> <span class='ocrx_word' id='word_1_151' title='bbox 3276 753 3372 821; x_wconf 88' lang='lat' dir='ltr'><strong>qui</strong></span> <span class='ocrx_word' id='word_1_152' title='bbox 3404 763 3571 820; x_wconf 81' lang='lat' dir='ltr'><strong>erant</strong></span> <span class='ocrx_word' id='word_1_153' title='bbox 3611 771 3768 824; x_wconf 85' lang='lat' dir='ltr'><strong>super</strong></span> 
     </span>
    </p>
   </div>
   <div class='ocr_carea' id='block_1_23' title="bbox 2194 841 3770 916">
    <p class='ocr_par' dir='ltr' id='par_1_23' title="bbox 2194 841 3770 916">
     <span class='ocr_line' id='line_1_23' title="bbox 2194 841 3770 916; baseline 0.005 -24"><span class='ocrx_word' id='word_1_154' title='bbox 2194 845 2418 902; x_wconf 90' lang='lat' dir='ltr'><strong>terram,</strong></span> <span class='ocrx_word' id='word_1_155' title='bbox 2445 841 2616 895; x_wconf 80' lang='lat' dir='ltr'><strong>variis</strong></span> <span class='ocrx_word' id='word_1_156' title='bbox 2642 841 2821 896; x_wconf 78' lang='lat' dir='ltr'><strong>modis</strong></span> <span class='ocrx_word' id='word_1_157' title='bbox 2849 843 2928 895; x_wconf 89' lang='lat' dir='ltr'><strong>eis</strong></span> <span class='ocrx_word' id='word_1_158' title='bbox 2957 844 3302 898; x_wconf 83' lang='lat' dir='ltr'><strong>assistentes.</strong></span> <span class='ocrx_word' id='word_1_159' title='bbox 3334 844 3469 898; x_wconf 70' lang='lat' dir='ltr'><strong>Nam</strong></span> <span class='ocrx_word' id='word_1_160' title='bbox 3495 848 3643 916; x_wconf 81' lang='lat' dir='ltr'><strong>quod</strong></span> <span class='ocrx_word' id='word_1_161' title='bbox 3669 847 3770 900; x_wconf 88' lang='lat' dir='ltr'><strong>duo</strong></span> 
     </span>
    </p>
   </div>
   <div class='ocr_carea' id='block_1_24' title="bbox 2193 929 3770 1004">
    <p class='ocr_par' dir='ltr' id='par_1_24' title="bbox 2193 929 3770 1004">
     <span class='ocr_line' id='line_1_24' title="bbox 2193 929 3770 1004; baseline 0.004 -20"><span class='ocrx_word' id='word_1_162' title='bbox 2193 929 2310 984; x_wconf 66' lang='lat' dir='ltr'><strong>haec</strong></span> <span class='ocrx_word' id='word_1_163' title='bbox 2339 947 2534 1000; x_wconf 85' lang='lat' dir='ltr'><strong>magna</strong></span> <span class='ocrx_word' id='word_1_164' title='bbox 2565 933 2858 988; x_wconf 84' lang='lat' dir='ltr'><strong>luminaria</strong></span> <span class='ocrx_word' id='word_1_165' title='bbox 2889 949 3058 1004; x_wconf 87' lang='lat' dir='ltr'><strong>super</strong></span> <span class='ocrx_word' id='word_1_166' title='bbox 3087 942 3290 988; x_wconf 87' lang='lat' dir='ltr'><strong>terram</strong></span> <span class='ocrx_word' id='word_1_167' title='bbox 3339 936 3484 990; x_wconf 88' lang='lat' dir='ltr'><strong>Dens</strong></span> <span class='ocrx_word' id='word_1_168' title='bbox 3517 948 3770 996; x_wconf 79' lang='lat' dir='ltr'><strong>constru-</strong></span> 
     </span>
    </p>
   </div>
   <div class='ocr_carea' id='block_1_25' title="bbox 2193 1021 3772 1098">
    <p class='ocr_par' dir='ltr' id='par_1_25' title="bbox 2193 1021 3772 1098">
     <span class='ocr_line' id='line_1_25' title="bbox 2193 1021 3772 1098; baseline 0.006 -24"><span class='ocrx_word' id='word_1_169' title='bbox 2193 1021 2431 1084; x_wconf 81' lang='lat' dir='ltr'><strong>xerit,et</strong></span> <span class='ocrx_word' id='word_1_170' title='bbox 2464 1023 2665 1078; x_wconf 86' lang='lat' dir='ltr'><strong>deinde</strong></span> <span class='ocrx_word' id='word_1_171' title='bbox 2696 1023 2749 1078; x_wconf 91' lang='lat' dir='ltr'><strong>in</strong></span> <span class='ocrx_word' id='word_1_172' title='bbox 2775 1024 3120 1081; x_wconf 89' lang='lat' dir='ltr'><strong>ﬁrmamento</strong></span> <span class='ocrx_word' id='word_1_173' title='bbox 3142 1027 3265 1080; x_wconf 60' lang='lat' dir='ltr'><strong>caeli</strong></span> <span class='ocrx_word' id='word_1_174' title='bbox 3301 1043 3365 1081; x_wconf 90' lang='lat' dir='ltr'><strong>ea</strong></span> <span class='ocrx_word' id='word_1_175' title='bbox 3399 1029 3681 1098; x_wconf 84' lang='lat' dir='ltr'><strong>posuerit;</strong></span> <span class='ocrx_word' id='word_1_176' title='bbox 3709 1046 3772 1084; x_wconf 80' lang='lat' dir='ltr'><strong>ex</strong></span> 
     </span>
    </p>
   </div>
   <div class='ocr_carea' id='block_1_26' title="bbox 2195 1111 3748 1191">
    <p class='ocr_par' dir='ltr' id='par_1_26' title="bbox 2195 1111 3748 1191">
     <span class='ocr_line' id='line_1_26' title="bbox 2195 1111 3748 1191; baseline 0.009 -27"><span class='ocrx_word' id='word_1_177' title='bbox 2195 1111 2329 1180; x_wconf 85' lang='lat' dir='ltr'><strong>ipsis</strong></span> <span class='ocrx_word' id='word_1_178' title='bbox 2355 1111 2656 1182; x_wconf 80' lang='lat' dir='ltr'><strong>Scripturae</strong></span> <span class='ocrx_word' id='word_1_179' title='bbox 2694 1116 2880 1170; x_wconf 86' lang='lat' dir='ltr'><strong>verbis</strong></span> <span class='ocrx_word' id='word_1_180' title='bbox 2915 1115 3207 1170; x_wconf 85' lang='lat' dir='ltr'><strong>discimus.</strong></span> <span class='ocrx_word' id='word_1_181' title='bbox 3247 1119 3390 1184; x_wconf 79' lang='lat' dir='ltr'><strong>Dicit</strong></span> <span class='ocrx_word' id='word_1_182' title='bbox 3440 1120 3591 1173; x_wconf 89' lang='lat' dir='ltr'><strong>enim</strong></span> <span class='ocrx_word' id='word_1_183' title='bbox 3616 1121 3748 1191; x_wconf 73' lang='lat' dir='ltr'><strong>legi!</strong></span> 
     </span>
    </p>
   </div>
   <div class='ocr_carea' id='block_1_27' title="bbox 2192 1203 3773 1278">
    <p class='ocr_par' dir='ltr' id='par_1_27' title="bbox 2192 1203 3773 1278">
     <span class='ocr_line' id='line_1_27' title="bbox 2192 1203 3773 1278; baseline 0.006 -22"><span class='ocrx_word' id='word_1_184' title='bbox 2192 1203 2334 1261; x_wconf 85' lang='lat' dir='ltr'><strong>lator</strong></span> <span class='ocrx_word' id='word_1_185' title='bbox 2378 1205 2598 1260; x_wconf 80' lang='lat' dir='ltr'><strong>Moses:</strong></span> <span class='ocrx_word' id='word_1_186' title='bbox 2659 1207 2726 1261; x_wconf 81' lang='lat' dir='ltr'><strong>Et</strong></span> <span class='ocrx_word' id='word_1_187' title='bbox 2758 1210 2894 1262; x_wconf 73' lang='lat' dir='ltr'><strong>dixit</strong></span> <span class='ocrx_word' id='word_1_188' title='bbox 2953 1208 3130 1275; x_wconf 79' lang='lat' dir='ltr'><strong>Deus,</strong></span> <span class='ocrx_word' id='word_1_189' title='bbox 3161 1210 3300 1278; x_wconf 78' lang='lat' dir='ltr'><strong>[iant</strong></span> <span class='ocrx_word' id='word_1_190' title='bbox 3365 1211 3660 1266; x_wconf 78' lang='lat' dir='ltr'><strong>luminaria</strong></span> <span class='ocrx_word' id='word_1_191' title='bbox 3721 1215 3773 1266; x_wconf 86' lang='lat' dir='ltr'><strong>in</strong></span> 
     </span>
    </p>
   </div>
   <div class='ocr_carea' id='block_1_28' title="bbox 2189 1295 3777 1376">
    <p class='ocr_par' dir='ltr' id='par_1_28' title="bbox 2189 1295 3777 1376">
     <span class='ocr_line' id='line_1_28' title="bbox 2189 1295 3777 1376; baseline 0.008 -27"><span class='ocrx_word' id='word_1_192' title='bbox 2189 1295 2530 1364; x_wconf 77' lang='lat' dir='ltr'><strong>ﬁrmamento</strong></span> <span class='ocrx_word' id='word_1_193' title='bbox 2583 1300 2743 1368; x_wconf 64' lang='lat' dir='ltr'><strong>cali;</strong></span> <span class='ocrx_word' id='word_1_194' title='bbox 2792 1310 2854 1355; x_wconf 89' lang='lat' dir='ltr'><strong>ut</strong></span> <span class='ocrx_word' id='word_1_195' title='bbox 2907 1302 3003 1372; x_wconf 91' lang='lat' dir='ltr'><strong>qui</strong></span> <span class='ocrx_word' id='word_1_196' title='bbox 3063 1318 3166 1358; x_wconf 88' lang='lat' dir='ltr'><strong>suo</strong></span> <span class='ocrx_word' id='word_1_197' title='bbox 3209 1305 3365 1376; x_wconf 81' lang='lat' dir='ltr'><strong>jussu</strong></span> <span class='ocrx_word' id='word_1_198' title='bbox 3421 1305 3620 1360; x_wconf 80' lang='lat' dir='ltr'><strong>fecerit</strong></span> <span class='ocrx_word' id='word_1_199' title='bbox 3663 1307 3777 1364; x_wconf 70' lang='lat' dir='ltr'><strong>haec</strong></span> 
     </span>
    </p>
   </div>
   <div class='ocr_carea' id='block_1_29' title="bbox 2193 1389 3776 1466">
    <p class='ocr_par' dir='ltr' id='par_1_29' title="bbox 2193 1389 3776 1466">
     <span class='ocr_line' id='line_1_29' title="bbox 2193 1389 3776 1466; baseline 0.008 -26"><span class='ocrx_word' id='word_1_200' title='bbox 2193 1389 2439 1452; x_wconf 86' lang='lat' dir='ltr'><strong>sensilia,</strong></span> <span class='ocrx_word' id='word_1_201' title='bbox 2469 1390 2566 1444; x_wconf 83' lang='lat' dir='ltr'><strong>sed</strong></span> <span class='ocrx_word' id='word_1_202' title='bbox 2597 1400 2652 1445; x_wconf 87' lang='lat' dir='ltr'><strong>et</strong></span> <span class='ocrx_word' id='word_1_203' title='bbox 2675 1408 2738 1446; x_wconf 89' lang='lat' dir='ltr'><strong>ea</strong></span> <span class='ocrx_word' id='word_1_204' title='bbox 2777 1408 2900 1462; x_wconf 75' lang='lat' dir='ltr'><strong>quae</strong></span> <span class='ocrx_word' id='word_1_205' title='bbox 2940 1393 3146 1448; x_wconf 87' lang='lat' dir='ltr'><strong>cadunt</strong></span> <span class='ocrx_word' id='word_1_206' title='bbox 3199 1395 3304 1448; x_wconf 90' lang='lat' dir='ltr'><strong>sub</strong></span> <span class='ocrx_word' id='word_1_207' title='bbox 3357 1395 3776 1466; x_wconf 77' lang='lat' dir='ltr'><strong>inteliigentiam</strong></span> 
     </span>
    </p>
   </div>
   <div class='ocr_carea' id='block_1_30' title="bbox 2193 1483 3776 1556">
    <p class='ocr_par' dir='ltr' id='par_1_30' title="bbox 2193 1483 3776 1556">
     <span class='ocr_line' id='line_1_30' title="bbox 2193 1483 3776 1556; baseline 0.007 -24"><span class='ocrx_word' id='word_1_208' title='bbox 2193 1488 2510 1535; x_wconf 91' lang='lat' dir='ltr'><strong>sanctorum</strong></span> <span class='ocrx_word' id='word_1_209' title='bbox 2541 1483 2860 1552; x_wconf 77' lang='lat' dir='ltr'><strong>angelorum</strong></span> <span class='ocrx_word' id='word_1_210' title='bbox 2889 1485 3182 1540; x_wconf 90' lang='lat' dir='ltr'><strong>luminaria</strong></span> <span class='ocrx_word' id='word_1_211' title='bbox 3215 1506 3227 1540; x_wconf 90' lang='lat'>:</span> <span class='ocrx_word' id='word_1_212' title='bbox 3269 1487 3390 1556; x_wconf 74' lang='lat' dir='ltr'><strong>Ipse</strong></span> <span class='ocrx_word' id='word_1_213' title='bbox 3425 1489 3574 1542; x_wconf 89' lang='lat' dir='ltr'><strong>enim</strong></span> <span class='ocrx_word' id='word_1_214' title='bbox 3607 1490 3776 1554; x_wconf 68' lang='lat' dir='ltr'><strong>dixit,</strong></span> 
     </span>
    </p>
   </div>
   <div class='ocr_carea' id='block_1_31' title="bbox 2192 1569 3779 1643">
    <p class='ocr_par' dir='ltr' id='par_1_31' title="bbox 2192 1569 3779 1643">
     <span class='ocr_line' id='line_1_31' title="bbox 2192 1569 3779 1643; baseline 0.009 -23"><span class='ocrx_word' id='word_1_215' title='bbox 2192 1576 2240 1621; x_wconf 87' lang='lat' dir='ltr'><strong>et</strong></span> <span class='ocrx_word' id='word_1_216' title='bbox 2271 1569 2414 1639; x_wconf 81' lang='lat' dir='ltr'><strong>facta</strong></span> <span class='ocrx_word' id='word_1_217' title='bbox 2439 1582 2563 1625; x_wconf 82' lang='lat' dir='ltr'><strong>sunt</strong></span> <span class='ocrx_word' id='word_1_218' title='bbox 2599 1589 2617 1627; x_wconf 93' lang='lat'><em>:</em></span> <span class='ocrx_word' id='word_1_219' title='bbox 2645 1575 2754 1643; x_wconf 73' lang='lat' dir='ltr'><strong>ipse</strong></span> <span class='ocrx_word' id='word_1_220' title='bbox 2780 1575 3055 1629; x_wconf 78' lang='lat' dir='ltr'><strong>mandavit</strong></span> <span class='ocrx_word' id='word_1_221' title='bbox 3087 1584 3137 1630; x_wconf 86' lang='lat' dir='ltr'><strong>et</strong></span> <span class='ocrx_word' id='word_1_222' title='bbox 3185 1587 3366 1632; x_wconf 84' lang='lat' dir='ltr'><strong>creata</strong></span> <span class='ocrx_word' id='word_1_223' title='bbox 3399 1587 3530 1632; x_wconf 77' lang='lat' dir='ltr'><strong>sunt</strong></span> <span class='ocrx_word' id='word_1_224' title='bbox 3563 1580 3625 1631; x_wconf 78' lang='lat'><strong>&quot;.</strong></span> <span class='ocrx_word' id='word_1_225' title='bbox 3662 1581 3779 1635; x_wconf 84' lang='lat' dir='ltr'><strong>Duo</strong></span> 
     </span>
    </p>
   </div>
   <div class='ocr_carea' id='block_1_32' title="bbox 2194 1663 3780 1725">
    <p class='ocr_par' dir='ltr' id='par_1_32' title="bbox 2194 1663 3780 1725">
     <span class='ocr_line' id='line_1_32' title="bbox 2194 1663 3780 1725; baseline 0.004 -7"><span class='ocrx_word' id='word_1_226' title='bbox 2194 1670 2378 1718; x_wconf 88' lang='lat' dir='ltr'><strong>autem</strong></span> <span class='ocrx_word' id='word_1_227' title='bbox 2406 1663 2699 1719; x_wconf 88' lang='lat' dir='ltr'><strong>luminaria</strong></span> <span class='ocrx_word' id='word_1_228' title='bbox 2716 1680 2828 1720; x_wconf 90' lang='lat' dir='ltr'><strong>non</strong></span> <span class='ocrx_word' id='word_1_229' title='bbox 2851 1665 2934 1721; x_wconf 91' lang='lat' dir='ltr'><strong>sic</strong></span> <span class='ocrx_word' id='word_1_230' title='bbox 2955 1683 2970 1722; x_wconf 87' lang='lat'><strong>:</strong></span> <span class='ocrx_word' id='word_1_231' title='bbox 2993 1666 3090 1722; x_wconf 91' lang='lat' dir='ltr'><strong>sed</strong></span> <span class='ocrx_word' id='word_1_232' title='bbox 3121 1685 3134 1720; x_wconf 90' lang='lat'><strong>:</strong></span> <span class='ocrx_word' id='word_1_233' title='bbox 3161 1667 3303 1722; x_wconf 81' lang='lat' dir='ltr'><strong>Fecit</strong></span> <span class='ocrx_word' id='word_1_234' title='bbox 3333 1669 3471 1724; x_wconf 79' lang='lat' dir='ltr'><strong>Deus</strong></span> <span class='ocrx_word' id='word_1_235' title='bbox 3489 1669 3780 1725; x_wconf 76' lang='lat' dir='ltr'><strong>luminaria</strong></span> 
     </span>
    </p>
   </div>
   <div class='ocr_carea' id='block_1_33' title="bbox 580 1733 3781 1838">
    <p class='ocr_par' dir='ltr' id='par_1_33' title="bbox 580 1733 3781 1838">
     <span class='ocr_line' id='line_1_33' title="bbox 580 1733 3781 1838; baseline 0.001 -28"><span class='ocrx_word' id='word_1_236' title='bbox 580 1757 881 1825; x_wconf 85' lang='lat' dir='ltr'><strong>Propterea</strong></span> <span class='ocrx_word' id='word_1_237' title='bbox 910 1772 1036 1810; x_wconf 88' lang='lat' dir='ltr'><strong>eum</strong></span> <span class='ocrx_word' id='word_1_238' title='bbox 1067 1757 1185 1812; x_wconf 58' lang='lat' dir='ltr'><strong>haec</strong></span> <span class='ocrx_word' id='word_1_239' title='bbox 1211 1758 1372 1812; x_wconf 89' lang='lat' dir='ltr'><strong>audis</strong></span> <span class='ocrx_word' id='word_1_240' title='bbox 1407 1758 1502 1828; x_wconf 88' lang='lat' dir='ltr'><strong>qui</strong></span> <span class='ocrx_word' id='word_1_241' title='bbox 1533 1758 1643 1812; x_wconf 84' lang='lat' dir='ltr'><strong>vim</strong></span> <span class='ocrx_word' id='word_1_242' title='bbox 1685 1759 1858 1815; x_wconf 84' lang='lat' dir='ltr'><strong>habes</strong></span> <span class='ocrx_word' id='word_1_243' title='bbox 1893 1775 2093 1830; x_wconf 75' lang='lat' dir='ltr'><strong>cogno-</strong></span> <span class='ocrx_word' id='word_1_244' title='bbox 2126 1733 2167 1790; x_wconf 72' lang='grc' dir='ltr'><strong>θ</strong></span> <span class='ocrx_word' id='word_1_245' title='bbox 2198 1772 2416 1826; x_wconf 86' lang='lat' dir='ltr'><strong>magna,</strong></span> <span class='ocrx_word' id='word_1_246' title='bbox 2456 1764 2506 1808; x_wconf 82' lang='lat' dir='ltr'><strong>et</strong></span> <span class='ocrx_word' id='word_1_247' title='bbox 2543 1757 2717 1825; x_wconf 74' lang='lat' dir='ltr'><strong>posuit</strong></span> <span class='ocrx_word' id='word_1_248' title='bbox 2761 1773 2823 1810; x_wconf 86' lang='lat' dir='ltr'><strong>ea</strong></span> <span class='ocrx_word' id='word_1_249' title='bbox 2866 1757 2921 1810; x_wconf 85' lang='lat' dir='ltr'><strong>in</strong></span> <span class='ocrx_word' id='word_1_250' title='bbox 2965 1757 3306 1824; x_wconf 78' lang='lat' dir='ltr'><strong>ﬁrmamento</strong></span> <span class='ocrx_word' id='word_1_251' title='bbox 3351 1759 3487 1814; x_wconf 75' lang='lat' dir='ltr'><strong>cceli.</strong></span> <span class='ocrx_word' id='word_1_252' title='bbox 3535 1759 3781 1838; x_wconf 85' lang='lat' dir='ltr'><strong>Primum</strong></span> 
     </span>
    </p>
   </div>
   <div class='ocr_carea' id='block_1_34' title="bbox 507 1847 2096 1914">
    <p class='ocr_par' dir='ltr' id='par_1_34' title="bbox 507 1847 2096 1914">
     <span class='ocr_line' id='line_1_34' title="bbox 507 1847 2096 1914; baseline 0.001 -10"><span class='ocrx_word' id='word_1_253' title='bbox 507 1847 722 1911; x_wconf 89' lang='lat' dir='ltr'><strong>seendi,</strong></span> <span class='ocrx_word' id='word_1_254' title='bbox 763 1862 798 1902; x_wconf 94' lang='lat' dir='ltr'><strong>o</strong></span> <span class='ocrx_word' id='word_1_255' title='bbox 825 1849 1069 1914; x_wconf 87' lang='lat' dir='ltr'><strong>auditor,</strong></span> <span class='ocrx_word' id='word_1_256' title='bbox 1111 1849 1226 1904; x_wconf 90' lang='lat' dir='ltr'><strong>noli</strong></span> <span class='ocrx_word' id='word_1_257' title='bbox 1274 1849 1520 1912; x_wconf 73' lang='lat' dir='ltr'><strong>differre,</strong></span> <span class='ocrx_word' id='word_1_258' title='bbox 1549 1849 1645 1906; x_wconf 92' lang='lat' dir='ltr'><strong>sed</strong></span> <span class='ocrx_word' id='word_1_259' title='bbox 1678 1852 1849 1906; x_wconf 87' lang='lat' dir='ltr'><strong>transi</strong></span> <span class='ocrx_word' id='word_1_260' title='bbox 1881 1860 1938 1906; x_wconf 91' lang='lat' dir='ltr'><strong>et</strong></span> <span class='ocrx_word' id='word_1_261' title='bbox 1975 1868 2096 1906; x_wconf 86' lang='lat' dir='ltr'><strong>rur-</strong></span> 
     </span>
    </p>
   </div>
   <div class='ocr_carea' id='block_1_35' title="bbox 509 1943 2094 2016">
    <p class='ocr_par' dir='ltr' id='par_1_35' title="bbox 509 1943 2094 2016">
     <span class='ocr_line' id='line_1_35' title="bbox 509 1943 2094 2016; baseline 0.003 -19"><span class='ocrx_word' id='word_1_262' title='bbox 509 1957 605 1998; x_wconf 90' lang='lat' dir='ltr'><strong>sus</strong></span> <span class='ocrx_word' id='word_1_263' title='bbox 663 1943 1039 2014; x_wconf 83' lang='lat' dir='ltr'><strong>ingrediamur</strong></span> <span class='ocrx_word' id='word_1_264' title='bbox 1083 1945 1139 2000; x_wconf 94' lang='lat' dir='ltr'><strong>in</strong></span> <span class='ocrx_word' id='word_1_265' title='bbox 1181 1945 1445 2000; x_wconf 89' lang='lat' dir='ltr'><strong>interiora</strong></span> <span class='ocrx_word' id='word_1_266' title='bbox 1498 1946 1606 2000; x_wconf 85' lang='lat' dir='ltr'><strong>vcli</strong></span> <span class='ocrx_word' id='word_1_267' title='bbox 1653 1945 1960 2016; x_wconf 63' lang='lat' dir='ltr'><strong>Scripturaa</strong></span> <span class='ocrx_word' id='word_1_268' title='bbox 1991 1987 2006 2012; x_wconf 93' lang='lat'><strong>,</strong></span> <span class='ocrx_word' id='word_1_269' title='bbox 2036 1946 2094 2002; x_wconf 89' lang='lat' dir='ltr'><strong>in</strong></span> 
     </span>
    </p>
   </div>
   <div class='ocr_carea' id='block_1_36' title="bbox 509 2037 2093 2109">
    <p class='ocr_par' dir='ltr' id='par_1_36' title="bbox 509 2037 2093 2109">
     <span class='ocr_line' id='line_1_36' title="bbox 509 2037 2093 2109; baseline 0.002 -18"><span class='ocrx_word' id='word_1_270' title='bbox 509 2045 736 2091; x_wconf 79' lang='lat' dir='ltr'><strong>externa</strong></span> <span class='ocrx_word' id='word_1_271' title='bbox 773 2037 975 2092; x_wconf 86' lang='lat' dir='ltr'><strong>versati</strong></span> <span class='ocrx_word' id='word_1_272' title='bbox 1004 2037 1359 2107; x_wconf 90' lang='lat' dir='ltr'><strong>philosophia</strong></span> <span class='ocrx_word' id='word_1_273' title='bbox 1384 2077 1398 2102; x_wconf 93' lang='lat'><strong>,</strong></span> <span class='ocrx_word' id='word_1_274' title='bbox 1425 2053 1484 2091; x_wconf 90' lang='lat' dir='ltr'><strong>re</strong></span> <span class='ocrx_word' id='word_1_275' title='bbox 1531 2039 1692 2094; x_wconf 89' lang='lat' dir='ltr'><strong>nobis</strong></span> <span class='ocrx_word' id='word_1_276' title='bbox 1747 2038 2093 2109; x_wconf 85' lang='lat' dir='ltr'><strong>signiﬁcante</strong></span> 
     </span>
    </p>
   </div>
   <div class='ocr_carea' id='block_1_37' title="bbox 511 2127 2096 2198">
    <p class='ocr_par' dir='ltr' id='par_1_37' title="bbox 511 2127 2096 2198">
     <span class='ocr_line' id='line_1_37' title="bbox 511 2127 2096 2198; baseline 0.003 -17"><span class='ocrx_word' id='word_1_277' title='bbox 511 2127 674 2198; x_wconf 83' lang='lat' dir='ltr'><strong>adyta</strong></span> <span class='ocrx_word' id='word_1_278' title='bbox 697 2136 1012 2182; x_wconf 90' lang='lat' dir='ltr'><strong>sanctarum</strong></span> <span class='ocrx_word' id='word_1_279' title='bbox 1037 2127 1458 2198; x_wconf 82' lang='lat' dir='ltr'><strong>cogitationum.</strong></span> <span class='ocrx_word' id='word_1_280' title='bbox 1489 2128 1605 2184; x_wconf 93' lang='lat' dir='ltr'><strong>lloc</strong></span> <span class='ocrx_word' id='word_1_281' title='bbox 1632 2128 1780 2184; x_wconf 92' lang='lat' dir='ltr'><strong>enim</strong></span> <span class='ocrx_word' id='word_1_282' title='bbox 1807 2144 1909 2184; x_wconf 90' lang='lat' dir='ltr'><strong>nos</strong></span> <span class='ocrx_word' id='word_1_283' title='bbox 1932 2130 2096 2185; x_wconf 86' lang='lat' dir='ltr'><strong>docet</strong></span> 
     </span>
    </p>
   </div>
   <div class='ocr_carea' id='block_1_38' title="bbox 513 2219 2095 2292">
    <p class='ocr_par' dir='ltr' id='par_1_38' title="bbox 513 2219 2095 2292">
     <span class='ocr_line' id='line_1_38' title="bbox 513 2219 2095 2292; baseline 0.001 -16"><span class='ocrx_word' id='word_1_284' title='bbox 513 2219 801 2290; x_wconf 89' lang='lat' dir='ltr'><strong>Scriptura</strong></span> <span class='ocrx_word' id='word_1_285' title='bbox 827 2222 993 2275; x_wconf 88' lang='lat' dir='ltr'><strong>etiam</strong></span> <span class='ocrx_word' id='word_1_286' title='bbox 1021 2221 1088 2276; x_wconf 90' lang='lat' dir='ltr'><strong>de</strong></span> <span class='ocrx_word' id='word_1_287' title='bbox 1119 2221 1266 2276; x_wconf 76' lang='lat' dir='ltr'><strong>Mosc</strong></span> <span class='ocrx_word' id='word_1_288' title='bbox 1291 2221 1504 2287; x_wconf 84' lang='lat' dir='ltr'><strong>dicens,</strong></span> <span class='ocrx_word' id='word_1_289' title='bbox 1538 2238 1664 2277; x_wconf 89' lang='lat' dir='ltr'><strong>eum</strong></span> <span class='ocrx_word' id='word_1_290' title='bbox 1707 2238 1828 2278; x_wconf 90' lang='lat' dir='ltr'><strong>esse</strong></span> <span class='ocrx_word' id='word_1_291' title='bbox 1879 2223 2095 2292; x_wconf 85' lang='lat' dir='ltr'><strong>ingres-</strong></span> 
     </span>
    </p>
   </div>
   <div class='ocr_carea' id='block_1_39' title="bbox 513 2311 2091 2382">
    <p class='ocr_par' dir='ltr' id='par_1_39' title="bbox 513 2311 2091 2382">
     <span class='ocr_line' id='line_1_39' title="bbox 513 2311 2091 2382; baseline 0.001 -16"><span class='ocrx_word' id='word_1_292' title='bbox 513 2326 636 2366; x_wconf 83' lang='lat' dir='ltr'><strong>sum</strong></span> <span class='ocrx_word' id='word_1_293' title='bbox 665 2311 812 2366; x_wconf 90' lang='lat' dir='ltr'><strong>intra</strong></span> <span class='ocrx_word' id='word_1_294' title='bbox 847 2313 1020 2382; x_wconf 89' lang='lat' dir='ltr'><strong>ipsam</strong></span> <span class='ocrx_word' id='word_1_295' title='bbox 1047 2312 1337 2382; x_wconf 81' lang='lat' dir='ltr'><strong>caliginem</strong></span> <span class='ocrx_word' id='word_1_296' title='bbox 1367 2313 1460 2367; x_wconf 92' lang='lat' dir='ltr'><strong>ubi</strong></span> <span class='ocrx_word' id='word_1_297' title='bbox 1495 2323 1618 2368; x_wconf 86' lang='lat' dir='ltr'><strong>erat</strong></span> <span class='ocrx_word' id='word_1_298' title='bbox 1649 2313 1794 2368; x_wconf 90' lang='lat' dir='ltr'><strong>Deus</strong></span> <span class='ocrx_word' id='word_1_299' title='bbox 1820 2355 1835 2376; x_wconf 89' lang='lat'><strong>,</strong></span> <span class='ocrx_word' id='word_1_300' title='bbox 1861 2313 2052 2370; x_wconf 90' lang='lat' dir='ltr'><strong>dicens</strong></span> <span class='ocrx_word' id='word_1_301' title='bbox 2077 2331 2091 2368; x_wconf 86' lang='lat'><strong>:</strong></span> 
     </span>
    </p>
   </div>
   <div class='ocr_carea' id='block_1_40' title="bbox 513 2401 2099 2486">
    <p class='ocr_par' dir='ltr' id='par_1_40' title="bbox 513 2401 2099 2486">
     <span class='ocr_line' id='line_1_40' title="bbox 513 2401 2099 2486; baseline 0.002 -29"><span class='ocrx_word' id='word_1_302' title='bbox 513 2401 673 2457; x_wconf 81' lang='lat' dir='ltr'><strong>Fiant</strong></span> <span class='ocrx_word' id='word_1_303' title='bbox 715 2402 1003 2458; x_wconf 82' lang='lat' dir='ltr'><strong>luminaria</strong></span> <span class='ocrx_word' id='word_1_304' title='bbox 1040 2406 1096 2458; x_wconf 83' lang='lat' dir='ltr'><strong>in</strong></span> <span class='ocrx_word' id='word_1_305' title='bbox 1123 2405 1464 2486; x_wconf 67' lang='lat' dir='ltr'><strong>ﬁrmamento</strong></span> <span class='ocrx_word' id='word_1_306' title='bbox 1493 2405 1608 2460; x_wconf 69' lang='lat' dir='ltr'><strong>caeli</strong></span> <span class='ocrx_word' id='word_1_307' title='bbox 1645 2408 1718 2461; x_wconf 87' lang='lat' dir='ltr'><strong>ad</strong></span> <span class='ocrx_word' id='word_1_308' title='bbox 1747 2406 2099 2460; x_wconf 75' lang='lat' dir='ltr'><strong>illuminutio-</strong></span> 
     </span>
    </p>
   </div>
   <div class='ocr_carea' id='block_1_41' title="bbox 511 2497 2098 2554">
    <p class='ocr_par' dir='ltr' id='par_1_41' title="bbox 511 2497 2098 2554">
     <span class='ocr_line' id='line_1_41' title="bbox 511 2497 2098 2554; baseline 0.002 -3"><span class='ocrx_word' id='word_1_309' title='bbox 511 2513 638 2551; x_wconf 68' lang='lat' dir='ltr'><strong>nam</strong></span> <span class='ocrx_word' id='word_1_310' title='bbox 660 2504 833 2552; x_wconf 69' lang='lat' dir='ltr'><strong>terrae.</strong></span> <span class='ocrx_word' id='word_1_311' title='bbox 869 2498 997 2552; x_wconf 71' lang='lat' dir='ltr'><strong>llzec</strong></span> <span class='ocrx_word' id='word_1_312' title='bbox 1021 2497 1218 2553; x_wconf 90' lang='lat' dir='ltr'><strong>dicens</strong></span> <span class='ocrx_word' id='word_1_313' title='bbox 1239 2499 1370 2554; x_wconf 82' lang='lat' dir='ltr'><strong>fecit</strong></span> <span class='ocrx_word' id='word_1_314' title='bbox 1397 2506 1454 2554; x_wconf 90' lang='lat' dir='ltr'><strong>et</strong></span> <span class='ocrx_word' id='word_1_315' title='bbox 1484 2497 1601 2553; x_wconf 82' lang='lat' dir='ltr'><strong>ﬁxit</strong></span> <span class='ocrx_word' id='word_1_316' title='bbox 1628 2500 1848 2554; x_wconf 88' lang='lat' dir='ltr'><strong>tertiam</strong></span> <span class='ocrx_word' id='word_1_317' title='bbox 1889 2499 2098 2554; x_wconf 87' lang='lat' dir='ltr'><strong>illumi-</strong></span> 
     </span>
    </p>
   </div>
   <div class='ocr_carea' id='block_1_42' title="bbox 515 2589 2099 2664">
    <p class='ocr_par' dir='ltr' id='par_1_42' title="bbox 515 2589 2099 2664">
     <span class='ocr_line' id='line_1_42' title="bbox 515 2589 2099 2664; baseline 0.003 -21"><span class='ocrx_word' id='word_1_318' title='bbox 515 2589 798 2644; x_wconf 90' lang='lat' dir='ltr'><strong>nationem</strong></span> <span class='ocrx_word' id='word_1_319' title='bbox 855 2590 912 2644; x_wconf 89' lang='lat' dir='ltr'><strong>in</strong></span> <span class='ocrx_word' id='word_1_320' title='bbox 965 2592 1313 2646; x_wconf 89' lang='lat' dir='ltr'><strong>ﬁrmamento</strong></span> <span class='ocrx_word' id='word_1_321' title='bbox 1361 2593 1622 2648; x_wconf 64' lang='lat' dir='ltr'><strong>Ecclesiae</strong></span> <span class='ocrx_word' id='word_1_322' title='bbox 1663 2609 1766 2664; x_wconf 89' lang='lat' dir='ltr'><strong>per</strong></span> <span class='ocrx_word' id='word_1_323' title='bbox 1796 2594 2004 2656; x_wconf 88' lang='lat' dir='ltr'><strong>stellas,</strong></span> <span class='ocrx_word' id='word_1_324' title='bbox 2041 2601 2099 2649; x_wconf 91' lang='lat' dir='ltr'><strong>et</strong></span> 
     </span>
    </p>
   </div>
   <div class='ocr_carea' id='block_1_43' title="bbox 513 2681 2097 2755">
    <p class='ocr_par' dir='ltr' id='par_1_43' title="bbox 513 2681 2097 2755">
     <span class='ocr_line' id='line_1_43' title="bbox 513 2681 2097 2755; baseline 0.006 -24"><span class='ocrx_word' id='word_1_325' title='bbox 513 2694 618 2749; x_wconf 87' lang='lat' dir='ltr'><strong>per</strong></span> <span class='ocrx_word' id='word_1_326' title='bbox 670 2681 863 2746; x_wconf 88' lang='lat' dir='ltr'><strong>solem,</strong></span> <span class='ocrx_word' id='word_1_327' title='bbox 889 2689 947 2736; x_wconf 90' lang='lat' dir='ltr'><strong>et</strong></span> <span class='ocrx_word' id='word_1_328' title='bbox 1002 2697 1102 2751; x_wconf 91' lang='lat' dir='ltr'><strong>per</strong></span> <span class='ocrx_word' id='word_1_329' title='bbox 1153 2683 1363 2737; x_wconf 88' lang='lat' dir='ltr'><strong>lunam.</strong></span> <span class='ocrx_word' id='word_1_330' title='bbox 1397 2685 1502 2738; x_wconf 89' lang='lat' dir='ltr'><strong>Per</strong></span> <span class='ocrx_word' id='word_1_331' title='bbox 1557 2686 1776 2746; x_wconf 76' lang='lat' dir='ltr'><strong>stellas.</strong></span> <span class='ocrx_word' id='word_1_332' title='bbox 1833 2686 2097 2755; x_wconf 88' lang='lat' dir='ltr'><strong>quoniam</strong></span> 
     </span>
    </p>
   </div>
   <div class='ocr_carea' id='block_1_44' title="bbox 517 2772 2100 2847">
    <p class='ocr_par' dir='ltr' id='par_1_44' title="bbox 517 2772 2100 2847">
     <span class='ocr_line' id='line_1_44' title="bbox 517 2772 2100 2847; baseline 0.004 -21"><span class='ocrx_word' id='word_1_333' title='bbox 517 2772 692 2826; x_wconf 89' lang='lat' dir='ltr'><strong>sancti</strong></span> <span class='ocrx_word' id='word_1_334' title='bbox 721 2773 1006 2843; x_wconf 74' lang='lat' dir='ltr'><strong>propheta:</strong></span> <span class='ocrx_word' id='word_1_335' title='bbox 1043 2774 1232 2844; x_wconf 90' lang='lat' dir='ltr'><strong>primi,</strong></span> <span class='ocrx_word' id='word_1_336' title='bbox 1263 2785 1319 2831; x_wconf 88' lang='lat' dir='ltr'><strong>et</strong></span> <span class='ocrx_word' id='word_1_337' title='bbox 1341 2777 1476 2846; x_wconf 82' lang='lat' dir='ltr'><strong>justi</strong></span> <span class='ocrx_word' id='word_1_338' title='bbox 1505 2778 1663 2847; x_wconf 88' lang='lat' dir='ltr'><strong>prius</strong></span> <span class='ocrx_word' id='word_1_339' title='bbox 1694 2779 2100 2833; x_wconf 88' lang='lat' dir='ltr'><strong>annuntiarunt</strong></span> 
     </span>
    </p>
   </div>
   <div class='ocr_carea' id='block_1_45' title="bbox 517 2867 2098 2934">
    <p class='ocr_par' dir='ltr' id='par_1_45' title="bbox 517 2867 2098 2934">
     <span class='ocr_line' id='line_1_45' title="bbox 517 2867 2098 2934; baseline 0.004 -16"><span class='ocrx_word' id='word_1_340' title='bbox 517 2871 576 2918; x_wconf 87' lang='lat' dir='ltr'><strong>et</strong></span> <span class='ocrx_word' id='word_1_341' title='bbox 607 2875 1093 2934; x_wconf 69' lang='lat' dir='ltr'><strong>prtecucurrerunt</strong></span> <span class='ocrx_word' id='word_1_342' title='bbox 1137 2867 1346 2922; x_wconf 85' lang='lat' dir='ltr'><strong>mundo</strong></span> <span class='ocrx_word' id='word_1_343' title='bbox 1375 2870 1769 2924; x_wconf 87' lang='lat' dir='ltr'><strong>annuntiantes</strong></span> <span class='ocrx_word' id='word_1_344' title='bbox 1800 2871 2098 2926; x_wconf 85' lang='lat' dir='ltr'><strong>adventum</strong></span> 
     </span>
    </p>
   </div>
   <div class='ocr_carea' id='block_1_46' title="bbox 519 2954 2099 3032">
    <p class='ocr_par' dir='ltr' id='par_1_46' title="bbox 519 2954 2099 3032">
     <span class='ocr_line' id='line_1_46' title="bbox 519 2954 2099 3032; baseline 0.007 -24"><span class='ocrx_word' id='word_1_345' title='bbox 519 2954 655 3010; x_wconf 87' lang='lat' dir='ltr'><strong>solis</strong></span> <span class='ocrx_word' id='word_1_346' title='bbox 681 2954 889 3012; x_wconf 86' lang='lat' dir='ltr'><strong>Christi</strong></span> <span class='ocrx_word' id='word_1_347' title='bbox 915 2956 1035 3020; x_wconf 90' lang='lat' dir='ltr'><strong>Dei,</strong></span> <span class='ocrx_word' id='word_1_348' title='bbox 1067 2967 1124 3014; x_wconf 93' lang='lat' dir='ltr'><strong>et</strong></span> <span class='ocrx_word' id='word_1_349' title='bbox 1151 2960 1272 3030; x_wconf 86' lang='lat' dir='ltr'><strong>ejus</strong></span> <span class='ocrx_word' id='word_1_350' title='bbox 1301 2961 1553 3032; x_wconf 81' lang='lat' dir='ltr'><strong>conjugis</strong></span> <span class='ocrx_word' id='word_1_351' title='bbox 1580 2961 1864 3017; x_wconf 76' lang='lat' dir='ltr'><strong>Ecclesizc.</strong></span> <span class='ocrx_word' id='word_1_352' title='bbox 1888 2963 2099 3019; x_wconf 90' lang='lat' dir='ltr'><strong>Deinde</strong></span> 
     </span>
    </p>
   </div>
   <div class='ocr_carea' id='block_1_47' title="bbox 517 3051 2093 3123">
    <p class='ocr_par' dir='ltr' id='par_1_47' title="bbox 517 3051 2093 3123">
     <span class='ocr_line' id='line_1_47' title="bbox 517 3051 2093 3123; baseline 0.006 -24"><span class='ocrx_word' id='word_1_353' title='bbox 517 3056 646 3116; x_wconf 83' lang='lat' dir='ltr'><strong>post</strong></span> <span class='ocrx_word' id='word_1_354' title='bbox 683 3063 874 3104; x_wconf 88' lang='lat' dir='ltr'><strong>earum</strong></span> <span class='ocrx_word' id='word_1_355' title='bbox 904 3057 1161 3105; x_wconf 80' lang='lat' dir='ltr'><strong>exortum</strong></span> <span class='ocrx_word' id='word_1_356' title='bbox 1207 3051 1391 3106; x_wconf 83' lang='lat' dir='ltr'><strong>illuxit</strong></span> <span class='ocrx_word' id='word_1_357' title='bbox 1415 3052 1517 3116; x_wconf 88' lang='lat' dir='ltr'><strong>sol,</strong></span> <span class='ocrx_word' id='word_1_358' title='bbox 1550 3069 1748 3123; x_wconf 83' lang='lat' dir='ltr'><strong>nempe</strong></span> <span class='ocrx_word' id='word_1_359' title='bbox 1790 3053 2047 3109; x_wconf 88' lang='lat' dir='ltr'><strong>Christus</strong></span> <span class='ocrx_word' id='word_1_360' title='bbox 2079 3073 2093 3109; x_wconf 92' lang='lat'>:</span> 
     </span>
    </p>
   </div>
   <div class='ocr_carea' id='block_1_48' title="bbox 517 3140 2096 3215">
    <p class='ocr_par' dir='ltr' id='par_1_48' title="bbox 517 3140 2096 3215">
     <span class='ocr_line' id='line_1_48' title="bbox 517 3140 2096 3215; baseline 0.006 -23"><span class='ocrx_word' id='word_1_361' title='bbox 517 3147 576 3192; x_wconf 92' lang='lat' dir='ltr'><strong>et</strong></span> <span class='ocrx_word' id='word_1_362' title='bbox 623 3140 824 3211; x_wconf 84' lang='lat' dir='ltr'><strong>conqu</strong></span> <span class='ocrx_word' id='word_1_363' title='bbox 861 3141 986 3211; x_wconf 89' lang='lat' dir='ltr'><strong>ejus</strong></span> <span class='ocrx_word' id='word_1_364' title='bbox 1044 3141 1196 3209; x_wconf 90' lang='lat' dir='ltr'><strong>luna,</strong></span> <span class='ocrx_word' id='word_1_365' title='bbox 1257 3159 1455 3213; x_wconf 89' lang='lat' dir='ltr'><strong>nempe</strong></span> <span class='ocrx_word' id='word_1_366' title='bbox 1493 3145 1757 3199; x_wconf 89' lang='lat' dir='ltr'><strong>Ecclesia.</strong></span> <span class='ocrx_word' id='word_1_367' title='bbox 1795 3147 2096 3215; x_wconf 87' lang='lat' dir='ltr'><strong>Propterea</strong></span> 
     </span>
    </p>
   </div>
   <div class='ocr_carea' id='block_1_49' title="bbox 522 3229 2096 3304">
    <p class='ocr_par' dir='ltr' id='par_1_49' title="bbox 522 3229 2096 3304">
     <span class='ocr_line' id='line_1_49' title="bbox 522 3229 2096 3304; baseline 0.004 -21"><span class='ocrx_word' id='word_1_368' title='bbox 522 3229 614 3284; x_wconf 90' lang='lat' dir='ltr'><strong>illa</strong></span> <span class='ocrx_word' id='word_1_369' title='bbox 641 3246 864 3300; x_wconf 89' lang='lat' dir='ltr'><strong>quoque</strong></span> <span class='ocrx_word' id='word_1_370' title='bbox 899 3233 1143 3288; x_wconf 82' lang='lat' dir='ltr'><strong>accurrit</strong></span> <span class='ocrx_word' id='word_1_371' title='bbox 1191 3236 1479 3304; x_wconf 87' lang='lat' dir='ltr'><strong>suppetias</strong></span> <span class='ocrx_word' id='word_1_372' title='bbox 1516 3236 1692 3290; x_wconf 87' lang='lat' dir='ltr'><strong>latura</strong></span> <span class='ocrx_word' id='word_1_373' title='bbox 1723 3237 1898 3292; x_wconf 75' lang='lat' dir='ltr'><strong>stellae</strong></span> <span class='ocrx_word' id='word_1_374' title='bbox 1937 3237 2096 3300; x_wconf 87' lang='lat' dir='ltr'><strong>solis,</strong></span> 
     </span>
    </p>
   </div>
   <div class='ocr_carea' id='block_1_50' title="bbox 519 3321 2098 3382">
    <p class='ocr_par' dir='ltr' id='par_1_50' title="bbox 519 3321 2098 3382">
     <span class='ocr_line' id='line_1_50' title="bbox 519 3321 2098 3382; baseline 0.003 -6"><span class='ocrx_word' id='word_1_375' title='bbox 519 3321 637 3376; x_wconf 90' lang='lat' dir='ltr'><strong>suis</strong></span> <span class='ocrx_word' id='word_1_376' title='bbox 669 3321 838 3376; x_wconf 89' lang='lat' dir='ltr'><strong>radiis</strong></span> <span class='ocrx_word' id='word_1_377' title='bbox 879 3323 1051 3376; x_wconf 90' lang='lat' dir='ltr'><strong>solem</strong></span> <span class='ocrx_word' id='word_1_378' title='bbox 1079 3323 1460 3381; x_wconf 90' lang='lat' dir='ltr'><strong>illuminantis.</strong></span> <span class='ocrx_word' id='word_1_379' title='bbox 1490 3326 1606 3381; x_wconf 84' lang='lat' dir='ltr'><strong>Nisi</strong></span> <span class='ocrx_word' id='word_1_380' title='bbox 1651 3326 1798 3382; x_wconf 92' lang='lat' dir='ltr'><strong>enim</strong></span> <span class='ocrx_word' id='word_1_381' title='bbox 1844 3327 2098 3381; x_wconf 88' lang='lat' dir='ltr'><strong>subindi-</strong></span> 
     </span>
    </p>
   </div>
   <div class='ocr_carea' id='block_1_51' title="bbox 520 3413 2100 3488">
    <p class='ocr_par' dir='ltr' id='par_1_51' title="bbox 520 3413 2100 3488">
     <span class='ocr_line' id='line_1_51' title="bbox 520 3413 2100 3488; baseline 0.004 -22"><span class='ocrx_word' id='word_1_382' title='bbox 520 3421 673 3468; x_wconf 85' lang='lat' dir='ltr'><strong>caret</strong></span> <span class='ocrx_word' id='word_1_383' title='bbox 699 3413 903 3470; x_wconf 89' lang='lat' dir='ltr'><strong>Christi</strong></span> <span class='ocrx_word' id='word_1_384' title='bbox 939 3425 992 3471; x_wconf 89' lang='lat' dir='ltr'><strong>et</strong></span> <span class='ocrx_word' id='word_1_385' title='bbox 1015 3415 1277 3471; x_wconf 77' lang='lat' dir='ltr'><strong>Ecclesiae</strong></span> <span class='ocrx_word' id='word_1_386' title='bbox 1309 3415 1793 3483; x_wconf 88' lang='lat' dir='ltr'><strong>illuminationem,</strong></span> <span class='ocrx_word' id='word_1_387' title='bbox 1823 3434 1932 3472; x_wconf 92' lang='lat' dir='ltr'><strong>non</strong></span> <span class='ocrx_word' id='word_1_388' title='bbox 1984 3418 2100 3488; x_wconf 88' lang='lat' dir='ltr'><strong>ipsa</strong></span> 
     </span>
    </p>
   </div>
   <div class='ocr_carea' id='block_1_52' title="bbox 518 3505 2102 3582">
    <p class='ocr_par' dir='ltr' id='par_1_52' title="bbox 518 3505 2102 3582">
     <span class='ocr_line' id='line_1_52' title="bbox 518 3505 2102 3582; baseline 0.005 -26"><span class='ocrx_word' id='word_1_389' title='bbox 518 3521 742 3574; x_wconf 85' lang='lat' dir='ltr'><strong>quoque</strong></span> <span class='ocrx_word' id='word_1_390' title='bbox 775 3506 830 3563; x_wconf 90' lang='lat' dir='ltr'><strong>in</strong></span> <span class='ocrx_word' id='word_1_391' title='bbox 863 3505 956 3562; x_wconf 92' lang='lat' dir='ltr'><strong>die</strong></span> <span class='ocrx_word' id='word_1_392' title='bbox 978 3507 1144 3562; x_wconf 88' lang='lat' dir='ltr'><strong>simul</strong></span> <span class='ocrx_word' id='word_1_393' title='bbox 1179 3507 1420 3562; x_wconf 82' lang='lat' dir='ltr'><strong>ferretur</strong></span> <span class='ocrx_word' id='word_1_394' title='bbox 1442 3525 1570 3564; x_wconf 91' lang='lat' dir='ltr'><strong>cum</strong></span> <span class='ocrx_word' id='word_1_395' title='bbox 1605 3511 1741 3577; x_wconf 82' lang='lat' dir='ltr'><strong>sale,</strong></span> <span class='ocrx_word' id='word_1_396' title='bbox 1774 3511 1995 3582; x_wconf 90' lang='lat' dir='ltr'><strong>quando</strong></span> <span class='ocrx_word' id='word_1_397' title='bbox 2015 3519 2102 3564; x_wconf 91' lang='lat' dir='ltr'><strong>est</strong></span> 
     </span>
    </p>
   </div>
   <div class='ocr_carea' id='block_1_53' title="bbox 520 3597 2100 3674">
    <p class='ocr_par' dir='ltr' id='par_1_53' title="bbox 520 3597 2100 3674">
     <span class='ocr_line' id='line_1_53' title="bbox 520 3597 2100 3674; baseline 0.006 -24"><span class='ocrx_word' id='word_1_398' title='bbox 520 3597 682 3667; x_wconf 72' lang='lat' dir='ltr'><strong>plena</strong></span> <span class='ocrx_word' id='word_1_399' title='bbox 735 3597 886 3654; x_wconf 91' lang='lat' dir='ltr'><strong>luna.</strong></span> <span class='ocrx_word' id='word_1_400' title='bbox 929 3600 1064 3654; x_wconf 89' lang='lat' dir='ltr'><strong>Nam</strong></span> <span class='ocrx_word' id='word_1_401' title='bbox 1097 3601 1320 3670; x_wconf 87' lang='lat' dir='ltr'><strong>quando</strong></span> <span class='ocrx_word' id='word_1_402' title='bbox 1351 3602 1576 3672; x_wconf 88' lang='lat' dir='ltr'><strong>quidem</strong></span> <span class='ocrx_word' id='word_1_403' title='bbox 1629 3613 1718 3660; x_wconf 90' lang='lat' dir='ltr'><strong>est</strong></span> <span class='ocrx_word' id='word_1_404' title='bbox 1775 3603 2100 3674; x_wconf 81' lang='lat' dir='ltr'><strong>imperfecta</strong></span> 
     </span>
    </p>
   </div>
   <div class='ocr_carea' id='block_1_54' title="bbox 519 3686 2099 3764">
    <p class='ocr_par' dir='ltr' id='par_1_54' title="bbox 519 3686 2099 3764">
     <span class='ocr_line' id='line_1_54' title="bbox 519 3686 2099 3764; baseline 0.004 -24"><span class='ocrx_word' id='word_1_405' title='bbox 519 3686 787 3752; x_wconf 82' lang='lat' dir='ltr'><strong>Ecclesia,</strong></span> <span class='ocrx_word' id='word_1_406' title='bbox 816 3698 877 3744; x_wconf 92' lang='lat' dir='ltr'><strong>ut</strong></span> <span class='ocrx_word' id='word_1_407' title='bbox 911 3698 1157 3760; x_wconf 80' lang='lat' dir='ltr'><strong>tempore</strong></span> <span class='ocrx_word' id='word_1_408' title='bbox 1189 3690 1485 3764; x_wconf 75' lang='lat' dir='ltr'><strong>Synagogze</strong></span> <span class='ocrx_word' id='word_1_409' title='bbox 1512 3692 1830 3758; x_wconf 66' lang='lat' dir='ltr'><strong>Iudaeorum</strong></span> <span class='ocrx_word' id='word_1_410' title='bbox 1857 3733 1870 3756; x_wconf 92' lang='lat'><strong>,</strong></span> <span class='ocrx_word' id='word_1_411' title='bbox 1898 3709 1962 3748; x_wconf 90' lang='lat' dir='ltr'><strong>ea</strong></span> <span class='ocrx_word' id='word_1_412' title='bbox 1995 3708 2099 3747; x_wconf 90' lang='lat' dir='ltr'><strong>no-</strong></span> 
     </span>
    </p>
   </div>
   <div class='ocr_carea' id='block_1_55' title="bbox 515 3779 2100 3854">
    <p class='ocr_par' dir='ltr' id='par_1_55' title="bbox 515 3779 2100 3854">
     <span class='ocr_line' id='line_1_55' title="bbox 515 3779 2100 3854; baseline 0.004 -22"><span class='ocrx_word' id='word_1_413' title='bbox 515 3785 612 3832; x_wconf 85' lang='lat' dir='ltr'><strong>ctu</strong></span> <span class='ocrx_word' id='word_1_414' title='bbox 656 3779 836 3836; x_wconf 87' lang='lat' dir='ltr'><strong>solum</strong></span> <span class='ocrx_word' id='word_1_415' title='bbox 893 3780 1084 3847; x_wconf 88' lang='lat' dir='ltr'><strong>lucet;</strong></span> <span class='ocrx_word' id='word_1_416' title='bbox 1123 3781 1182 3836; x_wconf 89' lang='lat' dir='ltr'><strong>in</strong></span> <span class='ocrx_word' id='word_1_417' title='bbox 1232 3799 1449 3848; x_wconf 87' lang='lat' dir='ltr'><strong>eorum,</strong></span> <span class='ocrx_word' id='word_1_418' title='bbox 1499 3784 1746 3854; x_wconf 91' lang='lat' dir='ltr'><strong>inquam,</strong></span> <span class='ocrx_word' id='word_1_419' title='bbox 1783 3785 1916 3840; x_wconf 76' lang='lat' dir='ltr'><strong>vita.</strong></span> <span class='ocrx_word' id='word_1_420' title='bbox 1963 3784 2100 3839; x_wconf 88' lang='lat' dir='ltr'><strong>Cum</strong></span> 
     </span>
    </p>
   </div>
   <div class='ocr_carea' id='block_1_56' title="bbox 516 3867 2100 3944">
    <p class='ocr_par' dir='ltr' id='par_1_56' title="bbox 516 3867 2100 3944">
     <span class='ocr_line' id='line_1_56' title="bbox 516 3867 2100 3944; baseline 0.006 -24"><span class='ocrx_word' id='word_1_421' title='bbox 516 3876 704 3922; x_wconf 87' lang='lat' dir='ltr'><strong>autem</strong></span> <span class='ocrx_word' id='word_1_422' title='bbox 738 3867 906 3922; x_wconf 81' lang='lat' dir='ltr'><strong>fuerit</strong></span> <span class='ocrx_word' id='word_1_423' title='bbox 951 3869 1188 3939; x_wconf 80' lang='lat' dir='ltr'><strong>perfecta</strong></span> <span class='ocrx_word' id='word_1_424' title='bbox 1230 3886 1260 3925; x_wconf 87' lang='lat' dir='ltr'><strong>a</strong></span> <span class='ocrx_word' id='word_1_425' title='bbox 1303 3871 1415 3927; x_wconf 87' lang='lat' dir='ltr'><strong>Deo</strong></span> <span class='ocrx_word' id='word_1_426' title='bbox 1459 3873 1554 3942; x_wconf 91' lang='lat' dir='ltr'><strong>qui</strong></span> <span class='ocrx_word' id='word_1_427' title='bbox 1607 3872 1794 3928; x_wconf 88' lang='lat' dir='ltr'><strong>omnia</strong></span> <span class='ocrx_word' id='word_1_428' title='bbox 1847 3873 2100 3944; x_wconf 82' lang='lat' dir='ltr'><strong>perfecit,</strong></span> 
     </span>
    </p>
   </div>
   <div class='ocr_carea' id='block_1_57' title="bbox 519 3959 2100 4034">
    <p class='ocr_par' dir='ltr' id='par_1_57' title="bbox 519 3959 2100 4034">
     <span class='ocr_line' id='line_1_57' title="bbox 519 3959 2100 4034; baseline 0.006 -23"><span class='ocrx_word' id='word_1_429' title='bbox 519 3967 658 4015; x_wconf 85' lang='lat' dir='ltr'><strong>tunc</strong></span> <span class='ocrx_word' id='word_1_430' title='bbox 703 3959 866 4014; x_wconf 89' lang='lat' dir='ltr'><strong>simul</strong></span> <span class='ocrx_word' id='word_1_431' title='bbox 929 3969 1162 4030; x_wconf 88' lang='lat' dir='ltr'><strong>apparet</strong></span> <span class='ocrx_word' id='word_1_432' title='bbox 1215 3977 1344 4016; x_wconf 90' lang='lat' dir='ltr'><strong>cum</strong></span> <span class='ocrx_word' id='word_1_433' title='bbox 1389 3963 1538 4029; x_wconf 92' lang='lat' dir='ltr'><strong>sole,</strong></span> <span class='ocrx_word' id='word_1_434' title='bbox 1609 3979 1810 4034; x_wconf 87' lang='lat' dir='ltr'><strong>nempe</strong></span> <span class='ocrx_word' id='word_1_435' title='bbox 1856 3965 2100 4030; x_wconf 89' lang='lat' dir='ltr'><strong>Christo,</strong></span> 
     </span>
    </p>
   </div>
   <div class='ocr_carea' id='block_1_58' title="bbox 519 4049 2100 4124">
    <p class='ocr_par' dir='ltr' id='par_1_58' title="bbox 519 4049 2100 4124">
     <span class='ocr_line' id='line_1_58' title="bbox 519 4049 2100 4124; baseline 0.005 -20"><span class='ocrx_word' id='word_1_436' title='bbox 519 4049 882 4107; x_wconf 86' lang='lat' dir='ltr'><strong>illucescente</strong></span> <span class='ocrx_word' id='word_1_437' title='bbox 912 4052 1002 4106; x_wconf 89' lang='lat' dir='ltr'><strong>die</strong></span> <span class='ocrx_word' id='word_1_438' title='bbox 1033 4055 1366 4124; x_wconf 69' lang='lat' dir='ltr'><strong>evangelicae</strong></span> <span class='ocrx_word' id='word_1_439' title='bbox 1409 4064 1613 4110; x_wconf 68' lang='lat' dir='ltr'><strong>nostra:</strong></span> <span class='ocrx_word' id='word_1_440' title='bbox 1657 4055 1906 4111; x_wconf 86' lang='lat' dir='ltr'><strong>ﬁdelium</strong></span> <span class='ocrx_word' id='word_1_441' title='bbox 1953 4061 2100 4117; x_wconf 64' lang='lat' dir='ltr'><strong>vitae.</strong></span> 
     </span>
    </p>
   </div>
   <div class='ocr_carea' id='block_1_59' title="bbox 519 4143 2104 4216">
    <p class='ocr_par' dir='ltr' id='par_1_59' title="bbox 519 4143 2104 4216">
     <span class='ocr_line' id='line_1_59' title="bbox 519 4143 2104 4216; baseline 0.006 -20"><span class='ocrx_word' id='word_1_442' title='bbox 519 4143 724 4211; x_wconf 84' lang='lat' dir='ltr'><strong>Accipe</strong></span> <span class='ocrx_word' id='word_1_443' title='bbox 750 4144 918 4197; x_wconf 90' lang='lat' dir='ltr'><strong>etiam</strong></span> <span class='ocrx_word' id='word_1_444' title='bbox 939 4145 1100 4200; x_wconf 90' lang='lat' dir='ltr'><strong>aliam</strong></span> <span class='ocrx_word' id='word_1_445' title='bbox 1131 4145 1199 4200; x_wconf 90' lang='lat' dir='ltr'><strong>de</strong></span> <span class='ocrx_word' id='word_1_446' title='bbox 1231 4146 1319 4200; x_wconf 90' lang='lat' dir='ltr'><strong>his</strong></span> <span class='ocrx_word' id='word_1_447' title='bbox 1341 4147 1888 4216; x_wconf 89' lang='lat' dir='ltr'><strong>contemplationem.</strong></span> <span class='ocrx_word' id='word_1_448' title='bbox 1917 4149 2104 4205; x_wconf 87' lang='lat' dir='ltr'><strong>Primo</strong></span> 
     </span>
    </p>
   </div>
   <div class='ocr_carea' id='block_1_60' title="bbox 517 4233 2102 4310">
    <p class='ocr_par' dir='ltr' id='par_1_60' title="bbox 517 4233 2102 4310">
     <span class='ocr_line' id='line_1_60' title="bbox 517 4233 2102 4310; baseline 0.004 -23"><span class='ocrx_word' id='word_1_449' title='bbox 517 4233 616 4288; x_wconf 86' lang='lat' dir='ltr'><strong>die</strong></span> <span class='ocrx_word' id='word_1_450' title='bbox 659 4235 804 4289; x_wconf 89' lang='lat' dir='ltr'><strong>Dens</strong></span> <span class='ocrx_word' id='word_1_451' title='bbox 841 4245 1154 4291; x_wconf 87' lang='lat' dir='ltr'><strong>creaturam</strong></span> <span class='ocrx_word' id='word_1_452' title='bbox 1205 4239 1360 4307; x_wconf 90' lang='lat' dir='ltr'><strong>prius</strong></span> <span class='ocrx_word' id='word_1_453' title='bbox 1407 4238 1743 4294; x_wconf 86' lang='lat' dir='ltr'><strong>illuminavit</strong></span> <span class='ocrx_word' id='word_1_454' title='bbox 1792 4255 1892 4310; x_wconf 89' lang='lat' dir='ltr'><strong>per</strong></span> <span class='ocrx_word' id='word_1_455' title='bbox 1939 4256 2102 4296; x_wconf 91' lang='lat' dir='ltr'><strong>unam</strong></span> 
     </span>
    </p>
   </div>
   <div class='ocr_carea' id='block_1_61' title="bbox 518 4326 2103 4402">
    <p class='ocr_par' dir='ltr' id='par_1_61' title="bbox 518 4326 2103 4402">
     <span class='ocr_line' id='line_1_61' title="bbox 518 4326 2103 4402; baseline 0.006 -23"><span class='ocrx_word' id='word_1_456' title='bbox 518 4326 796 4396; x_wconf 88' lang='lat' dir='ltr'><strong>quandam</strong></span> <span class='ocrx_word' id='word_1_457' title='bbox 811 4327 1143 4398; x_wconf 77' lang='lat' dir='ltr'><strong>singularem</strong></span> <span class='ocrx_word' id='word_1_458' title='bbox 1159 4341 1218 4386; x_wconf 89' lang='lat' dir='ltr'><strong>et</strong></span> <span class='ocrx_word' id='word_1_459' title='bbox 1239 4331 1580 4388; x_wconf 86' lang='lat' dir='ltr'><strong>individuam</strong></span> <span class='ocrx_word' id='word_1_460' title='bbox 1597 4333 1796 4391; x_wconf 83' lang='lat' dir='ltr'><strong>lucem.</strong></span> <span class='ocrx_word' id='word_1_461' title='bbox 1809 4344 2103 4402; x_wconf 80' lang='lat' dir='ltr'><strong>antequam</strong></span> 
     </span>
    </p>
   </div>
   <div class='ocr_carea' id='block_1_62' title="bbox 2198 1845 3781 1917">
    <p class='ocr_par' dir='ltr' id='par_1_62' title="bbox 2198 1845 3781 1917">
     <span class='ocr_line' id='line_1_62' title="bbox 2198 1845 3781 1917; baseline 0.004 -17"><span class='ocrx_word' id='word_1_462' title='bbox 2198 1845 2347 1909; x_wconf 89' lang='lat' dir='ltr'><strong>fecit,</strong></span> <span class='ocrx_word' id='word_1_463' title='bbox 2383 1853 2440 1900; x_wconf 91' lang='lat' dir='ltr'><strong>et</strong></span> <span class='ocrx_word' id='word_1_464' title='bbox 2495 1855 2627 1900; x_wconf 88' lang='lat' dir='ltr'><strong>tunc</strong></span> <span class='ocrx_word' id='word_1_465' title='bbox 2673 1862 2740 1902; x_wconf 88' lang='lat' dir='ltr'><strong>ea</strong></span> <span class='ocrx_word' id='word_1_466' title='bbox 2779 1863 2943 1917; x_wconf 86' lang='lat' dir='ltr'><strong>supra</strong></span> <span class='ocrx_word' id='word_1_467' title='bbox 2979 1849 3185 1917; x_wconf 89' lang='lat' dir='ltr'><strong>posuit.</strong></span> <span class='ocrx_word' id='word_1_468' title='bbox 3215 1849 3452 1904; x_wconf 90' lang='lat' dir='ltr'><strong>Ubinam</strong></span> <span class='ocrx_word' id='word_1_469' title='bbox 3488 1859 3676 1904; x_wconf 88' lang='lat' dir='ltr'><strong>autem</strong></span> <span class='ocrx_word' id='word_1_470' title='bbox 3716 1867 3781 1906; x_wconf 87' lang='lat' dir='ltr'><strong>ea</strong></span> 
     </span>
    </p>
   </div>
   <div class='ocr_carea' id='block_1_63' title="bbox 2198 1926 3784 2014">
    <p class='ocr_par' dir='ltr' id='par_1_63' title="bbox 2198 1926 3784 2014">
     <span class='ocr_line' id='line_1_63' title="bbox 2198 1926 3784 2014; baseline 0.002 -20"><span class='ocrx_word' id='word_1_471' title='bbox 2198 1939 2268 1994; x_wconf 90' lang='lat' dir='ltr'><strong>ab</strong></span> <span class='ocrx_word' id='word_1_472' title='bbox 2301 1939 2420 2010; x_wconf 92' lang='lat' dir='ltr'><strong>ipso</strong></span> <span class='ocrx_word' id='word_1_473' title='bbox 2447 1926 2605 1994; x_wconf 84' lang='lat' dir='ltr'><strong>erant</strong></span> <span class='ocrx_word' id='word_1_474' title='bbox 2638 1939 2892 1995; x_wconf 80' lang='lat' dir='ltr'><strong>facienda</strong></span> <span class='ocrx_word' id='word_1_475' title='bbox 2917 1941 3025 1995; x_wconf 89' lang='lat' dir='ltr'><strong>nisi</strong></span> <span class='ocrx_word' id='word_1_476' title='bbox 3049 1957 3216 2014; x_wconf 80' lang='lat' dir='ltr'><strong>supra</strong></span> <span class='ocrx_word' id='word_1_477' title='bbox 3239 1941 3480 1996; x_wconf 87' lang='lat' dir='ltr'><strong>terram?</strong></span> <span class='ocrx_word' id='word_1_478' title='bbox 3514 1943 3638 1997; x_wconf 81' lang='lat' dir='ltr'><strong>Non</strong></span> <span class='ocrx_word' id='word_1_479' title='bbox 3661 1952 3784 1998; x_wconf 88' lang='lat' dir='ltr'><strong>crat</strong></span> 
     </span>
    </p>
   </div>
   <div class='ocr_carea' id='block_1_64' title="bbox 2198 2032 3783 2102">
    <p class='ocr_par' dir='ltr' id='par_1_64' title="bbox 2198 2032 3783 2102">
     <span class='ocr_line' id='line_1_64' title="bbox 2198 2032 3783 2102; baseline 0.002 -14"><span class='ocrx_word' id='word_1_480' title='bbox 2198 2032 2346 2088; x_wconf 90' lang='lat' dir='ltr'><strong>enim</strong></span> <span class='ocrx_word' id='word_1_481' title='bbox 2403 2033 2546 2087; x_wconf 86' lang='lat' dir='ltr'><strong>alius</strong></span> <span class='ocrx_word' id='word_1_482' title='bbox 2592 2033 2749 2088; x_wconf 88' lang='lat' dir='ltr'><strong>locus</strong></span> <span class='ocrx_word' id='word_1_483' title='bbox 2783 2045 2942 2088; x_wconf 74' lang='lat' dir='ltr'><strong>extra</strong></span> <span class='ocrx_word' id='word_1_484' title='bbox 2989 2034 3192 2090; x_wconf 73' lang='lat' dir='ltr'><strong>ctelum</strong></span> <span class='ocrx_word' id='word_1_485' title='bbox 3239 2035 3348 2090; x_wconf 87' lang='lat' dir='ltr'><strong>nisi</strong></span> <span class='ocrx_word' id='word_1_486' title='bbox 3386 2035 3440 2090; x_wconf 90' lang='lat' dir='ltr'><strong>in</strong></span> <span class='ocrx_word' id='word_1_487' title='bbox 3473 2045 3656 2102; x_wconf 87' lang='lat' dir='ltr'><strong>terra,</strong></span> <span class='ocrx_word' id='word_1_488' title='bbox 3689 2037 3783 2091; x_wconf 87' lang='lat' dir='ltr'><strong>ubi</strong></span> 
     </span>
    </p>
   </div>
   <div class='ocr_carea' id='block_1_65' title="bbox 2200 2116 3786 2196">
    <p class='ocr_par' dir='ltr' id='par_1_65' title="bbox 2200 2116 3786 2196">
     <span class='ocr_line' id='line_1_65' title="bbox 2200 2116 3786 2196; baseline 0.003 -17"><span class='ocrx_word' id='word_1_489' title='bbox 2200 2124 2343 2180; x_wconf 81' lang='lat' dir='ltr'><strong>facta</strong></span> <span class='ocrx_word' id='word_1_490' title='bbox 2393 2133 2523 2180; x_wconf 88' lang='lat' dir='ltr'><strong>sunt</strong></span> <span class='ocrx_word' id='word_1_491' title='bbox 2575 2126 2644 2180; x_wconf 86' lang='lat' dir='ltr'><strong>ab</strong></span> <span class='ocrx_word' id='word_1_492' title='bbox 2699 2127 2818 2196; x_wconf 87' lang='lat' dir='ltr'><strong>ipso</strong></span> <span class='ocrx_word' id='word_1_493' title='bbox 2839 2127 2973 2192; x_wconf 92' lang='lat' dir='ltr'><strong>Deo,</strong></span> <span class='ocrx_word' id='word_1_494' title='bbox 3009 2133 3067 2180; x_wconf 89' lang='lat' dir='ltr'><strong>et</strong></span> <span class='ocrx_word' id='word_1_495' title='bbox 3120 2116 3320 2184; x_wconf 80' lang='lat' dir='ltr'><strong>deinde</strong></span> <span class='ocrx_word' id='word_1_496' title='bbox 3379 2129 3596 2184; x_wconf 85' lang='lat' dir='ltr'><strong>sublata</strong></span> <span class='ocrx_word' id='word_1_497' title='bbox 3655 2137 3786 2184; x_wconf 78' lang='lat' dir='ltr'><strong>sunt</strong></span> 
     </span>
    </p>
   </div>
   <div class='ocr_carea' id='block_1_66' title="bbox 2201 2217 3780 2289">
    <p class='ocr_par' dir='ltr' id='par_1_66' title="bbox 2201 2217 3780 2289">
     <span class='ocr_line' id='line_1_66' title="bbox 2201 2217 3780 2289; baseline 0.002 -17"><span class='ocrx_word' id='word_1_498' title='bbox 2201 2233 2444 2272; x_wconf 86' lang='lat' dir='ltr'><strong>rursum.</strong></span> <span class='ocrx_word' id='word_1_499' title='bbox 2481 2217 2618 2272; x_wconf 77' lang='lat' dir='ltr'><strong>Vide</strong></span> <span class='ocrx_word' id='word_1_500' title='bbox 2653 2217 2791 2272; x_wconf 88' lang='lat' dir='ltr'><strong>mihi</strong></span> <span class='ocrx_word' id='word_1_501' title='bbox 2823 2233 3018 2274; x_wconf 90' lang='lat' dir='ltr'><strong>rursus</strong></span> <span class='ocrx_word' id='word_1_502' title='bbox 3038 2219 3131 2274; x_wconf 90' lang='lat' dir='ltr'><strong>hic</strong></span> <span class='ocrx_word' id='word_1_503' title='bbox 3155 2235 3379 2289; x_wconf 87' lang='lat' dir='ltr'><strong>quoque</strong></span> <span class='ocrx_word' id='word_1_504' title='bbox 3416 2230 3618 2274; x_wconf 87' lang='lat' dir='ltr'><strong>terram</strong></span> <span class='ocrx_word' id='word_1_505' title='bbox 3651 2231 3780 2275; x_wconf 83' lang='lat' dir='ltr'><strong>ante</strong></span> 
     </span>
    </p>
   </div>
   <div class='ocr_carea' id='block_1_67' title="bbox 2201 2291 3782 2368">
    <p class='ocr_par' dir='ltr' id='par_1_67' title="bbox 2201 2291 3782 2368">
     <span class='ocr_line' id='line_1_67' title="bbox 2201 2291 3782 2368; baseline 0.001 -4"><span class='ocrx_word' id='word_1_506' title='bbox 2201 2309 2400 2364; x_wconf 74' lang='lat' dir='ltr'><strong>ccelum</strong></span> <span class='ocrx_word' id='word_1_507' title='bbox 2431 2291 2460 2364; x_wconf 81' lang='lat' dir='ltr'><strong>a</strong></span> <span class='ocrx_word' id='word_1_508' title='bbox 2497 2310 2612 2364; x_wconf 90' lang='lat' dir='ltr'><strong>sole</strong></span> <span class='ocrx_word' id='word_1_509' title='bbox 2657 2311 3000 2365; x_wconf 86' lang='lat' dir='ltr'><strong>illuminari:</strong></span> <span class='ocrx_word' id='word_1_510' title='bbox 3033 2319 3088 2364; x_wconf 87' lang='lat' dir='ltr'><strong>et</strong></span> <span class='ocrx_word' id='word_1_511' title='bbox 3120 2310 3199 2366; x_wconf 92' lang='lat' dir='ltr'><strong>sic</strong></span> <span class='ocrx_word' id='word_1_512' title='bbox 3238 2311 3307 2366; x_wconf 89' lang='lat' dir='ltr'><strong>ad</strong></span> <span class='ocrx_word' id='word_1_513' title='bbox 3373 2313 3574 2366; x_wconf 68' lang='lat' dir='ltr'><strong>coelum</strong></span> <span class='ocrx_word' id='word_1_514' title='bbox 3617 2311 3782 2368; x_wconf 72' lang='lat' dir='ltr'><strong>Chri~</strong></span> 
     </span>
    </p>
   </div>
   <div class='ocr_carea' id='block_1_68' title="bbox 2201 2400 3782 2473">
    <p class='ocr_par' dir='ltr' id='par_1_68' title="bbox 2201 2400 3782 2473">
     <span class='ocr_line' id='line_1_68' title="bbox 2201 2400 3782 2473; baseline 0.003 -18"><span class='ocrx_word' id='word_1_515' title='bbox 2201 2408 2347 2455; x_wconf 91' lang='lat' dir='ltr'><strong>stum</strong></span> <span class='ocrx_word' id='word_1_516' title='bbox 2365 2400 2458 2470; x_wconf 89' lang='lat' dir='ltr'><strong>qui</strong></span> <span class='ocrx_word' id='word_1_517' title='bbox 2487 2411 2571 2454; x_wconf 86' lang='lat' dir='ltr'><strong>est</strong></span> <span class='ocrx_word' id='word_1_518' title='bbox 2588 2401 2668 2455; x_wconf 91' lang='lat' dir='ltr'><strong>sol</strong></span> <span class='ocrx_word' id='word_1_519' title='bbox 2687 2442 2700 2464; x_wconf 93' lang='lat'><strong>,</strong></span> <span class='ocrx_word' id='word_1_520' title='bbox 2725 2401 3009 2457; x_wconf 88' lang='lat' dir='ltr'><strong>remittere</strong></span> <span class='ocrx_word' id='word_1_521' title='bbox 3033 2413 3158 2472; x_wconf 91' lang='lat' dir='ltr'><strong>post</strong></span> <span class='ocrx_word' id='word_1_522' title='bbox 3177 2403 3297 2472; x_wconf 89' lang='lat' dir='ltr'><strong>ejus</strong></span> <span class='ocrx_word' id='word_1_523' title='bbox 3317 2403 3782 2473; x_wconf 73' lang='lat' dir='ltr'><strong>compositionem</strong></span> 
     </span>
    </p>
   </div>
   <div class='ocr_carea' id='block_1_69' title="bbox 2201 2492 3782 2566">
    <p class='ocr_par' dir='ltr' id='par_1_69' title="bbox 2201 2492 3782 2566">
     <span class='ocr_line' id='line_1_69' title="bbox 2201 2492 3782 2566; baseline 0.004 -20"><span class='ocrx_word' id='word_1_524' title='bbox 2201 2500 2258 2547; x_wconf 93' lang='lat' dir='ltr'><strong>et</strong></span> <span class='ocrx_word' id='word_1_525' title='bbox 2291 2492 2766 2546; x_wconf 83' lang='lat' dir='ltr'><strong>constructionem</strong></span> <span class='ocrx_word' id='word_1_526' title='bbox 2801 2509 2924 2563; x_wconf 86' lang='lat' dir='ltr'><strong>quae</strong></span> <span class='ocrx_word' id='word_1_527' title='bbox 2949 2493 3090 2549; x_wconf 82' lang='lat' dir='ltr'><strong>facta</strong></span> <span class='ocrx_word' id='word_1_528' title='bbox 3125 2503 3214 2550; x_wconf 90' lang='lat' dir='ltr'><strong>est</strong></span> <span class='ocrx_word' id='word_1_529' title='bbox 3246 2511 3414 2566; x_wconf 91' lang='lat' dir='ltr'><strong>supra</strong></span> <span class='ocrx_word' id='word_1_530' title='bbox 3439 2505 3646 2550; x_wconf 87' lang='lat' dir='ltr'><strong>terram</strong></span> <span class='ocrx_word' id='word_1_531' title='bbox 3702 2497 3782 2552; x_wconf 85' lang='lat' dir='ltr'><strong>Ne</strong></span> 
     </span>
    </p>
   </div>
   <div class='ocr_carea' id='block_1_70' title="bbox 2201 2583 3784 2654">
    <p class='ocr_par' dir='ltr' id='par_1_70' title="bbox 2201 2583 3784 2654">
     <span class='ocr_line' id='line_1_70' title="bbox 2201 2583 3784 2654; baseline 0.003 -16"><span class='ocrx_word' id='word_1_532' title='bbox 2201 2598 2306 2638; x_wconf 89' lang='lat' dir='ltr'><strong>nos</strong></span> <span class='ocrx_word' id='word_1_533' title='bbox 2357 2583 2505 2638; x_wconf 91' lang='lat' dir='ltr'><strong>enim</strong></span> <span class='ocrx_word' id='word_1_534' title='bbox 2560 2583 2732 2652; x_wconf 73' lang='lat' dir='ltr'><strong>lateat</strong></span> <span class='ocrx_word' id='word_1_535' title='bbox 2777 2585 2924 2654; x_wconf 89' lang='lat' dir='ltr'><strong>quod</strong></span> <span class='ocrx_word' id='word_1_536' title='bbox 2969 2600 3036 2639; x_wconf 73' lang='lat' dir='ltr'><strong>ex</strong></span> <span class='ocrx_word' id='word_1_537' title='bbox 3098 2586 3364 2642; x_wconf 87' lang='lat' dir='ltr'><strong>omnibus</strong></span> <span class='ocrx_word' id='word_1_538' title='bbox 3408 2587 3784 2643; x_wconf 84' lang='lat' dir='ltr'><strong>luminarihus</strong></span> 
     </span>
    </p>
   </div>
   <div class='ocr_carea' id='block_1_71' title="bbox 2203 2674 3785 2748">
    <p class='ocr_par' dir='ltr' id='par_1_71' title="bbox 2203 2674 3785 2748">
     <span class='ocr_line' id='line_1_71' title="bbox 2203 2674 3785 2748; baseline 0.004 -19"><span class='ocrx_word' id='word_1_539' title='bbox 2203 2676 2286 2730; x_wconf 93' lang='lat' dir='ltr'><strong>sol</strong></span> <span class='ocrx_word' id='word_1_540' title='bbox 2315 2674 2654 2742; x_wconf 86' lang='lat' dir='ltr'><strong>compositus</strong></span> <span class='ocrx_word' id='word_1_541' title='bbox 2691 2674 2786 2739; x_wconf 89' lang='lat' dir='ltr'><strong>sit,</strong></span> <span class='ocrx_word' id='word_1_542' title='bbox 2830 2683 2890 2729; x_wconf 89' lang='lat' dir='ltr'><strong>ut</strong></span> <span class='ocrx_word' id='word_1_543' title='bbox 2933 2675 3026 2745; x_wconf 88' lang='lat' dir='ltr'><strong>qui</strong></span> <span class='ocrx_word' id='word_1_544' title='bbox 3081 2685 3302 2732; x_wconf 89' lang='lat' dir='ltr'><strong>constet</strong></span> <span class='ocrx_word' id='word_1_545' title='bbox 3328 2693 3397 2732; x_wconf 82' lang='lat' dir='ltr'><strong>ex</strong></span> <span class='ocrx_word' id='word_1_546' title='bbox 3427 2676 3785 2748; x_wconf 77' lang='lat' dir='ltr'><strong>duobusge-</strong></span> 
     </span>
    </p>
   </div>
   <div class='ocr_carea' id='block_1_72' title="bbox 2203 2765 3785 2838">
    <p class='ocr_par' dir='ltr' id='par_1_72' title="bbox 2203 2765 3785 2838">
     <span class='ocr_line' id='line_1_72' title="bbox 2203 2765 3785 2838; baseline 0.003 -18"><span class='ocrx_word' id='word_1_547' title='bbox 2203 2765 2434 2820; x_wconf 90' lang='lat' dir='ltr'><strong>neribus</strong></span> <span class='ocrx_word' id='word_1_548' title='bbox 2474 2765 2530 2818; x_wconf 90' lang='lat' dir='ltr'><strong>in</strong></span> <span class='ocrx_word' id='word_1_549' title='bbox 2561 2775 2748 2836; x_wconf 77' lang='lat' dir='ltr'><strong>typum</strong></span> <span class='ocrx_word' id='word_1_550' title='bbox 2801 2765 3008 2822; x_wconf 90' lang='lat' dir='ltr'><strong>Christi</strong></span> <span class='ocrx_word' id='word_1_551' title='bbox 3045 2784 3059 2820; x_wconf 90' lang='lat'><strong>:</strong></span> <span class='ocrx_word' id='word_1_552' title='bbox 3091 2782 3291 2838; x_wconf 92' lang='lat' dir='ltr'><strong>nempe</strong></span> <span class='ocrx_word' id='word_1_553' title='bbox 3351 2785 3420 2824; x_wconf 81' lang='lat' dir='ltr'><strong>ex</strong></span> <span class='ocrx_word' id='word_1_554' title='bbox 3459 2769 3554 2824; x_wconf 88' lang='lat' dir='ltr'><strong>illa</strong></span> <span class='ocrx_word' id='word_1_555' title='bbox 3601 2770 3785 2838; x_wconf 77' lang='lat' dir='ltr'><strong>prima</strong></span> 
     </span>
    </p>
   </div>
   <div class='ocr_carea' id='block_1_73' title="bbox 2205 2855 3787 2939">
    <p class='ocr_par' dir='ltr' id='par_1_73' title="bbox 2205 2855 3787 2939">
     <span class='ocr_line' id='line_1_73' title="bbox 2205 2855 3787 2939; baseline 0.003 -27"><span class='ocrx_word' id='word_1_556' title='bbox 2205 2855 2416 2912; x_wconf 75' lang='lat' dir='ltr'><strong>cmlcsti</strong></span> <span class='ocrx_word' id='word_1_557' title='bbox 2466 2867 2523 2910; x_wconf 88' lang='lat' dir='ltr'><strong>et</strong></span> <span class='ocrx_word' id='word_1_558' title='bbox 2563 2855 2790 2926; x_wconf 89' lang='lat' dir='ltr'><strong>antiqua</strong></span> <span class='ocrx_word' id='word_1_559' title='bbox 2826 2857 2977 2924; x_wconf 90' lang='lat' dir='ltr'><strong>luce,</strong></span> <span class='ocrx_word' id='word_1_560' title='bbox 3000 2867 3057 2912; x_wconf 86' lang='lat' dir='ltr'><strong>et</strong></span> <span class='ocrx_word' id='word_1_561' title='bbox 3091 2858 3215 2930; x_wconf 88' lang='lat' dir='ltr'><strong>igne</strong></span> <span class='ocrx_word' id='word_1_562' title='bbox 3241 2859 3339 2930; x_wconf 90' lang='lat' dir='ltr'><strong>qui</strong></span> <span class='ocrx_word' id='word_1_563' title='bbox 3379 2871 3570 2930; x_wconf 89' lang='lat' dir='ltr'><strong>postea</strong></span> <span class='ocrx_word' id='word_1_564' title='bbox 3603 2861 3787 2939; x_wconf 71' lang='lat' dir='ltr'><strong>fac-tus</strong></span> 
     </span>
    </p>
   </div>
   <div class='ocr_carea' id='block_1_74' title="bbox 2205 2948 3787 3020">
    <p class='ocr_par' dir='ltr' id='par_1_74' title="bbox 2205 2948 3787 3020">
     <span class='ocr_line' id='line_1_74' title="bbox 2205 2948 3787 3020; baseline 0.004 -19"><span class='ocrx_word' id='word_1_565' title='bbox 2205 2957 2289 3002; x_wconf 92' lang='lat' dir='ltr'><strong>est</strong></span> <span class='ocrx_word' id='word_1_566' title='bbox 2320 2957 2376 3002; x_wconf 91' lang='lat' dir='ltr'><strong>et</strong></span> <span class='ocrx_word' id='word_1_567' title='bbox 2402 2948 2456 3002; x_wconf 91' lang='lat' dir='ltr'><strong>in</strong></span> <span class='ocrx_word' id='word_1_568' title='bbox 2481 2948 2690 3002; x_wconf 67' lang='lat' dir='ltr'><strong>aethere</strong></span> <span class='ocrx_word' id='word_1_569' title='bbox 2708 2957 2793 3002; x_wconf 88' lang='lat' dir='ltr'><strong>est</strong></span> <span class='ocrx_word' id='word_1_570' title='bbox 2821 2951 3189 3020; x_wconf 88' lang='lat' dir='ltr'><strong>interceptus,</strong></span> <span class='ocrx_word' id='word_1_571' title='bbox 3227 2961 3282 3006; x_wconf 91' lang='lat' dir='ltr'><strong>et</strong></span> <span class='ocrx_word' id='word_1_572' title='bbox 3315 2953 3383 3008; x_wconf 91' lang='lat' dir='ltr'><strong>de</strong></span> <span class='ocrx_word' id='word_1_573' title='bbox 3419 2953 3694 3008; x_wconf 87' lang='lat' dir='ltr'><strong>industria</strong></span> <span class='ocrx_word' id='word_1_574' title='bbox 3727 2953 3787 3008; x_wconf 90' lang='lat' dir='ltr'><strong>in</strong></span> 
     </span>
    </p>
   </div>
   <div class='ocr_carea' id='block_1_75' title="bbox 2209 3041 3788 3114">
    <p class='ocr_par' dir='ltr' id='par_1_75' title="bbox 2209 3041 3788 3114">
     <span class='ocr_line' id='line_1_75' title="bbox 2209 3041 3788 3114; baseline 0.003 -18"><span class='ocrx_word' id='word_1_575' title='bbox 2209 3050 2410 3096; x_wconf 88' lang='lat' dir='ltr'><strong>terram</strong></span> <span class='ocrx_word' id='word_1_576' title='bbox 2469 3041 2774 3109; x_wconf 85' lang='lat' dir='ltr'><strong>projectus.</strong></span> <span class='ocrx_word' id='word_1_577' title='bbox 2827 3042 2897 3096; x_wconf 88' lang='lat' dir='ltr'><strong>Et</strong></span> <span class='ocrx_word' id='word_1_578' title='bbox 2955 3043 3222 3114; x_wconf 87' lang='lat' dir='ltr'><strong>intellige.</strong></span> <span class='ocrx_word' id='word_1_579' title='bbox 3263 3045 3382 3100; x_wconf 66' lang='lat' dir='ltr'><strong>haec</strong></span> <span class='ocrx_word' id='word_1_580' title='bbox 3441 3047 3609 3100; x_wconf 90' lang='lat' dir='ltr'><strong>nobis</strong></span> <span class='ocrx_word' id='word_1_581' title='bbox 3652 3046 3788 3102; x_wconf 77' lang='lat' dir='ltr'><strong>sul)-</strong></span> 
     </span>
    </p>
   </div>
   <div class='ocr_carea' id='block_1_76' title="bbox 2205 3131 3791 3205">
    <p class='ocr_par' dir='ltr' id='par_1_76' title="bbox 2205 3131 3791 3205">
     <span class='ocr_line' id='line_1_76' title="bbox 2205 3131 3791 3205; baseline 0.005 -21"><span class='ocrx_word' id='word_1_582' title='bbox 2205 3131 2522 3187; x_wconf 89' lang='lat' dir='ltr'><strong>ministrarc</strong></span> <span class='ocrx_word' id='word_1_583' title='bbox 2545 3133 2726 3188; x_wconf 90' lang='lat' dir='ltr'><strong>lucem</strong></span> <span class='ocrx_word' id='word_1_584' title='bbox 2759 3152 2772 3188; x_wconf 92' lang='lat'>:</span> <span class='ocrx_word' id='word_1_585' title='bbox 2813 3150 3014 3205; x_wconf 90' lang='lat' dir='ltr'><strong>nempe</strong></span> <span class='ocrx_word' id='word_1_586' title='bbox 3043 3136 3211 3190; x_wconf 81' lang='lat' dir='ltr'><strong>Verbi</strong></span> <span class='ocrx_word' id='word_1_587' title='bbox 3253 3137 3627 3192; x_wconf 76' lang='lat' dir='ltr'><strong>divinitatem.</strong></span> <span class='ocrx_word' id='word_1_588' title='bbox 3651 3139 3791 3192; x_wconf 81' lang='lat' dir='ltr'><strong>Erat</strong></span> 
     </span>
    </p>
   </div>
   <div class='ocr_carea' id='block_1_77' title="bbox 2197 3215 3788 3302">
    <p class='ocr_par' dir='ltr' id='par_1_77' title="bbox 2197 3215 3788 3302">
     <span class='ocr_line' id='line_1_77' title="bbox 2197 3215 3788 3302; baseline 0.003 -22"><span class='ocrx_word' id='word_1_589' title='bbox 2197 3225 2347 3280; x_wconf 91' lang='lat' dir='ltr'><strong>enim</strong></span> <span class='ocrx_word' id='word_1_590' title='bbox 2377 3235 2436 3280; x_wconf 88' lang='lat' dir='ltr'><strong>et</strong></span> <span class='ocrx_word' id='word_1_591' title='bbox 2469 3227 2685 3296; x_wconf 79' lang='lat' dir='ltr'><strong>pridem</strong></span> <span class='ocrx_word' id='word_1_592' title='bbox 2719 3227 2774 3282; x_wconf 93' lang='lat' dir='ltr'><strong>in</strong></span> <span class='ocrx_word' id='word_1_593' title='bbox 2807 3227 3084 3299; x_wconf 88' lang='lat' dir='ltr'><strong>principio</strong></span> <span class='ocrx_word' id='word_1_594' title='bbox 3118 3229 3208 3283; x_wconf 71' lang='lat' dir='ltr'><strong>lux</strong></span> <span class='ocrx_word' id='word_1_595' title='bbox 3243 3247 3372 3284; x_wconf 78' lang='lat' dir='ltr'><strong>nera</strong></span> <span class='ocrx_word' id='word_1_596' title='bbox 3412 3247 3531 3302; x_wconf 78' lang='lat' dir='ltr'><strong>qua:</strong></span> <span class='ocrx_word' id='word_1_597' title='bbox 3575 3215 3788 3286; x_wconf 70' lang='lat' dir='ltr'><strong>illumi-</strong></span> 
     </span>
    </p>
   </div>
   <div class='ocr_carea' id='block_1_78' title="bbox 2203 3321 3786 3392">
    <p class='ocr_par' dir='ltr' id='par_1_78' title="bbox 2203 3321 3786 3392">
     <span class='ocr_line' id='line_1_78' title="bbox 2203 3321 3786 3392; baseline 0.004 -21"><span class='ocrx_word' id='word_1_598' title='bbox 2203 3325 2296 3371; x_wconf 87' lang='lat' dir='ltr'><strong>nat</strong></span> <span class='ocrx_word' id='word_1_599' title='bbox 2342 3334 2550 3372; x_wconf 74' lang='lat' dir='ltr'><strong>cautem</strong></span> <span class='ocrx_word' id='word_1_600' title='bbox 2585 3321 2846 3373; x_wconf 82' lang='lat' dir='ltr'><strong>hominem</strong></span> <span class='ocrx_word' id='word_1_601' title='bbox 2880 3322 2922 3351; x_wconf 83' lang='lat'>”</span> <span class='ocrx_word' id='word_1_602' title='bbox 2962 3340 2975 3374; x_wconf 90' lang='lat'>:</span> <span class='ocrx_word' id='word_1_603' title='bbox 3018 3337 3214 3376; x_wconf 90' lang='lat' dir='ltr'><strong>rursus</strong></span> <span class='ocrx_word' id='word_1_604' title='bbox 3252 3331 3437 3377; x_wconf 86' lang='lat' dir='ltr'><strong>autem</strong></span> <span class='ocrx_word' id='word_1_605' title='bbox 3479 3323 3786 3392; x_wconf 79' lang='lat' dir='ltr'><strong>sanguino-</strong></span> 
     </span>
    </p>
   </div>
   <div class='ocr_carea' id='block_1_79' title="bbox 2197 3408 3786 3470">
    <p class='ocr_par' dir='ltr' id='par_1_79' title="bbox 2197 3408 3786 3470">
     <span class='ocr_line' id='line_1_79' title="bbox 2197 3408 3786 3470; baseline 0.006 -9"><span class='ocrx_word' id='word_1_606' title='bbox 2197 3408 2400 3462; x_wconf 82' lang='lat' dir='ltr'><strong>lentam</strong></span> <span class='ocrx_word' id='word_1_607' title='bbox 2425 3419 2480 3464; x_wconf 80' lang='lat' dir='ltr'><strong>c&#39;.</strong></span> <span class='ocrx_word' id='word_1_608' title='bbox 2500 3411 2826 3465; x_wconf 84' lang='lat' dir='ltr'><strong>candentem</strong></span> <span class='ocrx_word' id='word_1_609' title='bbox 2850 3422 3091 3466; x_wconf 91' lang='lat' dir='ltr'><strong>nostram</strong></span> <span class='ocrx_word' id='word_1_610' title='bbox 3121 3429 3369 3468; x_wconf 86' lang='lat' dir='ltr'><strong>carnem.</strong></span> <span class='ocrx_word' id='word_1_611' title='bbox 3398 3413 3514 3469; x_wconf 71' lang='lat' dir='ltr'><strong>Lux</strong></span> <span class='ocrx_word' id='word_1_612' title='bbox 3542 3415 3693 3470; x_wconf 88' lang='lat' dir='ltr'><strong>enim</strong></span> <span class='ocrx_word' id='word_1_613' title='bbox 3726 3415 3786 3470; x_wconf 91' lang='lat' dir='ltr'><strong>in</strong></span> 
     </span>
    </p>
   </div>
   <div class='ocr_carea' id='block_1_80' title="bbox 2199 3501 3786 3576">
    <p class='ocr_par' dir='ltr' id='par_1_80' title="bbox 2199 3501 3786 3576">
     <span class='ocr_line' id='line_1_80' title="bbox 2199 3501 3786 3576; baseline 0.008 -23"><span class='ocrx_word' id='word_1_614' title='bbox 2199 3501 2313 3555; x_wconf 85' lang='lat' dir='ltr'><strong>sole</strong></span> <span class='ocrx_word' id='word_1_615' title='bbox 2351 3501 2530 3572; x_wconf 82' lang='lat' dir='ltr'><strong>ignem</strong></span> <span class='ocrx_word' id='word_1_616' title='bbox 2568 3504 2817 3574; x_wconf 88' lang='lat' dir='ltr'><strong>accepit;</strong></span> <span class='ocrx_word' id='word_1_617' title='bbox 2843 3505 3070 3569; x_wconf 84' lang='lat' dir='ltr'><strong>hocest,</strong></span> <span class='ocrx_word' id='word_1_618' title='bbox 3087 3507 3332 3562; x_wconf 83' lang='lat' dir='ltr'><strong>Verbum</strong></span> <span class='ocrx_word' id='word_1_619' title='bbox 3364 3509 3786 3576; x_wconf 81' lang='lat' dir='ltr'><strong>illuminansfa-</strong></span> 
     </span>
    </p>
   </div>
   <div class='ocr_carea' id='block_1_81' title="bbox 2201 3595 3788 3656">
    <p class='ocr_par' dir='ltr' id='par_1_81' title="bbox 2201 3595 3788 3656">
     <span class='ocr_line' id='line_1_81' title="bbox 2201 3595 3788 3656; baseline 0.007 -11"><span class='ocrx_word' id='word_1_620' title='bbox 2201 3602 2352 3646; x_wconf 89' lang='lat' dir='ltr'><strong>ctum</strong></span> <span class='ocrx_word' id='word_1_621' title='bbox 2371 3603 2455 3648; x_wconf 88' lang='lat' dir='ltr'><strong>est</strong></span> <span class='ocrx_word' id='word_1_622' title='bbox 2475 3609 2602 3648; x_wconf 89' lang='lat' dir='ltr'><strong>caro</strong></span> <span class='ocrx_word' id='word_1_623' title='bbox 2630 3613 2642 3648; x_wconf 92' lang='lat'><strong>:</strong></span> <span class='ocrx_word' id='word_1_624' title='bbox 2669 3595 2840 3650; x_wconf 82' lang='lat' dir='ltr'><strong>Adam</strong></span> <span class='ocrx_word' id='word_1_625' title='bbox 2863 3597 3012 3650; x_wconf 90' lang='lat' dir='ltr'><strong>enim</strong></span> <span class='ocrx_word' id='word_1_626' title='bbox 3036 3598 3216 3653; x_wconf 91' lang='lat' dir='ltr'><strong>induit</strong></span> <span class='ocrx_word' id='word_1_627' title='bbox 3233 3599 3501 3654; x_wconf 89' lang='lat' dir='ltr'><strong>Dominus</strong></span> <span class='ocrx_word' id='word_1_628' title='bbox 3523 3611 3580 3656; x_wconf 90' lang='lat' dir='ltr'><strong>et</strong></span> <span class='ocrx_word' id='word_1_629' title='bbox 3599 3603 3788 3656; x_wconf 83' lang='lat' dir='ltr'><strong>accin-</strong></span> 
     </span>
    </p>
   </div>
   <div class='ocr_carea' id='block_1_82' title="bbox 2202 3684 3786 3763">
    <p class='ocr_par' dir='ltr' id='par_1_82' title="bbox 2202 3684 3786 3763">
     <span class='ocr_line' id='line_1_82' title="bbox 2202 3684 3786 3763; baseline 0.005 -25"><span class='ocrx_word' id='word_1_630' title='bbox 2202 3686 2300 3739; x_wconf 79' lang='lat' dir='ltr'><strong>xit.</strong></span> <span class='ocrx_word' id='word_1_631' title='bbox 2334 3684 2509 3742; x_wconf 80' lang='lat' dir='ltr'><strong>Adam</strong></span> <span class='ocrx_word' id='word_1_632' title='bbox 2535 3687 2680 3740; x_wconf 90' lang='lat' dir='ltr'><strong>enim</strong></span> <span class='ocrx_word' id='word_1_633' title='bbox 2713 3687 3114 3759; x_wconf 86' lang='lat' dir='ltr'><strong>interpretatur</strong></span> <span class='ocrx_word' id='word_1_634' title='bbox 3139 3691 3370 3746; x_wconf 82' lang='lat' dir='ltr'><strong>candens</strong></span> <span class='ocrx_word' id='word_1_635' title='bbox 3395 3703 3454 3746; x_wconf 85' lang='lat' dir='ltr'><strong>et</strong></span> <span class='ocrx_word' id='word_1_636' title='bbox 3490 3694 3786 3763; x_wconf 77' lang='lat' dir='ltr'><strong>sanguino-</strong></span> 
     </span>
    </p>
   </div>
   <div class='ocr_carea' id='block_1_83' title="bbox 2203 3779 3778 3853">
    <p class='ocr_par' dir='ltr' id='par_1_83' title="bbox 2203 3779 3778 3853">
     <span class='ocr_line' id='line_1_83' title="bbox 2203 3779 3778 3853; baseline 0.002 -17"><span class='ocrx_word' id='word_1_637' title='bbox 2203 3782 2374 3837; x_wconf 80' lang='lat' dir='ltr'><strong>lentus</strong></span> <span class='ocrx_word' id='word_1_638' title='bbox 2401 3799 2417 3836; x_wconf 93' lang='lat'><em>:</em></span> <span class='ocrx_word' id='word_1_639' title='bbox 2441 3781 2895 3853; x_wconf 87' lang='lat' dir='ltr'><strong>quandoquidem</strong></span> <span class='ocrx_word' id='word_1_640' title='bbox 2926 3783 3084 3851; x_wconf 90' lang='lat' dir='ltr'><strong>pueri</strong></span> <span class='ocrx_word' id='word_1_641' title='bbox 3107 3779 3594 3838; x_wconf 80' lang='lat' dir='ltr'><strong>communicarunt</strong></span> <span class='ocrx_word' id='word_1_642' title='bbox 3621 3785 3778 3840; x_wconf 81' lang='lat' dir='ltr'><strong>carni</strong></span> 
     </span>
    </p>
   </div>
   <div class='ocr_carea' id='block_1_84' title="bbox 2203 3875 3783 3946">
    <p class='ocr_par' dir='ltr' id='par_1_84' title="bbox 2203 3875 3783 3946">
     <span class='ocr_line' id='line_1_84' title="bbox 2203 3875 3783 3946; baseline 0.002 -16"><span class='ocrx_word' id='word_1_643' title='bbox 2203 3886 2260 3931; x_wconf 90' lang='lat' dir='ltr'><strong>et</strong></span> <span class='ocrx_word' id='word_1_644' title='bbox 2319 3876 2572 3946; x_wconf 84' lang='lat' dir='ltr'><strong>sanguini</strong></span> <span class='ocrx_word' id='word_1_645' title='bbox 2601 3877 2690 3940; x_wconf 76' lang='grc' dir='ltr'><strong>ὀς</strong></span> <span class='ocrx_word' id='word_1_646' title='bbox 2725 3891 2793 3929; x_wconf 84' lang='lat' dir='ltr'><strong>ex</strong></span> <span class='ocrx_word' id='word_1_647' title='bbox 2840 3875 3048 3944; x_wconf 88' lang='lat' dir='ltr'><strong>quibus</strong></span> <span class='ocrx_word' id='word_1_648' title='bbox 3106 3875 3276 3930; x_wconf 89' lang='lat' dir='ltr'><strong>etiam</strong></span> <span class='ocrx_word' id='word_1_649' title='bbox 3331 3893 3503 3946; x_wconf 90' lang='lat' dir='ltr'><strong>super</strong></span> <span class='ocrx_word' id='word_1_650' title='bbox 3576 3887 3783 3933; x_wconf 88' lang='lat' dir='ltr'><strong>terram</strong></span> 
     </span>
    </p>
   </div>
   <div class='ocr_carea' id='block_1_85' title="bbox 2202 3967 3782 4038">
    <p class='ocr_par' dir='ltr' id='par_1_85' title="bbox 2202 3967 3782 4038">
     <span class='ocr_line' id='line_1_85' title="bbox 2202 3967 3782 4038; baseline 0.001 -14"><span class='ocrx_word' id='word_1_651' title='bbox 2202 3969 2461 4024; x_wconf 89' lang='lat' dir='ltr'><strong>Christus</strong></span> <span class='ocrx_word' id='word_1_652' title='bbox 2490 3967 2708 4038; x_wconf 87' lang='lat' dir='ltr'><strong>(nempe</strong></span> <span class='ocrx_word' id='word_1_653' title='bbox 2736 3967 2840 4034; x_wconf 90' lang='lat' dir='ltr'><strong>sol)</strong></span> <span class='ocrx_word' id='word_1_654' title='bbox 2867 3968 3208 4037; x_wconf 88' lang='lat' dir='ltr'><strong>compositus</strong></span> <span class='ocrx_word' id='word_1_655' title='bbox 3245 3969 3520 4038; x_wconf 86' lang='lat' dir='ltr'><strong>apparuit.</strong></span> <span class='ocrx_word' id='word_1_656' title='bbox 3555 3971 3624 4024; x_wconf 88' lang='lat' dir='ltr'><strong>Et</strong></span> <span class='ocrx_word' id='word_1_657' title='bbox 3656 3971 3782 4026; x_wconf 90' lang='lat' dir='ltr'><strong>ideo</strong></span> 
     </span>
    </p>
   </div>
   <div class='ocr_carea' id='block_1_86' title="bbox 2203 4059 3787 4129">
    <p class='ocr_par' dir='ltr' id='par_1_86' title="bbox 2203 4059 3787 4129">
     <span class='ocr_line' id='line_1_86' title="bbox 2203 4059 3787 4129; baseline 0.001 -15"><span class='ocrx_word' id='word_1_658' title='bbox 2203 4061 2372 4114; x_wconf 87' lang='lat' dir='ltr'><strong>etiam</strong></span> <span class='ocrx_word' id='word_1_659' title='bbox 2428 4075 2588 4115; x_wconf 91' lang='lat' dir='ltr'><strong>soror</strong></span> <span class='ocrx_word' id='word_1_660' title='bbox 2621 4060 2742 4127; x_wconf 81' lang='lat' dir='ltr'><strong>ejus</strong></span> <span class='ocrx_word' id='word_1_661' title='bbox 2777 4059 2934 4124; x_wconf 87' lang='lat' dir='ltr'><strong>luna,</strong></span> <span class='ocrx_word' id='word_1_662' title='bbox 2971 4074 3170 4129; x_wconf 90' lang='lat' dir='ltr'><strong>nempe</strong></span> <span class='ocrx_word' id='word_1_663' title='bbox 3218 4059 3492 4121; x_wconf 82' lang='lat' dir='ltr'><strong>Ecclesia,</strong></span> <span class='ocrx_word' id='word_1_664' title='bbox 3539 4061 3679 4115; x_wconf 90' lang='lat' dir='ltr'><strong>dicit</strong></span> <span class='ocrx_word' id='word_1_665' title='bbox 3727 4061 3787 4116; x_wconf 83' lang='lat' dir='ltr'><strong>in</strong></span> 
     </span>
    </p>
   </div>
   <div class='ocr_carea' id='block_1_87' title="bbox 2203 4147 3783 4222">
    <p class='ocr_par' dir='ltr' id='par_1_87' title="bbox 2203 4147 3783 4222">
     <span class='ocr_line' id='line_1_87' title="bbox 2203 4147 3783 4222; baseline -0.001 -16"><span class='ocrx_word' id='word_1_666' title='bbox 2203 4150 2450 4207; x_wconf 89' lang='lat' dir='ltr'><strong>Canticis</strong></span> <span class='ocrx_word' id='word_1_667' title='bbox 2485 4168 2498 4205; x_wconf 92' lang='lat'><strong>:</strong></span> <span class='ocrx_word' id='word_1_668' title='bbox 2533 4147 2807 4206; x_wconf 75' lang='lat' dir='ltr'><strong>Patruelis</strong></span> <span class='ocrx_word' id='word_1_669' title='bbox 2836 4165 2980 4204; x_wconf 78' lang='lat' dir='ltr'><strong>meus</strong></span> <span class='ocrx_word' id='word_1_670' title='bbox 3005 4149 3158 4221; x_wconf 72' lang='lat' dir='ltr'><strong>albus</strong></span> <span class='ocrx_word' id='word_1_671' title='bbox 3185 4160 3235 4204; x_wconf 81' lang='lat' dir='ltr'><strong>et</strong></span> <span class='ocrx_word' id='word_1_672' title='bbox 3272 4153 3443 4222; x_wconf 77' lang='lat' dir='ltr'><strong>ﬂavus</strong></span> <span class='ocrx_word' id='word_1_673' title='bbox 3468 4151 3510 4181; x_wconf 81' lang='lat'><strong>&quot;</strong></span> <span class='ocrx_word' id='word_1_674' title='bbox 3539 4167 3555 4204; x_wconf 89' lang='lat'><strong>:</strong></span> <span class='ocrx_word' id='word_1_675' title='bbox 3583 4165 3783 4220; x_wconf 81' lang='lat' dir='ltr'><strong>nempe</strong></span> 
     </span>
    </p>
   </div>
   <div class='ocr_carea' id='block_1_88' title="bbox 2207 4241 3784 4312">
    <p class='ocr_par' dir='ltr' id='par_1_88' title="bbox 2207 4241 3784 4312">
     <span class='ocr_line' id='line_1_88' title="bbox 2207 4241 3784 4312; baseline -0.001 -14"><span class='ocrx_word' id='word_1_676' title='bbox 2207 4244 2352 4298; x_wconf 89' lang='lat' dir='ltr'><strong>Deus</strong></span> <span class='ocrx_word' id='word_1_677' title='bbox 2386 4251 2444 4298; x_wconf 93' lang='lat' dir='ltr'><strong>et</strong></span> <span class='ocrx_word' id='word_1_678' title='bbox 2471 4242 2645 4297; x_wconf 84' lang='lat' dir='ltr'><strong>Adam</strong></span> <span class='ocrx_word' id='word_1_679' title='bbox 2683 4260 2698 4310; x_wconf 89' lang='lat'><strong>;</strong></span> <span class='ocrx_word' id='word_1_680' title='bbox 2730 4242 2893 4298; x_wconf 90' lang='lat' dir='ltr'><strong>albus</strong></span> <span class='ocrx_word' id='word_1_681' title='bbox 2923 4251 3157 4312; x_wconf 87' lang='lat' dir='ltr'><strong>prepter</strong></span> <span class='ocrx_word' id='word_1_682' title='bbox 3192 4241 3572 4301; x_wconf 88' lang='lat' dir='ltr'><strong>divinitatem.</strong></span> <span class='ocrx_word' id='word_1_683' title='bbox 3603 4241 3784 4296; x_wconf 75' lang='lat' dir='ltr'><strong>ﬂavus</strong></span> 
     </span>
    </p>
   </div>
   <div class='ocr_carea' id='block_1_89' title="bbox 2206 4332 3786 4404">
    <p class='ocr_par' dir='ltr' id='par_1_89' title="bbox 2206 4332 3786 4404">
     <span class='ocr_line' id='line_1_89' title="bbox 2206 4332 3786 4404; baseline 0.001 -17"><span class='ocrx_word' id='word_1_684' title='bbox 2206 4342 2432 4404; x_wconf 88' lang='lat' dir='ltr'><strong>propter</strong></span> <span class='ocrx_word' id='word_1_685' title='bbox 2505 4333 3208 4402; x_wconf 86' lang='lat' dir='ltr'><strong>humanitatem:qualem</strong></span> <span class='ocrx_word' id='word_1_686' title='bbox 3291 4332 3457 4402; x_wconf 81' lang='lat' dir='ltr'><strong>etiam</strong></span> <span class='ocrx_word' id='word_1_687' title='bbox 3527 4332 3786 4388; x_wconf 85' lang='lat' dir='ltr'><strong>videmus</strong></span> 
     </span>
    </p>
   </div>
   <div class='ocr_carea' id='block_1_90' title="bbox 521 4416 3788 4495">
    <p class='ocr_par' dir='ltr' id='par_1_90' title="bbox 521 4416 3788 4495">
     <span class='ocr_line' id='line_1_90' title="bbox 521 4416 3788 4495; baseline 0.001 -23"><span class='ocrx_word' id='word_1_688' title='bbox 521 4416 785 4473; x_wconf 86' lang='lat' dir='ltr'><strong>adessent</strong></span> <span class='ocrx_word' id='word_1_689' title='bbox 807 4420 890 4474; x_wconf 91' lang='lat' dir='ltr'><strong>sol</strong></span> <span class='ocrx_word' id='word_1_690' title='bbox 916 4429 974 4476; x_wconf 89' lang='lat' dir='ltr'><strong>et</strong></span> <span class='ocrx_word' id='word_1_691' title='bbox 1024 4421 1156 4476; x_wconf 88' lang='lat' dir='ltr'><strong>luna</strong></span> <span class='ocrx_word' id='word_1_692' title='bbox 1212 4431 1270 4476; x_wconf 89' lang='lat' dir='ltr'><strong>et</strong></span> <span class='ocrx_word' id='word_1_693' title='bbox 1318 4425 1530 4488; x_wconf 63' lang='lat' dir='ltr'><strong>stellae;</strong></span> <span class='ocrx_word' id='word_1_694' title='bbox 1597 4425 1850 4479; x_wconf 74' lang='lat' dir='ltr'><strong>revelans</strong></span> <span class='ocrx_word' id='word_1_695' title='bbox 1896 4426 2106 4480; x_wconf 82' lang='lat' dir='ltr'><strong>scilicet</strong></span> <span class='ocrx_word' id='word_1_696' title='bbox 2143 4425 2578 4494; x_wconf 89' lang='lat' dir='ltr'><strong>Dcompositum</strong></span> <span class='ocrx_word' id='word_1_697' title='bbox 2631 4426 2829 4489; x_wconf 90' lang='lat' dir='ltr'><strong>solem,</strong></span> <span class='ocrx_word' id='word_1_698' title='bbox 2860 4425 3046 4479; x_wconf 90' lang='lat' dir='ltr'><strong>album</strong></span> <span class='ocrx_word' id='word_1_699' title='bbox 3089 4433 3147 4480; x_wconf 92' lang='lat' dir='ltr'><strong>et</strong></span> <span class='ocrx_word' id='word_1_700' title='bbox 3201 4423 3447 4488; x_wconf 82' lang='lat' dir='ltr'><strong>ﬂavum;</strong></span> <span class='ocrx_word' id='word_1_701' title='bbox 3485 4425 3551 4478; x_wconf 85' lang='lat' dir='ltr'><strong>ad</strong></span> <span class='ocrx_word' id='word_1_702' title='bbox 3583 4423 3788 4495; x_wconf 79' lang='lat' dir='ltr'><strong>imagi-</strong></span> 
     </span>
    </p>
   </div>
   <div class='ocr_carea' id='block_1_91' title="bbox 521 4513 2100 4572">
    <p class='ocr_par' dir='ltr' id='par_1_91' title="bbox 521 4513 2100 4572">
     <span class='ocr_line' id='line_1_91' title="bbox 521 4513 2100 4572; baseline 0.003 -6"><span class='ocrx_word' id='word_1_703' title='bbox 521 4519 581 4567; x_wconf 88' lang='lat' dir='ltr'><strong>et</strong></span> <span class='ocrx_word' id='word_1_704' title='bbox 616 4513 923 4568; x_wconf 89' lang='lat' dir='ltr'><strong>ostendens</strong></span> <span class='ocrx_word' id='word_1_705' title='bbox 969 4515 1427 4570; x_wconf 88' lang='lat' dir='ltr'><strong>illuminationem</strong></span> <span class='ocrx_word' id='word_1_706' title='bbox 1453 4515 1849 4570; x_wconf 36' lang='lat' dir='ltr'><strong>ldivinitatis&#39;in</strong></span> <span class='ocrx_word' id='word_1_707' title='bbox 1875 4518 2100 4572; x_wconf 90' lang='lat' dir='ltr'><strong>mundo.</strong></span> 
     </span>
    </p>
   </div>
   <div class='ocr_carea' id='block_1_92' title="bbox 522 4601 2106 4680">
    <p class='ocr_par' dir='ltr' id='par_1_92' title="bbox 522 4601 2106 4680">
     <span class='ocr_line' id='line_1_92' title="bbox 522 4601 2106 4680; baseline 0.004 -22"><span class='ocrx_word' id='word_1_708' title='bbox 522 4601 583 4658; x_wconf 87' lang='lat' dir='ltr'><strong>In</strong></span> <span class='ocrx_word' id='word_1_709' title='bbox 619 4603 726 4660; x_wconf 90' lang='lat' dir='ltr'><strong>hoc</strong></span> <span class='ocrx_word' id='word_1_710' title='bbox 773 4613 958 4659; x_wconf 88' lang='lat' dir='ltr'><strong>autem</strong></span> <span class='ocrx_word' id='word_1_711' title='bbox 1007 4606 1250 4676; x_wconf 85' lang='lat' dir='ltr'><strong>perfecto</strong></span> <span class='ocrx_word' id='word_1_712' title='bbox 1297 4607 1478 4678; x_wconf 90' lang='lat' dir='ltr'><strong>primo</strong></span> <span class='ocrx_word' id='word_1_713' title='bbox 1521 4617 1720 4678; x_wconf 89' lang='lat' dir='ltr'><strong>quarto</strong></span> <span class='ocrx_word' id='word_1_714' title='bbox 1755 4609 1867 4674; x_wconf 89' lang='lat' dir='ltr'><strong>die,</strong></span> <span class='ocrx_word' id='word_1_715' title='bbox 1905 4610 1960 4664; x_wconf 90' lang='lat' dir='ltr'><strong>in</strong></span> <span class='ocrx_word' id='word_1_716' title='bbox 1995 4626 2106 4680; x_wconf 90' lang='lat' dir='ltr'><strong>quo</strong></span> 
     </span>
    </p>
   </div>
   <div class='ocr_carea' id='block_1_93' title="bbox 523 4699 2108 4772">
    <p class='ocr_par' dir='ltr' id='par_1_93' title="bbox 523 4699 2108 4772">
     <span class='ocr_line' id='line_1_93' title="bbox 523 4699 2108 4772; baseline 0.002 -18"><span class='ocrx_word' id='word_1_717' title='bbox 523 4699 816 4769; x_wconf 61' lang='lat' dir='ltr'><strong>prasentia</strong></span> <span class='ocrx_word' id='word_1_718' title='bbox 839 4699 971 4754; x_wconf 88' lang='lat' dir='ltr'><strong>solis</strong></span> <span class='ocrx_word' id='word_1_719' title='bbox 983 4715 1044 4755; x_wconf 89' lang='lat' dir='ltr'><strong>sn</strong></span> <span class='ocrx_word' id='word_1_720' title='bbox 1051 4715 1150 4770; x_wconf 91' lang='lat' dir='ltr'><strong>per</strong></span> <span class='ocrx_word' id='word_1_721' title='bbox 1166 4709 1370 4754; x_wconf 86' lang='lat' dir='ltr'><strong>terram</strong></span> <span class='ocrx_word' id='word_1_722' title='bbox 1385 4714 1416 4754; x_wconf 89' lang='lat' dir='ltr'><strong>e</strong></span> <span class='ocrx_word' id='word_1_723' title='bbox 1436 4700 1577 4756; x_wconf 68' lang='lat' dir='ltr'><strong>coelo</strong></span> <span class='ocrx_word' id='word_1_724' title='bbox 1597 4700 1856 4770; x_wconf 89' lang='lat' dir='ltr'><strong>apparuit</strong></span> <span class='ocrx_word' id='word_1_725' title='bbox 1873 4719 1886 4756; x_wconf 91' lang='lat'>:</span> <span class='ocrx_word' id='word_1_726' title='bbox 1903 4717 2108 4772; x_wconf 86' lang='lat' dir='ltr'><strong>cogno-</strong></span> 
     </span>
    </p>
   </div>
   <div class='ocr_carea' id='block_1_94' title="bbox 522 4789 2102 4850">
    <p class='ocr_par' dir='ltr' id='par_1_94' title="bbox 522 4789 2102 4850">
     <span class='ocr_line' id='line_1_94' title="bbox 522 4789 2102 4850; baseline 0.004 -6"><span class='ocrx_word' id='word_1_727' title='bbox 522 4790 604 4844; x_wconf 69' lang='lat' dir='ltr'><strong>vit</strong></span> <span class='ocrx_word' id='word_1_728' title='bbox 625 4789 865 4845; x_wconf 88' lang='lat' dir='ltr'><strong>mundus</strong></span> <span class='ocrx_word' id='word_1_729' title='bbox 891 4791 1092 4847; x_wconf 89' lang='lat' dir='ltr'><strong>trinam</strong></span> <span class='ocrx_word' id='word_1_730' title='bbox 1123 4791 1586 4849; x_wconf 81' lang='lat' dir='ltr'><strong>illuminationcm</strong></span> <span class='ocrx_word' id='word_1_731' title='bbox 1612 4801 1669 4849; x_wconf 88' lang='lat' dir='ltr'><strong>et</strong></span> <span class='ocrx_word' id='word_1_732' title='bbox 1695 4793 1894 4849; x_wconf 89' lang='lat' dir='ltr'><strong>trinam</strong></span> <span class='ocrx_word' id='word_1_733' title='bbox 1923 4794 2102 4850; x_wconf 90' lang='lat' dir='ltr'><strong>lucem</strong></span> 
     </span>
    </p>
   </div>
   <div class='ocr_carea' id='block_1_95' title="bbox 521 4883 2102 4958">
    <p class='ocr_par' dir='ltr' id='par_1_95' title="bbox 521 4883 2102 4958">
     <span class='ocr_line' id='line_1_95' title="bbox 521 4883 2102 4958; baseline 0.004 -22"><span class='ocrx_word' id='word_1_734' title='bbox 521 4883 774 4953; x_wconf 83' lang='lat' dir='ltr'><strong>ejusdem</strong></span> <span class='ocrx_word' id='word_1_735' title='bbox 787 4884 953 4939; x_wconf 88' lang='lat' dir='ltr'><strong>simul</strong></span> <span class='ocrx_word' id='word_1_736' title='bbox 972 4885 1246 4948; x_wconf 74' lang='lat' dir='ltr'><strong>essentne.</strong></span> <span class='ocrx_word' id='word_1_737' title='bbox 1267 4885 1325 4940; x_wconf 91' lang='lat' dir='ltr'><strong>in</strong></span> <span class='ocrx_word' id='word_1_738' title='bbox 1351 4894 1538 4958; x_wconf 87' lang='lat' dir='ltr'><strong>typum</strong></span> <span class='ocrx_word' id='word_1_739' title='bbox 1562 4895 1764 4942; x_wconf 81' lang='lat' dir='ltr'><strong>sanctae</strong></span> <span class='ocrx_word' id='word_1_740' title='bbox 1784 4886 2102 4942; x_wconf 87' lang='lat' dir='ltr'><strong>Trinitatis:</strong></span> 
     </span>
    </p>
   </div>
   <div class='ocr_carea' id='block_1_96' title="bbox 523 4973 2107 5047">
    <p class='ocr_par' dir='ltr' id='par_1_96' title="bbox 523 4973 2107 5047">
     <span class='ocr_line' id='line_1_96' title="bbox 523 4973 2107 5047; baseline 0.002 -18"><span class='ocrx_word' id='word_1_741' title='bbox 523 4973 582 5028; x_wconf 88' lang='lat' dir='ltr'><strong>in</strong></span> <span class='ocrx_word' id='word_1_742' title='bbox 602 4973 694 5030; x_wconf 88' lang='lat' dir='ltr'><strong>illa</strong></span> <span class='ocrx_word' id='word_1_743' title='bbox 731 4975 957 5045; x_wconf 85' lang='lat' dir='ltr'><strong>quidem</strong></span> <span class='ocrx_word' id='word_1_744' title='bbox 985 4976 1163 5047; x_wconf 87' lang='lat' dir='ltr'><strong>prima</strong></span> <span class='ocrx_word' id='word_1_745' title='bbox 1196 4977 1342 5043; x_wconf 89' lang='lat' dir='ltr'><strong>luce,</strong></span> <span class='ocrx_word' id='word_1_746' title='bbox 1375 4979 1640 5035; x_wconf 90' lang='lat' dir='ltr'><strong>docemur</strong></span> <span class='ocrx_word' id='word_1_747' title='bbox 1674 4979 1944 5033; x_wconf 86' lang='lat' dir='ltr'><strong>unitatem</strong></span> <span class='ocrx_word' id='word_1_748' title='bbox 1968 4978 2107 5032; x_wconf 81' lang='lat' dir='ltr'><strong>divi-</strong></span> 
     </span>
    </p>
   </div>
   <div class='ocr_carea' id='block_1_97' title="bbox 525 5067 2101 5142">
    <p class='ocr_par' dir='ltr' id='par_1_97' title="bbox 525 5067 2101 5142">
     <span class='ocr_line' id='line_1_97' title="bbox 525 5067 2101 5142; baseline 0.002 -21"><span class='ocrx_word' id='word_1_749' title='bbox 525 5067 718 5124; x_wconf 86' lang='lat' dir='ltr'><strong>nitatis</strong></span> <span class='ocrx_word' id='word_1_750' title='bbox 753 5086 765 5122; x_wconf 90' lang='lat'><strong>:</strong></span> <span class='ocrx_word' id='word_1_751' title='bbox 797 5069 850 5124; x_wconf 89' lang='lat' dir='ltr'><strong>in</strong></span> <span class='ocrx_word' id='word_1_752' title='bbox 910 5069 1015 5126; x_wconf 90' lang='lat' dir='ltr'><strong>hac</strong></span> <span class='ocrx_word' id='word_1_753' title='bbox 1056 5078 1240 5125; x_wconf 89' lang='lat' dir='ltr'><strong>autem</strong></span> <span class='ocrx_word' id='word_1_754' title='bbox 1283 5071 1430 5126; x_wconf 87' lang='lat' dir='ltr'><strong>trina</strong></span> <span class='ocrx_word' id='word_1_755' title='bbox 1467 5071 1589 5126; x_wconf 90' lang='lat' dir='ltr'><strong>luce</strong></span> <span class='ocrx_word' id='word_1_756' title='bbox 1631 5069 2101 5142; x_wconf 60' lang='lat' dir='ltr'><strong>praesigniﬁcatur</strong></span> 
     </span>
    </p>
   </div>
   <div class='ocr_carea' id='block_1_98' title="bbox 526 5156 2098 5234">
    <p class='ocr_par' dir='ltr' id='par_1_98' title="bbox 526 5156 2098 5234">
     <span class='ocr_line' id='line_1_98' title="bbox 526 5156 2098 5234; baseline 0.003 -22"><span class='ocrx_word' id='word_1_757' title='bbox 526 5156 773 5215; x_wconf 84' lang='lat' dir='ltr'><strong>Trinitas</strong></span> <span class='ocrx_word' id='word_1_758' title='bbox 795 5176 986 5216; x_wconf 86' lang='lat' dir='ltr'><strong>earum</strong></span> <span class='ocrx_word' id='word_1_759' title='bbox 1023 5176 1145 5232; x_wconf 68' lang='lat' dir='ltr'><strong>quae</strong></span> <span class='ocrx_word' id='word_1_760' title='bbox 1170 5162 1333 5218; x_wconf 90' lang='lat' dir='ltr'><strong>simul</strong></span> <span class='ocrx_word' id='word_1_761' title='bbox 1358 5173 1490 5218; x_wconf 87' lang='lat' dir='ltr'><strong>sunt</strong></span> <span class='ocrx_word' id='word_1_762' title='bbox 1526 5162 1774 5234; x_wconf 89' lang='lat' dir='ltr'><strong>ejusdem</strong></span> <span class='ocrx_word' id='word_1_763' title='bbox 1821 5162 2098 5227; x_wconf 62' lang='lat' dir='ltr'><strong>essentne,</strong></span> 
     </span>
    </p>
   </div>
   <div class='ocr_carea' id='block_1_99' title="bbox 529 5251 2111 5330">
    <p class='ocr_par' dir='ltr' id='par_1_99' title="bbox 529 5251 2111 5330">
     <span class='ocr_line' id='line_1_99' title="bbox 529 5251 2111 5330; baseline 0.004 -28"><span class='ocrx_word' id='word_1_764' title='bbox 529 5263 920 5318; x_wconf 87' lang='lat' dir='ltr'><strong>personarum.</strong></span> <span class='ocrx_word' id='word_1_765' title='bbox 953 5251 1110 5318; x_wconf 89' lang='lat' dir='ltr'><strong>Quod</strong></span> <span class='ocrx_word' id='word_1_766' title='bbox 1147 5252 1194 5308; x_wconf 92' lang='lat' dir='ltr'><strong>si</strong></span> <span class='ocrx_word' id='word_1_767' title='bbox 1223 5252 1277 5307; x_wconf 92' lang='lat' dir='ltr'><strong>id</strong></span> <span class='ocrx_word' id='word_1_768' title='bbox 1301 5253 1452 5324; x_wconf 87' lang='lat' dir='ltr'><strong>quod</strong></span> <span class='ocrx_word' id='word_1_769' title='bbox 1480 5253 1691 5309; x_wconf 90' lang='lat' dir='ltr'><strong>dictum</strong></span> <span class='ocrx_word' id='word_1_770' title='bbox 1717 5261 1804 5309; x_wconf 90' lang='lat' dir='ltr'><strong>est</strong></span> <span class='ocrx_word' id='word_1_771' title='bbox 1833 5253 1934 5330; x_wconf 82' lang='lat' dir='ltr'><strong>tibi</strong></span> <span class='ocrx_word' id='word_1_772' title='bbox 1955 5253 2111 5309; x_wconf 84' lang='lat' dir='ltr'><strong>vide-</strong></span> 
     </span>
    </p>
   </div>
   <div class='ocr_carea' id='block_1_100' title="bbox 530 5345 2109 5416">
    <p class='ocr_par' dir='ltr' id='par_1_100' title="bbox 530 5345 2109 5416">
     <span class='ocr_line' id='line_1_100' title="bbox 530 5345 2109 5416; baseline 0.006 -24"><span class='ocrx_word' id='word_1_773' title='bbox 530 5348 622 5394; x_wconf 87' lang='lat' dir='ltr'><strong>tur</strong></span> <span class='ocrx_word' id='word_1_774' title='bbox 657 5357 914 5410; x_wconf 88' lang='lat' dir='ltr'><strong>asperum</strong></span> <span class='ocrx_word' id='word_1_775' title='bbox 939 5353 998 5399; x_wconf 89' lang='lat' dir='ltr'><strong>et</strong></span> <span class='ocrx_word' id='word_1_776' title='bbox 1029 5353 1306 5410; x_wconf 91' lang='lat' dir='ltr'><strong>coactum,</strong></span> <span class='ocrx_word' id='word_1_777' title='bbox 1331 5345 1400 5401; x_wconf 92' lang='lat' dir='ltr'><strong>de</strong></span> <span class='ocrx_word' id='word_1_778' title='bbox 1423 5361 1492 5402; x_wconf 89' lang='lat' dir='ltr'><strong>eo</strong></span> <span class='ocrx_word' id='word_1_779' title='bbox 1521 5347 1642 5416; x_wconf 90' lang='lat' dir='ltr'><strong>ipso</strong></span> <span class='ocrx_word' id='word_1_780' title='bbox 1668 5345 1920 5401; x_wconf 87' lang='lat' dir='ltr'><strong>dicemus</strong></span> <span class='ocrx_word' id='word_1_781' title='bbox 1941 5345 2109 5401; x_wconf 86' lang='lat' dir='ltr'><strong>etiam</strong></span> 
     </span>
    </p>
   </div>
   <div class='ocr_carea' id='block_1_101' title="bbox 525 5430 2109 5508">
    <p class='ocr_par' dir='ltr' id='par_1_101' title="bbox 525 5430 2109 5508">
     <span class='ocr_line' id='line_1_101' title="bbox 525 5430 2109 5508; baseline 0.005 -26"><span class='ocrx_word' id='word_1_782' title='bbox 525 5430 637 5484; x_wconf 87' lang='lat' dir='ltr'><strong>alio</strong></span> <span class='ocrx_word' id='word_1_783' title='bbox 673 5433 856 5490; x_wconf 89' lang='lat' dir='ltr'><strong>modo.</strong></span> <span class='ocrx_word' id='word_1_784' title='bbox 884 5435 1050 5490; x_wconf 83' lang='lat' dir='ltr'><strong>Forte</strong></span> <span class='ocrx_word' id='word_1_785' title='bbox 1088 5437 1236 5492; x_wconf 89' lang='lat' dir='ltr'><strong>enim</strong></span> <span class='ocrx_word' id='word_1_786' title='bbox 1283 5437 1430 5508; x_wconf 89' lang='lat' dir='ltr'><strong>quod</strong></span> <span class='ocrx_word' id='word_1_787' title='bbox 1457 5437 1528 5491; x_wconf 90' lang='lat' dir='ltr'><strong>ab</strong></span> <span class='ocrx_word' id='word_1_788' title='bbox 1569 5437 1730 5492; x_wconf 90' lang='lat' dir='ltr'><strong>initio</strong></span> <span class='ocrx_word' id='word_1_789' title='bbox 1773 5436 1827 5491; x_wconf 92' lang='lat' dir='ltr'><strong>in</strong></span> <span class='ocrx_word' id='word_1_790' title='bbox 1859 5436 1983 5492; x_wconf 68' lang='lat' dir='ltr'><strong>caeli</strong></span> <span class='ocrx_word' id='word_1_791' title='bbox 2015 5435 2109 5490; x_wconf 88' lang='lat' dir='ltr'><strong>ﬁr-</strong></span> 
     </span>
    </p>
   </div>
   <div class='ocr_carea' id='block_1_102' title="bbox 537 5524 2108 5600">
    <p class='ocr_par' dir='ltr' id='par_1_102' title="bbox 537 5524 2108 5600">
     <span class='ocr_line' id='line_1_102' title="bbox 537 5524 2108 5600; baseline 0.002 -24"><span class='ocrx_word' id='word_1_792' title='bbox 537 5532 816 5579; x_wconf 80' lang='lat' dir='ltr'><strong>mamento</strong></span> <span class='ocrx_word' id='word_1_793' title='bbox 865 5525 1037 5581; x_wconf 75' lang='lat' dir='ltr'><strong>stella:</strong></span> <span class='ocrx_word' id='word_1_794' title='bbox 1083 5527 1238 5582; x_wconf 74' lang='lat' dir='ltr'><strong>facue</strong></span> <span class='ocrx_word' id='word_1_795' title='bbox 1282 5529 1392 5584; x_wconf 81' lang='lat' dir='ltr'><strong>sint</strong></span> <span class='ocrx_word' id='word_1_796' title='bbox 1423 5529 1730 5600; x_wconf 72' lang='lat' dir='ltr'><strong>indigeam,</strong></span> <span class='ocrx_word' id='word_1_797' title='bbox 1784 5526 1840 5582; x_wconf 91' lang='lat' dir='ltr'><strong>id</strong></span> <span class='ocrx_word' id='word_1_798' title='bbox 1879 5524 2108 5596; x_wconf 82' lang='lat' dir='ltr'><strong>ﬁguram</strong></span> 
     </span>
    </p>
   </div>
   <div class='ocr_carea' id='block_1_103' title="bbox 2203 4514 3788 4592">
    <p class='ocr_par' dir='ltr' id='par_1_103' title="bbox 2203 4514 3788 4592">
     <span class='ocr_line' id='line_1_103' title="bbox 2203 4514 3788 4592; baseline -0.001 -22"><span class='ocrx_word' id='word_1_799' title='bbox 2203 4531 2331 4570; x_wconf 91' lang='lat' dir='ltr'><strong>nem</strong></span> <span class='ocrx_word' id='word_1_800' title='bbox 2361 4515 2568 4571; x_wconf 85' lang='lat' dir='ltr'><strong>Christi</strong></span> <span class='ocrx_word' id='word_1_801' title='bbox 2593 4515 2688 4592; x_wconf 82' lang='lat' dir='ltr'><strong>qui</strong></span> <span class='ocrx_word' id='word_1_802' title='bbox 2717 4525 2804 4571; x_wconf 82' lang='lat' dir='ltr'><strong>est</strong></span> <span class='ocrx_word' id='word_1_803' title='bbox 2831 4515 2913 4571; x_wconf 91' lang='lat' dir='ltr'><strong>sol</strong></span> <span class='ocrx_word' id='word_1_804' title='bbox 2937 4515 3192 4586; x_wconf 67' lang='lat' dir='ltr'><strong>justitite.</strong></span> <span class='ocrx_word' id='word_1_805' title='bbox 3220 4515 3294 4570; x_wconf 88' lang='lat' dir='ltr'><strong>De</strong></span> <span class='ocrx_word' id='word_1_806' title='bbox 3329 4529 3440 4586; x_wconf 91' lang='lat' dir='ltr'><strong>quo</strong></span> <span class='ocrx_word' id='word_1_807' title='bbox 3472 4514 3611 4568; x_wconf 87' lang='lat' dir='ltr'><strong>dicit</strong></span> <span class='ocrx_word' id='word_1_808' title='bbox 3641 4517 3788 4570; x_wconf 85' lang='lat' dir='ltr'><strong>Deus</strong></span> 
     </span>
    </p>
   </div>
   <div class='ocr_carea' id='block_1_104' title="bbox 2204 4606 3789 4678">
    <p class='ocr_par' dir='ltr' id='par_1_104' title="bbox 2204 4606 3789 4678">
     <span class='ocr_line' id='line_1_104' title="bbox 2204 4606 3789 4678; baseline -0.002 -15"><span class='ocrx_word' id='word_1_809' title='bbox 2204 4624 2303 4678; x_wconf 86' lang='lat' dir='ltr'><strong>per</strong></span> <span class='ocrx_word' id='word_1_810' title='bbox 2341 4608 2660 4662; x_wconf 71' lang='lat' dir='ltr'><strong>Malachiam</strong></span> <span class='ocrx_word' id='word_1_811' title='bbox 2699 4607 3028 4678; x_wconf 87' lang='lat' dir='ltr'><strong>prophetam</strong></span> <span class='ocrx_word' id='word_1_812' title='bbox 3075 4625 3088 4660; x_wconf 93' lang='lat'><strong>:</strong></span> <span class='ocrx_word' id='word_1_813' title='bbox 3136 4607 3350 4661; x_wconf 85' lang='lat' dir='ltr'><strong>Orietur</strong></span> <span class='ocrx_word' id='word_1_814' title='bbox 3387 4608 3450 4661; x_wconf 81' lang='lat' dir='ltr'><strong>iis</strong></span> <span class='ocrx_word' id='word_1_815' title='bbox 3491 4608 3584 4677; x_wconf 83' lang='lat' dir='ltr'><strong>qui</strong></span> <span class='ocrx_word' id='word_1_816' title='bbox 3619 4606 3789 4661; x_wconf 78' lang='lat' dir='ltr'><strong>Deum</strong></span> 
     </span>
    </p>
   </div>
   <div class='ocr_carea' id='block_1_105' title="bbox 2203 4699 3789 4772">
    <p class='ocr_par' dir='ltr' id='par_1_105' title="bbox 2203 4699 3789 4772">
     <span class='ocr_line' id='line_1_105' title="bbox 2203 4699 3789 4772; baseline 0.001 -19"><span class='ocrx_word' id='word_1_817' title='bbox 2203 4701 2393 4754; x_wconf 85' lang='lat' dir='ltr'><strong>timent</strong></span> <span class='ocrx_word' id='word_1_818' title='bbox 2425 4699 2507 4754; x_wconf 74' lang='lat' dir='ltr'><strong>sol</strong></span> <span class='ocrx_word' id='word_1_819' title='bbox 2547 4701 2774 4771; x_wconf 70' lang='lat' dir='ltr'><strong>justiti!!!</strong></span> <span class='ocrx_word' id='word_1_820' title='bbox 2804 4701 2872 4764; x_wconf 80' lang='lat'><strong>&quot;,</strong></span> <span class='ocrx_word' id='word_1_821' title='bbox 2902 4712 2966 4756; x_wconf 91' lang='lat' dir='ltr'><strong>ut</strong></span> <span class='ocrx_word' id='word_1_822' title='bbox 2988 4710 3254 4772; x_wconf 86' lang='lat' dir='ltr'><strong>appareat</strong></span> <span class='ocrx_word' id='word_1_823' title='bbox 3289 4701 3358 4756; x_wconf 89' lang='lat' dir='ltr'><strong>iis</strong></span> <span class='ocrx_word' id='word_1_824' title='bbox 3377 4701 3470 4771; x_wconf 88' lang='lat' dir='ltr'><strong>qui</strong></span> <span class='ocrx_word' id='word_1_825' title='bbox 3505 4699 3704 4754; x_wconf 89' lang='lat' dir='ltr'><strong>sedent</strong></span> <span class='ocrx_word' id='word_1_826' title='bbox 3729 4699 3789 4754; x_wconf 91' lang='lat' dir='ltr'><strong>in</strong></span> 
     </span>
    </p>
   </div>
   <div class='ocr_carea' id='block_1_106' title="bbox 2202 4791 3788 4860">
    <p class='ocr_par' dir='ltr' id='par_1_106' title="bbox 2202 4791 3788 4860">
     <span class='ocr_line' id='line_1_106' title="bbox 2202 4791 3788 4860; baseline -0.001 -14"><span class='ocrx_word' id='word_1_827' title='bbox 2202 4793 2452 4851; x_wconf 87' lang='lat' dir='ltr'><strong>tenebris</strong></span> <span class='ocrx_word' id='word_1_828' title='bbox 2469 4801 2528 4848; x_wconf 90' lang='lat' dir='ltr'><strong>et</strong></span> <span class='ocrx_word' id='word_1_829' title='bbox 2553 4793 2609 4846; x_wconf 92' lang='lat' dir='ltr'><strong>in</strong></span> <span class='ocrx_word' id='word_1_830' title='bbox 2643 4793 2839 4852; x_wconf 87' lang='lat' dir='ltr'><strong>umbra</strong></span> <span class='ocrx_word' id='word_1_831' title='bbox 2876 4793 3089 4848; x_wconf 88' lang='lat' dir='ltr'><strong>mortis.</strong></span> <span class='ocrx_word' id='word_1_832' title='bbox 3123 4792 3224 4851; x_wconf 84' lang='lat' dir='ltr'><strong>Hic</strong></span> <span class='ocrx_word' id='word_1_833' title='bbox 3263 4802 3350 4847; x_wconf 88' lang='lat' dir='ltr'><strong>est</strong></span> <span class='ocrx_word' id='word_1_834' title='bbox 3387 4791 3536 4851; x_wconf 88' lang='lat' dir='ltr'><strong>enim</strong></span> <span class='ocrx_word' id='word_1_835' title='bbox 3575 4791 3658 4847; x_wconf 84' lang='lat' dir='ltr'><strong>sol</strong></span> <span class='ocrx_word' id='word_1_836' title='bbox 3691 4791 3788 4860; x_wconf 86' lang='lat' dir='ltr'><strong>qui</strong></span> 
     </span>
    </p>
   </div>
   <div class='ocr_carea' id='block_1_107' title="bbox 2202 4885 3788 4957">
    <p class='ocr_par' dir='ltr' id='par_1_107' title="bbox 2202 4885 3788 4957">
     <span class='ocr_line' id='line_1_107' title="bbox 2202 4885 3788 4957; baseline -0.002 -16"><span class='ocrx_word' id='word_1_837' title='bbox 2202 4886 2378 4942; x_wconf 89' lang='lat' dir='ltr'><strong>dicit:</strong></span> <span class='ocrx_word' id='word_1_838' title='bbox 2407 4885 2522 4957; x_wconf 90' lang='lat' dir='ltr'><strong>Ego</strong></span> <span class='ocrx_word' id='word_1_839' title='bbox 2559 4885 2650 4939; x_wconf 79' lang='lat' dir='ltr'><strong>tua:</strong></span> <span class='ocrx_word' id='word_1_840' title='bbox 2673 4887 2790 4940; x_wconf 78' lang='lat' dir='ltr'><strong>veni</strong></span> <span class='ocrx_word' id='word_1_841' title='bbox 2839 4887 2896 4940; x_wconf 85' lang='lat' dir='ltr'><strong>in</strong></span> <span class='ocrx_word' id='word_1_842' title='bbox 2942 4885 3197 4940; x_wconf 83' lang='lat' dir='ltr'><strong>mundum</strong></span> <span class='ocrx_word' id='word_1_843' title='bbox 3226 4886 3274 4916; x_wconf 77' lang='grc'><strong>⁸³</strong></span> <span class='ocrx_word' id='word_1_844' title='bbox 3311 4903 3326 4949; x_wconf 90' lang='lat'><strong>;</strong></span> <span class='ocrx_word' id='word_1_845' title='bbox 3363 4885 3471 4940; x_wconf 90' lang='lat' dir='ltr'><strong>hoc</strong></span> <span class='ocrx_word' id='word_1_846' title='bbox 3493 4891 3623 4940; x_wconf 90' lang='lat' dir='ltr'><strong>est:</strong></span> <span class='ocrx_word' id='word_1_847' title='bbox 3660 4900 3788 4940; x_wconf 88' lang='lat' dir='ltr'><strong>cum</strong></span> 
     </span>
    </p>
   </div>
   <div class='ocr_carea' id='block_1_108' title="bbox 2201 4963 3788 5049">
    <p class='ocr_par' dir='ltr' id='par_1_108' title="bbox 2201 4963 3788 5049">
     <span class='ocr_line' id='line_1_108' title="bbox 2201 4963 3788 5049; baseline -0.003 -13"><span class='ocrx_word' id='word_1_848' title='bbox 2201 4987 2350 5037; x_wconf 90' lang='lat' dir='ltr'><strong>esset</strong></span> <span class='ocrx_word' id='word_1_849' title='bbox 2401 4963 2630 5040; x_wconf 74' lang='lat' dir='ltr'><strong>subtilis</strong></span> <span class='ocrx_word' id='word_1_850' title='bbox 2679 4987 2738 5034; x_wconf 90' lang='lat' dir='ltr'><strong>ut</strong></span> <span class='ocrx_word' id='word_1_851' title='bbox 2785 4979 2880 5033; x_wconf 79' lang='lat' dir='ltr'><strong>lux</strong></span> <span class='ocrx_word' id='word_1_852' title='bbox 2910 4987 3136 5049; x_wconf 85' lang='lat' dir='ltr'><strong>pmpter</strong></span> <span class='ocrx_word' id='word_1_853' title='bbox 3161 4977 3537 5042; x_wconf 82' lang='lat' dir='ltr'><strong>divinitatem,</strong></span> <span class='ocrx_word' id='word_1_854' title='bbox 3570 4976 3788 5047; x_wconf 87' lang='lat' dir='ltr'><strong>pudore</strong></span> 
     </span>
    </p>
   </div>
   <div class='ocr_carea' id='block_1_109' title="bbox 2204 5067 3785 5140">
    <p class='ocr_par' dir='ltr' id='par_1_109' title="bbox 2204 5067 3785 5140">
     <span class='ocr_line' id='line_1_109' title="bbox 2204 5067 3785 5140; baseline -0.003 -14"><span class='ocrx_word' id='word_1_855' title='bbox 2204 5082 2290 5126; x_wconf 89' lang='lat' dir='ltr'><strong>est</strong></span> <span class='ocrx_word' id='word_1_856' title='bbox 2338 5070 2572 5126; x_wconf 75' lang='lat' dir='ltr'><strong>affectus</strong></span> <span class='ocrx_word' id='word_1_857' title='bbox 2619 5079 2915 5140; x_wconf 88' lang='lat' dir='ltr'><strong>propterea</strong></span> <span class='ocrx_word' id='word_1_858' title='bbox 2955 5068 3101 5140; x_wconf 89' lang='lat' dir='ltr'><strong>quod</strong></span> <span class='ocrx_word' id='word_1_859' title='bbox 3140 5071 3356 5124; x_wconf 84' lang='lat' dir='ltr'><strong>venerit</strong></span> <span class='ocrx_word' id='word_1_860' title='bbox 3397 5069 3450 5122; x_wconf 93' lang='lat' dir='ltr'><strong>in</strong></span> <span class='ocrx_word' id='word_1_861' title='bbox 3493 5067 3785 5125; x_wconf 84' lang='lat' dir='ltr'><strong>mundum.</strong></span> 
     </span>
    </p>
   </div>
   <div class='ocr_carea' id='block_1_110' title="bbox 2207 5156 3789 5233">
    <p class='ocr_par' dir='ltr' id='par_1_110' title="bbox 2207 5156 3789 5233">
     <span class='ocr_line' id='line_1_110' title="bbox 2207 5156 3789 5233; baseline -0.004 -14"><span class='ocrx_word' id='word_1_862' title='bbox 2207 5164 2309 5219; x_wconf 85' lang='lat' dir='ltr'><strong>Hic</strong></span> <span class='ocrx_word' id='word_1_863' title='bbox 2335 5171 2423 5219; x_wconf 89' lang='lat' dir='ltr'><strong>est</strong></span> <span class='ocrx_word' id='word_1_864' title='bbox 2451 5165 2534 5218; x_wconf 91' lang='lat' dir='ltr'><strong>sol</strong></span> <span class='ocrx_word' id='word_1_865' title='bbox 2565 5163 2633 5218; x_wconf 90' lang='lat' dir='ltr'><strong>de</strong></span> <span class='ocrx_word' id='word_1_866' title='bbox 2667 5178 2778 5233; x_wconf 89' lang='lat' dir='ltr'><strong>quo</strong></span> <span class='ocrx_word' id='word_1_867' title='bbox 2813 5156 2983 5217; x_wconf 78' lang='lat' dir='ltr'><strong>etiam</strong></span> <span class='ocrx_word' id='word_1_868' title='bbox 3017 5160 3160 5218; x_wconf 89' lang='lat' dir='ltr'><strong>dicit</strong></span> <span class='ocrx_word' id='word_1_869' title='bbox 3209 5160 3534 5232; x_wconf 85' lang='lat' dir='ltr'><strong>prophetice</strong></span> <span class='ocrx_word' id='word_1_870' title='bbox 3563 5177 3576 5215; x_wconf 91' lang='lat'><strong>:</strong></span> <span class='ocrx_word' id='word_1_871' title='bbox 3606 5159 3789 5214; x_wconf 61' lang='lat' dir='ltr'><strong>Oritur</strong></span> 
     </span>
    </p>
   </div>
   <div class='ocr_carea' id='block_1_111' title="bbox 2202 5254 3791 5322">
    <p class='ocr_par' dir='ltr' id='par_1_111' title="bbox 2202 5254 3791 5322">
     <span class='ocr_line' id='line_1_111' title="bbox 2202 5254 3791 5322; baseline -0.003 -10"><span class='ocrx_word' id='word_1_872' title='bbox 2202 5255 2284 5312; x_wconf 77' lang='lat' dir='ltr'><strong>sol</strong></span> <span class='ocrx_word' id='word_1_873' title='bbox 2311 5257 2398 5322; x_wconf 65' lang='grc' dir='ltr'><strong>ἐς</strong></span> <span class='ocrx_word' id='word_1_874' title='bbox 2437 5255 2545 5311; x_wconf 90' lang='lat' dir='ltr'><strong>hoc</strong></span> <span class='ocrx_word' id='word_1_875' title='bbox 2597 5263 2709 5320; x_wconf 90' lang='lat' dir='ltr'><strong>est,</strong></span> <span class='ocrx_word' id='word_1_876' title='bbox 2741 5254 2920 5310; x_wconf 87' lang='lat' dir='ltr'><strong>tendit</strong></span> <span class='ocrx_word' id='word_1_877' title='bbox 2956 5254 3024 5310; x_wconf 91' lang='lat' dir='ltr'><strong>ad</strong></span> <span class='ocrx_word' id='word_1_878' title='bbox 3062 5255 3292 5316; x_wconf 81' lang='lat' dir='ltr'><strong>inferos.</strong></span> <span class='ocrx_word' id='word_1_879' title='bbox 3319 5265 3376 5309; x_wconf 88' lang='lat' dir='ltr'><strong>et</strong></span> <span class='ocrx_word' id='word_1_880' title='bbox 3402 5268 3598 5310; x_wconf 86' lang='lat' dir='ltr'><strong>rursus</strong></span> <span class='ocrx_word' id='word_1_881' title='bbox 3643 5255 3791 5308; x_wconf 60' lang='lat' dir='ltr'><strong>venit</strong></span> 
     </span>
    </p>
   </div>
   <div class='ocr_carea' id='block_1_112' title="bbox 2203 5344 3790 5404">
    <p class='ocr_par' dir='ltr' id='par_1_112' title="bbox 2203 5344 3790 5404">
     <span class='ocr_line' id='line_1_112' title="bbox 2203 5344 3790 5404; baseline -0.003 0"><span class='ocrx_word' id='word_1_882' title='bbox 2203 5349 2261 5404; x_wconf 93' lang='lat' dir='ltr'><strong>in</strong></span> <span class='ocrx_word' id='word_1_883' title='bbox 2288 5364 2450 5404; x_wconf 91' lang='lat' dir='ltr'><strong>suum</strong></span> <span class='ocrx_word' id='word_1_884' title='bbox 2475 5348 2682 5404; x_wconf 91' lang='lat' dir='ltr'><strong>locum.</strong></span> <span class='ocrx_word' id='word_1_885' title='bbox 2713 5347 2972 5404; x_wconf 86' lang='lat' dir='ltr'><strong>Christus</strong></span> <span class='ocrx_word' id='word_1_886' title='bbox 3013 5349 3163 5403; x_wconf 89' lang='lat' dir='ltr'><strong>enim</strong></span> <span class='ocrx_word' id='word_1_887' title='bbox 3209 5363 3336 5402; x_wconf 88' lang='lat' dir='ltr'><strong>eum</strong></span> <span class='ocrx_word' id='word_1_888' title='bbox 3389 5344 3604 5401; x_wconf 79' lang='lat' dir='ltr'><strong>inferos</strong></span> <span class='ocrx_word' id='word_1_889' title='bbox 3656 5345 3790 5401; x_wconf 84' lang='lat' dir='ltr'><strong>sub-</strong></span> 
     </span>
    </p>
   </div>
   <div class='ocr_carea' id='block_1_113' title="bbox 2207 5432 3791 5504">
    <p class='ocr_par' dir='ltr' id='par_1_113' title="bbox 2207 5432 3791 5504">
     <span class='ocr_line' id='line_1_113' title="bbox 2207 5432 3791 5504; baseline -0.002 -11"><span class='ocrx_word' id='word_1_890' title='bbox 2207 5439 2366 5494; x_wconf 89' lang='lat' dir='ltr'><strong>iisset</strong></span> <span class='ocrx_word' id='word_1_891' title='bbox 2391 5445 2449 5494; x_wconf 85' lang='lat' dir='ltr'><strong>et</strong></span> <span class='ocrx_word' id='word_1_892' title='bbox 2481 5437 2902 5502; x_wconf 82' lang='lat' dir='ltr'><strong>resurrexisset,</strong></span> <span class='ocrx_word' id='word_1_893' title='bbox 2928 5437 3100 5495; x_wconf 88' lang='lat' dir='ltr'><strong>rediit</strong></span> <span class='ocrx_word' id='word_1_894' title='bbox 3119 5437 3184 5492; x_wconf 88' lang='lat' dir='ltr'><strong>ad</strong></span> <span class='ocrx_word' id='word_1_895' title='bbox 3209 5437 3430 5492; x_wconf 87' lang='lat' dir='ltr'><strong>Patrem</strong></span> <span class='ocrx_word' id='word_1_896' title='bbox 3460 5452 3476 5500; x_wconf 90' lang='lat'><strong>;</strong></span> <span class='ocrx_word' id='word_1_897' title='bbox 3505 5432 3791 5504; x_wconf 87' lang='lat' dir='ltr'><strong>quomodo</strong></span> 
     </span>
    </p>
   </div>
   <div class='ocr_carea' id='block_1_114' title="bbox 2207 5527 3789 5606">
    <p class='ocr_par' dir='ltr' id='par_1_114' title="bbox 2207 5527 3789 5606">
     <span class='ocr_line' id='line_1_114' title="bbox 2207 5527 3789 5606; baseline -0.003 -22"><span class='ocrx_word' id='word_1_898' title='bbox 2207 5529 2372 5585; x_wconf 89' lang='lat' dir='ltr'><strong>etiam</strong></span> <span class='ocrx_word' id='word_1_899' title='bbox 2393 5529 2614 5585; x_wconf 85' lang='lat' dir='ltr'><strong>dicebat</strong></span> <span class='ocrx_word' id='word_1_900' title='bbox 2647 5548 2662 5585; x_wconf 88' lang='lat'><strong>:</strong></span> <span class='ocrx_word' id='word_1_901' title='bbox 2695 5528 2809 5601; x_wconf 88' lang='lat' dir='ltr'><strong>Ego</strong></span> <span class='ocrx_word' id='word_1_902' title='bbox 2837 5530 2957 5584; x_wconf 70' lang='lat' dir='ltr'><strong>exii.</strong></span> <span class='ocrx_word' id='word_1_903' title='bbox 2988 5544 3054 5584; x_wconf 77' lang='lat' dir='ltr'><strong>ea:</strong></span> <span class='ocrx_word' id='word_1_904' title='bbox 3093 5527 3279 5594; x_wconf 78' lang='lat' dir='ltr'><strong>Patre,</strong></span> <span class='ocrx_word' id='word_1_905' title='bbox 3309 5536 3572 5606; x_wconf 84' lang='lat' dir='ltr'><strong>tanquam</strong></span> <span class='ocrx_word' id='word_1_906' title='bbox 3595 5527 3744 5582; x_wconf 83' lang='lat' dir='ltr'><strong>Deus</strong></span> <span class='ocrx_word' id='word_1_907' title='bbox 3772 5541 3789 5580; x_wconf 87' lang='lat'><strong>:</strong></span> 
     </span>
    </p>
   </div>
   <div class='ocr_carea' id='block_1_115' title="bbox 605 5631 2097 5718">
    <p class='ocr_par' dir='ltr' id='par_1_115' title="bbox 605 5631 2086 5718">
     <span class='ocr_line' id='line_1_115' title="bbox 605 5631 2086 5718; baseline 0.004 -27"><span class='ocrx_word' id='word_1_908' title='bbox 605 5631 812 5718; x_wconf 54' lang='lat' dir='ltr'><strong>:Psal.</strong></span> <span class='ocrx_word' id='word_1_909' title='bbox 840 5653 1007 5718; x_wconf 59' lang='lat' dir='ltr'><strong>xxyt,</strong></span> <span class='ocrx_word' id='word_1_910' title='bbox 1039 5639 1093 5694; x_wconf 86' lang='lat'><strong>9.</strong></span> <span class='ocrx_word' id='word_1_911' title='bbox 1173 5641 1213 5672; x_wconf 81' lang='lat'><strong>‘°</strong></span> <span class='ocrx_word' id='word_1_912' title='bbox 1238 5640 1395 5694; x_wconf 80' lang='lat' dir='ltr'><strong>Joan.</strong></span> <span class='ocrx_word' id='word_1_913' title='bbox 1427 5658 1465 5706; x_wconf 83' lang='grc' dir='ltr'><strong>ι,</strong></span> <span class='ocrx_word' id='word_1_914' title='bbox 1493 5643 1543 5698; x_wconf 84' lang='lat'><strong>9.</strong></span> <span class='ocrx_word' id='word_1_915' title='bbox 1621 5644 1666 5675; x_wconf 83' lang='grc'><strong>²⁰</strong></span> <span class='ocrx_word' id='word_1_916' title='bbox 1699 5643 1866 5698; x_wconf 78' lang='lat' dir='ltr'><strong>Hebr.</strong></span> <span class='ocrx_word' id='word_1_917' title='bbox 1919 5660 1976 5705; x_wconf 81' lang='grc' dir='ltr'><strong>ιι,</strong></span> <span class='ocrx_word' id='word_1_918' title='bbox 2005 5645 2086 5698; x_wconf 79' lang='grc' dir='ltr'><strong>Η.</strong></span> 
     </span>
    </p>
   </div>
   <div class='ocr_carea' id='block_1_116' title="bbox 2199 5631 3791 5718">
    <p class='ocr_par' dir='ltr' id='par_1_116' title="bbox 2199 5640 3791 5708">
     <span class='ocr_line' id='line_1_116' title="bbox 2199 5640 3791 5708; baseline -0.001 -10"><span class='ocrx_word' id='word_1_919' title='bbox 2199 5643 2388 5699; x_wconf 88' lang='lat' dir='ltr'><strong>&#39;Cant.</strong></span> <span class='ocrx_word' id='word_1_920' title='bbox 2422 5661 2475 5705; x_wconf 69' lang='grc' dir='ltr'><strong>ν.</strong></span> <span class='ocrx_word' id='word_1_921' title='bbox 2505 5643 2591 5698; x_wconf 78' lang='grc'><strong>10.</strong></span> <span class='ocrx_word' id='word_1_922' title='bbox 2668 5645 2712 5677; x_wconf 82' lang='grc'><strong>¹⁹</strong></span> <span class='ocrx_word' id='word_1_923' title='bbox 2751 5643 2983 5700; x_wconf 75' lang='lat' dir='ltr'><strong>Malach.</strong></span> <span class='ocrx_word' id='word_1_924' title='bbox 3023 5659 3095 5708; x_wconf 82' lang='lat' dir='ltr'><strong>tv,</strong></span> <span class='ocrx_word' id='word_1_925' title='bbox 3123 5644 3180 5698; x_wconf 77' lang='lat'><strong>‘2.</strong></span> <span class='ocrx_word' id='word_1_926' title='bbox 3256 5642 3302 5673; x_wconf 79' lang='grc'><strong>’³</strong></span> <span class='ocrx_word' id='word_1_927' title='bbox 3331 5641 3490 5697; x_wconf 83' lang='lat' dir='ltr'><strong>Joan.</strong></span> <span class='ocrx_word' id='word_1_928' title='bbox 3542 5656 3641 5704; x_wconf 71' lang='grc' dir='ltr'><strong>ιη,</strong></span> <span class='ocrx_word' id='word_1_929' title='bbox 3698 5640 3791 5696; x_wconf 70' lang='grc' dir='ltr'><strong>ιϐ.</strong></span> 
     </span>
    </p>
   </div>
   <div class='ocr_carea' id='block_1_117' title="bbox 536 5696 960 5767">
    <p class='ocr_par' dir='ltr' id='par_1_117' title="bbox 536 5696 960 5767">
     <span class='ocr_line' id='line_1_117' title="bbox 536 5696 960 5767; baseline 0.017 -15"><span class='ocrx_word' id='word_1_930' title='bbox 536 5696 584 5730; x_wconf 73' lang='grc'><strong>³³</strong></span> <span class='ocrx_word' id='word_1_931' title='bbox 610 5701 788 5760; x_wconf 79' lang='lat' dir='ltr'><strong>Eccle.</strong></span> <span class='ocrx_word' id='word_1_932' title='bbox 825 5725 876 5767; x_wconf 84' lang='grc' dir='ltr'><strong>ι,</strong></span> <span class='ocrx_word' id='word_1_933' title='bbox 909 5707 960 5759; x_wconf 75' lang='lat' dir='ltr'><strong>:‘i.</strong></span> 
     </span>
    </p>
   </div>
   <div class='ocr_carea' id='block_1_118' title="bbox 3903 5706 3930 5720">
    <p class='ocr_par' dir='ltr' id='par_1_118' title="bbox 3903 5706 3930 5720">
     <span class='ocr_line' id='line_1_118' title="bbox 3903 5706 3930 5720; baseline 0 0"><span class='ocrx_word' id='word_1_934' title='bbox 3903 5706 3930 5720; x_wconf 69' lang='grc'><strong>.-</strong></span> 
     </span>
    </p>
   </div>
  </div>
