4082 6290
1395 256 1478 316 1N
1519 253 2070 316 ΗΕΧΑΕΜΕΒΟΝ.
2107 279 2177 288 -
2211 255 2356 316 LIB.
2398 256 2496 317 IV.

3491 262 3599 325 898

317 365 385 421 Et
415 364 553 419 vado
606 364 677 419 ad
738 362 961 418 Patrem
993 363 1038 396 “
1085 377 1269 417 meum
1328 372 1591 433 tanquam
1653 363 1799 417 Deus
1849 368 1907 415 et
1938 372 1978 425 Α
2013 360 2136 414 Vidi
2168 362 2341 416 solem
2387 378 2556 433 super
2589 371 2794 418 terram
2829 376 3209 420 constructum
3254 378 3310 423 et
3343 385 3412 423 es
3460 370 3594 424 dua-

311 456 514 512 Adam.
552 455 727 511 Porro
766 462 955 509 autem
1004 453 1183 523 ipsum
1238 468 1461 523 quoque
1501 466 1703 506 nomen
1751 449 1904 513 solis,

314 548 466 621 quod
514 546 708 602 Gratce
761 555 848 601 est
897 545 1072 616 ἣλιος,
1103 562 1226 600 eum
1262 551 1333 600 sit
1385 545 1557 599 dictio
1606 542 1903 608 llebraica,

314 642 722 711 interpretatur
809 639 975 696 Deus.
1060 639 1436 704 Quamobrem
1510 637 1770 691 Christus
1838 650 1906 688 ex

315 749 486 788 cruce
532 733 887 798 exclamavit,
921 731 1042 785 Heli
1087 731 1209 785 Heli
1263 721 1281 785 ὲ
1322 730 1473 801 quod
1527 729 1905 799 interpretans

314 826 667 897 evangelista
720 825 862 879 dicit
917 842 932 878 :
998 823 1111 878 Hoc
1169 833 1268 888 est,
1320 822 1489 876 Deus.
1531 830 1698 885 meus,
1761 819 1902 872 Deus

315 933 469 972 mens
511 918 582 978 “,
639 924 762 970 erat
806 915 958 970 enim
1010 914 1095 979 sol
1149 923 1312 986 typus
1359 913 1589 967 Christi.
1647 910 1804 965 Unde
1856 909 1904 963 si

313 1025 386 1065 ex
424 1008 650 1063 homine
689 1007 915 1062 recedat
971 1007 1171 1061 caloris
1199 1007 1473 1076 operatio,
1506 1004 1693 1059 statim
1732 1003 1903 1058 etiam

315 1102 434 1156 vita
465 1101 536 1154 ab
571 1116 640 1155 eo
678 1109 974 1170 separatur
1006 1108 1064 1154 et
1099 1099 1168 1154 ad
1205 1108 1440 1165 mortem
1473 1097 1898 1160 transmittitur,

309 1208 420 1253 nos
482 1193 718 1247 docente
779 1194 1035 1262 exemplo
1088 1192 1237 1262 Quod
1304 1190 1420 1261 ipsa
1461 1190 1669 1245 Christi
1722 1189 1901 1243 virtus

307 1287 506 1341 omnia
532 1286 799 1352 viviﬁcat,
829 1294 886 1341 et
923 1286 1018 1355 qui
1051 1286 1121 1339 ab
1151 1301 1216 1339 ea
1254 1293 1544 1354 separatur
1584 1297 1695 1337 non
1722 1279 1901 1335 habet

308 1383 486 1435 vitam
517 1389 804 1443 maternam,
830 1377 926 1432 sed
954 1387 1040 1432 est
1065 1387 1322 1431 mortuus
1349 1383 1597 1447 peccato.

382 1472 492 1540 Qui
529 1471 716 1541 itaque
743 1479 876 1525 sunt
920 1471 1154 1525 scrutati
1190 1472 1433 1525 rationes
1489 1468 1707 1524 natura;
1737 1483 1897 1523 crea-

307 1574 569 1619 turarum
618 1564 880 1618 dixerunt
928 1578 1059 1617 esse
1104 1563 1447 1617 ineﬂ‘abilem
1479 1570 1536 1617 et
1580 1562 1900 1631 incompre-

306 1655 655 1712 hensibilem
717 1654 1284 1722 contemperationem
1340 1662 1397 1707 et
1435 1653 1897 1723 compositionem

306 1759 531 1804 natura:
586 1747 744 1811 solis,
783 1755 844 1801 ut
868 1747 962 1816 qui
993 1745 1068 1800 sit
1099 1755 1265 1817 typus
1290 1761 1355 1800 ac
1384 1747 1559 1816 ligura
1596 1743 1898 1799 ineliabilis

307 1841 539 1905 unionis
569 1840 869 1911 singularis
891 1838 1098 1894 Christi
1122 1839 1464 1909 hypostasis;
1486 1854 1553 1893 ex
1579 1837 1785 1907 quibus
1812 1845 1898 1891 est

304 1936 482 1991 etiam
510 1933 735 1989 divinus
765 1931 1021 1986 Basilius.
1057 1931 1194 1986 Nam
1220 1931 1264 1986 si
1299 1932 1379 1986 sol
1409 1940 1494 1987 est
1524 1930 1713 1986 lumen
1756 1930 1895 1984 sim-

304 2024 461 2092 plex,
500 2023 781 2095 quomodo
832 2021 1240 2076 admirabiliter
1287 2029 1345 2075 et
1389 2020 1896 2090 supernaturaliter

305 2118 570 2171 calefacit
598 2127 801 2171 terram
825 2115 847 2168 ?
877 2114 988 2170 Sed
1017 2114 1063 2168 si
1097 2123 1182 2168 est
1214 2113 1360 2184 ignis
1388 2114 1898 2185 incontemperatus

305 2219 367 2265 et
404 2205 1124 2278 incommistus,quomodo
1171 2208 1401 2261 arbores
1451 2222 1562 2262 non
1613 2206 1897 2261 comburit

304 2310 369 2357 et
400 2300 671 2355 herbam?
712 2300 881 2356 Multa
913 2282 1123 2355 Christi
1154 2298 1406 2368 exempla
1433 2306 1489 2352 et
1518 2299 1898 2368 prtecedentes

303 2397 520 2466 ﬁguras
548 2393 716 2448 habet
748 2393 852 2447 sol.
879 2392 1026 2463 Ignis
1051 2391 1200 2446 enim
1226 2392 1504 2445 nescimus
1531 2392 1895 2462 quemadmo-

303 2486 443 2541 dum
460 2500 532 2537 ex
561 2484 683 2553 ipso
706 2490 869 2539 exeat
889 2482 1341 2552 accendaturque
1366 2490 1422 2537 et
1453 2483 1764 2537 exstinctus
1782 2498 1894 2554 quo

302 2575 519 2629 vadat:
554 2583 650 2627 aut
684 2572 969 2641 quomodo
1005 2572 1216 2643 absque
1250 2555 1561 2643 ulloligno,
1591 2581 1687 2627 aut
1739 2587 1890 2637 cera,

302 2676 410 2723 aut
461 2668 648 2736 aliquo
688 2667 799 2720 alio
836 2666 1156 2737 hujus‘modi
1197 2683 1384 2721 crasso
1442 2684 1674 2738 corpore
1729 2684 1895 2723 nemo

300 2768 496 2831 potest
516 2760 696 2829 ignem
721 2774 821 2829 per
845 2774 905 2814 sc
926 2768 983 2813 et
1019 2760 1229 2814 nudum
1278 2762 1549 2830 aspicere,
1577 2770 1674 2815 aut
1705 2770 1893 2816 tenere

301 2867 484 2922 super
524 2862 752 2915 terram,
784 2868 887 2907 nos
933 2854 1171 2908 docente
1221 2855 1476 2925 exemplo
1535 2856 1683 2924 quod
1728 2871 1893 2910 nemo

300 2945 453 2999 vidit
483 2945 685 3000 nudam
732 2944 939 3001 Christi
989 2946 1337 3001 divinitatem
1381 2956 1479 3003 aut
1525 2950 1894 3005 contrectavit

299 3037 489 3093 donec
535 3052 762 3092 carnem
808 3041 1106 3109 acceperit.
1162 3041 1376 3096 Rursus
1421 3042 1565 3112 ignis
1611 3052 1695 3097 est
1745 3045 1891 3098 intra
1920 3073 1961 3135 ο

298 3144 533 3186 omnem
562 3141 900 3196 creaturam,
933 3141 988 3186 ct
1018 3133 1073 3187 in
1109 3133 1294 3204 lignis,
1325 3144 1380 3188 et
1421 3135 1476 3189 in
1508 3136 1811 3206 lapidibus,
1837 3146 1894 3193 ct

297 3222 365 3278 in
381 3222 556 3291 aquis,
570 3232 621 3275 et
642 3237 803 3277 nemo
817 3223 1082 3279 videtnec
1099 3226 1521 3294 comprehendit
1538 3230 1896 3297 quemadmo-

299 3314 443 3370 dum
467 3315 520 3367 in
548 3314 683 3383 ipsis
712 3315 926 3371 habitet
952 3332 967 3369 :
1000 3317 1279 3386 quomodo
1312 3318 1461 3388 quod
1493 3328 1578 3374 est
1607 3321 1814 3390 ubique
1839 3330 1895 3376 et

297 3408 499 3464 omnia
542 3408 734 3479 implet
760 3408 1002 3464 Verbum
1027 3409 1145 3474 Dei,
1180 3410 1247 3464 de
1267 3426 1379 3481 quo
1401 3412 1537 3466 dicit
1561 3413 1847 3484 Scriptura
1876 3433 1889 3467 :

296 3500 454 3555 Deus
488 3507 668 3553 noster
703 3502 843 3571 ignis
882 3516 1193 3555 consumens
1234 3503 1401 3556 est".
1444 3503 1659 3559 Rursus
1706 3513 1890 3559 autem

297 3592 625 3647 invenimus
683 3591 829 3646 lunae
898 3602 955 3648 et
1010 3592 1186 3646 stellis
1242 3592 1427 3647 lumen
1483 3588 1824 3665 suppeditari
1861 3612 1891 3650 a

301 3682 449 3745 sole,
508 3689 567 3735 ut
635 3680 839 3735 docent
901 3681 998 3750 qui
1058 3682 1302 3735 maxime
1365 3690 1496 3736 sunt
1551 3682 1609 3735 in
1663 3690 1889 3737 externa

295 3773 511 3829 versati
578 3772 973 3844 philosophia:
1010 3788 1069 3828 re
1131 3773 1296 3828 nobis
1339 3772 1685 3849 significante
1742 3774 1890 3847 quod

296 3883 333 3923 a
367 3866 734 3941 Christo‘qui
778 3866 928 3922 cadit
969 3866 1073 3921 sub
1105 3866 1548 3937 intelligentiam,
1579 3869 1892 3923 illustratur

297 3959 558 4016 Ecclesia
589 3968 647 4014 et
674 3967 992 4013 sanctorum
1016 3959 1333 4016 luminaria.
1367 3961 1486 4032 Ipse
1501 3961 1648 4015 enim
1669 3969 1751 4015 est
1774 3962 1886 4026 lux,

296 4053 378 4108 de
403 4062 512 4122 qua
546 4051 739 4105 dicunt
770 4050 1019 4106 Ecclesia
1045 4062 1101 4107 ct
1127 4053 1262 4125 justi
1295 4071 1308 4106 :
1338 4052 1421 4107 Ea:
1450 4056 1563 4125 ejus
1601 4054 1739 4126 ignis
1773 4056 1889 4129 ple-

294 4146 546 4201 nitudine
581 4161 673 4199 nos
703 4160 888 4200 omnes
905 4146 1197 4216 accepintus
1221 4147 1290 4198 "‘.
1319 4146 1533 4213 Quibus
1555 4147 1722 4201 etiam
1752 4146 1890 4201 dicit

292 4253 374 4294 ex
430 4237 714 4292 adverso:
763 4236 861 4291 Vos
906 4240 1029 4292 estis
1090 4237 1183 4292 lux
1236 4241 1419 4293 mundi
1446 4241 1512 4294 ¹⁹.
1563 4239 1639 4293 De
1682 4238 1890 4308 quibus

291 4344 500 4389 rursus
525 4330 665 4385 dixit
690 4330 869 4402 typice
901 4347 916 4383 :
951 4330 1106 4384 Fiant
1130 4330 1417 4387 luminaria
1464 4332 1517 4385 in
1547 4331 1888 4401 [irritamento

2010 452 2116 507 bus
2168 454 2340 509 rebus
2372 455 2740 525 compositum
2771 471 3006 526 :nempe
3055 458 3149 528 qui
3175 457 3333 530 prius
3376 470 3594 515 constet

2005 559 2073 598 ex
2097 545 2243 609 luce,
2272 557 2331 601 et
2355 562 2422 601 ex
2464 547 2589 617 igne
2627 560 2862 617 postea;
2908 544 3110 604 deinde
3157 560 3281 620 post
3321 552 3594 621 ejusmodi

2005 638 2467 706 compositionem
2494 649 2550 693 ct
2582 640 2636 694 in
2671 640 2953 711 hypostasi
2986 642 3269 699 unionem.
3301 644 3357 698 in
3391 646 3595 701 cmlum

2004 742 2035 781 e
2065 736 2209 781 terra
2241 729 2522 784 sublatum
2546 740 2602 783 et
2627 732 2947 786 restitutum
2982 749 2994 785 :
3024 733 3161 787 nihil
3199 735 3349 789 aliud
3382 738 3595 806 aspicio

2003 836 2168 889 quam
2202 822 2487 878 Christum
2532 824 2630 878 Dei
2683 825 2881 878 Filium
2933 841 3059 880 cum
3103 842 3268 882 carne
3317 818 3371 881 in
3423 837 3595 884 custos

2003 923 2373 983 assumptum.
2410 915 2511 970 Hic
2555 915 2706 970 enim
2756 925 2840 971 est
2897 919 2978 973 sol
3030 919 3099 973 de
3154 936 3264 988 quo
3316 933 3591 991 scrptmn

2002 1012 2086 1058 est
2126 1021 2140 1057 :
2184 1005 2442 1075 873111
2487 1007 2614 1061 c0310
2669 1011 2842 1077 posuit
2865 1010 3273 1066 tabernaculum
3322 1030 3479 1067 suum
3496 1016 3539 1046 "‘
3576 1026 3605 1068 :‘

2002 1094 2109 1151 hoc
2138 1107 2224 1152 est
2256 1099 2419 1153 Verbi
2471 1098 2747 1156 divinitati
2800 1103 2944 1157 uniit
2988 1109 3143 1159 suam
3213 1122 3436 1161 carnem
3473 1126 3485 1161 :
3527 1110 3594 1163 Et

2000 1186 2111 1255 ipse
2157 1196 2418 1259 tauquam
2457 1208 2700 1262 sponsus.
2738 1194 2913 1249 Datus
2934 1205 3023 1250 est
3066 1199 3214 1252 enim
3251 1199 3319 1253 ad
3370 1202 3595 1271 nuptias

2001 1279 2256 1337 humana:
2287 1292 2500 1340 natura:
2534 1301 2563 1339 a
2591 1287 2753 1342 Patre
2787 1289 2883 1358 qui
2918 1305 3045 1343 eum
3078 1284 3458 1361 genuil.Cum
3505 1294 3595 1348 inv

1999 1383 2261 1445 corrupta
2300 1386 2486 1432 amem
2518 1380 2640 1449 ejus
2667 1395 2891 1450 sponsa,
2922 1398 3122 1451 nempe
3149 1400 3319 1439 carne
3353 1403 3366 1437 :
3396 1385 3591 1441 Proce-

1999 1463 2129 1519 dens
2164 1482 2229 1519 ex.
2252 1468 2493 1523 thalamo
2514 1472 2669 1525 suo"
2707 1472 2924 1528 :Matre
2962 1475 3178 1530 scilicet
3231 1494 3243 1529 :
3283 1478 3592 1532 Exsultabit

2000 1563 2258 1623 tanquam
2304 1559 2455 1628 gigas
2496 1567 2566 1613 ad
2603 1563 2925 1617 cun-endam
2960 1566 3164 1619 ilium“
3191 1567 3249 1621 iu
3288 1569 3458 1624 cmlos
3490 1587 3503 1622 :
3539 1570 3585 1625 Α

1999 1662 2207 1701 summa
2223 1649 2517 1706 calefacta
2536 1662 2626 1708 est
2666 1658 2895 1725 egressio
2920 1658 3035 1727 ejus
3052 1659 3096 1690 ³⁸
3124 1660 3222 1729 qui
3241 1660 3308 1714 ad
3341 1676 3444 1716 nos
3466 1669 3586 1717 erat

1998 1754 2261 1809 egressus
2290 1760 2302 1794 :
2325 1743 2393 1796 Et
2420 1755 2550 1801 tunc
2566 1763 2815 1803 occursus
2840 1755 2955 1813 eius
2987 1768 3151 1817 usque
3168 1752 3238 1806 ad
3262 1771 3530 1809 summum
3545 1754 3592 1787 “

1999 1832 2201 1888 cwlum
2230 1838 2574 1893 recurrentis
2603 1840 2669 1894 ad
2698 1842 2941 1897 Patrem.
2978 1845 3085 1899 Per
3115 1844 3220 1901 hoc
3240 1862 3374 1919 ergo
3406 1863 3563 1903 exem
3587 1879 3597 1889 -

1997 1926 2150 1995 plum
2196 1927 2477 1986 discamus
2522 1933 2849 2003 prophetice
2881 1976 2897 2000 ,
2931 1938 3106 1993 solem
3147 1958 3161 1994 :
3194 1955 3395 2010 nempe
3426 1940 3592 1997 Chri-

1996 2030 2163 2085 stum,
2200 2021 2254 2074 in
2277 2022 2418 2077 coelo
2439 2034 2758 2080 currentem
2781 2044 2795 2080 :
2817 2043 2983 2097 quem
3005 2031 3170 2085 etiam
3198 2033 3592 2104 praesignilica~

1996 2111 2077 2164 vit
2133 2113 2282 2168 Elias
2336 2130 2574 2172 currens
2628 2134 2731 2189 per
2786 2121 3082 2178 tethera".
3144 2124 3343 2180 Stellas
3403 2136 3588 2183 autem

1996 2200 2240 2271 desuper
2288 2218 2355 2258 ex
2412 2204 2798 2274 ﬁrmamento,
2851 2210 2980 2266 dico
3015 2222 3236 2269 sanctos
3273 2216 3501 2287 angelos
3532 2216 3587 2271 in

1995 2308 2123 2347 eum
2170 2294 2477 2364 intuentes,
2523 2314 2746 2355 sursum
2783 2300 2854 2355 ad
2885 2303 3069 2373 ipsum
3122 2316 3498 2372 recurrentes,
3532 2316 3591 2363 et

1995 2400 2191 2441 omnes
2210 2386 2325 2442 cito
2352 2389 2420 2443 ad
2453 2405 2583 2445 eum
2614 2405 2981 2450 occurrentes
3019 2407 3077 2451 et
3116 2397 3413 2455 adorantes
3449 2399 3588 2455 cho-

1995 2492 2199 2547 resque
2229 2478 2500 2535 ducentes
2528 2489 2584 2536 et
2615 2482 2868 2539 dicentes
2902 2488 3179 2557 supremis
3207 2505 3400 2545 eorum
3431 2493 3588 2563 prin-

1995 2566 2216 2635 cipibus
2237 2585 2250 2621 :
2274 2569 2519 2624 Attollite
2539 2581 2743 2641 portas,
2760 2575 3043 2646 principes,
3066 2587 3269 2634 vestras
3287 2581 3354 2645 ⁸⁸,
3369 2588 3426 2636 ct
3443 2583 3590 2637 viam

1998 2659 2214 2715 munite
2237 2662 2287 2716 ei
2321 2665 2412 2733 qui
2444 2667 2680 2719 ascendit
2710 2683 2873 2737 super
2896 2686 3162 2734 occasum,
3200 2688 3350 2727 nunc
3383 2674 3439 2729 in
3474 2691 3587 2730 co:-

1993 2751 2110 2805 lum
2166 2752 2291 2808 cmli
2345 2754 2413 2809 ad
2446 2765 2630 2810 ortum
2682 2752 2836 2813 solias.
2877 2759 3038 2815 Nunc
3093 2763 3241 2817 eiiim
3278 2765 3529 2820 ascendit
3557 2786 3586 2820 a

1995 2851 2144 2897 terra
2178 2859 2348 2914 super
2374 2843 2702 2911 Cherubim,
2734 2856 2793 2901 et
2842 2857 3108 2905 extensus
3152 2864 3237 2906 est
3284 2854 3353 2908 ad
3395 2856 3585 2910 oculos.

1995 2932 2278 2991 Exte‘nsus
2327 2946 2414 2991 est
2457 2948 2644 2993 autem
2684 2924 2908 3014 habens
2936 2941 3078 2997 duas
3111 2944 3227 2998 alas
3267 2953 3329 2998 ιιι
3373 2947 3469 3016 qui
3516 2949 3588 3003 sit

1996 3024 2160 3079 simul
2180 3026 2326 3081 Deus
2341 3035 2397 3080 et
2420 3027 2608 3093 homo,
2644 3046 2805 3100 super
2827 3048 3030 3102 pennas
3046 3032 3380 3089 ventorum”
3420 3037 3588 3106 spiri-

1996 3124 2154 3170 tuum
2185 3118 2647 3187 ineorporeorutn
2695 3123 2791 3191 qui
2835 3139 2929 3178 scx
2973 3125 3179 3180 habent
3210 3127 3343 3181 alas.
3387 3114 3455 3182 Et
3489 3145 3587 3199 po-

1995 3212 2100 3265 suit
2118 3212 2358 3267 tenebras
2382 3212 2664 3269 latibulum
2691 3231 2847 3271 suum
2867 3214 2934 3281 ³⁸,
2960 3226 3021 3270 ιιι
3044 3219 3139 3287 qui
3165 3220 3237 3277 sit
3268 3219 3584 3287 ilteﬂabilis,

1996 3302 2410 3370 inenarrabilis,
2439 3317 2495 3362 et
2525 3308 2620 3378 qui
2663 3308 3030 3381 intelligentia
3066 3327 3177 3366 non
3208 3323 3392 3383 potest
3432 3331 3586 3381 com-

1994 3399 2292 3468 prehendi,
2325 3401 2559 3471 geminas
2588 3404 2803 3459 scilicet
2834 3413 3066 3460 naturae.
3097 3406 3211 3462 Hoc
3235 3408 3383 3461 enim
3410 3410 3588 3481 signi-

1995 3492 2160 3549 ﬁcant
2188 3493 2452 3561 tenebrae,
2480 3506 2543 3552 ut
2565 3497 2683 3568 qui,
2713 3500 3013 3569 quomodo,
3034 3502 3313 3557 neminem
3333 3502 3588 3561 docuerit

1997 3581 2218 3638 etiamsi
2247 3586 2301 3640 in
2326 3584 2430 3639 hac
2446 3586 2632 3655 specie
2651 3586 2907 3643 obscurae
2929 3600 2986 3644 et
3009 3590 3307 3646 inell‘abilis
3329 3594 3585 3650 inetIabi—

1994 3675 2170 3729 litatis
2196 3675 2544 3746 ingrediatur
2567 3688 2624 3733 et
2650 3680 2848 3735 subeat
2882 3681 3038 3737 sinus
3062 3684 3266 3747 Patris,
3291 3686 3501 3741 circum
3526 3704 3586 3745 se

1994 3765 2210 3822 habens
2246 3768 2452 3837 (utqui
2487 3768 2559 3823 sit
2594 3770 2741 3823 Deus
2771 3779 2828 3823 et
2858 3771 3127 3843 Verbum)
3158 3776 3581 3831 tabernaculum

1994 3859 2081 3919 sui
2111 3862 2367 3931 corporis
2399 3860 2454 3913 in
2500 3876 2612 3931 quo
2640 3861 2914 3916 habitavit
2955 3863 3094 3917 citra
3129 3866 3295 3920 ullam
3341 3868 3586 3921 circum-

1995 3954 2380 4025 scriptionem,
2404 3970 2472 4009 eo
2507 3970 2619 4009 non
2654 3954 2911 4026 deposito
2949 3956 3074 4026 (etsi
3102 3974 3131 4012 a
3157 3959 3324 4014 nobis
3350 3944 3580 4016 absces-

1993 4047 2178 4119 serit),
2210 4056 2271 4103 ut
2296 4048 2555 4103 nonnulli
2605 4048 2675 4103 de
2713 4064 2782 4103 eo
2834 4051 2978 4105 male
3016 4049 3441 4123 disceptarunt:
3482 4055 3580 4110 sed

1994 4138 2254 4211 tanquam
2290 4140 2346 4195 in
2385 4141 2745 4196 tabernaculo
2778 4141 3146 4201 lucidissime.
3169 4145 3397 4200 liberoa
3421 4157 3583 4203 natu.

1993 4232 2206 4290 ralibus
2237 4233 2675 4290 obscuritatibus
2708 4246 2765 4290 et
2800 4236 3191 4293 allectionibus
3223 4239 3277 4294 in
3313 4257 3381 4296 co
3418 4242 3580 4297 habi-

1993 4335 2071 4382 tat
2100 4327 2265 4383 etiam
2298 4338 2423 4398 post
2451 4343 2611 4382 suum
2647 4344 2675 4381 a
2708 4328 2872 4383 nobis
2898 4329 3204 4387 discessum
3240 4342 3298 4389 et
3326 4346 3411 4391 est
3438 4354 3581 4408 aqua

292 4422 444 4486 cali,
476 4421 622 4492 quod
653 4421 906 4476 ascendit
939 4436 970 4476 a
998 4430 1143 4476 terra
1174 4432 1234 4476 ut
1261 4433 1552 4493 appareret
1578 4439 1746 4494 supra
1776 4432 1886 4478 tcr-
1920 4417 1963 4472 D
1992 4418 2253 4483 obscura,
2281 4418 2378 4473 sed
2408 4418 2464 4474 in
2505 4419 2748 4474 nubibus
2776 4421 2940 4476 aeris.

293 4529 449 4570 ram.
478 4513 634 4569 Unde
658 4513 823 4568 etiam
853 4514 1123 4569 discimus
1153 4514 1579 4580 admirabiliter,
1607 4527 1661 4570 ct
1686 4528 1885 4586 praeter

292 4604 554 4660 omnium
578 4596 922 4673 opinionem,
949 4603 1101 4674 quod
1129 4605 1247 4659 hare
1266 4605 1451 4660 omnia
1483 4606 1641 4679 prius
1666 4606 1886 4661 interra

286 4698 445 4753 facta
492 4705 644 4764 sunt,
687 4692 889 4752 deinde
915 4699 1057 4753 cmlo
1090 4707 1221 4753 sunt
1261 4698 1504 4754 tradita:
1537 4708 1797 4770 tanquam
1838 4700 1883 4755 si

290 4802 451 4845 terra
501 4798 631 4844 ante
679 4790 881 4846 etnlum
929 4789 1103 4845 ditata
1152 4790 1226 4846 sit
1273 4788 1480 4846 Christi
1533 4792 1794 4864 mysterio
1829 4802 1887 4847 et

286 4882 563 4947 adventu,
607 4894 665 4939 et
722 4883 925 4939 deinde
988 4893 1116 4955 post
1156 4886 1617 4956 compositionem
1660 4895 1716 4942 et
1750 4903 1887 4941 con-

281 4977 664 5036 structionem
696 4978 764 5033 ad
796 4979 997 5035 cwlum
1033 4988 1089 5033 et
1119 4979 1186 5034 ad
1214 4979 1579 5050 intelligentia
1610 4997 1732 5050 qua:
1755 4994 1885 5037 sunt

284 5075 360 5129 in
388 5071 528 5126 caelo
561 5070 856 5126 luminaria
897 5068 1234 5126 transmittat
1265 5073 1320 5125 in
1341 5072 1462 5142 ejus
1484 5072 1880 5141 assutnptione.

284 5164 418 5233 Ego
443 5164 666 5233 quidem
700 5173 849 5219 certe
884 5165 1051 5218 audio
1078 5162 1308 5219 Paulum
1339 5164 1639 5227 dicentem,
1672 5164 1756 5218 ιρι
1789 5180 1887 5234 po-

285 5256 415 5309 tius
465 5253 519 5308 in
562 5270 629 5309 (ιο
674 5236 1015 5310 habitantem
1049 5264 1303 5309 sanctum
1351 5254 1615 5324 Spiritum
1670 5256 1885 5321 procla-

283 5355 544 5403 mantem
580 5365 593 5399 :
634 5345 831 5401 Omnia
865 5348 919 5401 in
963 5346 1169 5401 Christi
1213 5356 1398 5417 typum
1424 5348 1564 5416 [acta
1596 5354 1739 5409 sunt,
1778 5355 1885 5399 tum

280 5452 419 5510 qua
470 5446 590 5490 sunt
635 5438 690 5490 in
722 5437 863 5491 cretis
908 5453 1071 5508 quam
1120 5451 1238 5507 qua:
1284 5436 1422 5489 ﬁniit
1463 5453 1622 5506 super
1664 5444 1883 5490 (errant.

369 5578 416 5610 ⁸⁸
445 5576 604 5633 Joan.
633 5594 754 5640 xu,
786 5578 873 5631 98.
953 5579 998 5610 ¹⁶
1032 5578 1224 5632 Matth.
1255 5594 1419 5633 xxvu.
1458 5582 1547 5633 Ali.

277 5652 347 5707 6.
429 5649 634 5703 “ibid.
716 5650 941 5705 “ib.7.
1008 5650 1209 5702 “ibid.
1288 5651 1491 5702 “ibit.

278 5720 530 5786 xv:t,li’..
609 5725 653 5752 ’ν
680 5721 825 5776 l’sal.
868 5735 977 5783 Clll,
1009 5720 1097 5773 i5.
1184 5724 1223 5749 ’θ
1266 5720 1399 5773 Ceu.
1437 5737 1472 5785 ι,
1525 5722 1613 5776 “.13.

1626 5581 1670 5611 ⁵⁷
1699 5584 1858 5637 Deut.
1897 5600 1968 5645 tv,
2001 5585 2090 5637 2i.

1602 5651 1644 5680 "
1676 5652 1738 5706 l\'
1770 5655 1901 5721 Ιιηςῐ.
1938 5670 1996 5714 ιι,
2035 5655 2108 5705 Η.

1698 5732 1732 5753 “
1770 5725 1999 5777 Zacttur.
2030 5740 2104 5778 Mt
2136 5762 2150 5786 ,
2181 5724 2231 5777 ὃ.

2053 4512 2265 4581 Aquam
2290 4521 2475 4566 autem
2503 4511 2594 4566 hic
2624 4512 2761 4567 dicit
2793 4513 3091 4591 humanam
3118 4525 3399 4584 naturam,
3440 4536 3581 4574 eon~

1982 4603 2277 4659 venienter
2304 4604 2357 4659 ei
2377 4604 2525 4674 quod
2558 4605 2825 4677 scriptum
2863 4625 2876 4661 :
2905 4606 3053 4662 Mare
3076 4626 3331 4682 magnum
3369 4622 3417 4665 et
3451 4630 3578 4683 spa-

1986 4697 2181 4751 tiosum
2200 4697 2282 4764 a’;
2329 4712 2529 4768 nempe
2557 4698 2797 4754 humana
2821 4712 3016 4756 natura
3045 4718 3169 4771 quae
3202 4712 3286 4757 est
3306 4713 3363 4758 ct
3392 4706 3498 4759 lata
3522 4716 3575 4765 et

1985 4788 2277 4845 abundans
2309 4790 2699 4857 multitudine;
2730 4791 2798 4847 de
2824 4795 3168 4862 quadictum
3193 4808 3278 4852 est
3312 4816 3324 4851 :
3357 4797 3579 4856 Cresc-its

1994 4894 2043 4935 et
2097 4881 2553 4954 nmltiplicamini.
2597 4895 2643 4938 et
2687 4885 2901 4957 implete
2928 4904 3127 4945 terram
3146 4890 3191 4921 ⁸⁵⁸
3220 4890 3275 4945 in
3307 4909 3413 4961 qua
3452 4905 3578 4951 sunt

1995 4976 2212 5045 reptilia
2255 4992 2492 5046 quorum
2530 4994 2640 5032 non
2683 4988 2764 5033 est
2812 4997 3109 5048 numerus,
3165 5000 3364 5056 nempe
3392 4996 3582 5057 gentes

1991 5082 2115 5136 qua:
2146 5069 2433 5124 ambulant
2463 5085 2630 5140 super
2661 5081 2856 5141 pectus
2882 5082 2939 5127 et
2960 5087 3232 5142 ventrem,
3256 5086 3316 5133 ut
3339 5094 3461 5149 qua:
3490 5083 3583 5136 in:

1986 5162 2233 5215 serviant
2256 5169 2311 5215 et
2351 5161 2641 5231 voluptati,
2676 5174 2970 5234 propterea
3003 5167 3150 5237 quod
3179 5171 3447 5241 sanguine
3482 5172 3583 5227 dc-

1989 5246 2262 5307 lectentur
2286 5261 2342 5308 et
2376 5254 2639 5325 ingluvie.
2680 5256 2747 5310 Et
2773 5273 2989 5326 rursus,
3022 5261 3237 5316 utdicit
3282 5263 3424 5319 alius
3454 5280 3583 5334 pm.

1987 5342 2154 5419 pheta
2184 5369 2193 5403 :
2232 5349 2552 5420 Egredietur
2570 5369 2709 5423 aqua
2744 5370 2799 5406 ea
2823 5353 2972 5414 Sion.
3004 5366 3053 5409 et
3081 5358 3361 5413 dimidium
3385 5361 3500 5431 ejus
3526 5363 3581 5414 in

1990 5458 2141 5494 mare
2169 5442 2423 5511 primum,
2447 5451 2495 5497 cl
2526 5445 2807 5499 dimidium
2833 5449 2947 5517 ejus
2975 5449 3030 5502 in
3059 5466 3208 5505 mare
3243 5451 3487 5507 ultimum
3514 5457 3579 5519 ",

2169 5584 2214 5616 '“
2235 5585 2395 5658 Joau.
2432 5587 2562 5650 ι,ι16.
2655 5588 2701 5619 ²⁹
2738 5589 2929 5644 Matth.
2967 5608 3020 5654 ν,
3057 5592 3142 5646 ll.
3176 5594 3222 5625 ³ο
3258 5594 3399 5649 Psal.
3430 5613 3512 5649 xv:
3541 5614 3578 5658 ι.

2323 5657 2367 5689 ³⁸
2398 5658 2537 5711 l‘sal.
2560 5675 2711 5724 xxut,
2748 5662 2799 5715 7.
2880 5663 2921 5692 ³⁷
2958 5663 3104 5718 Ρειιι.
3138 5680 3246 5731 «ιιι,
3269 5665 3322 5720 ὖ.
3353 5666 3398 5696 ³⁸
3437 5657 3578 5725 hut.
