4082 6290
518 241 631 308 899

1732 238 1793 294 S.
1839 234 2239 295 ANASTASII
2282 234 2609 293 SlNAl'l‘IE

3690 230 3798 293 900

526 369 722 424 nempe
747 352 986 415 Iudaeos,
1016 351 1112 420 qui
1162 351 1316 421 prius
1359 357 1491 403 sunt
1515 348 1730 412 vocati,
1764 358 1819 403 et
1865 348 2174 418 gentilesA
2202 363 2438 419 quanam
2467 356 2649 403 autem
2665 347 2734 401 de
2764 362 2929 403 causa
2949 362 3057 402 non
3078 345 3210 402 fecit
3229 346 3348 402 haec
3368 344 3800 400 duolumlnaris

521 447 617 521 qui
645 455 853 516 postea.
883 442 1021 497 Num
1046 443 1203 505 enim,
1241 443 1421 510 inquit
1448 441 1760 510 Apostolus,
1791 440 2101 494 Judworum

523 538 697 594 solum
720 537 946 591 estDeus
968 536 991 588 .9
1011 533 1163 590 Certe
1180 545 1227 589 et
1248 532 1557 604 gentium".
1583 533 1681 587 Est
1704 530 1876 598 enim,
1899 530 2102 599 inquit,

524 646 670 700 aqua
711 629 967 691 obscura,
1033 640 1232 694 nempe
1268 638 1381 678 non
1431 623 1743 677 illuminata
1802 621 1870 676 ad
1900 634 2106 690 cogno-

525 723 814 787 scendum,
834 729 891 775 et
912 735 1023 773 non
1060 716 1255 774 didicit
1282 715 1562 785 quomodo
1594 714 1666 769 sit
1686 714 1851 778 Deus,
1883 723 1940 769 et
1960 727 2109 767 nunc

525 821 614 868 est
636 826 761 866 cum
786 823 1039 878 corpore,
1059 806 1127 863 de
1143 821 1210 861 eo
1227 815 1415 864 autem
1442 806 1603 876 plane
1627 814 1712 860 est
1734 820 1947 868 secura,
1973 818 2111 873 quo—

528 907 692 962 modo
714 905 883 961 etiam
917 918 977 958 se
1009 901 1217 957 habent
1246 900 1426 954 nubes
1454 899 1642 963 aeriaa,
1690 912 1888 967 nempe
1931 896 2109 951 subli-

527 1014 616 1055 me
645 998 892 1052 volantes
909 1003 966 1049 et
987 993 1242 1049 caelestes
1269 991 1452 1062 angeli
1486 1009 1498 1045 :
1528 1006 1709 1059 neque
1729 989 1877 1048 enim
1909 988 2020 1042 illis
2040 1003 2108 1045 ex

529 1090 787 1163 mysterio
818 1088 1120 1143 revelatum
1163 1095 1249 1141 est
1278 1082 1589 1155 quomodo,
1627 1091 1921 1152 propterea
1959 1079 2109 1151 quod

529 1183 599 1239 ab
633 1184 753 1253 ejus
809 1179 1105 1250 splendore
1155 1177 1333 1231 nubes
1385 1175 1516 1246 ipsae
1566 1174 1955 1237 transierunt,
2014 1172 2111 1226 sed

527 1276 693 1330 etiam
722 1271 1112 1344 praeterierunt
1139 1279 1196 1325 et
1226 1268 1509 1339 fugerunt,
1542 1275 1599 1322 et
1628 1272 2069 1321 retrocesserunt
2097 1280 2109 1321 :

529 1376 614 1422 est
632 1367 781 1422 enim
808 1364 890 1420 eis
915 1365 1175 1425 celatum,
1209 1376 1312 1416 nec
1334 1366 1566 1431 possunt
1592 1357 1735 1417 seire
1755 1355 2116 1429 quemadmo-

426 1457 445 1470 ’
532 1460 663 1515 dum
701 1457 815 1512 sint
830 1457 891 1510 in
922 1471 1094 1509 unum
1120 1454 1245 1509 duae
1266 1460 1497 1513 naturai.

605 1547 814 1604 Deinde
885 1546 1168 1617 subjungit
1211 1543 1380 1600 etiam
1443 1556 1665 1596 causam
1730 1538 2109 1611 iguorationis,

532 1638 800 1704 Quoniam
826 1646 921 1702 est,
951 1636 1153 1705 inquit,
1186 1651 1332 1690 mare
1352 1633 1697 1688 ctcarboncs
1727 1632 1889 1703 ignis,
1913 1647 2113 1701 nempe

2207 438 2372 492 unius
2402 438 2569 492 etiam
2597 438 2938 508 operationis
2968 439 3270 508 formaeque
3323 446 3381 495 et
3424 437 3658 508 speciei,
3703 438 3801 493 sed

2204 530 2376 584 solem
2404 528 2627 598 quidem
2649 528 2783 584 fecit
2805 529 2971 584 etiam
2991 537 3243 584 urentem
3267 539 3325 583 et
3354 529 3799 583 illuminantemi

2207 623 2395 677 lunam
2419 630 2629 686 autem,
2646 630 2704 676 et
2727 621 3079 691 ipsamctiam
3103 621 3511 676 illuminantem
3536 622 3801 679 etbume-

2208 720 2449 769 ctantcm
2467 714 2489 763 ?
2509 713 2649 771 Num
2664 713 2889 767 omnino
2913 714 2968 768 in
2994 723 3179 785 typum
3199 713 3408 769 Christi
3425 724 3480 768 et
3506 714 3798 770 Ecclesizef

2210 802 2346 859 Nam
2375 803 2555 873 justos
2572 803 2798 872 quidem
2816 803 2908 858 hic
2936 804 3018 859 sol
3037 803 3339 870 illuminat;
3364 819 3461 858 eos
3488 814 3678 859 autem
3705 804 3802 873 qui

2211 895 2549 951 ustulatione
2568 911 2709 966 opus
2735 896 2941 957 habent
2959 907 3018 951 et
3062 905 3416 967 peccatorum
3446 898 3800 967 purgatione,

2213 983 2347 1037 urit.
2374 984 2606 1040 Dicebat
2625 984 2812 1055 itaque
2831 1003 2843 1038 :
2862 985 3048 1056 Ignem
3063 989 3181 1041 veni
3202 988 3410 1041 mittere
3439 989 3496 1041 in
3521 989 3801 1042 terram".

2213 1074 2370 1129 Luna
2399 1086 2623 1140 autem,
2655 1092 2857 1147 nempe
2890 1077 3158 1144 Ecclesia,
3191 1078 3468 1134 illuminat
3496 1080 3806 1149 pra‘dicans

2215 1166 2566 1232 Trinitatem,
2613 1167 2893 1227 huniectat
2925 1179 3141 1234 autem,
3163 1170 3414 1239 praebens
3439 1171 3800 1240 baptismum.

2284 1260 2548 1323 Nonnulli
2582 1260 2775 1321 dicunt
2824 1262 3014 1325 lunam
3054 1277 3177 1318 esse
3211 1262 3447 1334 ﬁguram
3500 1263 3804 1334 Scriptura:

2215 1351 2353 1422 legis
2387 1362 2444 1406 et
2489 1353 2672 1413 cultus
2706 1354 2802 1424 qui
2848 1363 2936 1409 est
2966 1354 3024 1409 in
3064 1355 3372 1427 Synagoga,
3421 1357 3519 1427 qui
3552 1359 3803 1428 quotidie

2216 1446 2420 1507 multos
2468 1446 2701 1516 suscipit
2726 1446 2901 1529 divini
2930 1447 3154 1511 luminis
3180 1448 3432 1509 defectus
3467 1457 3525 1504 et
3550 1451 3802 1506 diminu-

2215 1535 2419 1594 tioues.
2452 1535 2564 1590 Nos
2591 1545 2777 1598 autem
2804 1537 3118 1605 audientes,
3149 1540 3298 1609 quod
3333 1542 3416 1596 sol
3449 1550 3807 1600 constructus

2217 1624 2289 1679 sit
2312 1620 2547 1695 primus,
2575 1637 2632 1681 et
2661 1637 2855 1696 postea
2905 1628 3058 1693 luna,
3099 1644 3199 1684 nos
3242 1644 3365 1685 eam
3414 1632 3806 1693 existimamus

531 1730 738 1786 Christi
774 1728 1123 1793 humanitas;
1167 1735 1251 1781 est
1279 1725 1429 1779 enim
1459 1740 1587 1779 caro
1628 1734 1685 1779 et
1728 1740 1838 1779 non
1866 1740 2016 1790 caro,
2048 1739 2117 1780 ne
2151 1710 2189 1763 Β
2221 1718 2395 1787 magis
2429 1734 2549 1774 esse
2584 1728 2771 1791 typum
2824 1719 3031 1781 Christi
3078 1720 3360 1788 Ecclesiae,
3402 1733 3466 1783 ut
3513 1726 3807 1798 coniugem

533 1820 811 1889 intelligas
838 1819 942 1872 hoc
965 1832 1167 1886 corpus
1189 1831 1311 1875 esse
1352 1813 1562 1884 aliquid
1585 1814 1825 1869 alterum
1861 1831 1875 1865 :
1909 1814 2118 1884 grando

531 1910 681 1965 enim
714 1918 799 1963 est
829 1922 971 1978 aqua
1003 1915 1060 1961 et
1082 1923 1193 1961 non
1232 1922 1395 1976 aqua.
1422 1906 1602 1976 Aqua,
1640 1914 1703 1965 ut
1729 1922 1852 1975 qum
1877 1905 2019 1963 facta
2048 1907 2121 1961 sit

529 2019 600 2061 ex
631 2002 722 2057 illa
759 2020 772 2055 :
803 2018 914 2055 non
946 2016 1109 2070 aqua,
1144 2009 1205 2053 ut
1257 2015 1380 2069 quae
1419 1999 1788 2062 concreverit,
1824 1999 1895 2055 Ut
1929 2007 2120 2055 autem

533 2093 715 2148 discas
756 2091 940 2147 carnis
969 2090 1137 2145 Verbi
1171 2089 1549 2149 diversitatem
1593 2098 1649 2145 et
1686 2105 1799 2144 non
1829 2088 2123 2145 diversita-

534 2191 646 2238 tem
680 2200 693 2235 :
722 2182 838 2246 Est,
872 2181 1073 2250 inquit,
1118 2181 1288 2236 carbo
1316 2180 1460 2251 ignis
1481 2222 1494 2247 ,
1531 2190 1783 2251 exempta
1815 2181 2029 2237 scilicet
2051 2197 2120 2236 ex

533 2274 824 2332 divinitate
849 2281 1108 2343 tanquam
1130 2288 1198 2327 ex
1212 2272 1724 2342 comprehensione.
1748 2271 1929 2327 Carbo
1949 2273 2116 2339 enim,

533 2368 749 2439 lignum
795 2376 851 2421 et
880 2380 994 2420 non
1040 2364 1273 2436 lignum,
1307 2373 1394 2420 est
1446 2374 1737 2434 exemptus
1764 2364 1835 2423 ab
1873 2364 1998 2435 igne
2022 2364 2120 2435 qui

532 2460 702 2516 estin
725 2474 792 2525 co
812 2466 1127 2516 contentus.
1164 2456 1404 2528 Ignitum
1445 2456 1593 2512 enim
1624 2457 1761 2512 dicit
1797 2457 2117 2523 carbonem,

533 2552 643 2606 hoc
664 2549 813 2621 quod
836 2551 1139 2606 carbonem
1186 2548 1351 2604 eﬂicit
1369 2590 1384 2615 ,
1411 2549 1562 2618 quod
1599 2564 1818 2607 sursum
1858 2549 2037 2605 fertur
2065 2559 2122 2604 et

533 2651 618 2698 est
650 2643 889 2709 subtile;
941 2642 994 2696 id
1039 2651 1224 2696 autem
1265 2641 1417 2710 quod
1448 2640 1508 2695 fit
1553 2641 1749 2707 carbo,
1776 2641 1829 2696 id
1855 2639 2004 2711 quod
2038 2648 2123 2696 est

534 2731 680 2786 infra
708 2740 763 2786 et
784 2740 869 2786 est
899 2746 1169 2786 crassum.
1205 2729 1474 2784 Divinitas
1501 2729 1652 2783 enim
1687 2739 1773 2784 est
1800 2745 1868 2783 ex
1896 2729 1965 2785 iis
1999 2743 2125 2798 qua:

534 2832 664 2878 sunt
690 2837 891 2891 supra,
928 2820 1246 2875 humanitas
1280 2828 1469 2880 autem
1512 2834 1581 2874 ex
1614 2818 1683 2874 iis
1707 2835 1831 2889 qua:
1859 2828 1989 2875 sunt
2031 2818 2120 2872 in-

533 2914 639 2979 fra,
688 2911 905 2968 etiamsi
962 2927 1022 2967 se
1063 2913 1356 2983 attingant.
1410 2912 1482 2967 Et
1532 2910 1659 2966 ideo
1688 2911 2007 2983 Gregorius,
2064 2912 2121 2969 in

536 3005 808 3075 theologia
831 3004 1249 3071 celeberrimus,
1288 3019 1400 3060 non
1426 3013 1652 3058 veretur
1679 3004 1865 3059 dicere
1895 3019 2117 3060 carnem

2219 1807 2427 1869 Christi
2464 1828 2477 1865 :
2513 1811 2619 1866 hoc
2673 1810 2822 1881 enim
2870 1810 3139 1868 docemur
3174 1829 3275 1884 per
3328 1830 3420 1872 res
3477 1815 3653 1886 ipsas.
3706 1815 3808 1871 Die

2219 1902 2367 1959 enim
2408 1904 2464 1957 in
2498 1918 2609 1973 quo
2632 1903 2738 1957 fuit
2777 1913 2975 1973 quarta
3003 1903 3229 1960 decima
3251 1906 3385 1968 luna
3414 1908 3468 1963 in
3501 1909 3801 1981 principio,

2217 2012 2286 2052 eo
2312 1996 2402 2051 die
2426 1997 2614 2068 jussus
2642 2004 2728 2050 est
2756 1980 2926 2053 Israel
2949 1995 3223 2067 imprimis
3247 1998 3566 2059 sacrificare
3593 1980 3809 2058 Pascha

2220 2086 2278 2145 in
2300 2095 2489 2158 typum
2520 2085 2725 2147 Christi
2753 2105 2763 2139 :
2810 2087 2957 2147 unde
2982 2089 3152 2147 etiam
3186 2090 3297 2146 huc
3332 2107 3509 2163 usque
3537 2095 3804 2151 eumdem

2219 2188 2479 2249 quartum
2506 2178 2787 2236 decimum
2808 2179 2957 2241 diem
2990 2190 3215 2236 servant
3242 2183 3441 2251 Judaei,
3483 2187 3808 2244 nescientes

2220 2270 2353 2341 quid
2379 2279 2628 2326 servent.
2647 2270 2705 2326 Si
2720 2286 2853 2343 ergo
2880 2287 3053 2343 agnus
3077 2272 3362 2330 Christum
3390 2278 3806 2350 pragfigurabat,

2219 2372 2305 2420 est
2333 2365 2692 2435 perspicuum
2718 2406 2732 2427 .
2791 2367 2941 2436 quod
2986 2367 3136 2423 lunae
3165 2383 3385 2439 quoque
3423 2369 3545 2426 dies
3586 2373 3685 2442 qui
3721 2382 3809 2428 cst

2220 2456 2398 2526 plenae
2425 2457 2593 2521 lunae,
2628 2456 2903 2527 signiﬁcat
2932 2458 3341 2527 plenitudinem
3383 2462 3650 2519 Ecclesiae
3678 2480 3811 2534 pro-

2220 2556 2344 2618 pter
2367 2563 2533 2617 quam
2576 2548 2831 2604 Christus
2862 2558 2947 2606 est
2971 2552 3330 2609 sacrificatus.
3363 2553 3581 2611 Etenim
3621 2554 3807 2627 ipsum

2220 2640 2342 2709 ejus
2375 2656 2580 2695 nomen
2624 2641 2899 2711 signiﬁcat
2926 2644 3180 2713 gratiam,
3214 2659 3415 2715 nempe
3455 2645 3810 2718 baptismatis

2223 2731 2723 2803 regenerationem.
2752 2731 2957 2803 Σεληνὴ
2974 2733 3146 2797 enim,
3172 2733 3228 2788 id
3240 2742 3327 2790 est
3352 2736 3506 2802 luna,
3531 2737 3811 2809 interpre—

2224 2830 2371 2878 tatur
2388 2823 2546 2887 σέλας
2580 2823 2809 2895 νηπίων,
2842 2823 2896 2879 id
2924 2833 3027 2893 est,
3054 2824 3233 2897 fulgor
3264 2826 3580 2894 infantium,
3604 2840 3663 2887 et
3683 2846 3807 2886 om-

2222 2915 2381 2971 nium
2409 2915 2505 2986 qui
2539 2926 2900 2987 generantur,
2940 2926 3132 2987 utpote
3156 2917 3307 2988 quod
3331 2918 3400 2974 ab
3426 2929 3589 2976 utero
3609 2922 3715 2977 alia
3733 2924 3810 2980 sit

2222 3007 2434 3077 piscina
2486 3025 2503 3062 :
2554 3008 2714 3071 σέλας
2754 3008 2902 3064 enim
2959 3017 3047 3069 est
3093 3008 3209 3064 lux.
3267 3010 3380 3079 Aut
3435 3028 3632 3070 rursus
3661 3015 3810 3072 lunas

534 3096 754 3152 Domini
776 3095 1020 3166 ὀμόθεον,
1049 3095 1105 3150 id
1128 3105 1241 3169 est,
1274 3094 1438 3150 simul
1469 3095 1665 3150 Deum.
1696 3094 1753 3150 Si
1774 3095 1908 3165 quid
1931 3105 2115 3152 autem
2145 3083 2186 3140 Ο
2221 3098 2400 3181 fulgor
2447 3108 2532 3155 est
2575 3115 2911 3170 puerascens
2932 3141 2946 3166 ,
3007 3110 3301 3172 propterea
3339 3103 3487 3173 quod
3533 3090 3809 3176 perpetuo

534 3188 780 3262 mysterii
811 3189 1192 3259 cognovimus,
1242 3187 1295 3242 id
1331 3203 1445 3242 non
1479 3195 1565 3243 est
1612 3202 1683 3253 es
1722 3188 1889 3243 domo
1929 3197 2120 3245 ucstra

533 3296 640 3335 nec
667 3295 736 3334 ex
785 3280 968 3345 nobis,
1022 3279 1118 3335 sed
1160 3296 1229 3335 ex
1262 3279 1418 3339 ctelis
1460 3279 1623 3336 nobis
1667 3289 1751 3339 est
1788 3282 2116 3338 revelatum.

538 3372 837 3443 Subjungit
864 3372 1013 3426 enim
1042 3388 1056 3425 :
1096 3371 1166 3427 Et
1197 3373 1396 3427 tonavit
1423 3389 1450 3426 e
1473 3371 1603 3427 calo
1636 3371 1902 3433 Dominus
1947 3383 1997 3427 et
2033 3373 2121 3429 AL

536 3465 766 3518 tissimus
831 3463 973 3518 dedit
1030 3480 1206 3519 vocem
1283 3481 1438 3519 suam
1463 3465 1528 3520 ⁸³.
1594 3464 1823 3537 Quando
1884 3467 2119 3525 autem?

535 3553 767 3621 Quando
798 3553 1013 3623 linguas
1040 3553 1227 3624 igneas
1267 3569 1396 3613 cum
1430 3556 1638 3616 tonitru
1666 3555 1935 3613 emisit“.
1967 3557 2110 3623 Qua-

534 3661 660 3701 rum
710 3646 1021 3716 linguarum
1065 3645 1334 3716 fulgorem
1388 3646 1468 3705 sol
1512 3661 1735 3718 quoque
1780 3648 1876 3719 qui
1916 3659 2117 3718 quarto

535 3736 630 3792 die
665 3736 844 3792 factus
875 3743 988 3801 est,
1029 3737 1495 3808 praasignificavit.
1543 3738 1620 3793 De
1664 3738 1770 3801 hoc
1806 3748 1992 3795 autem
2028 3740 2117 3796 die

533 3836 756 3898 quarto,
797 3829 1042 3899 inquam,
1088 3836 1144 3884 et
1180 3829 1359 3900 primo
1395 3830 1644 3902 perfecto
1699 3832 1756 3886 in
1792 3848 1909 3903 quo
1961 3841 2123 3890 ortus

534 3930 621 3974 est
654 3920 733 3975 sol
755 3919 1005 3991 justitiaa,
1030 3930 1088 3975 et
1111 3920 1304 3986 stellae,
1343 3928 1400 3975 et
1427 3921 1577 3985 luna,
1611 3921 1831 3981 videtur
1859 3923 2005 3978 Deus
2029 3923 2117 3978 di-

535 4026 661 4066 cere
695 4011 998 4067 fortissimo
1027 4012 1147 4067 viro
1166 4012 1308 4071 Jobo
1334 4030 1346 4066 :
1379 4010 1603 4083 Quando
1625 4013 1769 4083 facta
1788 4021 1910 4075 sunt
1942 4022 2112 4078 astra,

537 4102 828 4157 laudarunt
871 4120 952 4157 me
1009 4120 1129 4161 voce
1190 4119 1387 4174 magna
1442 4120 1621 4158 omnes
1684 4104 1863 4175 angeli
1911 4106 2012 4165 mei
2068 4116 2117 4163 ει

535 4193 741 4262 hymnis
789 4190 1210 4246 celebrarunt“.
1261 4192 1332 4247 Et
1383 4192 1796 4270 quamobrem?
1842 4193 2116 4271 Quoniam

533 4282 681 4337 facta
711 4290 842 4336 sunt
868 4281 1052 4336 astra?
1083 4281 1203 4337 Non
1234 4291 1384 4337 certe
1405 4292 1696 4359 propterea
1727 4282 1856 4338 :sed
1884 4299 2011 4344 cum
2036 4284 2118 4342 vi-

534 4372 748 4428 dissent
786 4374 957 4428 solem
984 4388 1015 4428 c
1039 4381 1186 4428 terra
1214 4384 1610 4440 recurrentem,
1652 4374 1709 4437 in
1738 4374 1998 4445 mysterio
2027 4375 2114 4431 di-

532 4466 811 4532 dicerunt,
871 4481 996 4536 qum
1045 4466 1310 4522 extremis
1352 4463 1695 4537 temporibus
1736 4466 1925 4521 futura
1969 4477 2109 4534 erat,

532 4555 738 4612 Christi
796 4556 1259 4621 incarnationem,
1299 4564 1355 4617 et
1403 4573 1433 4612 c
1470 4565 1615 4612 terra
1654 4557 2111 4627 assumptionem,

533 4646 601 4701 Et
641 4644 764 4699 ideo
795 4660 921 4700 cum
950 4645 1217 4700 vidissent
1254 4661 1381 4700 cum
1422 4661 1488 4700 cx
1519 4656 1706 4705 sancta
1738 4646 1961 4717 Virgine
1991 4657 2114 4704 tan-

532 4750 697 4806 quam
729 4751 796 4790 ex
826 4737 1024 4808 abysso
1058 4747 1344 4802 exortum,
1376 4737 1563 4793 statim
1593 4737 1972 4799 exclamarunt
2027 4742 2115 4797 di-

532 4837 721 4885 centes
749 4844 762 4882 :
787 4826 971 4882 Gloria
1012 4829 1065 4880 in
1110 4827 1329 4884 excelsis
1386 4827 1523 4894 Deo,
1571 4838 1621 4885 et
1653 4831 1708 4883 in
1739 4840 1881 4885 terra
1926 4835 2111 4902 pax“,

529 4920 666 4975 Cum
701 4920 925 4990 quibus,
969 4920 1128 4975 stella
1148 4936 1269 4990 quae
1307 4921 1535 4976 deduxit
1565 4918 1749 4997 Magos
1779 4924 1862 4980 eis
1887 4942 2119 4995 persua-

530 5012 605 5067 sit
652 5023 713 5068 ut
743 5015 1052 5069 clamarent
1107 5032 1120 5067 :
1165 5011 1229 5068 In
1271 5016 1567 5069 hominibus
1606 5015 1741 5071 bona
1776 5017 2023 5074 voluntas
2046 5021 2115 5077 ⁸⁷.

531 5104 622 5160 Sic
653 5121 684 5160 a
719 5121 804 5161 me
836 5105 1163 5178 intelligitur
1206 5106 1339 5162 solis
1384 5123 1551 5179 super
1593 5116 1797 5163 terram
1841 5114 2119 5182 composi-

533 5197 629 5260 tio,
681 5208 737 5253 et
791 5214 821 5252 a
858 5208 1006 5254 terra
1057 5199 1122 5254 ad
1176 5202 1346 5255 ccelos
1390 5202 1713 5271 assumptio.
1750 5203 1883 5272 Mihi
1934 5216 2116 5260 autem

426 5352 429 5355 _
530 5288 681 5342 venit
711 5288 766 5342 in
793 5299 1057 5357 mentem,
1095 5298 1155 5345 ut
1188 5291 1426 5363 cogitem
1468 5291 1598 5360 quid
1631 5301 1774 5358 erat,
1816 5293 1965 5363 quod
1992 5311 2117 5365 pro-

532 5376 755 5433 hiberet
802 5381 1097 5449 quominus
1126 5381 1320 5452 Opifcx
1360 5385 1451 5439 ubi
1490 5383 1729 5455 desuper
1765 5383 1880 5438 fixit
1928 5386 2116 5441 firma-

532 5477 801 5533 mentum,
822 5471 876 5523 in
898 5470 1016 5540 ipso
1040 5480 1235 5527 etcum
1260 5474 1375 5543 ipso
1403 5474 1798 5530 facerctsolem
1823 5477 2110 5546 etlunam;

604 5584 834 5709 ugmm
864 5604 941 5655 m,
970 5590 1061 5645 29,
1137 5590 1184 5622 ιθ
1218 5582 1354 5639 l’sal.
1382 5589 1620 5654 “11,14.

531 5669 625 5716 Ill,
666 5669 750 5710 ιν.

1713 5592 1757 5629 ⁸³
1785 5593 1909 5655 Act.
1935 5597 2064 5663 11,2,
2092 5600 2144 5654 '5.

2221 3200 2517 3262 generetur
2544 3199 2601 3251 et
2639 3200 3020 3262 regeneretur,
3059 3192 3191 3259 Quae
3224 3194 3452 3264 quidem
3483 3204 3572 3259 est
3600 3213 3806 3268 perpe-

2223 3291 2318 3343 tua
2346 3283 2688 3352 regeneratio
2717 3283 2861 3345 lucis
2895 3283 3259 3355 baptismatis.
3303 3286 3374 3351 Et
3413 3286 3543 3343 ideo
3581 3289 3809 3361 triginta

2220 3373 2341 3429 dies
2375 3373 2630 3436 consistit
2660 3373 3074 3439 lunaconstans
3087 3391 3156 3431 ex
3192 3377 3375 3435 tribus
3406 3380 3672 3450 perfectis
3698 3399 3808 3438 nu-

2221 3464 2409 3526 meris,
2438 3480 2638 3541 nempe
2681 3465 2947 3532 denariis,
2983 3467 3041 3521 in
3069 3478 3256 3539 typum
3289 3486 3355 3525 ac
3377 3469 3610 3543 figuram
3634 3476 3806 3544 trium

2221 3554 2616 3626 perfectarum,
2674 3567 2731 3618 et
2775 3558 2983 3627 quibus
3011 3560 3149 3619 nihil
3190 3560 3400 3629 deficit,
3433 3564 3803 3638 hypostaseon

2221 3660 2423 3705 sanctae
2442 3661 2499 3705 et
2520 3650 2768 3721 ejusdem
2793 3652 2958 3708 simul
2981 3656 3236 3711 essentia:
3254 3655 3544 3714 Trinitatis
3565 3659 3623 3714 in
3638 3675 3801 3729 quam

2221 3739 2502 3794 credimus
2524 3740 2579 3793 in
2602 3740 2953 3811 baptismate.
2983 3743 3283 3816 Propterea
3303 3746 3553 3802 omnium
3580 3764 3805 3821 quoque

2220 3839 2436 3885 creator
2463 3831 2626 3888 Jesus
2652 3834 2745 3903 qui
2780 3843 2866 3890 est
2909 3852 3055 3894 unus
3096 3852 3166 3898 ex
3199 3836 3497 3906 Trinitate,
3528 3839 3806 3911 baptismo

2220 3921 2426 3978 tinctus
2454 3932 2540 3979 est
2571 3925 2793 3995 triginta
2817 3942 2992 3981 annos
3023 3936 3187 3991 natus
3220 3947 3233 3983 :
3264 3930 3528 4003 quoniam
3553 3931 3671 3996 illic
3686 3945 3806 3995 erat

2220 4012 2426 4069 mundo
2452 4015 2917 4074 manifestandum
2939 4021 3259 4092 mysterium
3291 4022 3599 4086 Trinitatis.
3629 4025 3801 4082 David

2218 4120 2463 4175 quoque,
2494 4106 2591 4176 qui
2629 4109 2934 4171 secundum
2958 4127 3180 4167 carnem
3206 4122 3327 4168 erat
3352 4096 3534 4186 iigura
3559 4126 3616 4171 et
3647 4129 3803 4187 pater

2217 4196 2446 4264 Christi,
2482 4201 2708 4271 triginta
2744 4218 2920 4261 annos
2945 4215 3110 4262 natus
3136 4204 3315 4265 factus
3335 4216 3421 4271 est
3440 4224 3559 4272 rex,
3597 4219 3656 4265 et
3686 4220 3803 4266 tan-

2218 4305 2385 4360 quam
2440 4292 2715 4362 baptismo
2764 4297 2947 4367 aliquo
2979 4299 3161 4367 typico
3200 4300 3462 4371 mysterio
3512 4301 3675 4375 prius
3719 4315 3802 4358 est

2222 4388 2447 4436 unctus.
2474 4381 2762 4449 Quomodo
2789 4387 2956 4440 etiam
2976 4387 3202 4467 Joseph,
3226 4388 3370 4451 alius
3387 4389 3593 4445 Christi
3617 4400 3797 4464 typus,

2222 4472 2444 4557 triginta
2500 4491 2675 4530 annos
2726 4487 2888 4535 natus
2942 4478 2999 4541 in
3059 4478 3298 4557 Egypto
3328 4488 3413 4541 est
3461 4480 3796 4539 dominatus.

2214 4562 2354 4617 Nam
2406 4562 2666 4621 Christus
2704 4583 2923 4645 quoque
2963 4569 3188 4640 triginta
3232 4573 3512 4642 argenteis
3541 4574 3799 4629 venditus

2214 4669 2408 4725 agrum
2448 4657 2620 4711 totius
2666 4660 2858 4713 mundi
2907 4660 3057 4730 figuli
3100 4652 3320 4731 (nempe
3362 4661 3459 4716 Dei
3502 4665 3794 4734 creatoris)

2214 4746 2452 4804 redemit
2486 4759 2542 4803 et
2589 4750 2849 4814 liberavit
2894 4767 2993 4822 per
3039 4752 3203 4817 ﬁdem
3266 4754 3324 4808 in
3370 4754 3640 4811 Trinitate
3687 4771 3797 4812 sua:

2214 4840 2464 4910 conjugis
2496 4841 2661 4907 luna),
2685 4858 2883 4914 nempe
2908 4844 3189 4901 Ecclesim.
3215 4846 3390 4913 Quam
3421 4848 3554 4902 olim
3579 4866 3801 4919 quoque

2215 4940 2407 5009 aperte
2444 4933 2855 5005 praefigurabat,
2893 4945 2951 4992 et
2982 4937 3123 5015 citra
3168 4939 3335 4993 ullam
3371 4938 3795 5013 dubitationem,

2217 5039 2343 5077 arca
2368 5023 2505 5088 Noe,
2543 5041 2665 5095 quae
2705 5037 3027 5085 constructa
3074 5038 3195 5085 erat
3233 5040 3618 5087 trecentorum
3645 5036 3801 5090 cubi-

2220 5125 2399 5168 torum
2422 5116 2792 5187 longitudine,
2820 5129 2877 5199 et
2900 5121 3125 5192 triginta
3141 5122 3459 5179 cubitorum
3482 5125 3795 5191 altitudine,

2219 5207 2274 5259 in
2313 5215 2501 5277 typum
2539 5210 2768 5265 excelsae
2808 5211 3100 5269 Trinitatis
3151 5231 3315 5285 quam
3347 5214 3606 5277 Christus
3638 5219 3799 5276 nobis

2216 5299 2483 5353 revelavit
2513 5300 2608 5367 qui
2658 5311 2743 5356 est
2787 5319 2936 5360 unus
2968 5323 3037 5360 ex
3067 5306 3377 5371 Trinitate.
3419 5308 3500 5362 sol
3544 5310 3795 5379 justitim.

2213 5391 2309 5457 qui
2347 5391 2401 5445 iu
2431 5408 2487 5445 se
2531 5395 2776 5450 ostendit
2802 5407 2913 5453 tres
2958 5400 3345 5455 exultationes.
3386 5400 3634 5457 Primum
3682 5404 3799 5474 qui.

2213 5485 2335 5539 dem
2359 5487 2633 5543 cxaltatus
2662 5490 2766 5545 fuit
2792 5492 2847 5546 in
2881 5509 3064 5550 cruce.
3090 5493 3247 5550 Unde
3268 5504 3399 5551 tunc
3423 5497 3506 5554 sol
3536 5505 3801 5569 tanquam

2222 5602 2265 5633 ⁸⁸
2287 5601 2390 5659 Job
2421 5622 2638 5674 xxxvm,
2665 5609 2717 5663 7.
2834 5611 2877 5643 ἰθ
2910 5613 3040 5669 Luc.
3066 5631 3123 5681 ll,
3151 5614 3237 5671 14.
3312 5616 3357 5648 ⁸⁷
3377 5614 3515 5672 ibid.
3594 5619 3641 5651 ⁸⁸
3663 5618 3800 5683 Luc.
