3996 6296
212 275 310 337 9ὐι

1277 271 1358 330 ιΝ
1403 262 1955 328 ΠΕΧΛΕΜΕΒΟΝ.
1991 286 2061 297 -
2095 261 2243 320 ΕΙΒ.
2279 260 2379 321 1V.

3368 254 3480 322 909.

213 404 381 445 verus
412 386 619 442 Christi
651 394 813 458 typus
843 385 1011 440 simul
1044 400 1170 439 cum
1192 381 1415 438 Christe
1449 383 1588 451 (ejus
1628 378 1797 435 mise-
1830 383 1871 437 A
1901 373 1982 428 dit
2031 372 2089 427 in
2133 368 2638 443 praefigurationem
2681 368 2892 425 Christi
2927 368 3208 429 Ecclesiae.
3247 369 3486 440 quadra-

215 478 363 549 rens)
395 487 480 533 est
514 465 734 549 passus,
774 485 980 533 etcum
1021 473 1320 532 defecisset
1361 473 1649 544 impolluta
1680 471 1800 541 ejus
1900 466 2054 538 ginta
2083 479 2258 519 annos
2285 463 2536 534 regnavit
2567 477 2735 532 super
2765 461 2956 518 Israel.
2988 459 3114 516 Haec
3148 468 3335 515 autem
3364 475 3486 515 om-

215 568 397 623 anima
451 583 519 622 ex
576 567 801 637 proprio
880 581 1117 637 corpore
1154 605 1169 631 ,
1224 564 1390 619 simul
1442 563 1610 618 etiam
1648 560 1801 616 defe-

217 662 294 716 cit
319 660 399 715 sol
436 675 505 714 ex
531 659 742 714 caelesti
782 673 884 714 suo
922 673 1156 729 corpore
1183 654 1554 720 ﬁrmamenti;
1588 666 1644 709 et
1675 667 1802 707 eum

217 751 475 808 Christus
507 752 776 806 subiisset
808 750 1038 816 inferos,
1072 748 1239 805 simul
1268 747 1436 804 etiam
1467 760 1594 800 cum
1629 760 1698 800 eo
1722 743 1805 799 sol

176 903 187 919 η
219 844 395 901 subiit
431 853 593 901 nocte
622 842 982 899 adventante.
1026 841 1181 898 Unde
1215 840 1385 895 etiam
1413 837 1636 893 Christo
1669 848 1803 890 exo-

221 933 401 988 riente
419 942 480 988 et
504 940 764 1004 surgente
790 948 821 987 a
846 931 1083 987 mortuis
1100 943 1263 985 mane
1282 943 1392 984 una
1421 926 1804 988 sabbatorum,

223 1039 334 1079 una
369 1040 493 1080 cum
521 1040 587 1080 eo
615 1024 797 1080 oritur
821 1024 991 1080 etiam
1016 1023 1096 1078 sol
1121 1037 1153 1077 a
1181 1031 1328 1076 terra
1346 1060 1360 1084 ,
1400 1018 1610 1073 faciens
1642 1013 1811 1087 874

225 1116 397 1171 diem.
443 1116 569 1173 Haec
614 1114 766 1171 enim
801 1115 1043 1172 secunda
1066 1097 1274 1170 Christi
1317 1110 1597 1176 exultatio,
1645 1122 1810 1178 quam

224 1210 415 1279 aperte
438 1206 901 1278 pmsigniﬁcabat
923 1207 1003 1261 sol
1035 1206 1141 1260 hoc
1169 1211 1369 1275 quarto
1396 1201 1487 1255 die
1514 1197 1811 1255 creationis

227 1311 257 1349 a
311 1302 454 1349 terra
500 1295 808 1351 ascendens
852 1295 909 1350 in
940 1295 1135 1351 altum.
1183 1289 1576 1348 Animadverte
1620 1286 1808 1349 etiam,

227 1383 378 1454 quod
397 1382 653 1441 Christus
683 1399 904 1459 quoque
941 1393 1138 1456 quarta
1160 1381 1369 1438 decade
1402 1379 1530 1451 (hoc
1562 1386 1649 1433 est
1674 1392 1813 1447 qua-

228 1473 542 1543 dragesimo
563 1475 675 1547 die)
716 1476 846 1531 fecit
887 1476 943 1531 in
981 1475 1183 1530 coelum
1214 1471 1683 1541 assumptionem.
1725 1484 1814 1522 aS-

229 1574 479 1630 cendens
515 1567 571 1621 in
610 1566 908 1639 supernam
955 1567 1286 1623 Jerusalem.
1333 1563 1505 1634 Cujus
1535 1562 1817 1632 ingressus

232 1678 367 1718 vera
416 1669 472 1715 et
505 1668 657 1713 certa
692 1666 813 1712 erat
863 1657 1038 1728 ﬁgura
1078 1656 1248 1713 etiam
1276 1654 1406 1726 ejus
1440 1653 1495 1708 in
1532 1652 1814 1706 Bethleem

1902 559 1995 612 nia
2030 556 2195 612 nobis
2210 555 2504 611 conferunt
2522 554 2590 610 ad
2612 569 2910 610 numerum
2930 553 3114 623 quarti
3140 552 3273 618 diei,
3301 553 3359 607 in
3378 567 3490 623 quo

1903 657 2069 702 natus
2090 656 2174 702 est
2194 654 2252 701 et
2279 645 2465 700 illuxit
2483 644 2737 701 Christus
2753 644 2848 714 qui
2871 643 2974 698 fuit
2996 653 3122 698 ante
3144 644 3336 705 solem,
3364 658 3491 697 cum

1905 741 2028 811 ejus
2056 740 2292 810 conjuge
2335 739 2469 793 luna
2495 738 2716 809 (nempe
2763 734 3057 807 Ecclesia),
3096 734 3319 805 quando
3349 734 3493 789 dixit

1905 831 2053 886 Deus
2098 847 2111 884 :
2167 828 2332 883 Fiant
2380 829 2676 883 luminaria
2740 828 2798 881 in
2858 827 3198 896 ﬁrmamento
3240 824 3385 889 caeli,
3423 825 3493 880 ad

1906 920 2362 977 illuminationem
2394 936 2555 991 super
2577 927 2803 973 terram.
2833 917 3109 973 Convenit
3143 927 3327 972 autem
3363 932 3490 972 eum

1909 1014 2005 1089 qui
2038 1012 2319 1069 desiderio
2351 1021 2407 1067 et
2448 1023 2636 1068 am‘ore
2677 1011 2865 1067 divino
2900 1012 2957 1066 in
2993 1009 3149 1065 verbi
3179 1010 3276 1064 Dei
3302 1009 3495 1063 dulce-

1910 1107 2041 1162 dine
2079 1106 2460 1178 perfunditur,
2482 1105 2854 1177 congruenter
2874 1103 2925 1158 ei
2959 1103 3055 1173 qui
3102 1102 3238 1156 dicit
3269 1122 3282 1154 :
3321 1100 3498 1166 Quam

1912 1197 2091 1254 dulcia
2115 1200 2321 1275 gutturi
2345 1215 2459 1253 meo
2488 1196 2698 1267 eloquia
2727 1205 2844 1260 tua,
2868 1211 3028 1266 super
3060 1192 3164 1248 mel
3194 1196 3275 1248 ori
3298 1210 3411 1247 meo
3425 1193 3494 1256 “,

1912 1306 2178 1362 quaerere.
2203 1289 2573 1361 Quamobrem
2619 1305 2747 1345 cum
2780 1289 2926 1343 Deus
2952 1274 3135 1358 primo
3166 1285 3254 1340 die
3277 1284 3500 1340 fecisset

1914 1384 2118 1450 lucem,
2150 1398 2260 1437 non
2294 1382 2434 1437 dixit
2464 1381 2617 1437 :Fiat
2638 1381 2751 1447 luas,
2783 1389 2840 1434 ut
2872 1380 3047 1433 luceat
3076 1394 3239 1449 super
3256 1389 3496 1431 terram:

1915 1476 2152 1531 maxime
2176 1491 2303 1533 cum
2334 1476 2426 1531 illa
2461 1475 2556 1529 lux
2592 1474 2665 1530 sit
2703 1483 2880 1529 mater
2910 1481 2967 1528 et
3005 1464 3244 1543 genitrix
3273 1471 3500 1525 univer-

1917 1581 2128 1630 sorum,
2155 1583 2278 1639 qua:
2315 1583 2382 1621 ex
2409 1566 2526 1636 ipsa
2552 1565 2857 1642 illuxerunt
2893 1563 3141 1634 ejusdem
3168 1561 3421 1617 essentia:
3442 1560 3501 1614 in

1920 1661 2064 1715 caelo
2094 1659 2474 1714 luminaridm.
2505 1659 2573 1719 Et
2594 1658 2863 1722 dicamus,
2887 1657 3037 1726 quod
3080 1654 3170 1710 illa
3190 1655 3285 1709 lux
3311 1655 3502 1724 singu-

230 1762 523 1825 postquam
547 1758 714 1805 natus
738 1758 884 1805 esset
905 1747 1329 1819 quadragesimo
1351 1745 1441 1800 die
1464 1743 1741 1815 ingressus
1763 1749 1820 1797 et
1851 1721 1893 1776 Β
1921 1749 2052 1804 laris
2091 1758 2147 1803 et
2186 1748 2435 1819 simplex,
2465 1758 2585 1805 erat
2611 1756 2775 1819 typus
2807 1721 3144 1802 monarchia:
3172 1754 3228 1800 et
3260 1721 3505 1801 Iudaicae

230 1844 506 1900 adventus
556 1842 623 1897 in
667 1852 947 1896 terrenam
984 1838 1314 1897 Jerusalem.
1346 1835 1591 1890 Adverte
1630 1840 1819 1888 autem

233 1935 691 2007 prudentissime,
723 1943 777 1988 te
812 1947 969 2003 rogo,
993 1945 1129 1985 num
1170 1928 1276 1984 hoc
1304 1941 1528 1998 quoque
1549 1927 1661 1996 jam
1686 1925 1820 1979 olim

237 2028 418 2100 typice
443 2028 602 2097 prius
651 2024 948 2095 descripsit
972 2023 1063 2080 lex
1086 2022 1209 2087 Dei,
1236 2020 1431 2078 dicens
1467 2017 1824 2095 quadragest.

145 2125 164 2145 '
237 2134 329 2174 mo
349 2119 438 2173 die
459 2116 751 2188 expurgari
777 2104 1068 2170 mulierem
1096 2128 1126 2169 a
1171 2111 1433 2167 sordibus
1456 2102 1824 2164 immunditiis

240 2225 378 2273 suae,
424 2215 482 2262 et
527 2207 797 2277 templum
841 2203 1061 2260 Domini
1120 2201 1357 2273 ingredi,
1409 2199 1671 2271 quoniam
1726 2199 1822 2268 qui

235 2308 439 2374 quarto
470 2314 704 2353 numero
731 2305 945 2367 quartae
994 2295 1155 2371 legis,
1196 2301 1260 2349 ut
1305 2291 1566 2363 superius
1612 2290 1825 2346 dictum

237 2400 345 2458 est,
385 2389 566 2460 quarti
598 2388 709 2444 diei
742 2386 961 2441 numeri
995 2383 1428 2455 quadragesimi,
1451 2382 1772 2453 expurgavit
1793 2397 1825 2437 a

237 2482 391 2537 ﬂuxu
422 2478 788 2535 immunditia:
822 2477 1151 2547 sanguinum
1178 2474 1509 2530 idolicorum
1527 2474 1825 2529 humanam

241 2581 521 2633 naturam,
556 2586 679 2640 quae
706 2569 1007 2640 aliquando
1040 2568 1183 2623 male
1225 2567 1512 2622 laborabat
1552 2564 1825 2637 proﬂuvio

229 2662 541 2736 .sanguinis
560 2665 603 2696 “
629 2677 751 2717 eam
785 2674 912 2716 cum
950 2659 1274 2714 mandasset
1298 2668 1353 2713 et
1384 2654 1731 2736 corruptioni
1769 2662 1828 2711 et

248 2730 505 2808 intei-itui
534 2767 645 2806 non
663 2750 903 2820 amplius
922 2747 1221 2804 obnoxiam
1243 2730 1605 2808 reddidisset,
1622 2741 1678 2796 in
1694 2741 1829 2813 bap-

247 2848 417 2902 tismo
447 2847 605 2916 prius
641 2844 907 2916 ablutam,
934 2855 1156 2897 rursum
1200 2838 1258 2894 in
1285 2837 1486 2893 Sancta
1509 2843 1827 2890 sanctorum

250 2946 513 3005 tanquam
536 2949 766 3005 magnus
785 2929 1034 3002 pontifex
1056 2930 1340 2999 ingressus
1367 2925 1645 2990 Christus,
1676 2922 1824 2978 Patri

1922 1840 2074 1906 fidei,
2103 1841 2334 1911 ejusque
2370 1855 2492 1911 quae
2515 1840 2621 1896 fuit
2654 1848 2784 1894 ante
2817 1840 2993 1909 legem
3025 1845 3082 1893 et
3107 1839 3226 1908 ejus
3245 1843 3505 1907 qua-post

1921 1935 2135 2005 legem;
2170 1950 2292 2005 quae
2314 1933 2539 2004 quidem
2578 1948 2689 1988 non
2717 1932 2900 2003 potuit
2941 1929 3256 1984 illuminare
3280 1928 3503 1983 univer-

1923 2014 2289 2080 samterram
2318 2063 2333 2089 ,
2386 2033 2682 2094 propterea
2747 2022 2897 2097 quod
2953 2037 3019 2077 ea
3071 2021 3254 2075 adhuc
3310 2027 3507 2089 operta

1923 2125 2090 2184 esset,
2121 2118 2348 2189 quando
2378 2118 2525 2173 Deus
2558 2117 2709 2171 illam
2743 2115 2993 2172 ostendit
3029 2115 3235 2179 lucem,
3268 2109 3410 2183 aqua
3450 2121 3507 2167 et

1927 2208 2172 2267 tenebris
2203 2208 2416 2263 erroris
2447 2208 2593 2281 (qua:
2615 2216 2746 2263 sunt
2770 2215 3037 2263 terrestre
3062 2204 3384 2274 operculum
3415 2218 3510 2257 su¢

1924 2313 2023 2373 per
2045 2313 2143 2353 cor
2167 2297 2506 2369 hominum),
2530 2297 2710 2353 donec
2738 2297 2885 2351 Deus
2920 2294 3053 2350 fecit
3080 2293 3193 2348 duo
3214 2291 3509 2372 luminaria

1925 2407 2048 2462 quae
2081 2400 2210 2446 sunt
2242 2406 2461 2463 magna,
2501 2390 2745 2446 lucentia
2787 2404 2955 2459 super
2990 2396 3215 2443 terram.
3251 2388 3385 2443 Dico
3405 2402 3510 2441 au-

1927 2490 2037 2539 tem
2071 2480 2371 2537 adventum
2412 2482 2650 2537 increati
2683 2480 2852 2537 Verbi
2890 2480 3011 2547 Dei,
3042 2489 3098 2536 et
3130 2482 3338 2546 lunam,
3364 2495 3513 2536 nem-

1926 2586 1994 2645 pe
2032 2572 2337 2629 Ecclesiam
2357 2573 2410 2627 ei
2429 2572 2875 2643 desponsam.Et
2912 2571 3186 2626 luminare
3226 2587 3509 2642 magnum,

1926 2680 2125 2735 nempe
2162 2664 2444 2721 Christum
2473 2666 2645 2721 solem
2668 2666 2722 2720 in
2743 2665 3090 2736 principatus
3112 2664 3222 2719 diei
3260 2665 3388 2735 (hoc
3404 2675 3510 2731 est,

1928 2748 2022 2825 qui
2048 2764 2135 2811 est
2165 2765 2393 2811 exortus
2426 2756 2484 2810 in
2527 2755 2800 2829 principio
2840 2754 3296 2826 praedicationis.)
3319 2756 3386 2810 Et
3423 2755 3512 2810 lu-

1927 2861 2056 2900 nam
2097 2846 2154 2900 in
2193 2845 2542 2919 principatus
2579 2847 2762 2902 noctis
2796 2863 2809 2901 :
2840 2846 2946 2902 hoc
2990 2855 3107 2911 est,
3148 2846 3369 2916 quando
3414 2863 3513 2901 na-

1931 2938 2204 2994 scentium
2218 2938 2513 2993 infantium
2528 2947 2827 3013 acceptura
2842 2948 2964 2995 erat
2982 2942 3381 3015 principatum,
3393 2957 3517 3010 quae

250 3044 352 3099 pro
376 3036 564 3082 nostra
602 3025 782 3080 salute
811 3022 1033 3080 obtulit.
1075 3019 1232 3078 Unde
1258 3019 1425 3075 etiam
1469 3016 1560 3071 die
1590 3015 1827 3085 quadra-

1931 3037 2051 3085 erat
2090 3029 2146 3083 in
2176 3029 2311 3101 ipsis
2336 3028 2714 3097 incredulitas,
2751 3031 3010 3100 protinus
3045 3034 3180 3089 oriri
3205 3034 3334 3088 iacit
3360 3048 3517 3091 suam

251 3122 463 3193 gesimo
498 3133 625 3174 cum
658 3117 983 3189 jejunasset,
1015 3120 1143 3183 post
1177 3111 1264 3167 sui
1296 3109 1555 3180 baptismi
1587 3122 1689 3178 pro
1728 3122 1830 3162 no-

250 3213 339 3267 bis
376 3210 875 3283 regenerationem,
923 3212 1173 3259 tentatus
1210 3200 1506 3270 aliquando
1527 3200 1584 3253 in
1614 3198 1831 3253 deserta

251 3304 498 3376 gentium
547 3298 789 3356 Ecclesia
840 3295 1125 3351 diabolum
1182 3291 1429 3346 abolevit
1488 3299 1546 3345 et
1591 3289 1828 3344 otiosum

253 3392 581 3449 reddidit“.
618 3390 676 3445 Si
698 3402 831 3459 ergo
871 3386 929 3440 in
965 3381 1321 3455 generatione
1342 3395 1411 3436 ex
1440 3379 1665 3449 Virgine
1695 3385 1752 3433 et
1776 3379 1833 3432 in

252 3471 513 3554 baptismi
543 3478 982 3552 regeneratione,
1014 3483 1071 3532 et
1088 3489 1281 3530 rursus
1313 3473 1369 3527 in
1398 3473 1518 3541 ejus
1542 3472 1835 3538 incorrup-

254 3574 428 3629 tionis
449 3571 784 3628 formatione
822 3584 856 3622 a
902 3565 1161 3630 mortuis,
1179 3561 1441 3618 Christus
1463 3560 1707 3615 servavit
1728 3574 1834 3613 nu-

251 3680 469 3721 merum
517 3658 1171 3729 dierum'quadraginta,
1226 3662 1417 3709 exraete
1467 3651 1744 3706 discamus
1780 3658 1837 3705 et

252 3769 583 3828 persuasum
620 3752 923 3807 habeamus
941 3789 956 3816 ,
980 3746 1130 3818 quod
1163 3744 1344 3801 omnis
1366 3741 1836 3813 quadragenarius

252 3861 527 3903 numerus
552 3845 610 3900 in
644 3842 936 3913 Scriptura
969 3837 1360 3911 praeﬁgurabat
1385 3835 1594 3892 Christi
1630 3843 1835 3906 euryste-

254 3942 402 3996 rium
425 3971 451 4005 ,-
487 3952 688 4008 nempe
737 3936 794 3991 in
825 3949 989 3992 carne
1022 3933 1144 4004 ejus
1193 3928 1662 4000 dispensationem
1715 3941 1837 3996 qua:

255 4042 383 4102 post
433 4032 705 4086 rationem
755 4026 1095 4089 ternariam,
1146 4033 1406 4093 tanquam
1460 4020 1582 4076 dies
1638 4018 1838 4088 aliquis

256 4134 469 4194 quartae
502 4117 924 4177 illuminationis
957 4115 1162 4170 mundo
1188 4112 1466 4184 apparuit.
1503 4113 1691 4181 Itaque
1713 4126 1841 4180 pro-

256 4224 447 4286 pterea
481 4215 560 4268 ira
580 4213 676 4267 Dei
711 4211 803 4267 die
838 4207 1257 4280 quadragesimo
1292 4204 1633 4275 compescuit
1661 4202 1839 4256 minas

260 4321 329 4363 ex
356 4306 468 4360 alto
493 4320 635 4374 aqua
679 4300 958 4357 obruendi
1004 4299 1061 4354 in
1095 4297 1310 4352 diluvio
1333 4336 1347 4360 ,
1380 4294 1587 4349 mundo
1619 4308 1837 4347 annun-

1934 3119 2418 3186 illuminationem,
2463 3136 2587 3190 quae
2632 3121 2778 3190 apud
2825 3138 2926 3177 nos
2955 3123 3085 3177 luna
3114 3132 3198 3179 est
3244 3124 3514 3180 Ecclesia.

1931 3209 2170 3293 Attende
2188 3217 2375 3265 autem
2405 3210 2872 3281 quemadmodum
2898 3227 3009 3267 non
3043 3212 3266 3277 dixerit,
3293 3214 3349 3267 in
3369 3215 3519 3283 prin-

1931 3303 2187 3372 cipatum,
2235 3302 2332 3357 sed
2380 3306 2435 3358 in
2491 3305 2841 3375 principatus.
2890 3305 3091 3361 Multos
3145 3307 3294 3361 enim
3351 3306 3521 3367 habet

1940 3390 2286 3461 principatus
2349 3394 2431 3448 sol
2485 3395 2735 3465 justitiae,
2800 3396 3005 3450 multas
3046 3404 3370 3466 potestates.
3420 3398 3520 3452 Est

1934 3479 2083 3534 enim
2121 3481 2376 3554 Princeps
2419 3486 2657 3555 pacis",
2688 3495 2773 3541 est
2811 3487 3073 3557 princeps
3127 3497 3225 3542 aut
3252 3488 3520 3543 Dominus

1936 3568 2302 3638 Potestatum,
2339 3585 2425 3629 est
2458 3574 2569 3629 Rea:
2593 3593 2795 3653 regum,
2829 3590 2915 3632 est
2958 3580 3216 3648 princeps
3248 3587 3304 3634 ct
3336 3579 3521 3635 Domi-

1938 3673 2038 3711 nus
2065 3660 2540 3728 dominantium”,
2573 3679 2659 3723 est
2708 3682 2805 3720 rex
2841 3668 3052 3737 glorim.
3097 3669 3276 3723 Unum
3323 3670 3521 3726 habuit

1936 3747 2333 3823 principatum,
2368 3753 2559 3808 lumen
2613 3755 2762 3824 quod
2788 3755 3061 3815 illuminat
3087 3759 3352 3813 hominem
3397 3769 3520 3815 ante

1938 3848 2226 3905 aduentum
2270 3861 2428 3916 super
2461 3847 2750 3912 terram“;
2787 3857 2917 3902 ante
2965 3848 3194 3916 smeula,
3254 3851 3361 3906 hoc
3410 3860 3517 3918 est,

1939 3953 2063 3993 cum
2107 3952 2175 3992 eo
2216 3946 2302 3992 est
2341 3935 2461 3991 sine
2503 3934 2799 4007 principio.
2848 3938 2924 3994 Ita
2975 3941 3122 3994 enim
3158 3940 3522 4011 intelligimus

1940 4028 2078 4084 illud
2105 4046 2117 4082 :
2142 4028 2207 4083 In
2234 4029 2493 4099 principio
2523 4038 2639 4083 erat
2670 4029 2910 4097 Verbum,
2945 4032 2999 4085 in
3020 4031 3203 4089 Patre.
3226 4032 3347 4087 Non
3371 4028 3521 4089 enini

1939 4122 1996 4176 in
2028 4121 2306 4192 principio
2337 4122 2544 4187 smculi,
2578 4123 2674 4178 sed
2702 4106 2777 4176 ‘in
2806 4126 3065 4196 principio
3112 4125 3360 4199 genitore
3403 4135 3521 4182 erat

1940 4213 2184 4279 Verbum,
2216 4222 2264 4267 et
2294 4213 2514 4269 Verbum
2539 4223 2654 4269 erat
2677 4216 2821 4285 apud
2854 4215 3025 4271 Deum
3050 4217 3117 4273 ⁸⁸.
3155 4218 3386 4284 Quando
3424 4224 3521 4273 au-

1943 4315 2050 4361 tem
2075 4305 2333 4380 apparuit
2363 4312 2421 4358 et
2457 4313 2685 4363 exortus
2699 4316 2783 4361 est
2800 4307 3145 4377 principatus
3173 4310 3284 4364 diei
3309 4310 3394 4365 sui
3424 4310 3521 4364 ad-

260 4399 409 4453 ὶίθηε
438 4395 772 4453 ὕθηθίὶείυηι
811 4407 925 4459 5υὲ
950 4391 1005 4446 in
1036 4389 1291 4444 homines
1319 4380 1693 4478 benignimiii:
1753 4383 1839 4437 δί’
1873 4386 1915 4439 Β
1944 4406 2160 4463 ventus,
2191 4398 2395 4459 multos
2419 4399 2611 4458 habuit
2644 4400 3008 4473 principatus.
3046 4402 3182 4456 Nam
3221 4411 3519 4478 postquam

260 4490 469 4545 militer
512 4487 691 4541 Moses
729 4499 952 4554 quoque
974 4481 1257 4537 Christum
1297 4480 1449 4547 prius
1495 4474 1838 4539 describens,

263 4598 389 4638 cum
427 4585 674 4650 tempore
710 4574 1131 4647 quadragesimo
1160 4572 1490 4627 sceleratum
1525 4569 1679 4623 illum
1698 4568 1844 4622 occi-

263 4675 438 4729 disset
481 4672 537 4725 in
596 4680 785 4741 typum
824 4666 1028 4722 diaboli
1078 4664 1174 4734 q-ui
1210 4663 1420 4719 bellum
1450 4660 1677 4732 gerebat
1716 4674 1842 4714 cum

264 4766 490 4822 homine
553 4762 845 4824 Israelita,
884 4771 1012 4812 eum
1066 4753 1264 4809 infodit
1313 4753 1578 4807 in'arena
1639 4750 1839 4821 abyssi.

263 4857 475 4914 Deinde
512 4855 629 4923 ipse
673 4852 741 4905 ad
770 4847 1138 4920 quadraginta
1159 4860 1332 4900 annos
1354 4843 1593 4913 primum
1620 4857 1841 4912 gregem

264 4945 499 5002 rationis
529 4949 841 5010 expertem,
875 4937 1091 4996 Jethro,
1129 4934 1280 5005 pavit
1310 4934 1366 4988 in
1400 4943 1585 5004 typum
1626 4932 1843 4986 Israelis

265 5022 487 5095 ratione
524 5031 786 5097 carent-is,
831 5038 891 5084 et
935 5027 1117 5099 spatio
1146 5016 1510 5096 quadraginta
1544 5036 1838 5087 annorum,

266 5129 528 5202 pupulum
563 5125 661 5179 Dei
698 5122 794 5193 qui
827 5121 1033 5176 dicitur
1076 5118 1295 5190 (nempe
1333 5116 1454 5184 nos)
1493 5114 1842 5170 conservavit

268 5224 325 5275 in
358 5222 580 5275 deserta
628 5214 898 5271 Ecclesia.
934 5212 1306 5282 Quadraginta
1357 5208 1477 5262 dies
1538 5207 1595 5260 in
1655 5214 1842 5261 monte

268 5311 418 5368 Sin‘ai
471 5313 528 5366 in
556 5308 764 5365 Christi
801 5315 987 5377 typum
1016 5304 1306 5375 jejunavit.
1343 5298 1715 5369 Quadraginta
1744 5314 1844 5352 an-

268 5418 372 5458 nos
394 5400 614 5456 Samuel
649 5398 793 5451 filius
819 5392 1072 5449 mulieris
1096 5407 1218 5461 qure
1240 5388 1537 5458 aliquando
1559 5388 1665 5441 fuit
1687 5388 1849 5443 steri—

270 5494 359 5554 ἥς,
393 5488 766 5562 proplzetavit.
792 5485 1073 5549 Salomon,
1108 5480 1202 5550 qui
1229 5479 1324 5534 Dei
1353 5478 1620 5547 templum
1655 5477 1848 5532 condi-

342 5636 383 5667 δ’
419 5629 593 5684 Levit.
619 5630 762 5692 xm?
806 5644 959 5698 seqq.
992 5697 997 5698 γ
1037 5626 1082 5656 ⁸⁰
1111 5622 1301 5698 Matth.
1333 5637 1403 5684 tv,
1426 5621 1459 5673 2
1481 5636 1634 5698 seqq.

265 5705 315 5737 "'
340 5704 496 5762 .Iuan.
526 5720 562 5769 ι,
601 5706 653 5757 9.
728 5703 773 5733 ⁵³
804 5692 936 5775 ibid:
981 5697 1032 5751 ι.
1108 5695 1153 5726 δ⁶
1182 5694 1340 5747 Itoni.
1372 5707 1484 5755 vni,
1512 5692 1601 5744 '29.

1939 4489 2232 4559 imperavit
2260 4490 2602 4556 caelestibus,
2630 4490 3112 4566 imperavitetiam
3138 4495 3517 4561 terrestribus,

1941 4580 2220 4651 accipiens
2251 4577 2471 4639 inﬁrma
2506 4580 2563 4634 in
2597 4597 2751 4664 suam
2774 4582 3179 4650 hmreditatem,
3213 4595 3270 4657 et
3301 4601 3520 4661 posscs«

1942 4670 2154 4725 sionem
2186 4686 2341 4724 suam
2398 4670 2540 4726 ﬁnes
2569 4678 2757 4738 terrm,
2803 4680 2860 4726 et
2891 4672 3187 4729 dominans
3209 4690 3239 4729 a
3286 4676 3422 4730 mari
3452 4677 3522 4731 ad

1944 4774 2115 4826 mare,
2141 4759 2247 4816 fuit
2269 4760 2381 4815 dux
2411 4761 2607 4816 salutis
2627 4770 2852 4827 nostrae,
2876 4771 2931 4817 et
2955 4762 3062 4823 fuit
3084 4765 3523 4834 principiumba-

1954 4854 2252 4923 ptismatis,
2279 4860 2333 4908 et
2350 4853 2686 4923 principium
2715 4854 3150 4924 incorruptionis
3175 4873 3244 4911 ex
3268 4857 3520 4921 mortuis,

1947 4952 2004 4999 et
2036 4943 2371 5013 principium
2402 4952 2464 4998 ut
2493 4944 2640 4998 Deus
2663 4944 2879 4999 habitet
2900 4932 2956 4997 in
2981 4945 3242 5003 homine;
3272 4946 3351 5001 sic
3374 4946 3522 5001 enim

1948 5036 2333 5092 intelleximus
2345 5022 2627 5090 Christum
2642 5037 3052 5106 primogenitum
3069 5039 3120 5091 in
3140 5038 3319 5092 multis
3336 5040 3493 5108 fratri
3510 5070 3523 5080 -

1948 5130 2040 5184 bus
2061 5130 2107 5161 ⁸⁸
2132 5128 2430 5194 nostris,in
2449 5128 2653 5198 quibus
2669 5129 2813 5183 Deus
2843 5144 2940 5198 per
2971 5129 3150 5201 ipsum
3171 5128 3521 5184 inhabitavit.

2011 5222 2189 5276 liabet
2223 5222 2391 5275 alium
2414 5238 2635 5295 quoque
2663 5221 3032 5292 principatum
3063 5238 3158 5276 seu
3190 5222 3524 5292 principium

1940 5314 2030 5369 hic
2061 5312 2302 5368 cmlestis
2322 5312 2402 5367 sol
2426 5312 2700 5366 Christus.
2736 5312 2857 5382 Ipse
2879 5312 3028 5367 enim
3056 5314 3269 5383 primus
3297 5312 3522 5381 incepit,

1943 5416 2000 5462 et
2034 5406 2178 5460 viam
2198 5407 2359 5461 nobis
2389 5406 2458 5460 ad
2490 5406 2707 5461 Patrem
2744 5406 2945 5460 muniit
2973 5421 3036 5460 ac
3060 5404 3274 5476 paravit
3309 5405 3527 5460 sublato

1946 5514 2167 5554 sursum
2212 5498 2461 5553 homine.
2504 5499 2611 5553 Per
2642 5498 2745 5553 hos
2768 5513 2901 5569 ergo
2938 5495 3289 5568 etejusmodi
3321 5497 3528 5567 princi-

1712 5622 1752 5651 ³¹
1780 5621 1922 5676 Psal.
1952 5636 2131 5687 cxvm,
2172 5620 2283 5676 105.
2362 5622 2406 5653 δ’
2433 5619 2535 5675 Isa.
2563 5635 2637 5678 ix.
2666 5619 2719 5674 6.
2797 5619 2842 5651 ⁸³
2876 5620 3043 5690 Apoc.
3078 5632 3189 5684 xix,
3224 5616 3312 5676 16,
