4082 6290
526 243 636 307 003

530 413 588 496 in
617 435 963 508 principatus
993 444 1092 484 seu
1135 423 1410 496 principia
1449 417 1561 473 diei
1589 415 1684 486 qui
1719 413 2109 468 illuminatura

530 502 647 586 sole
707 502 990 596 quiveadit
1021 518 1124 574 sub
1170 509 1621 582 intelligentiam,
1667 523 1767 578 per
1815 502 2110 560 duodecim

531 595 944 682 ltoras',neuq'te
969 602 1271 678 discipulos
1289 612 1344 660 et
1375 600 1688 672 apostolos;
1715 595 1990 652 luminare
2017 609 2115 648 au—

531 721 643 766 tem
671 708 854 762 minus
881 703 938 756 in
973 698 1318 771 principatus
1337 709 1436 748 seu
1461 689 1732 762 principia
1757 687 1956 761 noctis.
1981 684 2112 738 Mihi

531 803 773 862 videtur,
805 795 954 866 quod
981 800 1036 847 et
1069 789 1261 844 verbis
1305 795 1362 841 et
1396 785 1564 840 rebus
1595 792 1652 836 et
1684 780 1873 851 ﬁguris
1921 787 2112 847 aptum

532 907 592 951 et
620 887 1094 948 accommodatum
1130 891 1217 936 est
1257 877 1572 948 exemplum
1609 873 1743 928 solis
1780 881 1836 926 et
1871 870 2017 924 lunae
2046 869 2112 923 ad

531 989 813 1045 Christum
836 990 892 1037 et
915 975 1244 1035 Ecclesiam.
1271 971 1407 1027 Nam
1432 984 1558 1025 cum
1581 965 1804 1022 fecisset
1833 964 1980 1018 Deus
1998 960 2116 1013 haec

533 1083 646 1138 duo
672 1075 992 1137 luminaria,
1023 1083 1284 1139 magnum
1319 1065 1539 1135 (nempe
1561 1056 1756 1128 solem)
1790 1054 1974 1111 statim
2000 1051 2117 1111 ﬁxit

534 1173 604 1228 ad
655 1177 838 1224 ortum
871 1159 1224 1224 (imitamenti,
1259 1158 1446 1212 lunam
1501 1159 1687 1207 autem
1717 1146 1791 1203 ad
1835 1157 2112 1206 occasum,

533 1280 639 1320 nos
669 1261 905 1316 docente
938 1249 1336 1320 hocexemplo,
1359 1245 1508 1316 quod
1534 1243 1590 1298 in
1621 1239 1900 1312 principio
1915 1235 2118 1290 adven-

537 1366 628 1411 tus
657 1351 890 1413 Christi,
922 1350 1043 1418 ipso
1067 1344 1290 1400 Christo
1318 1337 1646 1411 splendente
1673 1333 1731 1386 in
1761 1341 2119 1418 carnesuper

539 1457 771 1507 terram,
806 1415 1012 1496 Christi
1059 1450 1172 1489 non
1223 1426 1551 1500 splendebat
1586 1419 1834 1479 Ecclesia
1867 1437 1882 1474 :
1921 1415 2118 1471 Adhuc

539 1539 690 1595 enim
719 1504 902 1590 stabat
951 1531 1005 1584 in
1045 1537 1249 1580 occasu
1297 1515 1531 1590 peccati.
1567 1514 1704 1569 Cum
1736 1520 1920 1565 autem
1951 1504 2118 1562 Chri-

537 1640 661 1688 stus
693 1624 973 1686 occidens,
1012 1619 1069 1673 in
1093 1615 1248 1671 caelis
1273 1608 1600 1666 accessisset
1621 1603 1687 1658 ad
1713 1603 1954 1665 Patrem,
1985 1606 2118 1653 tunc

1739 218 1800 281 S.
1841 219 2121 279 ANAS'H

2222 217 2242 275 l
2275 214 2604 294 sinamus
3607 283 3613 288 _

528 361 693 416 patus
712 359 812 400 seu
834 335 1392 413 principia,intellige
1413 343 1671 401 magnum
1691 341 1813 380 esse
1837 324 2110 380 luminare
2143 355 2183 405 Α
2216 329 2326 376 tem
2357 320 2486 373 luna
2514 335 2544 372 a
2593 317 2704 372 Deo
2734 312 3016 386 acceperit
3057 329 3210 383 aqua:
3239 319 3568 383 potestatem
3595 321 3652 366 et
3690 329 3795 384 gn-

3685 204 3798 268 9M

2216 411 2623 474 bernationem,
2657 409 2997 478 spiritusque
3025 407 3080 460 in
3111 405 3371 458 universa
3402 419 3548 472 aqua
3568 412 3624 457 et
3657 404 3793 458 litari

2214 514 2270 558 et
2304 502 2492 557 multis
2511 499 2860 570 corporibus,
2887 507 2944 553 et
2971 497 3073 567 ipsi
3103 495 3326 566 quidem
3361 495 3530 566 hujus
3551 497 3633 548 rei
3670 495 3791 566 plu-

2218 597 2417 650 rimam
2448 593 2717 648 habemus
2757 591 3150 660 experientiam
3170 629 3184 651 ,
3217 597 3272 642 et
3302 596 3576 643 testantur
3604 604 3796 644 omnes

2220 688 2315 756 qui
2343 687 2396 740 in
2429 701 2579 739 mare
2607 682 3025 738 dcseenduutin
3048 681 3302 743 navibus,
3335 680 3484 749 quod
3511 691 3792 736 crescente

2217 779 2382 850 375
2414 792 2646 848 corpore
2671 777 2816 834 luna:
2851 775 3016 828 simul
3037 774 3201 828 etiam
3234 781 3495 827 crescunt
3518 781 3575 826 et
3607 773 3794 826 multi-

2217 873 2496 942 plicantur
2525 885 2700 940 aquae,
2741 884 2806 922 ea
2845 878 3030 922 autem
3055 868 3411 922 decrescente
3448 879 3643 922 rursus
3671 881 3793 920 cum

2215 979 2280 1018 ea
2315 962 2579 1016 desinunt
2615 969 2672 1016 et
2701 960 3052 1015 decrescunt.
3413 1017 3418 1022 _
3677 1006 3684 1011 .

2287 1055 2496 1110 Dicunt
2525 1065 2711 1108 autem
2755 1051 2890 1106 ibim
2921 1039 3168 1121 quoque,
3200 1065 3326 1120 qua:
3355 1059 3440 1104 et"
3479 1048 3686 1104 animal
3717 1047 3792 1102 si-

2218 1146 2352 1200 mile
2393 1147 2538 1200 luna:
2567 1144 2826 1200 aetherem
2876 1143 2960 1214 (ut
2998 1158 3122 1213 qua:
3165 1143 3224 1196 in
3265 1151 3534 1197 extremis
3571 1141 3792 1212 quidem

2218 1237 2486 1302 albescat,
2520 1237 2575 1292 in
2603 1236 2787 1292 medio
2813 1244 3001 1290 autem
3024 1234 3103 1290 sit
3123 1243 3324 1290 atraet
3347 1234 3700 1304 caliginosa),
3725 1251 3795 1288 ne

2217 1330 2394 1400 ipsam
2431 1330 2659 1400 quidem
2710 1329 2900 1384 videre
2946 1328 3168 1399 quando
3199 1330 3406 1383 coelum
3461 1328 3633 1383 fuerit
3676 1329 3798 1384 sine

2221 1419 2352 1475 luna
2383 1437 2398 1473 :
2432 1436 2554 1475 eam
2584 1429 2770 1476 autem
2798 1435 2866 1476 eo
2898 1429 3148 1490 tempore
3180 1419 3388 1477 clausis
3433 1433 3559 1474 esse
3595 1417 3797 1483 oculis,

2215 1521 2277 1568 et
2320 1527 2546 1567 manere
2598 1511 2714 1566 cibi
2756 1520 3068 1582 expertem.
3115 1511 3288 1569 Simia
3333 1521 3521 1566 autem
3569 1510 3803 1565 manife-

2219 1601 2423 1656 stiores
2451 1601 2622 1656 habet
2649 1603 3028 1672 operationes.
3055 1603 3194 1656 Nam
3235 1601 3458 1672 quando
3479 1602 3685 1656 crescit
3707 1602 3802 1655 lu--

538 1733 663 1780 orla
685 1730 769 1774 cst
789 1718 944 1776 luna,
971 1720 1101 1766 tunc
1122 1720 1278 1762 suam
1296 1697 1542 1756 ostendit
1563 1691 1966 1766 operationem.
1985 1697 2119 1740 tunc
2151 1699 2192 1754 Β
2219 1706 2314 1758 na,
2337 1693 2388 1746 ei
2412 1691 2680 1748 dilatatur
2700 1693 2856 1748 orbis
2877 1691 3170 1778 oculorum
3189 1711 3206 1761 ;
3225 1693 3454 1763 quando
3476 1703 3667 1750 autem
3698 1695 3804 1750 de-

539 1779 820 1872 dominata
853 1814 939 1862 est
969 1799 1216 1862 tenebris
1247 1793 1452 1855 noctis,
1487 1795 1619 1842 tunc
1660 1779 1996 1840 illuminavit
2021 1793 2120 1832 eos

538 1905 634 1978 qui
651 1909 812 1957 erant
835 1897 890 1951 in
913 1891 1180 1950 tenebris,
1199 1893 1332 1941 tunc
1351 1881 1700 1978 principatus
1710 1881 1774 1978 cet
1795 1877 2118 1978 potestates,

539 1958 598 2054 ἐι
622 1993 904 2066 principes
935 1983 1290 2042 tenebrarum
1327 1975 1494 2046 hujus
1541 1967 1726 2026 saeculi
1751 1958 2118 2066 conculcavit,

538 2053 824 2157 imperans
850 2089 907 2136 et
937 2075 1247 2136 dominans,
1271 2075 1327 2124 et
1350 2063 1652 2137 subjiciens
1676 2071 1896 2157 omnem
1921 2053 2120 2157 obscu-

539 2143 658 2236 ram
685 2191 748 2232 ac
791 2171 1136 2228 tenebrosam
1166 2159 1451 2218 diabolica:
1486 2149 1828 2224 operationis
1868 2143 2119 2236 fraudem

625 2273 988 2340 potestatem;
1027 2267 1084 2314 et
1127 2255 1252 2310 ideo
1287 2249 1492 2306 dicitur
1518 2248 1663 2301 facta
1686 2256 1807 2298 esse
1840 2255 1872 2294 a
1911 2237 2024 2292 Deo
2061 2234 2121 2289 in

539 2339 884 2432 principatus
909 2367 1005 2408 seu
1051 2343 1328 2420 principia
1356 2339 1554 2402 noctis,
1585 2347 1644 2392 ut
1667 2351 1788 2406 qua:
1815 2339 1938 2403 post
1961 2343 2124 2384 occa-

541 2425 664 2509 sum
716 2425 884 2513 solis,
948 2458 1149 2513 nempe
1200 2434 1450 2499 Christi,
1490 2433 1560 2487 ab
1607 2431 1730 2502 ipso
1773 2425 2120 2482 illuminetur

540 2538 1037 2612 ieaspectabiliter,
1064 2529 1342 2604 quomodo
1371 2529 1538 2582 etiam
1569 2524 1698 2578 luna
1732 2537 1762 2574 a
1801 2518 1938 2575 sole.
1965 2516 2120 2573 Unde

541 2611 800 2705 tanquam
834 2633 962 2685 luna
991 2626 1240 2697 quaedam
1269 2638 1368 2692 per
1391 2618 1735 2674 aversioncm
1760 2623 1816 2670 et
1852 2611 2119 2682 privatio-

540 2703 671 2784 nem
700 2740 797 2780 seu
836 2721 976 2776 lucis
1001 2719 1305 2778 defectum,
1351 2705 1623 2766 obscuros
1654 2709 1926 2763 liter-esum
1964 2703 2119 2780 defe-

541 2827 668 2874 ctus
695 2828 743 2870 et
777 2812 1102 2868 atllictiones
1131 2805 1481 2862 inimicorum
1509 2800 1661 2856 subit
1693 2797 1960 2860 Ecclesia,
1996 2793 2119 2848 ani-

541 2909 617 2964 mi
651 2906 958 2976 deliquium
993 2902 1110 2956 fere
1145 2897 1364 2970 patiens
1413 2904 1472 2950 et
1515 2903 1779 2961 tanquam
1829 2887 2116 2951 deﬁciens,

542 3005 655 3058 cito
681 3010 864 3054 autem
898 2999 1098 3052 iterum
1152 2990 1431 3060 refulgens
1473 2993 1568 3042 aut
1607 2985 1788 3040 lucem
1835 2978 2116 3050 propriam

542 3093 836 3163 recipiens.
873 3085 1001 3142 llzec
1023 3100 1126 3138 nos
1157 3089 1347 3152 aperte
1369 3077 1531 3133 docet
1557 3073 1814 3128 Habaeuc
1851 3069 2118 3153 propheta

543 3159 736 3242 dicens
767 3183 835 3238 de
861 3180 978 3236 sole
1003 3185 1060 3232 et
1089 3177 1221 3230 luna
1246 3172 1354 3246 :_In
1379 3170 1547 3224 altum
1585 3165 1756 3220 elatus
1789 3173 1863 3216 est
1883 3159 1986 3226 sol,
2017 3159 2122 3212 hoc

544 3285 630 3332 est
652 3272 908 3330 Christus
937 3263 1193 3322 ascendit
1221 3263 1278 3316 in
1319 3252 1519 3325 caelos:
1551 3266 1608 3313 et
1639 3263 1774 3323 tunc
1807 3251 1938 3306 Imm
1975 3250 2122 3304 stetit

544 3370 602 3423 in
626 3366 814 3420 ordine
853 3377 949 3416 suo
967 3359 1038 3424 ",
1072 3370 1270 3426 nempe
1301 3350 1546 3408 Ecclesia
1575 3349 1632 3404 in
1659 3345 1839 3402 valido
1879 3358 1980 3400 suo
2009 3351 2123 3397 sta-

547 3467 630 3521 tu,
658 3457 712 3510 in
753 3447 1174 3524 pulchritudine
1201 3461 1323 3510 sua,
1349 3444 1406 3498 in
1445 3442 1648 3497 decore
1671 3453 1794 3504 suo,
1830 3437 1886 3490 in
1920 3435 2125 3490 illumi—

545 3549 772 3604 natione
817 3560 940 3609 sua,
995 3542 1051 3598 in
1092 3555 1262 3595 cursu
1305 3553 1428 3593 suo.
1462 3536 1634 3591 Recte
1661 3541 1846 3590 autem
1876 3528 2036 3593 dixit,
2068 3528 2124 3581 in

548 3641 736 3698 ordine
775 3653 905 3702 suo;
939 3634 1094 3706 prius
1123 3633 1272 3687 enim
1305 3637 1438 3686 erat.
1457 3627 1774 3683 inordinata
1812 3632 1869 3678 et
1914 3621 2125 3676 incom-

546 3731 750 3802 posita,
781 3739 843 3783 ut
869 3740 992 3796 qua:
1013 3731 1161 3778 esset
1193 3719 1381 3776 dedita
1409 3715 1752 3773 idololatriae.
1797 3713 1892 3768 Est
1939 3721 2124 3766 autem

546 3821 714 3876 etiam
759 3816 1011 3888 qumdam
1041 3813 1149 3868 alia
1199 3809 1564 3866 admirabilis
1590 3807 1772 3863 oratio
1802 3804 1871 3860 de
1911 3802 2027 3857 sole
2070 3808 2126 3855 et

545 3913 699 3978 luna,
728 3908 1029 3967 ostendens
1049 3903 1374 3977 mysterium
1399 3900 1604 3957 Christi
1632 3908 1690 3955 et
1718 3895 1998 3955 Ecclesite.
2031 3891 2126 3946 Di-

546 4016 682 4063 cunt
705 4004 854 4060 enim
875 4001 972 4074 qui
999 4015 1093 4055 res
1116 3998 1248 4054 solis
1263 4004 1320 4053 et
1342 3997 1488 4051 luna:
1514 3993 1810 4064 diligenter
1831 3987 2129 4056 investiga-

547 4107 700 4162 runt,
713 4095 862 4166 quod
886 4095 957 4148 ab
978 4092 1068 4146 his
1092 4086 1693 4146 duobusluminaribus
1707 4081 2129 4139 administratur

547 4198 605 4244 et
631 4187 974 4260 gubernatur
1013 4201 1078 4238 ac
1113 4180 1392 4252 dependet
1414 4178 1678 4234 universa
1723 4190 1863 4245 quat,
1889 4184 1974 4228 est
2022 4171 2127 4228 sub

547 4277 708 4334 eaalis
733 4283 1006 4339 creatura,
1039 4283 1148 4328 tam
1179 4273 1548 4328 animatorum
1569 4283 1731 4338 quam
1755 4263 2125 4337 inanimarum

2221 1781 2446 1846 crescit,
2507 1781 2561 1836 ei
2602 1783 2956 1839 contrahitur
2992 1771 3284 1839 oculorum
3320 1783 3803 1841 circumferentia.

2221 1873 2428 1930 Dicunt
2449 1885 2636 1930 autem
2655 1875 2711 1930 in
2728 1875 2959 1932 ﬂumine
2985 1872 3252 1950 llystaSpe
3270 1880 3424 1935 nasci
3449 1879 3691 1950 lapidem
3703 1881 3806 1951 qui

2221 1965 2428 2020 dicitur
2461 1965 2724 2038 Lychnis,
2753 1967 2848 2038 qui
2882 1967 3109 2038 quidem
3146 1984 3275 2023 cum
3307 1971 3518 2026 crescit
3545 1977 3680 2026 luna
3713 1987 3809 2026 so-

2219 2071 2354 2112 num
2402 2056 2584 2112 reddit
2617 2057 2982 2113 modulatum.
3032 2057 3092 2113 ιιι
3141 2057 3311 2114 ﬂuvio
3343 2076 3570 2131 quoque
3613 2061 3808 2117 Gallia:

2221 2149 2420 2205 dicunt
2451 2149 2653 2220 degere
2684 2151 2917 2220 piscem,
2947 2151 3045 2222 qui
3081 2151 3150 2206 ab
3199 2151 3399 2208 incolis
3437 2152 3651 2208 dicitur
3688 2153 3809 2210 cle-

2219 2240 2364 2312 pias,
2397 2241 2492 2312 qui
2539 2241 2765 2312 quidem
2805 2243 2940 2298 luna
2983 2252 3268 2301 crescente
3307 2245 3562 2312 albescit,
3605 2248 3806 2301 decre-

2221 2342 2408 2388 scente
2437 2341 2622 2389 autem
2655 2335 2939 2406 nigrescit.
2981 2333 3122 2391 Cum
3150 2351 3285 2406 ergo
3314 2344 3373 2392 et
3404 2350 3646 2411 corpora
3678 2353 3808 2394 mu-

2221 2433 2446 2492 tentur,
2493 2436 2550 2482 et
2593 2442 2752 2496 aqua:
2797 2435 3054 2482 crescant
3080 2436 3144 2490 ,et
3198 2427 3526 2496 decrescant
3550 2429 3610 2486 in
3659 2431 3810 2494 lunai

2223 2519 2652 2584 mutationibus,
2685 2519 2800 2574 haec
2829 2518 2966 2573 mihi
3000 2519 3304 2576 transferas
3333 2519 3404 2574 ad
3433 2521 3640 2577 seriem
3669 2523 3809 2582 alle-

2221 2611 2410 2682 goriae,
2441 2621 2496 2666 et
2524 2611 2741 2668 videbis
2757 2611 2946 2667 omnia
2976 2611 3128 2667 onmi
3157 2627 3226 2668 ex
3265 2622 3422 2684 parte
3468 2629 3806 2687 congruere.

2221 2701 2361 2756 Nam
2397 2704 2772 2775 cumcreseit
2803 2711 2861 2759 et
2901 2715 3264 2776 promovetur
3311 2705 3587 2774 Ecclesia,
3639 2708 3806 2766 simul

2219 2793 2389 2853 etiam
2422 2804 2684 2849 crescunt
2706 2806 2884 2852 cretus
2912 2797 3249 2866 populorum
3274 2795 3525 2854 ﬁdelium
3553 2817 3568 2856 :
3609 2800 3811 2856 decre-

2222 2894 2416 2940 scente
2459 2895 2732 2942 autemet
2769 2888 3260 2958 persecutionibus
3291 2890 3809 2964 appetitocorpore

2221 2991 2279 3041 et.
2302 2981 2510 3035 lumine
2543 2981 2668 3036 ﬁdei
2697 2982 3091 3040 ecclesiasticae
3119 2982 3191 3039 ab
3224 2982 3572 3052 inﬁdelibus,
3612 2985 3809 3054 decre-

2223 3080 2386 3126 scunt
2421 3083 2478 3142 et
2511 3073 2903 3132 diminuuntur
2927 3075 3096 3130 etiam
3123 3086 3436 3136 conventus
3467 3078 3806 3155 populorum

2223 3163 2491 3219 ﬁdelium.
2528 3166 2799 3222 Similiter
2843 3166 3076 3239 spiritus
3106 3183 3354 3241 quoque,
3399 3169 3492 3226 cui
3525 3179 3615 3227 est
3642 3173 3806 3228 ,inna-e

2225 3265 2362 3322 tum,
2392 3267 2452 3312 ut
2479 3259 2553 3313 sit
2587 3275 2756 3330 super
2784 3275 3004 3329 aquam,
3051 3259 3108 3316 in
3135 3276 3305 3318 cursu
3348 3270 3592 3334 ortuque
3625 3274 3684 3320 et
3711 3279 3807 3322 oc-

2223 3365 2356 3405 casu
2386 3351 2532 3406 lunae
2557 3353 2789 3426 ejusque
2817 3351 3162 3417 incremento
3193 3361 3254 3408 et
3283 3353 3506 3411 defectu
3549 3357 3807 3427 procedit

2224 3450 2281 3496 et
2312 3443 2544 3522 recedit,
2601 3451 2659 3497 et
2699 3443 3100 3526 multiplicatur
3150 3459 3216 3500 ac
3257 3445 3556 3503 decrescit.
3588 3449 3803 3522 itaque,

2225 3534 2320 3601 qui
2352 3533 2635 3604 navigant,
2663 3533 3090 3604 diligentissime
3125 3535 3426 3597 observant
3459 3547 3519 3594 et
3547 3541 3808 3598 conside-

2225 3632 2668 3694 rantaspeetum
2690 3625 2858 3692 lunae,
2885 3636 2942 3682 et
2969 3626 3227 3697 ﬁguram,
3255 3643 3320 3684 ac
3345 3629 3551 3698 lucem,
3584 3641 3645 3689 et
3670 3650 3808 3704 qua-

2226 3723 2358 3782 tuor.
2379 3717 2502 3786 ejus
2537 3718 2954 3784 conversiones,
2986 3728 3195 3786 ortum,
3251 3721 3502 3791 inquam,
3547 3726 3608 3780 et
3636 3729 3807 3798 septi-

2228 3822 2402 3872 mum,
2426 3818 2484 3862 et
2499 3807 2777 3864 decimum
2798 3811 3080 3880 quintum,
3097 3820 3156 3868 et
3175 3811 3504 3869 vicesimum
3524 3817 3767 3887 primum
3787 3837 3803 3873 ι

2230 3895 2285 3950 in
2328 3895 2396 3950 iis
2435 3897 2584 3952 enim
2631 3897 2798 3953 etlicit
2831 3907 3126 3966 ventorum
3179 3885 3538 3959 mutationes.
3583 3885 3804 3966 Etenim

2229 3998 2360 4044 sunt
2388 3997 2444 4044 et
2477 4001 2716 4060 quatuor
2742 3991 2881 4047 ﬁnes
2924 4000 3165 4060 quatuor
3210 3999 3502 4062 ventorum
3543 3995 3806 4054 Ecclesia:

2231 4079 2580 4136 dominantis
2611 4089 2667 4136 et
2687 4080 3052 4136 transeuntis.
3083 4078 3212 4136 Ideo
3246 4089 3488 4156 guatuor
3508 4083 3663 4138 subit
3683 4099 3806 4139 mu-

2229 4173 2492 4237 tationes,
2523 4189 2648 4243 quae
2680 4189 2710 4228 a
2734 4173 2846 4228 Deo
2875 4184 2963 4228 est
2989 4173 3142 4240 luna,
3171 4173 3373 4245 typice.
3413 4174 3550 4229 Nam
3577 4176 3804 4246 quando

2227 4266 2380 4321 venit
2408 4265 2476 4320 ad
2501 4275 2710 4330 ortum.
2748 4263 2994 4335 Spiritus
3035 4274 3264 4320 sanctus
3303 4280 3424 4322 eam
3477 4267 3668 4320 statim
3712 4268 3804 4323 in-

547 4383 846 4438 corporum
883 4385 896 4419 :
931 4351 1048 4421 sole
1097 4364 1322 4434 quidem
1367 4361 1687 4416 dominante
1709 4357 1907 4422 aestati,
1945 4367 2006 4410 ut
2027 4356 2121 4426 qui
2155 4367 2197 4422 ι)
2229 4360 2424 4429 spirat,
2458 4367 2712 4414 uestrum
2750 4373 2902 4413 mare
2935 4355 3198 4416 [luctibus
3227 4373 3336 4414 non
3363 4359 3584 4429 agitans
3609 4371 3667 4416 et
3710 4376 3807 4418 ex-

547 4459 620 4514 sit
653 4458 990 4513 elementum
1017 4455 1249 4519 siceum,
1286 4451 1341 4506 in
1363 4461 1550 4523 typum
1574 4447 1783 4505 Christi
1815 4447 1910 4518 qui
1939 4447 1992 4500 in
2019 4445 2125 4500 ﬁne

545 4549 748 4606 messis
791 4543 1290 4604 consummationis
1336 4550 1422 4597 est
1455 4541 1836 4596 exsiccaturus
1881 4553 1978 4592 eos
2029 4535 2125 4607 qui

548 4649 682 4700 sunt
705 4641 810 4695 sub
841 4647 1090 4709 peccato,
1127 4633 1298 4692 ﬁuvi'o
1344 4635 1508 4705 igneo
1537 4633 1632 4702 qui
1664 4629 1906 4686 trahitur
1937 4645 2004 4686 ex
2030 4647 2126 4686 eo-

551 4745 676 4787 rum
711 4729 1039 4798 baptismate
1075 4717 1264 4780 :'uude
1299 4725 1467 4780 etiam
1511 4724 1593 4778 sol
1623 4722 1866 4780 exsiccat
1889 4729 1947 4778 et
1983 4720 2129 4777 eale-

546 4823 680 4880 l'aeit
704 4832 1008 4878 creaturas.
1039 4817 1192 4874 Luna
1237 4833 1370 4874 vero
1401 4816 1637 4872 habente
1672 4815 2122 4888 gubernationem

544 4926 607 4973 et
641 4915 1180 4972 administrationem
1230 4909 1576 4965 auctoritatis
1607 4924 1761 4979 aqua:
1794 4917 1851 4964 et
1889 4908 2128 4980 Spiritus

545 5007 748 5073 sancti,
775 5007 871 5078 qui
901 5022 933 5060 a
969 5002 1187 5060 Christo
1211 5001 1471 5057 Ecclesiae
1503 5009 1762 5070 tanquam
1787 5001 1930 5056 lunae
1959 5000 2127 5071 dona:

550 5107 641 5154 tus
655 5105 808 5153 estet
828 5094 1097 5160 creditus,
1119 5109 1240 5164 qua:
1261 5092 1405 5147 lunae
1427 5090 1553 5145 data
1576 5099 1663 5146 est
1687 5099 1948 5161 tanquam
1965 5089 2126 5146 Chri-

547 5201 691 5258 stus,
727 5198 783 5244 et
831 5188 1041 5244 credita
1073 5187 1140 5242 ad
1177 5193 1508 5258 potestatem
1545 5193 1602 5239 et
1647 5181 2123 5254 gubernatidnem,

553 5293 614 5338 ut
643 5296 744 5336 nos
781 5298 879 5351 per
909 5281 1081 5350 ipsam
1113 5293 1446 5350 generemnr
1484 5284 1540 5330 et
1570 5291 1978 5345 regeneremur,
2025 5273 2126 5328 do-

552 5387 658 5429 nec
683 5381 938 5444 promota
955 5374 1029 5428 sit
1059 5383 1116 5428 et
1138 5371 1470 5442 praeterierit
1508 5385 1615 5425 nox
1639 5369 1803 5440 hujus
1837 5368 2040 5432 saeculi,
2075 5379 2131 5424 et

543 5480 750 5519 fursus
773 5473 999 5520 exortus
1024 5465 1191 5520 fuerit
1213 5464 1466 5521 Christus
1485 5465 1566 5520 sol
1581 5464 1830 5536 justitiac.
1855 5463 2008 5529 Quod
2033 5480 2131 5519 au-

630 5632 678 5666 "
709 5633 914 5690 Hahae.
945 5653 1024 5703 tn,
1053 5639 1137 5692 Η.

2229 4453 2432 4516 citans,
2479 4452 2576 4508 sed
2605 4453 2969 4523 tranquillum
2997 4453 3186 4524 potius
3208 4453 3468 4521 reddens,
3517 4463 3578 4510 et
3609 4465 3672 4510 ut
3717 4471 3806 4512 se-

2223 4544 2408 4600 cundo
2435 4552 2600 4600 vento
2623 4545 2950 4615 navigemus
2980 4558 3083 4600 nos
3113 4559 3441 4616 provocans.
3477 4545 3541 4601 ln
3563 4547 3805 4617 septimo

2223 4644 2410 4692 autem
2434 4635 2524 4690 die
2557 4635 2910 4691 nascentium
2949 4635 3270 4704 infantium,
3315 4636 3552 4708 inspirat
3575 4651 3805 4696 ventum

2224 4727 2324 4798 qui
2353 4727 2990 4799 persequiturspiritus
3041 4729 3326 4799 nequitiae,
3367 4743 3579 4798 eosque
3623 4729 3680 4785 in
3710 4747 3805 4790 ve-

2225 4819 2450 4876 stibulis
2493 4819 2775 4876 eatechesi
2830 4820 3016 4877 initiat
3047 4831 3106 4876 et
3139 4820 3386 4876 insutﬂat
3414 4821 3638 4880 veniam
3681 4839 3806 4893 quae

2227 4911 2472 4980 expellat
2523 4911 2805 4967 daemones
2837 4913 2937 4982 qui
2987 4911 3302 4968 inhabitant
3353 4912 3804 4986 ingeneratione

2228 5001 2462 5070 peccati.
2505 5002 2740 5068 Quando
2763 5010 2946 5058 autem
2981 5003 3182 5066 crevit,
3218 5003 3438 5074 spirant
3470 5003 3527 5060 in
3560 5005 3802 5065 modium

2225 5095 2368 5164 ejus,
2401 5103 2459 5148 et
2490 5095 2613 5164 ejus
2647 5093 3004 5151 alumnorum
3051 5092 3147 5164 qui
3175 5093 3402 5164 abrupti
3446 5105 3584 5151 sunt
3609 5110 3660 5150 -a
3705 5111 3804 5152 sua

2225 5185 2564 5255 integritate,
2622 5193 2681 5240 et
2727 5184 3048 5240 dilexerunt
3089 5180 3518 5242 de’crementum
3552 5187 3681 5258 ejus
3721 5187 3806 5243 ιυο

2227 5279 2438 5334 minum
2463 5321 2476 5343 ,
2524 5277 2758 5348 spiritus
2807 5278 3103 5344 haeresum,
3165 5293 3278 5348 quo
3314 5286 3570 5349 tempore
3609 5277 3804 5351 incipit

2227 5370 2394 5426 etiam
2427 5371 2774 5426 decrescere.
2809 5371 2871 5426 In
2897 5369 3146 5441 perfecta
3180 5379 3370 5427 autem
3423 5373 3550 5442 ejus
3592 5379 3806 5428 contra-

2231 5463 2418 5521 ctione
2450 5473 2506 5519 et
2540 5463 2783 5530 defectu,
2813 5463 3038 5534 quando
3063 5473 3151 5521 est
3194 5463 3531 5521 universitas
3571 5473 3807 5525 ventura
