4082 6290
367 226 482 293 905

1432 225 1514 288 ῘΝ
1555 223 2103 288 ΗΕΧΑΕΜΕΒΟΝ.
2135 251 2202 262 ··-
2238 228 2381 288 LIB.
2420 228 2518 301 IV.

3529 226 3636 290 906

367 341 432 397 in
462 338 775 413 judicium,
824 347 959 395 tunc
989 336 1229 409 spirabit
1256 338 1502 396 exitialis
1536 341 1804 410 spiritus,
1844 357 1955 397 non
1991 365 2031 417 Α
2063 342 2294 407 tionem,
2325 351 2383 397 et
2407 343 2581 397 vitam
2607 357 2732 413 qua:
2756 350 2842 398 est
2862 356 2966 412 per
2993 355 3194 412 aquam
3239 348 3297 396 et
3329 342 3589 411 spiritum
3620 362 3635 399 :

369 431 446 488 ab
478 433 596 503 ipsa
632 438 846 496 autem,
877 439 976 488 aut
1002 446 1103 501 per
1137 431 1336 505 ipsam,
1362 433 1731 499 labefactans,
1762 434 1809 488 si
1840 434 1958 490 ﬁeri

370 526 578 596 possit,
611 525 779 597 etiam
810 524 967 594 ipsos
990 525 1221 580 electos.
1264 525 1358 581 Sic
1389 527 1521 585 luna
1546 526 1746 598 ﬁgurat
1769 527 1961 582 Eccle-

371 617 568 671 siam:
603 613 749 671 unde
792 616 961 670 etiam
993 616 1089 671 lux
1132 632 1280 671 nova
1324 602 1534 673 dicitur
1581 627 1741 675 ortus
1790 620 1956 685 lunae,

371 717 607 779 propter
639 711 1121 780 regenerationem
1144 726 1338 783 eorum
1374 713 1472 782 qui
1506 728 1707 768 recens
1752 713 1962 767 illumi-

373 802 623 861 nantur,
672 812 795 866 qua:
838 806 1113 868 perpetuo
1169 808 1468 871 generatur
1494 809 1551 854 et
1598 811 1960 871 regeneratur

372 887 525 943 sicut
553 888 707 953 luna,
746 905 922 959 usque
949 890 1017 945 ad
1049 892 1594 947 consummationem
1631 894 1842 948 saeculi.
1869 892 1960 947 Si-

372 981 445 1038 tit
481 989 667 1036 autem
708 982 938 1037 omnino
973 993 1029 1039 et
1057 993 1184 1040 avet
1216 985 1465 1055 prudens
1509 987 1735 1041 auditor
1765 1001 1963 1041 rursus

372 1074 596 1130 discere
640 1073 709 1129 de
742 1074 965 1130 duabus
1019 1077 1152 1131 solis
1182 1078 1566 1148 potestatibus
1589 1119 1603 1143 ,
1654 1092 1858 1148 nempe
1892 1078 1963 1134 de

376 1165 564 1221 calido
597 1174 653 1219 et
674 1165 847 1232 sicco,
879 1176 936 1222 et
957 1169 1428 1237 quemadmodum
1452 1184 1517 1223 ea
1551 1169 1869 1224 referantur
1887 1169 1963 1224 ad

373 1257 683 1313 Christum.
739 1257 992 1314 Calidum
1037 1269 1222 1316 autem
1265 1268 1323 1316 et
1356 1264 1567 1317 siccum
1615 1263 1961 1317 elementum

374 1361 466 1404 est
488 1350 651 1421 ignis,
680 1350 761 1407 sic
792 1359 939 1407 terra
967 1361 1053 1409 est
1087 1354 1252 1409 etiam
1289 1355 1439 1410 sicca
1472 1364 1530 1410 et
1561 1354 1760 1426 frigida
1786 1372 1801 1408 :
1837 1370 1964 1410 nam

374 1457 447 1496 ea
483 1457 703 1512 quoque
745 1457 830 1500 εει
875 1444 1179 1515 injicienda
1208 1456 1441 1517 propter
1484 1446 1540 1502 id
1582 1448 1730 1517 quod
1758 1455 1844 1504 est
1872 1448 1962 1502 di-

375 1534 643 1589 cendum.
676 1535 1006 1608 Quicunque
1037 1553 1172 1609 ergo
1215 1540 1525 1610 perfectum
1557 1542 1732 1597 Deum
1754 1544 1813 1597 et
1843 1556 1966 1611 per-

372 1627 588 1682 fectum
616 1627 898 1684 hominem
932 1629 1213 1686 Christum
1239 1647 1362 1688 esse
1393 1632 1674 1689 credimus
1705 1672 1720 1699 ,
1776 1633 1962 1704 ignem

2054 433 2218 503 cujus
2248 433 2381 487 luna
2432 441 2520 488 est
2551 448 2736 498 causa,
2789 433 3116 488 describens
3171 433 3409 504 gratiam
3452 434 3640 507 bapti-

2060 522 2275 576 smatis.
2304 522 2440 592 Ejus
2471 532 2656 578 autem
2683 523 2834 593 quod
2861 524 2986 579 dico
3013 524 3083 581 de
3112 540 3181 581 ea
3214 525 3329 579 vita
3376 534 3435 581 et
3475 542 3645 597 gene—

2062 611 2280 665 ratione
2311 623 2370 665 et
2395 612 2820 682 regeneratione
2854 627 2955 681 per
3009 627 3211 682 aquam
3259 620 3319 668 et
3357 613 3641 683 spiritum,

2063 702 2183 771 ipse
2219 703 2367 758 Deus
2407 704 2646 759 Verbum
2685 704 2849 759 ﬁdem
2878 704 3034 769 facit,
3092 705 3289 760 dicens
3324 723 3337 757 :
3371 705 3490 760 Nisi
3526 707 3643 778 quis

2062 792 2220 862 fuerit
2248 802 2589 865 regeneratus
2623 811 2717 865 per
2736 812 2933 865 aquam
2951 804 3000 847 et
3025 793 3306 865 Spiritum,
3334 812 3439 851 non
3464 799 3644 851 intra-

2060 885 2136 939 bit
2161 886 2219 939 in
2242 903 2463 956 regnum
2505 886 2756 942 caelorum
2803 889 2871 941 ⁸⁸.
2919 887 3156 956 Eclipsis
3208 898 3360 943 certe
3399 903 3495 943 seu
3550 890 3647 945 de-

2062 977 2246 1035 fectus
2264 979 2433 1044 lunae,
2455 989 2515 1034 et
2540 979 2765 1049 quando
2781 980 2915 1034 luna
2930 987 3017 1034 est
3032 980 3215 1049 plena.
3242 980 3479 1046 Quando
3492 981 3643 1036 enim

2062 1072 2354 1141 plenitudo
2383 1073 2628 1143 gentium
2657 1073 2906 1142 ingressa
2934 1071 3105 1130 fuerit
3142 1072 3482 1138 Ecclesium;
3513 1083 3647 1131 tunc

2063 1164 2217 1219 subit
2251 1166 2476 1228 coelum,
2518 1174 2728 1220 terram
2762 1165 2831 1219 de
2858 1174 3061 1219 caetero
3118 1164 3466 1235 relinquens.
3507 1168 3647 1222 Pro-

2063 1264 2256 1325 pterea
2292 1256 2602 1325 simplicem
2651 1271 2876 1326 quoque
2911 1257 3093 1310 lucem
3127 1256 3295 1312 habet
3334 1258 3487 1323 luna,
3532 1274 3647 1314 non

2064 1358 2250 1407 autem
2276 1351 2559 1421 duplicem
2595 1351 2743 1406 sicut
2770 1352 2875 1406 sol.
2926 1351 3063 1407 Nam
3096 1352 3209 1407 Eva
3247 1361 3335 1409 est
3363 1356 3549 1423 genita
3579 1371 3648 1410 ex

2066 1459 2177 1498 una
2205 1453 2361 1499 costa
2405 1445 2674 1500 hominis.
2704 1443 2880 1499 Adam
2932 1453 3118 1500 autem
3153 1445 3298 1501 sicut
3339 1447 3424 1502 sol
3474 1447 3645 1518 ﬁgura

2065 1533 2296 1603 Christi,
2327 1545 2416 1593 est
2441 1537 2649 1608 duplex
2673 1544 2732 1593 et
2753 1537 3120 1607 compositus.
3164 1552 3367 1609 nempe
3398 1556 3467 1594 ex
3498 1547 3646 1595 terra

2060 1637 2122 1681 et
2172 1627 2364 1688 divina
2394 1629 2790 1693 ,insuﬁlatione
2820 1644 2986 1700 quam
3031 1630 3177 1684 Deus
3233 1629 3291 1683 in
3336 1630 3506 1685 Evam
3532 1645 3649 1687 non

374 1718 1643 1796 quidemesseintelligimusejusdivinitatem:
1663 1725 1963 1782 Deusenim
1995 1706 2035 1777 Β
2066 1721 2366 1775 insulilavit
2399 1741 2412 1776 :
2450 1721 2901 1793 quandoquidem
2929 1737 3043 1777 non
3076 1737 3146 1777 ex
3193 1720 3413 1777 duabus
3453 1736 3649 1777 essen»

376 1822 559 1865 noster
594 1820 673 1866 est
700 1813 837 1884 ignis
862 1831 1173 1870 consumam
1209 1817 1278 1870 ”.
1323 1817 1555 1879 Terram
1613 1827 1803 1874 autem
1836 1834 1968 1872 rur-

376 1920 502 1971 sus,
537 1912 680 1961 terra
710 1907 955 1977 genitam
983 1910 1171 1965 carnis
1199 1911 1323 1982 ejus
1348 1911 1752 1967 humanitatem
1767 1929 1793 1965 .:
1825 1926 1964 1982 qua-

376 2014 506 2053 rum
540 1999 769 2069 quidem
808 2001 1046 2056 duarum
1075 2002 1445 2058 essentiarum
1475 2013 1534 2059 et
1554 2005 1964 2061 elementorum

375 2103 547 2163 typus
579 2102 699 2147 erat
728 2109 896 2151 verus
919 2102 976 2150 et
1005 2105 1322 2161 accuratus,
1356 2098 1523 2167 primi
1548 2098 1682 2153 Adae
1705 2106 1968 2153 constru-

376 2182 518 2234 ctio.
564 2181 640 2235 Ελ
671 2181 760 2236 his
789 2181 942 2237 enim
965 2182 1185 2239 duobus
1207 2183 1389 2241 {actus
1411 2194 1500 2241 est
1522 2184 1720 2251 Adam,
1760 2201 1966 2257 nempe

376 2277 440 2325 et
475 2271 652 2326 divini
690 2272 837 2342 ignis
869 2272 1262 2345 inspiratione,
1294 2285 1355 2331 et
1376 2292 1445 2331 ex
1476 2277 1625 2332 sicca
1654 2284 1711 2332 et
1748 2293 1779 2333 e
1818 2287 1966 2334 terra

374 2363 569 2433 genita
591 2363 710 2417 limi
740 2363 1121 2420 concretione.
1176 2365 1233 2421 Si
1254 2382 1394 2438 ergo
1424 2383 1542 2422 rem
1565 2368 1848 2423 subtiliter
1875 2384 1967 2424 os-

382 2454 569 2510 tendit
608 2455 792 2510 oratio
835 2474 850 2510 :
890 2457 946 2511 in
985 2456 1209 2514 duobus
1240 2459 1614 2516 luminaribus
1656 2468 1807 2524 sunt,
1866 2474 1967 2515 co-

376 2556 840 2618 gnoscunturque
860 2558 917 2605 et
937 2549 1400 2607 administrantur
1423 2561 1667 2623 quatuor
1691 2554 1966 2608 elementa

374 2652 449 2691 ex
482 2639 687 2707 quibus
718 2649 939 2697 constat
963 2642 1229 2701 mundus.
1273 2643 1394 2698 Duo
1422 2651 1613 2699 autem
1640 2640 1963 2714 luminaria,

375 2728 468 2784 sol
494 2737 552 2784 et
588 2730 741 2797 luna,
791 2732 932 2787 citra
984 2734 1156 2788 ullam
1188 2736 1629 2791 controversiam
1677 2738 1839 2807 prius
1869 2738 1966 2794 de-

378 2822 641 2880 scribunt
668 2822 955 2881 Christum
981 2836 1037 2881 et
1066 2826 1396 2884 Ecclesium.
1412 2829 1604 2885 Discat
1624 2834 1759 2901 ergo
1780 2829 1966 2886 omnis

376 2914 553 2969 homo
584 2914 734 2985 quod
760 2914 817 2969 in
842 2915 933 2973 his
963 2917 1125 2986 aquis
1147 2957 1162 2983 ,
1195 2927 1254 2973 et
1287 2934 1390 2988 per
1426 2918 1545 2975 haec
1569 2918 1684 2975 duo
1713 2920 1963 2976 emlestia

374 3007 683 3063 luminaria
730 3008 882 3084 (dico
931 3019 1120 3066 autem
1172 3010 1460 3067 Christum
1515 3020 1573 3067 ει
1626 3012 1960 3084 Ecclesiam)

375 3100 720 3165 consistunt,
761 3082 1254 3170 administrantur,
1288 3112 1347 3159 et
1399 3111 1804 3161 conservantur
1849 3082 1962 3160 tam

364 3210 445 3249 ea
469 3209 593 3264 quae
626 3205 760 3251 sunt
802 3196 860 3251 in
896 3196 1075 3262 caelis,
1102 3213 1267 3268 quam
1301 3212 1425 3268 quae
1452 3206 1587 3254 sunt
1622 3198 1679 3253 in
1713 3207 1882 3264 terra,
1907 3206 1966 3254 et

372 3296 497 3341 tam
520 3302 585 3344 ea
612 3304 737 3359 quae
763 3290 869 3346 sub
894 3298 1181 3360 aspectum
1213 3290 1443 3357 eadunt,
1473 3305 1642 3361 quam
1686 3306 1812 3362 qua
1848 3306 1962 3346 non

360 3378 610 3447 'cadunt,
649 3391 707 3437 et
730 3391 840 3437 tam
864 3383 1107 3438 animata
1137 3399 1306 3453 quam
1351 3383 1681 3451 inanimata,
1738 3393 1796 3445 et
1848 3393 1961 3440 tam

372 3472 612 3529 mobilia
636 3489 802 3543 quam
828 3474 1158 3540 immobilia,
1201 3484 1260 3531 et
1298 3492 1363 3532 ex
1394 3485 1637 3546 quatuor
1668 3477 1965 3532 elementis

372 3565 706 3634 compositae
739 3582 836 3621 sex
867 3564 1087 3630 dierum
1109 3575 1405 3622 creaturae.

451 3657 522 3712 Et
563 3657 844 3729 quomodo
884 3673 991 3729 per
1030 3659 1213 3714 virum
1263 3667 1318 3716 et
1374 3661 1666 3716 mulierem
1715 3659 1964 3716 nascitur

374 3765 556 3805 unum
588 3744 831 3821 corpus,
886 3750 962 3806 ita
1011 3751 1649 3823 indiscrimiualimaper
1694 3744 1813 3808 haec
1852 3753 1963 3808 duo

373 3842 688 3899 luminaria
713 3853 907 3899 natum
947 3844 1035 3900 est
1069 3860 1274 3916 corpus
1304 3846 1495 3917 pepuli
1529 3845 1730 3910 ﬁdelis,
1767 3847 1961 3902 Eccle-

376 3937 480 3993 sia
505 3955 519 3991 :
545 3944 604 3992 et
629 3938 706 3992 ita
730 3946 922 4008 aperte
943 3937 1212 4009 impletur
1237 3937 1378 3993 illud
1401 3956 1413 3991 :
1434 3938 1610 3993 Erunt
1629 3938 1734 3994 duo
1764 3940 1821 3993 in
1842 3954 1965 3993 car-

381 4045 510 4083 nem
529 4045 692 4084 unum
705 4030 774 4096 ";
795 4037 853 4085 et
878 4029 1030 4100 quod
1047 4030 1232 4085 omnis
1251 4045 1379 4085 caro
1398 4038 1618 4086 constat
1632 4046 1700 4085 ex
1722 4039 1963 4101 quatuor

372 4121 680 4177 elementis
706 4122 843 4177 soi‘ls
873 4122 1124 4177 etlunae.
1170 4120 1545 4189 Quamobrem
1592 4123 1645 4178 ei
1688 4123 1784 4193 qui
1827 4139 1962 4194 pru-

374 4213 587 4275 denter
615 4215 852 4270 attendit
900 4214 981 4270 illi
1028 4214 1220 4285 ﬁguras
1259 4202 1389 4286 qua:
1426 4214 1695 4286 primarie
1722 4214 1963 4271 refertur

374 4307 455 4362 ad
498 4306 781 4363 Christum
810 4317 871 4363 et
910 4307 1218 4364 Ecclesiam
1267 4325 1281 4361 ε
1330 4304 1558 4373 Adami,
1612 4308 1859 4378 inquam,
1905 4316 1963 4364 et

2050 2087 2319 2143 ‘sentialis
2368 2087 2465 2143 Dei
2532 2088 2871 2154 insulilatio,

2067 1809 2197 1875 liis,
2236 1826 2307 1865 ex
2332 1810 2658 1877 divinitate,
2695 1811 2944 1881 inquam,
2979 1819 3035 1865 et
3066 1811 3418 1866 humanitate
3460 1813 3648 1867 consi-

2063 1902 2165 1958 stit
2235 1903 2529 1973 plenitudo
2603 1904 2906 1970 Ecclesiae,
2967 1904 3114 1961 sicut
3192 1903 3490 1966 Christus,
3548 1903 3648 1958 sed

2063 2010 2131 2049 ex
2186 1995 2302 2050 sola
2376 1995 2741 2051 humanitate.
2801 1995 3000 2050 Divina
3074 1995 3223 2050 enim
3294 1996 3385 2049 illa
3447 2004 3504 2049 ct
3557 2010 3651 2049 es-

2946 2101 3069 2156 quas
3134 2096 3353 2149 terram,
3411 2096 3497 2141 est
3559 2087 3648 2141 in-

2064 2195 2274 2250 gressa,
2328 2180 2439 2237 fuit
2484 2197 2651 2239 verus
2696 2185 2795 2239 Dei
2831 2185 3001 2240 Verbi
3037 2194 3203 2257 typus
3235 2185 3332 2255 qui
3368 2199 3437 2240 cx
3485 2185 3650 2240 Patre

2054 2273 2362 2341 processit,
2390 2282 2447 2329 et
2466 2282 2617 2331 terra
2641 2284 2836 2332 natum
2857 2277 3148 2333 hominem
3173 2278 3525 2333 inindividue
3541 2277 3650 2333 sibi

2064 2366 2281 2421 couniit
2329 2382 2431 2437 per
2490 2368 2854 2441 hypostasim.
2905 2371 3178 2426 Existimo
3233 2360 3421 2426 autem
3472 2372 3647 2441 quod,

2062 2456 2233 2513 etiam
2280 2468 2437 2516 extra
2474 2452 3178 2531 paradisum‘fabricatum
3230 2479 3352 2520 esse
3405 2464 3649 2534 primum

2064 2557 2353 2618 parentem
2397 2552 2691 2619 Adamum,
2719 2563 2778 2610 et
2826 2555 3032 2611 deinde
3080 2557 3327 2626 positum
3376 2556 3546 2611 fuisse
3590 2557 3648 2610 in

2062 2642 2347 2711 paradiso,
2368 2646 2619 2715 apposite
2649 2647 2951 2702 admodum
2982 2649 3248 2704 convenit
3271 2648 3340 2704 de
3371 2649 3650 2703 sole‘sen-

2064 2733 2174 2801 sili,
2214 2738 2483 2805 quoniam
2516 2739 2636 2808 ipse
2667 2744 2901 2811 quoque‘
2928 2740 3126 2805 Adam,
3156 2741 3307 2795 sicut
3335 2740 3474 2795 dicit
3500 2739 3653 2796 Scri-

2062 2841 2252 2898 ptura,
2288 2840 2346 2885 et
2392 2831 2475 2886 sic
2504 2828 2720 2902 positus
2743 2841 2829 2889 est
2861 2835 3024 2889 celo.
3057 2834 3217 2890 Unde
3250 2835 3423 2890 etiam
3466 2835 3522 2889 in
3559 2835 3649 2890 lu-

2065 2908 2378 2977 minaribus
2428 2925 2701 2995 scriptum
2742 2935 2858 2993 est,
2898 2929 3112 2998 posuit,
3166 2928 3448 2999 quomodo
3480 2929 3650 2985 etiam

2066 3010 2123 3065 in
2153 3013 2379 3070 homine
2413 3033 2426 3069 :
2454 3016 2525 3071 Et
2548 3021 2767 3089 accepit,
2803 3020 3007 3090 inquit,
3034 3019 3177 3075 Deus
3202 3003 3467 3076 hominem
3489 3037 3647 3091 quem

2016 3101 2242 3180 ‘ﬁnzit,
2289 3113 2340 3159 et
2382 3107 2558 3177 posuit
2604 3124 2725 3163 eum
2768 3111 2825 3163 in
2862 3110 3143 3180 paradiso,
3182 3109 3491 3180 principem
3517 3126 3646 3166 eum

2044 3176 2415 3252 'conslituens
2439 3206 2500 3252 et
2543 3198 2736 3266 Evam,
2777 3199 3029 3253 omnium
3067 3200 3458 3266 animalium,
3503 3201 3650 3256 sicut

2060 3285 2232 3343 etiam
2256 3287 2372 3344 duo
2400 3289 2721 3357 luminaria,
2755 3300 2816 3346 ut
2862 3290 3207 3362 imperarent
3240 3290 3352 3348 diei
3382 3302 3440 3348 et
3471 3294 3646 3358 nocti,

2063 3386 2121 3433 et
2167 3386 2231 3434 ut
2267 3380 2618 3437 dominatum
2650 3382 2927 3438 haberent
2975 3382 3034 3437 in
3078 3383 3265 3438 omnia
3319 3383 3647 3449 animantia,

2062 3485 2165 3540 per
2189 3480 2431 3541 quatuor
2456 3474 2741 3535 elementa
2768 3490 2892 3545 quae
2921 3485 3053 3532 sunt
3081 3478 3139 3532 in
3165 3477 3308 3548 ipsa,
3343 3492 3410 3533 ex
3442 3479 3651 3549 quibus

2062 3573 2121 3617 et
2149 3577 2250 3632 per
2272 3554 2687 3633 quat'consistit'
2722 3567 2906 3623 omnis
2953 3579 3158 3624 natura
3199 3586 3501 3641 corporum
3536 3580 3649 3626 tam

2063 3654 2361 3711 brutorum
2398 3670 2567 3725 quam
2592 3658 2913 3713 volucrum.
2932 3659 3090 3726 Quod
3115 3659 3161 3714 si
3196 3661 3340 3716 lucis
3369 3661 3649 3717 defectum

2063 3755 2125 3802 et
2150 3747 2607 3814 diminutionem,
2634 3758 2693 3804 et
2716 3766 2912 3807 rursus
2938 3752 3384 3817 renovationem,
3422 3755 3568 3809 sicut
3592 3754 3650 3811 iu

2064 3839 2217 3904 luna,
2252 3842 2340 3896 vis
2368 3842 2538 3897 etiam
2564 3842 2757 3898 videre
2803 3843 2858 3898 in
2900 3844 3039 3911 Eva,
3087 3844 3271 3915 cogita
3315 3847 3649 3916 prophetam

2064 3933 2160 4003 qui
2197 3932 2340 3989 dicit
2387 3934 2502 3989 Deo
2553 3952 2568 3988 τ
2617 3935 2819 3990 Lumen
2885 3945 3011 3991 sunt
3052 3945 3315 4007 prweepta
3356 3945 3447 3991 tua
3492 3953 3655 4009 super

2064 4033 2288 4080 terram.
2312 4025 2563 4093 Quorum
2588 4027 2755 4082 etiam
2790 4026 3071 4087 defectum
3107 4028 3516 4083 sustinuit'Eva
3551 4044 3653 4099 per

2065 4118 2531 4174 inobedientiain.
2559 4118 2734 4173 Adam
2760 4121 2900 4175 enim
2934 4136 3040 4175 non
3074 4121 3174 4192 fuit
3200 4122 3464 4191 deceptus,
3504 4122 3651 4180 sicut

2063 4209 2201 4265 dicit
2224 4210 2528 4281 Apostolus
2567 4212 2652 4277 ⁶¹;
2691 4210 2805 4266 an
2830 4220 3010 4266 autem
3040 4214 3291 4284 decepta.
3322 4218 3447 4269 cum
3492 4231 3524 4269 a
3571 4224 3652 4271 tc-

2064 4301 2346 4357 nebricosi
2372 4308 2430 4356 et
2445 4301 2669 4357 obscuri
2705 4304 2983 4373 serpentis
3007 4303 3297 4359 dominatu
3321 4319 3648 4376 oppressum

378 4400 536 4475 Erat,
569 4400 651 4455 sol
680 4409 737 4454 et
768 4401 902 4455 luna
936 4409 1068 4455 sunt
1097 4400 1467 4470 praecedentia
1493 4400 1788 4471 aenigmata
1818 4415 1833 4453 :
1868 4400 1964 4469 qui
1998 4407 2041 4461 υ
2068 4400 2217 4449 esset
2245 4398 2303 4449 et
2330 4392 2631 4449 defecisset
2661 4395 2783 4465 ejus
2805 4395 3178 4466 Iumen.'Ejus
3202 4404 3385 4452 tamen
3420 4398 3651 4454 luminis

376 4490 502 4546 duo
531 4492 880 4548 constituunt
903 4501 963 4548 et
992 4493 1313 4564 producunt
1332 4509 1401 4549 ex
1425 4494 1724 4561 duobus‘et
1749 4488 1995 4548 duobus

374 4583 675 4641 elementis
704 4600 873 4641 unam
905 4585 1250 4642 individuam
1283 4587 1530 4642 hominis
1553 4603 1807 4655 carnem;
1849 4590 1968 4643 tan-

371 4691 550 4748 quam
572 4668 758 4733 semen
780 4678 1049 4744 hominis,
1080 4679 1199 4733 sole
1225 4677 1506 4749 praebente
1524 4693 1682 4733 suam
1703 4679 1883 4734 lucem
1908 4679 1965 4734 in

376 4777 548 4823 utero
567 4768 814 4838 piscinas,
846 4784 961 4824 sua:
991 4770 1268 4840 conjugis,
1308 4784 1510 4839 nempe
1540 4769 1706 4835 lunae,
1735 4785 1860 4840 qua:
1880 4778 1967 4825 est

372 4859 650 4916 Ecclesia.
687 4859 894 4917 Omnes
922 4862 1150 4932 quidem
1179 4873 1331 4918 certe
1363 4878 1453 4917 res
1504 4862 1813 4918 ostendunt
1843 4877 1959 4917 ma-

371 4968 545 5025 gnam
574 4955 946 5024 aequalitatem
970 4964 1029 5011 et
1057 4954 1485 5013 similitudinem
1527 4954 1666 5010 solis
1692 4965 1751 5009 et
1789 4955 1955 5019 lunae,

372 5044 453 5100 ad
500 5045 770 5102 Adamum
812 5047 1082 5103 et'Evam
1119 5048 1365 5119 :ignem‘
1391 5055 1578 5101 autem
1620 5055 1679 5101 et
1731 5054 1955 5108 terram,

373 5136 492 5207 hoc
522 5145 628 5201 est,
652 5138 835 5192 Deum
855 5146 914 5193 et
936 5137 1242 5202 hominem,
1288 5137 1456 5208 paulo
1479 5144 1610 5191 ante
1633 5134 1961 5191 dicebamus

368 5226 665 5284 Christum
688 5246 856 5302 quem
874 5231 956 5286 sol
982 5231 1287 5296 describit;
1307 5231 1480 5300 utqui
1509 5230 1673 5301 ignis,
1693 5228 1959 5291 calidum,

366 5328 436 5378 et
459 5329 644 5390 terrae,
665 5325 877 5381 siccum
902 5324 1106 5380 habeat
1131 5325 1491 5381 elementum.
1512 5320 1963 5379 Similiteretiam

368 5411 497 5469 Eva
526 5411 932 5483 interpretatur
961 5415 1085 5470 Vita
1124 5432 1139 5468 :
1179 5416 1306 5471 Vita
1336 5425 1521 5470 autem
1548 5421 1634 5468 est
1662 5413 1830 5468 etiam
1856 5415 1963 5471 Ec-

369 5503 576 5571 clesia,
609 5506 883 5563 exhibens
908 5517 1236 5578 perpetuam
1265 5508 1621 5579 baptismatis
1668 5521 1966 5578 regenera-

2064 4484 2348 4541 delectum
2382 4487 2632 4542 restituit
2660 4486 2755 4541 lux
2782 4501 2916 4541 vera
2939 4500 3063 4556 quae
3093 4490 3161 4541 ei
3193 4487 3309 4557 ipsa
3341 4490 3645 4558 processit:

2058 4594 2133 4634 ex
2182 4578 2452 4644 secunda,
2504 4578 2755 4649 inquam,
2782 4580 2894 4634 Eva
2936 4578 3225 4646 Christus,
3279 4589 3537 4652 tanquam
3580 4597 3652 4637 ex

2064 4670 2327 4738 quapiam
2352 4670 2513 4740 plena
2538 4670 2696 4733 luna,
2721 4670 2914 4735 Maria,
2949 4686 3074 4740 quae
3104 4685 3391 4743 nunquam
3434 4671 3649 4727 minuta

2063 4762 2174 4817 fuit
2192 4769 2292 4817 aut
2323 4761 2549 4827 defecit,
2576 4770 2677 4817 aut
2706 4763 2919 4834 privata
2956 4762 3063 4817 luit
3101 4764 3385 4819 essentiali
3411 4764 3647 4831 lumine,

2046 4871 2266 4929 ‘nempe
2291 4870 2393 4911 sua
2419 4858 2766 4927 virginitate,
2804 4856 3029 4927 quando
3072 4859 3124 4913 ei
3169 4859 3495 4913 acclamavit
3532 4861 3648 4914 An-

2065 4949 2224 5018 gelus
2257 4963 2272 5000 :
2300 4948 2429 5011 Ave,
2452 4949 2634 5018 gratia
2668 4947 2896 5020 repleta,
2940 4959 3170 5019 propter
3193 4950 3365 5005 Evam
3406 4966 3530 5021 quae
3564 4959 3650 5007 est

2064 5041 2221 5105 luna,
2248 5055 2373 5110 quae
2407 5040 2515 5095 fuit
2541 5040 2687 5095 male
2728 5041 2918 5097 habita
2964 5052 3022 5099 et
3049 5052 3268 5111 vexata,
3320 5054 3377 5099 et
3411 5052 3537 5115 qum
3579 5062 3649 5102 cx

2060 5149 2167 5189 suo
2214 5133 2436 5189 defectu
2488 5132 2923 5187 inobedientiam
2960 5134 3196 5204 fugerat,
3228 5144 3287 5189 et
3316 5144 3375 5191 se
3415 5134 3652 5191 abscon-

2058 5212 2220 5281 derat
2244 5234 2302 5280 et
2328 5225 2597 5279 timuerat
2619 5239 2647 5278 a
2677 5226 2833 5294 ligno
2854 5220 3249 5281 inohedientiaa
3267 5234 3326 5281 et
3340 5234 3650 5297 transgres-

2058 5319 2279 5374 sionis:
2323 5318 2538 5391 Gratia,
2587 5318 2836 5387 inquam,
2887 5318 3090 5389 repleta
3137 5334 3167 5373 a
3217 5318 3346 5376 Sole
3374 5316 3646 5391 justitiaa.

2059 5426 2260 5482 nempe
2285 5427 2316 5466 a
2348 5412 2481 5467 Deo.
2510 5410 2638 5468 Haec
2667 5411 2919 5467 breviter
2945 5427 2975 5466 a
2994 5412 3158 5468 nobis
3186 5413 3335 5468 dicta
3370 5412 3648 5470 suﬁiciant

2029 5508 2130 5562 ~de
2165 5508 2283 5563 sole
2302 5515 2359 5562 ct
2385 5508 2516 5563 luna
2547 5506 2605 5562 in
2628 5515 2832 5576 quarto
2867 5506 2983 5571 die,
3017 5505 3245 5575 quando
3286 5506 3429 5563 dixit
3455 5506 3645 5562 Deus:

444 5676 498 5712 "
526 5677 688 5735 Deut.
710 5680 857 5740 “.24
882 5698 896 5747 ;
926 5681 1094 5737 Hebr.
1131 5700 1221 5745 xu,
1255 5684 1345 5740 29.
1421 5688 1467 5720 ⁸³
1500 5687 1636 5743 Gen.
1673 5705 1727 5755 ιι,
1765 5687 1836 5740 '21
1871 5702 1885 5751 ;
1931 5684 1963 5737 lli

2063 5684 2122 5738 h.
2149 5700 2260 5749 nx,
2306 5683 2359 5739 5.
2434 5685 2484 5763 q”
2514 5684 2674 5740 Joan.
2700 5703 2777 5751 lli,
2817 5686 2868 5741 5.
2949 5687 2988 5719 “
3019 5686 3041 5740 ι
3074 5684 3215 5739 Tim.
3250 5701 3308 5751 ιι,
3346 5684 3431 5738 ιι.

694 5777 812 5839 Pu
826 5794 968 5839 non.
1012 5779 1125 5843 Gn.
1168 5782 1497 5850 LXXXIX.

3087 5787 3167 5845 29
