4082 6290
537 260 640 324 ωἹ

1733 253 1795 314 s.
1831 251 2230 314 ANASTASII
2285 224 2606 316 summa
2689 239 2714 249 “

3701 263 3818 325 903

542 371 698 428 Fiam
717 367 1015 424 {sanius-ria
1053 367 1112 420 in
1141 363 1486 434 ﬁrmamenta
1517 358 1632 414 cati
1655 361 1727 415 ad
1769 361 2123 415 illuminatio-

2229 363 2430 433 quibus
2461 365 2708 420 Ecclesia
2757 364 2898 420 nihil
2941 365 3170 420 docetur
3207 343 3490 446 spirituale
3511 383 3582 422 ex
3604 384 3816 442 corpo-

541 477 663 517 nem
681 470 859 525 terra,
879 467 943 513 ut
967 457 1256 528 separetin
1283 454 1467 510 medio
1487 453 1598 508 diei
1625 461 1682 507 et
1707 453 1890 507 medio
1917 451 2118 514 noctis,
2170 444 2178 460 '

539 562 598 611 et
625 555 683 609 in
709 551 912 608 medio
942 549 1112 613 locis,
1151 557 1210 603 et
1242 548 1298 602 in
1351 547 1540 602 medio
1576 545 1960 600 tenebrarum.
2006 544 2122 598 Hoc

541 653 768 710 quoque
795 635 1273 706 considera,quod
1295 635 1698 690 convenienter
1710 633 1951 688 naturali
1969 648 2123 688 crea-

543 739 797 785 turarum
820 725 1262 796 consequentia,
1303 725 1472 796 876
1502 739 1698 794 magna
1733 723 2030 778 luminaria
2054 739 2119 778 ea

540 820 789 876 nominat
818 818 1067 889 Moyses:
1094 825 1151 871 et
1173 817 1344 871 solem
1369 815 1594 886 quidem
1623 815 1845 886 proprie
1873 815 2123 869 nominat

538 923 818 980 magnum,
849 916 911 963 ut
953 905 1050 977 qui
1087 922 1119 961 a
1153 920 1212 960 se
1251 906 1459 970 lumen,
1494 921 1604 961 non
1643 905 1862 959 aliunde
1898 904 2116 958 habeat.

537 1002 750 1058 Lumen
781 1009 966 1056 autem
1011 1014 1124 1054 non
1171 1000 1272 1062 sic,
1306 1007 1366 1052 ut
1402 1013 1526 1069 quae
1570 998 1751 1053 lucem
1795 997 1995 1051 habeat
2024 1013 2121 1066 per

537 1091 1042 1164 participationem,
1072 1105 1184 1144 non
1214 1105 1313 1159 per
1349 1089 1669 1154 essentiam,
1692 1099 1750 1144 et
1775 1087 2120 1142 illuminetur

537 1185 726 1249 asole,
788 1199 912 1239 eam
977 1184 1136 1253 cujus
1178 1189 1266 1237 est
1316 1181 1594 1252 particeps
1642 1182 2014 1252 impertiente.
2050 1181 2120 1237 Ut

537 1287 726 1334 autem
769 1277 934 1346 paulo
961 1275 1208 1332 crassius
1233 1290 1348 1330 rem
1382 1275 1585 1339 dicam,
1616 1274 1822 1330 dicitur
1854 1290 1984 1330 esse
2013 1275 2120 1329 du-

537 1372 663 1441 plex
693 1386 818 1440 quze
857 1369 1080 1440 proprie
1107 1376 1194 1424 cst
1223 1367 1281 1422 in
1312 1367 1472 1423 nobis
1501 1368 1584 1422 vis
1611 1369 1844 1422 rationis
1871 1386 1886 1422 :
1921 1384 2119 1438 nempe

533 1472 592 1518 et
622 1477 654 1518 a
685 1479 795 1533 qua
845 1476 1112 1516 ornantur
1154 1468 1211 1515 et
1257 1459 1510 1516 homines
1545 1474 1668 1516 esse
1709 1460 2118 1529 cognoscimur,

535 1555 763 1611 discreti
803 1554 873 1609 ab
908 1553 1282 1608 animantibus
1332 1551 1564 1622 reliquis
1603 1569 1728 1622 quae
1753 1553 1949 1606 vivunt
1979 1553 2118 1608 citra

536 1648 828 1710 rationem,
863 1661 988 1718 qua
1027 1645 1252 1717 quidem
1305 1644 1512 1699 distant
1547 1661 1616 1699 ex
1645 1645 1917 1700 diametro
1947 1661 1977 1699 a
2021 1661 2117 1699 ra-

535 1739 689 1795 tione
747 1737 908 1806 cujus
946 1750 1139 1792 sumus
1191 1733 1511 1803 participes.
1538 1732 1605 1786 Et
1637 1731 1688 1786 id
1751 1731 1899 1802 quod
1939 1740 2024 1785 est
2061 1732 2116 1786 in

535 1829 702 1886 nobis
763 1839 962 1898 expers
1017 1824 1268 1889 rationis,
1291 1831 1354 1879 ut
1403 1823 1552 1894 quod
1590 1823 1888 1892 aliquando
1939 1831 2122 1893 pateat

539 1921 766 1986 rationi,
791 1928 848 1976 et
873 1927 958 1974 est
989 1919 1111 1988 ejus
1142 1915 1442 1987 particeps,
1471 1923 1529 1970 et
1565 1913 1634 1968 ab
1656 1914 1778 1984 ejus
1822 1913 1873 1966 vi
1914 1913 2120 1968 illumi-

539 2024 724 2070 natur.
753 2013 826 2070 Ut
855 2013 986 2066 licet
1013 2010 1202 2064 videre
1225 2023 1293 2063 ex
1323 2006 1692 2064 ineontineuti
1721 2004 2118 2070 continentem,

537 2117 596 2166 et
638 2123 708 2164 ex
743 2101 1134 2175 intemperanti
1182 2110 1604 2171 temperantem,
1634 2107 1690 2154 et
1732 2115 1798 2153 ex
1838 2098 2034 2153 audaci
2065 2105 2122 2150 et
2161 2109 2191 2128 θ’

541 2199 738 2258 timido
762 2214 890 2254 eum
919 2195 1012 2266 qui
1039 2193 1222 2265 magni
1251 2192 1419 2248 animi
1452 2201 1698 2246 armatur
1725 2191 1949 2244 virtute.
1975 2189 2124 2256 Quo-

539 2291 706 2348 modo
751 2304 885 2360 ergo
913 2288 1019 2344 hoc
1053 2287 1108 2341 in
1140 2285 1304 2340 nobis
1333 2283 1539 2338 dicitur
1565 2281 1843 2351 particeps
1871 2280 2118 2342 rationis,

537 2392 598 2440 et
644 2380 795 2454 quod
836 2387 923 2436 est
967 2377 1194 2450 proprie
1249 2375 1476 2430 rationis
1526 2373 1819 2444 particeps,
1864 2379 1926 2426 et
1974 2371 2120 2440 quod

539 2483 694 2532 caret
733 2475 949 2529 ratione
1000 2485 1200 2542 parens
1247 2469 1490 2534 rationi;
1533 2467 1604 2522 ita
1655 2463 1876 2536 proprie
1929 2479 2123 2533 magna

541 2559 673 2624 sunt
703 2564 1024 2624 luminaria.
1046 2571 1102 2618 et
1131 2561 1214 2618 soi
1245 2561 1341 2631 qui
1375 2559 1652 2614 illuminat
1675 2571 1772 2628 per
1805 2555 2120 2615 essentiam.

539 2668 599 2716 et
631 2659 761 2714 luna
793 2672 917 2726 quae
947 2657 1045 2710 dat
1067 2655 1254 2708 lumen
1282 2668 1382 2722 per
1414 2650 1893 2708 illuminationem.

613 2751 720 2808 Sed
755 2747 1096 2804 redeundum
1127 2755 1212 2801 est
1239 2745 1307 2800 ad
1348 2743 1547 2800 seriem
1575 2743 1642 2798 ab
1673 2744 1831 2798 initio
1867 2741 2124 2812 proposi-

2223 455 2326 509 rali
2377 470 2570 510 eorum
2621 455 2870 526 positura
2921 463 2978 512 et
3017 467 3190 510 motu.
3217 457 3274 512 Si
3314 459 3439 528 quis
3465 469 3654 514 autem
3692 459 3813 514 vim

2223 547 2393 602 habet
2437 550 2592 602 recte
2641 549 3009 618 cognoscendi
3054 565 3120 604 ac
3163 549 3504 620 dijudieandi
3537 592 3552 613 ,
3605 560 3815 622 estque

2217 637 2354 706 legis
2387 639 2590 694 divina:
2611 641 2865 709 cognitor
2891 649 2947 693 et
2976 641 3167 706 lector,
3198 642 3341 711 legat
3372 642 3710 697 intrinsecus
3754 651 3816 698 et

2218 731 2566 786 extrinsecus
2599 731 2814 787 divinas
2849 731 3064 786 tabulas
3093 748 3122 786 a
3155 733 3266 787 Deo
3299 750 3348 787 St
3363 733 3557 803 riptas,
3593 746 3656 789 ut
3685 751 3816 803 qua:

2219 824 2562 879 extrinsecus
2601 824 2825 896 quidem
2872 823 3252 894 intelligantur
3301 825 3606 880 secundum
3654 827 3810 881 litte-

2220 931 2336 970 ram
2358 957 2372 979 ,
2407 916 2742 971 intrinsecus
2773 925 2958 970 autem
2998 916 3301 970 secundum
3349 917 3628 986 spiritum.
3663 914 3814 973 Sunt

2222 1013 2405 1059 autem
2455 1005 2575 1060 dum
2617 1021 2839 1076 quoque
2882 989 3082 1059 tabulze
3125 1005 3416 1068 cmlorum,
3445 1007 3568 1076 qua:
3605 1007 3813 1060 intrin-

2222 1109 2386 1149 secus
2423 1096 2648 1166 quidem
2707 1096 2894 1150 ferunt
2932 1086 3146 1150 ratione
3200 1097 3459 1166 prmditas
3496 1084 3689 1152 stellas
3748 1107 3810 1153 et

2220 1186 2544 1258 angelorum
2579 1198 2636 1243 et
2683 1190 3060 1268 angelicorum
3109 1187 3502 1260 mysteriorum
3531 1206 3596 1244 ac
3629 1191 3780 1245 ratio

2219 1293 2374 1343 num,
2405 1275 2754 1335 extrinsecus
2797 1291 2982 1336 autem
3037 1281 3222 1336 stellas
3270 1298 3394 1352 qua:
3443 1282 3652 1337 eadunt
3697 1283 3811 1336 sub

2221 1380 2550 1440 aspectum:
2598 1381 2655 1427 et
2703 1388 2893 1427 earum
2947 1363 3324 1427 describen'les
3365 1375 3656 1442 aenigmata
3704 1388 3813 1442 per

2220 1475 2317 1515 eas
2363 1477 2486 1532 qute
2539 1473 2669 1518 sunt
2713 1463 2770 1516 in
2796 1462 2934 1532 ipsis
2969 1462 3191 1533 figuras,
3225 1463 3454 1532 locaque
3501 1471 3559 1516 et
3604 1478 3810 1517 cursus

2221 1553 2589 1618 diii'erentias,
2616 1569 2720 1609 nos
2746 1554 3012 1610 docentes
3039 1554 3402 1619 dill'erentias,
3437 1563 3494 1609 et
3528 1563 3809 1624 tempora,

2221 1656 2278 1703 et
2313 1649 2454 1712 loca,
2494 1656 2550 1702 et
2585 1664 2786 1709 mores.
2825 1657 2882 1704 et
2920 1663 3136 1712 cnrsus,
3169 1657 3224 1704 et
3261 1649 3641 1718 apparitiones
3678 1666 3805 1703 san-

2220 1747 2435 1794 ctorum
2465 1739 2558 1808 qui
2605 1739 3006 1793 illuxerunt‘in
3047 1739 3394 1793 ﬁrmamento
3438 1739 3587 1798 fidei.
3614 1739 3709 1810 qui
3736 1757 3809 1794 ex

2220 1830 2332 1884 alto
2361 1829 2920 1884 nos.illuminarunt.
2956 1829 3260 1900 Propterea
3304 1819 3430 1884 alia:
3477 1831 3701 1900 quidem
3737 1847 3808 1884 ex

2219 1921 2430 1985 stellis,‘
2455 1931 2616 1978 nocte
2666 1922 2847 1976 adhuc
2898 1931 3184 1977 crescente
3219 1922 3466 1992 (errore,
3502 1921 3809 1990 ‘inquam,)

2219 2013 2552 2068 exoriuntur
2578 2031 2592 2068 :
2629 2013 2940 2084 cuiusmodi
2965 2015 3192 2068 fuerunt
3216 2012 3466 2075 Abel,'et
3501 2013 3718 2074 Enoch,
3745 2022 3810 2066 et

2220 2107 2357 2168 Noe.
2406 2115 2462 2161 et
2513 2105 2976 2161 Abraham.~Alia:
3021 2114 3205 2160 autem
3261 2121 3456 2160 rursus
3517 2105 3573 2158 in
3617 2103 3810 2158 medio

2220 2195 2361 2252 l’ucis
2390 2205 2444 2251 et
2478 2197 2854 2262 tenebrarum,
2895 2197 3086 2266 quales
3123 2198 3384 2252 novimus
3416 2213 3512 2252 eos
3541 2197 3637 2267 qui
3683 2195 3812 2250 fue-

2221 2296 2352 2343 runt
2379 2287 2433 2342 in
2465 2288 2602 2357 lege.
2637 2287 2771 2343 Aliae
2813 2296 2998 2342 autem
3026 2271 3596 2356 rurs‘usprocedchte
3639 2293 3810 2339 nocte

2221 2390 2278 2435 et
2307 2381 2395 2434 die
2421 2379 2922 2450 appropinquante,
2957 2377 3050 2448 qui
3081 2386 3210 2432 sunt
3234 2377 3380 2432 beati
3421 2376 3724 2447 prepheue,
3749 2383 3810 2430 et

2224 2473 2490 2541 Baptista,
2521 2480 2576 2524 et
2602 2470 2836 2524 maxime
2860 2471 2954 2540 qui
2985 2477 3144 2525 erant
3174 2469 3470 2539 propinqui
3520 2466 3806 2538 splendori

2221 2573 2379 2618 ortus
2409 2561 2646 2616 Domini.
2675 2561 2919 2628 Quorum
2956 2559 3180 2629 quidem
3225 2560 3626 2630 prophetarum
3670 2557 3810 2612 ulti-

2225 2671 2348 2710 mus
2374 2665 2429 2709 et
2458 2655 2705 2709 omnium
2729 2653 3094 2716 clarissimus,
3119 2661 3379 2720 tanquam
3403 2649 3606 2706 lucifer
3626 2659 3810 2703 matu-

2225 2746 2393 2810 tinus,
2423 2745 2558 2799 solis
2581 2757 2798 2812 tnempe
2824 2740 3028 2797 Christi
3038 2769 3053 2808 ι
3080 2755 3390 2809 prtecursor
3411 2738 3650 2794 Ieannes
3669 2777 3684 2800 ,
3715 2737 3809 2790 di-

542 2855 676 2909 um.
709 2849 766 2895 ει
788 2838 1083 2904 dicendum
1113 2835 1286 2907 quod»
1317 2835 1442 2890 cum
1466 2834 1613 2890 Deus
1629 2835 1742 2908 jam
1775 2850 1805 2888 a
1829 2833 2010 2902 primo
2035 2832 2125 2885 die
2225 2854 2396 2894 cens:
2431 2838 2562 2892 Ecce
2599 2844 2713 2907 post
2747 2853 2828 2889 me
2855 2835 3036 2889 oritur
3073 2833 3280 2887 mumlo
3305 2833 3388 2887 sol
3407 2832 3634 2902 justitize
3668 2827 3808 2900 εφιί

542 2937 762 2992 fecisset
795 2933 973 2988 lucem
1011 2946 1110 3000 per
1143 2944 1222 2994 sc,
1259 2926 1536 2997 separavit
1575 2927 1717 2980 inter
1749 2925 1986 2980 medium
2017 2924 2125 2979 dici

2229 2945 2353 2985 cum
2393 2939 2538 2986 esset
2563 2939 2791 2984 exortus
2815 2937 2871 2982 et
2901 2943 3156 2999 egressus
3180 2943 3244 2980 ex
3270 2926 3429 2994 aquis
3458 2923 3716 2980 Jordanis
3733 2923 3806 2986 ⁵³,

541 3038 600 3084 et
627 3028 776 3084 inter
802 3024 1043 3081 medium
1091 3021 1292 3080 noctis.
1317 3029 1376 3074 et
1415 3019 1562 3084 inter
1611 3017 1852 3072 medium
1894 3015 2036 3071 lucis
2069 3025 2126 3070 et
2151 3055 2194 3110 ε
2231 3022 2477 3078 diluculo
2503 3003 2785 3076 'ostendit‘
2811 3019 3103 3074 duodecim
3137 3017 3335 3072 domus
3378 3013 3806 3083 discipulorum,

546 3121 690 3176 inter
718 3119 963 3175 medium
1003 3114 1376 3171 tenebrarum.
1414 3109 1702 3180 Quomodo
1729 3109 1874 3164 enim
1912 3107 2125 3180 potuis-

543 3222 671 3270 sent
697 3213 802 3268 sub
839 3222 1156 3265 mensuram
1185 3206 1383 3263 cadere
1416 3203 1789 3275 praecedentes
1815 3211 1930 3256 tres
1967 3179 2124 3265 dies';

543 3313 642 3360 aut
665 3301 945 3374 quomodo
977 3299 1247 3370 potuisset
1271 3298 1390 3352 iieri
1418 3310 1672 3365 vespera,
1705 3303 1762 3348 et
1794 3292 1909 3348 ﬁeri
1941 3307 2125 3356 mane,

545 3397 650 3456 nisi
680 3411 780 3466 per
809 3393 1211 3468 separationetn
1237 3391 1377 3447 lueis
1409 3397 1466 3444 et
1496 3387 1848 3443 tenebrarum
1873 3385 1898 3439 l
1929 3385 2131 3452 Quam-

545 3490 739 3545 obrem
766 3502 867 3558 per
893 3486 1013 3542 haec
1049 3481 1366 3546 luminaria,
1391 3479 1640 3552 quaedam
1669 3480 1776 3534 alia
1821 3478 2128 3550 spiritualia

547 3580 828 3652 mysteria,
864 3577 1027 3634 docet
1057 3591 1161 3631 nos
1189 3573 1497 3644 Scriptura,
1525 3587 1712 3629 rerum
1735 3570 2129 3640 corporalium.

546 3671 765 3727 Etenim
795 3667 954 3732 illud,
986 3665 1107 3723 Sint
1137 3667 1194 3721 in
1215 3667 1370 3737 signa
1399 3664 1526 3721 etin
1553 3672 1818 3734 tempora,
1844 3670 1893 3715 et
1911 3662 1968 3714 in
1999 3660 2128 3724 dies,

545 3773 598 3818 et
632 3764 690 3818 in
714 3777 884 3818 annos
906 3777 933 3837 ί
961 3775 1076 3816 ιιοιι
1114 3774 1180 3815 ea
1221 3757 1359 3814 dicit
1388 3757 1534 3812 Deus
1565 3755 1759 3810 volens
1783 3752 2130 3821 astrologiam

547 3852 747 3906 docere
791 3849 1069 3913 homines,
1102 3863 1283 3918 neque
1335 3847 1393 3902 in
1454 3846 1570 3901 sole
1615 3853 1672 3900 et
1710 3845 1840 3900 luna
1880 3851 1936 3898 et
1968 3842 2134 3896 astris

550 3943 760 4000 habere
803 3958 958 4014 spem
997 3939 1440 4012 gubernationis,
1471 3945 1534 4009 ut
1553 3937 2135 4006 desipientum’astro-

547 4035 797 4107 iugorum
843 4033 1066 4089 videtur
1114 4031 1343 4086 vanitati
1366 4071 1379 4093 .
1411 4030 1506 4086 sed
1535 4045 1636 4100 per
1667 4028 1784 4084 haec
1809 4043 1932 4098 qua:
1967 4041 2136 4096 appa-

549 4141 676 4186 rent
718 4128 1013 4186 luminaria
1042 4136 1100 4184 et
1123 4128 1332 4192 stellas,
1368 4127 1637 4182 docemur
1675 4124 1836 4195 signa
1871 4121 2136 4192 spiritua-

547 4227 646 4291 iia,
670 4234 728 4303 et
761 4233 1028 4296 tempora,
1063 4231 1122 4278 et
1161 4235 1360 4286 annos,
1382 4227 1440 4275 et
1483 4219 1729 4290 ordines,
1761 4222 1818 4271 et
1857 4215 2134 4284 guberna-

552 4319 784 4380 tionem,
811 4323 869 4372 et
921 4313 1185 4386 mysteria
1241 4309 1612 4368 admirabilia.
1646 4309 1722 4364 De
1781 4307 1890 4362 illis
1950 4312 2133 4359 autem

2228 3112 2322 3183 qui
2357 3121 2488 3167 sunt
2513 3112 2826 3180 stellaa‘quze
2850 3109 3134 3164 continent
3158 3117 3214 3162 et
3243 3107 3598 3172 dominantur
3626 3105 3810 3158 omni-

2228 3206 2334 3260 bus
2387 3205 2564 3260 stellis
2612 3203 2977 3268 ﬁrmamenti,
3017 3216 3216 3270 nempe
3257 3199 3535 3254 Ecclesiae.
3563 3193 3798 3262 Quodsi

2231 3297 2314 3351 vis
2343 3293 2540 3350 melius
2567 3294 2783 3348 discere
2817 3293 3001 3363 aliqua
3032 3291 3200 3345 etiam
3241 3289 3476 3344 nomina
3497 3287 3680 3357 hujus
3708 3285 3806 3364 qui

2227 3396 2349 3443 erat
2380 3386 2676 3457 aliquando
2705 3384 2977 3439 Zodiacus
3007 3382 3252 3437 circulus
3279 3379 3536 3436 Ecclesia:
3561 3419 3575 3442 ,
3605 3389 3810 3446 nempe

2231 3481 2523 3537 duodecim
2571 3479 2858 3533 stellarum
2904 3459 3677 3545 apostolicarum,.considera
3713 3467 3811 3521 ﬁr-

2233 3573 2494 3628 mamenti
2524 3570 2818 3626 duodecim
2855 3566 3275 3638 appellationes.
3303 3565 3394 3618 liae
3421 3571 3606 3616 autem
3625 3567 3800 3614 sunt;

2231 3667 2420 3736 Virgo,
2445 3661 2927 3733 ilesperus,‘l.yra,
2951 3657 3190 3722 Gemini,
3209 3657 3340 3722 Leo,
3365 3655 3604 3723 Taurus.
3629 3651 3808 3712 Aries,

2234 3757 2588 3828 Sagittarius,
2627 3752 2922 3824 Aquarius.
2980 3751 3189 3814 Pisces,
3235 3746 3521 3816 Scorpius,
3571 3743 3810 3804 Cancer,

2233 3859 2290 3906 et
2321 3849 2428 3903 alia
2480 3847 2738 3918 plurima.
2776 3844 2881 3899 Sed
2921 3859 2988 3896 ea
3017 3840 3242 3911 quidem
3263 3839 3531 3893 -fabu|ose
3577 3846 3633 3890 et
3675 3835 3815 3889 [ai-so

2234 3950 2364 3998 sunt
2413 3940 2686 4010 appellata
2713 3979 2728 4004 ,
2783 3937 2840 3990 in
2903 3935 3250 3989 ﬁrmamento
3315 3939 3500 4010 autem
3551 3924 3818 3983 Ecclesiae.

2235 4005 2599 4104 spiritui-aliter
2641 4038 2700 4084 et
2739 4042 2958 4097 semper
3001 4025 3211 4079 lucent.
3245 4005 3422 4078 Habet
3453 4020 3602 4076 enim
3636 4019 3819 4089 Virgi-

2235 4140 2360 4182 nem
2407 4124 2621 4179 stellam
2684 4119 2932 4176 Ecclesia
2989 4115 3295 4177 luminare,
3327 4125 3526 4181 nempe
3570 4119 3817 4166 salmtam

2239 4217 2522 4290 Virginem
2550 4255 2565 4280 ,
2617 4222 2676 4270 et
2713 4228 2813 4269 eos
2858 4197 3201 4283 qui-seipse;
3249 4213 3558 4260 castrarunt
3604 4211 3820 4272 propter

2240 4326 2459 4382 regnum
2489 4305 2816 4363 calorum“.
2839 4304 2916 4358 Ex
2929 4301 3133 4372 quibus
3148 4299 3372 4354 fuerunt
3387 4299 3554 4352 etiam
3573 4295 3820 4364 quinque

551 4409 681 4465 dico
711 4407 888 4465 stellis
904 4421 1028 4478 qua:
1059 4404 1447 4460 illuminarunt
1468 4402 1600 4457 etin
1621 4399 1766 4454 viam
1788 4399 2129 4454 deduxerunt

2237 4405 2345 4460 illa:
2369 4402 2612 4474 virgines
2640 4415 2762 4470 qua:
2779 4395 2958 4452 media
2975 4404 3140 4450 nocte
3155 4401 3418 4460 tanquam
3439 4389 3611 4478 stellae
3631 4389 3820 4442 lumen

551 4517 724 4573 super
761 4508 966 4555 terram
995 4507 1310 4555 sanctorum
1339 4493 1718 4564 apostolorum
1759 4499 1811 4544 et
1836 4488 2135 4560 propheta-

553 4611 679 4652 rum
703 4603 762 4650 et
788 4592 1081 4649 doctorum
1135 4587 1234 4660 qui
1287 4586 1673 4644 illuminantur
1703 4599 1740 4645 ο,
1795 4581 1926 4638 Sole
1965 4581 2132 4652 justi-

555 4690 666 4756 tite,
695 4698 752 4744 et
778 4687 973 4742 dicunt
1000 4701 1017 4740 :
1046 4683 1125 4740 Ds
1161 4679 1492 4754 plenitudine
1531 4677 1766 4748 ejus-nos
1787 4691 1966 4730 omnes
1993 4675 2134 4728 acci-

541 4783 728 4854 pimus
747 4779 818 4834 ⁵⁹ο
842 4776 986 4846 Quid
1025 4776 1176 4832 enim
1201 4782 1326 4830 erat
1349 4769 1582 4828 omnino
1611 4784 1752 4840 opus
1776 4767 1998 4824 stellis?
2025 4765 2138 4822 Cur

555 4884 740 4932 autem
763 4888 877 4928 non
905 4871 1049 4926 facta
1087 4875 1173 4923 est
1193 4866 1326 4922 luna
1350 4873 1621 4936 perpetuo
1647 4862 1808 4934 plena
1837 4870 1896 4917 et
1917 4870 2136 4924 noctem

551 4964 954 5034 imbui?
981 4960 1128 5030 Quid
1172 4967 1362 5014 autem
1393 4957 1562 5012 etiam
1603 4956 1831 5028 juvatur
1858 4961 2136 5014 creatura,

551 5057 710 5133 quod
745 5055 950 5116 attinet
981 5052 1056 5110 ad
1074 5052 1343 5116 litteram,
1373 5065 1444 5106 ea
1471 5056 1600 5104 ortu
1629 5055 1689 5103 et
1731 5043 2134 5102 instauratione

557 5160 617 5210 et
647 5150 874 5210 defectu
917 5145 1110 5206 lunai
1142 5142 1290 5214 Quid
1322 5151 1509 5200 autem
1545 5139 1687 5198 lucri
1725 5139 1855 5195 facit
1891 5136 2142 5193 Ecclesia

557 5243 756 5300 videns
785 5257 909 5298 eam
939 5254 1063 5312 qua
1089 5235 1297 5296 dicitur
1321 5233 1482 5300 Ursa,
1515 5247 1640 5304 quae
1667 5245 1949 5300 nunquam
1991 5227 2143 5285 occi-

559 5334 854 5403 dit‘lQuid
904 5337 1071 5392 etiam
1115 5329 1394 5390 Pieiadem
1454 5325 1793 5384 unanimiter
1850 5323 2142 5379 ducentem

560 5430 795 5486 chorum
820 5443 916 5483 sex
945 5426 1230 5484 stellarum
1256 5422 1280 5476 *ἰ
1309 5421 1444 5478 Alite
1483 5431 1702 5490 quoque
1727 5425 1856 5472 sunt
1885 5419 2142 5472 innume-

561 5518 766 5576 rabiles
799 5516 986 5590 ﬁgurat
1021 5525 1079 5574 et
1112 5515 1334 5572 nomina
1378 5512 1432 5568 in
1481 5509 1645 5566 astris
1687 5508 1904 5563 ﬁrmam
1921 5507 2042 5570 vati,
2077 5524 2146 5562 ex

2231 4493 2556 4566 lampadum
2623 4487 3028 4566 accenderunt.
3082 4483 3264 4538 liabet
3335 4479 3506 4535 etiam
3571 4477 3822 4533 Ecclesia

2239 4586 2502 4645 Geminos
2552 4569 2792 4648 stellam,
2819 4579 3112 4644 Thomam,
3138 4574 3236 4645 qui
3289 4571 3495 4628 dicitur
3533 4569 3818 4625 Geminus.

2241 4678 2418 4735 Habet
2458 4675 2722 4738 Leonem,
2750 4684 2953 4741 nempe
2991 4668 3220 4724 Lucam.
3260 4664 3397 4720 Nam
3447 4651 3507 4717 et
3541 4661 3656 4718 Leo
3685 4675 3823 4718 cort-

2243 4781 2464 4844 spectus
2511 4777 2596 4823 est
2649 4766 2706 4821 in
2739 4762 3034 4833 Seraphim
3060 4760 3129 4825 ⁶⁸,
3155 4754 3610 4829 quandoquidem
3637 4748 3706 4808 a'd
3739 4753 3824 4806 vi-

2243 4879 2369 4920 rum
2425 4860 2700 4932 optimum
2759 4855 2988 4926 scripsit
3009 4849 3392 4922 Evangelium.
3417 4847 3591 4904 Porro
3641 4851 3827 4900 autem

2241 4957 2382 5013 alios
2433 4967 2656 5025 quoque
2715 4947 2884 5005 habet
2923 4946 3140 5011 leones,
3168 4955 3310 5012 quos
3329 4939 3546 5012 peperit
3567 4936 3828 5025 Christus

2245 5049 2394 5106 sicut
2421 5021 2640 5102 catulus
2685 5040 2862 5097 leonis
2894 5038 3057 5103 Iuda,
3092 5037 3188 5107 qui
3220 5034 3447 5105 quidem
3480 5021 3826 5100 imperarunt

2247 5151 2306 5198 et
2332 5151 2568 5211 regnum
2599 5135 2969 5190 obtinuerunt
3001 5131 3058 5185 in
3085 5129 3235 5184 feras
3264 5122 3567 5196 aliquando
3591 5120 3825 5182 belluas,

2249 5242 2450 5301 nempe
2494 5237 2708 5301 gentes.
2745 5223 3103 5296 Congregatio
3133 5220 3287 5276 enim
3323 5219 3521 5273 horum
3553 5221 3833 5268 taurorum

2249 5329 2306 5380 in
2337 5322 2578 5396 juvenis
2599 5321 2646 5354 “
2666 5317 3060 5375 Eeclesiarum.
3114 5312 3224 5369 Sed
3265 5320 3326 5366 et
3374 5310 3618 5365 Marcum
3669 5303 3834 5358 habet

2252 5418 2348 5488 qui
2403 5425 2666 5485 tanquam
2697 5411 2799 5466 bos
2845 5407 3104 5479 apparuit
3139 5405 3195 5460 in
3226 5402 3453 5460 animali
3496 5415 3590 5457 sex
3626 5410 3835 5468 penua-

2254 5487 2377 5560 rqu
2403 5503 2468 5568 ⁸⁷,
2503 5500 2763 5584 quoniam
2799 5514 2830 5554 a
2871 5495 3162 5552 sacriﬁciis
3197 5492 3424 5564 increpit
3453 5487 3835 5558 Evangelium.

633 5631 680 5663 “
712 5628 869 5682 toan.
895 5645 926 5696 r
975 5629 1056 5680 I6.
1133 5624 1365 5680 "Marc.
1401 5639 1438 5686 ι,
1475 5623 1539 5676 16
1575 5637 1727 5690 seqq.
1805 5621 1847 5651 “
1872 5619 1913 5681 lii
1966 5619 2066 5676 "th.
2103 5635 2209 5683 ius,
2258 5617 2342 5671 12.
2421 5616 2464 5646 ⁶¹⁶
2499 5615 2700 5668 Ezech.
2726 5631 2762 5674 i,
2801 5610 2880 5664 l0.
2961 5608 3148 5664 “Psal
3205 5621 3366 5670 vau,
3399 5605 3485 5660 Si.
3561 5600 3607 5634 ⁸⁷
3631 5595 3837 5652 Ezech.

565 5700 728 5766 1,“).
