4082 6290
304 272 449 337 -909
1232 248 1262 263 ·
1433 256 1516 318 IN
1552 252 1960 316 HEXAEMEF

2057 251 2109 310 ί.
2139 275 2208 285 --
2243 246 2387 310 LIB.
2434 247 2526 309 IV.
3492 227 3599 293 910

304 380 525 441 .llabct
554 386 613 433 et
640 375 860 432 Arietes
887 370 981 443 qui
1011 386 1198 428 semen
1235 368 1388 424 verbi
1422 367 1571 439 gregi
1589 367 1822 438 iaciunt,
1854 363 1924 418 de
1957 412 1960 423 ,

2057 396 2122 433 ιιι·
2157 380 2417 448 tanquam
2452 372 2687 429 solitarii
2714 368 2973 426 monachi
3005 385 3019 434 ;
3049 374 3129 430 ut,
3154 364 3250 435 qui
3271 378 3340 419 ex
3371 376 3604 416 numero

339 472 553 543 quibus
578 468 789 525 dictum
825 471 907 519 est
930 481 943 517 :
973 464 1166 534 Aﬂ'erte
1190 461 1414 515 Domino
1441 458 1582 527 ﬁlios
1608 459 1836 512 arietum
1854 456 1921 506 ⁸⁸.

298 562 526 625 ,llabct
582 556 1093 629 Sagittarios,-cos
1147 552 1249 622 qui
1300 556 1545 620 praesunt
1605 546 1812 618 populo
1866 553 1929 598 et

340 653 591 707 clamant
621 647 692 702 ad
743 645 1070 700 Dominum:
1101 640 1202 706 Qui
1225 642 1371 694 docet
1420 654 1609 692 manus
1638 652 1804 691 .meas
1858 632 1929 688 ad

344 742 567 805 bellum,
591 750 640 796 et
672 739 892 812 posuisti
924 745 982 790 ut
1020 753 1206 790 arcum
1234 748 1438 788 azneum
1468 732 1683 791 brachia
1718 744 1835 783 mea
1856 728 1926 779 θ’.

423 832 601 891 Habet
655 833 823 888 etiam
876 830 1062 885 stellas
1112 828 1299 883 Pisces
1348 826 1454 880 hoc
1502 825 1929 883 ﬁrmamentum,

348 944 466 1000 quo
500 925 696 998 piseati
748 930 880 978 sunt
924 922 1125 976 Petrus
1173 930 1229 974 et
1283 917 1523 975 Jacobus
1568 924 1625 970 et
1671 914 1933 973 Joannes,

349 1023 683 1096 piscatores.
727 1017 906 1071 llabet
955 1013 1121 1071 etiam
1178 1011 1374 1081 Lyram
1408 1049 1424 1072 ,
1459 1005 1933 1078 sapientissimum

352 1113 609 1170 Paulum.
665 1109 841 1164 liabet
882 1106 1048 1162 etiam
1097 1103 1392 1166 Cancrum,
1430 1114 1622 1154 rursus
1672 1098 1933 1152 Petrum:

351 1203 569 1276 duplici
607 1201 757 1256 enim
782 1213 973 1271 gressu
1014 1184 1173 1251 ineo
1203 1192 1505 1251 ambulavit
1548 1189 1626 1245 sol
1662 1188 1757 1258 qui
1791 1186 1939 1242 cadit

354 1297 465 1357 sub
497 1291 916 1362 intelligentiam
947 1307 961 1343 :
991 1302 1190 1357 nempe
1237 1295 1364 1340 ante
1392 1291 1449 1338 et
1499 1291 1670 1337 retro.
1715 1281 1819 1336 Per
1852 1278 1937 1348 ip-

357 1400 485 1442 sum
513 1383 663 1438 enim
694 1377 1019 1450 fulguravit,
1047 1386 1103 1432 et
1136 1376 1189 1429 in
1215 1375 1282 1429 iis
1320 1374 1416 1444 qui
1465 1380 1627 1426 erant
1665 1376 1814 1432 ante,
1844 1366 1939 1436 qui

355 1476 588 1549 quidem
633 1481 795 1529 erant
833 1488 897 1526 ex
932 1469 1155 1539 Judaais,
1189 1467 1327 1521 etin
1367 1466 1435 1520 iis
1474 1464 1568 1543 qui
1608 1468 1768 1516 erant
1811 1467 1940 1515 ante

355 1570 461 1640 qui
496 1581 687 1624 sumus
746 1579 851 1619 nos
884 1580 897 1615 :
927 1560 1120 1616 ambos
1172 1558 1321 1613 enim
1367 1556 1537 1610 traxit
1582 1554 1803 1613 Petrus,
1840 1549 1942 1603 hos

358 1661 591 1732 quidem
621 1656 813 1729 signis,
842 1655 968 1711 illos
996 1666 1131 1707 vero
1165 1649 1456 1706 doctrinis.

435 1747 615 1819 Habet
639 1747 805 1801 etiam
831 1754 1041 1814 septem
1070 1742 1341 1813 planetas.
1364 1753 1561 1808 nempe
1592 1744 1800 1806 septem
1822 1732 1943 1787 dia-
1984 1758 2020 1811 Β

362 1858 558 1903 conos,
583 1840 676 1911 qui
719 1836 1000 1913 contrario
1025 1835 1274 1905 ingressu
1297 1832 1684 1901 ingrediuntur
1721 1828 1951 1894 aliorum

362 1931 729 1989 revolutioni.
765 1930 806 1984 li
843 1929 990 1983 enim
1024 1928 1077 1982 in
1109 1925 1345 1981 eibando
1392 1922 1803 1978 multitudinem
1832 1935 1956 1990 qua:

367 2026 443 2080 ab
473 2024 596 2080 aliis
620 2021 950 2081 docebatur.
979 2036 1046 2074 ne
1067 2019 1291 2074 caderet
1313 2025 1542 2086 promer
1565 2013 1953 2069 necessitatem

358 2117 663 2188 corporis,
714 2112 1109 2169 sull‘ulciebant
1145 2110 1374 2165 verbum
1407 2106 1556 2177 quod
1599 2106 1837 2177 dabatur
1884 2102 1955 2159 ab

365 2208 520 2263 aliis.
571 2206 747 2261 [labet
784 2213 841 2258 et
876 2204 1140 2258 Perseum
1193 2200 1444 2262 stellam,
1473 2213 1639 2268 quem
1687 2195 1839 2250 voles
1888 2208 1955 2248 ex

367 2299 546 2371 Magis
602 2294 956 2359 venientibus
1012 2308 1079 2346 ex
1134 2281 1361 2346 Perside
1407 2291 1459 2342 in
1521 2276 1803 2343 Bethleem
1859 2300 1957 2355 per

367 2393 612 2455 stellam,
646 2389 713 2443 ad
762 2387 935 2444 solem
966 2385 1060 2456 qui
1106 2384 1256 2439 cadit
1288 2383 1392 2438 sub
1429 2378 1850 2450 intelligentiam
1903 2385 1959 2432 et

367 2482 755 2539 absconditur.
783 2478 962 2535 Habet
984 2475 1329 2546 etAquarios
1353 2473 1421 2528 ad
1440 2487 1581 2542 quos
1602 2470 1811 2526 dictum
1838 2482 1955 2524 est:

368 2576 551 2632 Fluvii
568 2590 640 2641 ea:
665 2580 845 2627 ventre
869 2572 983 2641 ejus
1000 2554 1164 2640 ﬂuent
1186 2580 1339 2638 aqua
1354 2566 1560 2620 vivas”.
1593 2562 1771 2618 liabet
1791 2562 1957 2617 etiam

369 2668 677 2738 Hesperos,
706 2664 800 2735 qui
835 2662 1010 2718 exorti
1038 2669 1169 2715 sunt
1201 2659 1345 2714 circa
1369 2658 1562 2713 horam
1589 2654 1960 2710 undecimam.

448 2761 570 2816 Non
600 2759 776 2814 solum
808 2764 990 2811 autem
1033 2751 1451 2823 appellationes,
1487 2749 1582 2805 sed
1631 2747 1797 2802 etiam
1833 2747 1963 2815 ipsa:

375 2854 570 2926 ligarat
602 2860 659 2905 et
689 2849 899 2919 species
926 2846 1208 2901 stellarum
1250 2859 1350 2896 nos
1392 2841 1665 2896 reducunt
1694 2839 1760 2892 ad
1794 2837 1963 2907 spiri-

377 2944 566 3000 tuales
620 2940 883 2994 notiones
912 2945 969 2990 et
1003 2932 1520 3004 contemplationes.
1556 2930 1850 3000 Propterea
1896 2943 1964 2983 ex

375 3037 452 3092 iis
486 3034 607 3089 aliae
622 3026 852 3107 quidem
882 3030 1021 3083 laeta:
1046 3035 1178 3083 sunt
1211 3036 1471 3094 tanquam
1500 3023 1870 3087 subrideutcs,
1902 3030 1965 3074 ut

2028 469 2377 527 duodenario
2418 458 2850 538 proﬁciscuntur
2883 460 2949 516 ad
2980 455 3446 530 praedicationem,
3479 468 3605 508 con-

2029 564 2321 618 venienter
2348 559 2398 614 ci
2421 559 2517 631 qui
2546 557 2680 611 dicit
2705 573 2718 608 :
2747 552 3106 625 Singulariter
3133 565 3226 619 ego
3246 547 3409 600 donec
3426 555 3608 599 trans-

2031 670 2151 707 eam
2180 653 2226 685 ⁷⁸
2259 669 2272 705 :
2308 659 2365 706 et
2401 660 2461 705 ut
2496 649 2532 703 ii
2578 647 2670 719 qui
2705 646 2809 702 soli
2841 646 3012 699 vitam
3052 647 3312 697 exercent
3351 636 3612 691 monasti-

2031 759 2151 799 cam
2183 743 2241 798 in
2270 742 2507 813 rupibus
2554 740 2609 794 in
2663 738 2866 809 quibus
2917 748 3027 790 non
3065 733 3229 805 877
3254 737 3384 785 sunt
3410 729 3609 787 fontes,

2034 837 2283 892 dicentes
2308 853 2321 888 :
2350 831 2709 904 Singulariter
2740 831 2797 883 in
2836 843 2927 899 spe
2953 824 3270 880 constituisti
3301 838 3383 875 me
3411 821 3477 873 ".
3505 818 3612 873 Alii

2036 924 2218 983 autem
2249 927 2419 982 simul
2438 902 2552 979 bini
2578 902 2853 979 aut\terni
2885 938 2901 987 ;
2929 929 3012 983 ut,
3042 917 3137 988 qui
3163 932 3230 972 ex
3265 912 3615 984 septuaginta

2037 1023 2253 1077 duobus
2276 1016 2792 1091 proficiscebantur,
2828 1024 2921 1069 aut
2952 1011 3119 1091 etiam
3159 1008 3253 1078 qui
3304 1000 3613 1061 duo’simul

2037 1113 2439 1168 exercebantur
2462 1109 2528 1164 ad
2569 1107 2869 1163 certamina
2902 1086 3137 1158 ascetica
3176 1114 3272 1154 seu
3316 1094 3616 1150 monastica

2038 1216 2165 1257 cum
2195 1200 2654 1255 audiissenteum
2679 1196 2771 1267 qui
2803 1193 3022 1249 dicebat
3054 1210 3066 1245 :
3101 1190 3196 1246 Ubi
3233 1171 3493 1242 suntduo
3522 1191 3619 1237 aut

2040 1300 2147 1347 tres
2179 1291 2483 1363 congregati
2518 1289 2574 1343 in
2624 1289 2835 1343 nomine
2869 1301 3005 1348 meo,
3030 1283 3144 1337 illic
3181 1298 3299 1334 sum
3350 1282 3404 1333 in
3452 1276 3623 1331 medio

2040 1400 2223 1437 eorum
2254 1386 2320 1437 ".
2348 1383 2481 1436 Aliae
2516 1379 2903 1450 ingrediuntur
2939 1377 3115 1430 instar
3155 1373 3310 1428 chori
3337 1378 3431 1425 aut
3461 1385 3624 1425 coro-

2041 1490 2146 1540 me;
2179 1473 2486 1546 cuiusmodi
2523 1479 2653 1526 sunt
2675 1470 2769 1540 qui
2797 1468 2984 1522 dicunt
3027 1484 3040 1519 :
3079 1465 3211 1519 Ecce
3240 1478 3401 1534 quam
3434 1461 3627 1515 bonum

2044 1578 2094 1622 et
2150 1583 2312 1639 quam
2349 1563 2647 1637 jucundum
2676 1562 2917 1615 habitare
2946 1559 3137 1629 fratres
3171 1557 3228 1610 in
3252 1570 3417 1608 unum
3440 1554 3484 1584 τ’
3514 1553 3529 1605 l
3560 1552 3628 1607 Et

2042 1661 2161 1716 alia
2213 1660 2438 1730 quidem
2489 1656 2962 1727 perfeetm,.quaa
3011 1649 3237 1722 quidem
3285 1656 3416 1702 sunt
3470 1644 3628 1699 valda

2050 1752 2566 1818 lucidas,teneutes
2616 1750 2799 1804 locum
2852 1747 3141 1801 doctorum
3184 1749 3241 1796 et
3308 1737 3627 1810 pontiﬁcum

2054 1846 2148 1916 qui
2172 1845 2378 1899 dicunt
2402 1860 2415 1897 :
2453 1842 2587 1896 Ecce
2612 1857 2707 1912 ego
2726 1832 2785 1893 ἐι
2804 1838 2955 1911 pueri
2982 1852 3110 1907 quos
3140 1834 3283 1888 dedit
3309 1833 3434 1887 mihi
3453 1830 3631 1883 Domi-

2056 1936 2276 1992 nus":
2322 1932 2633 2005 cuiusmodi
2687 1931 2792 1986 fuit
2846 1928 3073 1991 Paulus,
3124 1925 3228 1995 qui-
3291 1940 3418 1980 cum
3464 1936 3632 1991 supra

2056 2045 2249 2085 omnes
2299 2037 2447 2084 esset
2487 2026 2662 2097 prima
2695 2033 2751 2081 et
2788 2023 3024 2080 maxima
3052 2022 3231 2081 stella,
3269 2018 3470 2073 haheat
3495 2029 3632 2070 con-

2050 2131 2355 2192 sequentes
2399 2120 2570 2174 veluti
2612 2118 2878 2189 quasdam
2929 2117 3125 2171 breves
3152 2156 3165 2178 ,
3198 2112 3549 2167 Timotheum
3577 2116 3633 2162 et

2056 2213 2223 2268 Silam
2249 2223 2305 2268 et
2331 2212 2632 2267 Barnabam
2662 2221 2718 2266 et
2742 2210 2965 2273 Lucam,
2997 2209 3114 2279 qui,
3140 2218 3252 2262 non
3286 2203 3460 2259 multo
3487 2210 3631 2273 post,

2054 2319 2123 2359 ex
2150 2303 2448 2373 discipulo,
2476 2302 2745 2373 magistro
2772 2303 2951 2356 factus
2991 2307 3077 2356 est
3106 2297 3390 2354 confessor
3425 2313 3436 2348 :
3469 2303 3545 2355 et.
3586 2292 3633 2347 si

2058 2410 2167 2451 non
2195 2396 2389 2451 falsum
2419 2396 2559 2450 dixit
2597 2396 2690 2464 qui
2733 2394 2888 2457 dicit,
2941 2391 3149 2462 Sufﬁcit
3193 2388 3450 2461 discipqu
3481 2389 3525 2441 si
3566 2388 3636 2440 sit

2058 2488 2192 2541 sicut
2219 2488 2473 2557 magister
2495 2487 2561 2549 ”,
2586 2500 2694 2539 non
2721 2485 2826 2539 fuit
2847 2483 3027 2539 minor
3054 2482 3224 2537 Paulo
3249 2499 3263 2535 :
3294 2480 3460 2535 simul
3485 2478 3633 2533 enim

2058 2580 2307 2636 considet
2355 2594 2479 2634 cum
2511 2579 2700 2634 Paulo.
2761 2578 2895 2633 Alia
2955 2570 3139 2631 autem
3194 2589 3386 2629 rursus
3446 2581 3639 2627 tenent

2061 2666 2290 2737 ﬁguram
2353 2667 2556 2731 crucis,
2582 2682 2650 2721 ex
2688 2665 2896 2735 quibus
2931 2675 3052 2719 erat
3105 2664 3199 2734 qui
3244 2662 3501 2717 dicebat:
3536 2659 3639 2735 ουρ

2057 2774 2213 2812 suam
2274 2773 2488 2812 carnem
2523 2755 2899 2825 cruciﬁxerunt
2942 2772 3062 2810 eum
3112 2756 3251 2810 vitiis
3306 2764 3354 2808 et
3393 2756 3640 2824 concupi-

2060 2851 2272 2921 scentiis
2302 2850 2373 2903 3°.
2404 2849 2540 2904 Aliae
2573 2863 2798 2919 quoque
2832 2849 3061 2918 geminae
3085 2848 3352 2903 incedunt
3372 2856 3430 2901 et
3453 2847 3644 2916 conjs.

2061 2952 2219 3013 gata,
2250 2941 2430 3011 ipsum
2494 2950 2755 3010 tanquam
2797 2938 3004 2993 Christi
3052 2939 3248 3008 jugum
3303 2937 3563 2999 ferentes,
3585 2947 3643 2990 et

2064 3035 2247 3098 anima
2283 3042 2342 3089 et
2362 3049 2619 3103 corpore
2661 3033 2839 3103 ipsum
2893 3032 3209 3095 trahentes,
3238 3039 3497 3101 tanquam
3531 3029 3645 3083 duo

375 3131 431 3186 is
462 3128 556 3198 qui
585 3127 721 3182 άίείῐ
750 3122 1008 3192 εδεηιρει·
1046 3108 1270 3193 gaudete
1300 3123 1354 3174 ίη
1384 3120 1632 3182 Ποηιὲηος
1662 3120 1774 3172 Sine
1794 3119 1961 3171 ἰηιετ-
1989 3100 2034 3160 C
2065 3126 2211 3180 oculi
2233 3100 2504 3181 lucentes.
2536 3100 2697 3182 Unde
2730 3134 2787 3180 et
2816 3132 3116 3178 moventur
3137 3130 3193 3176 et
3216 3132 3450 3177 currunt
3472 3120 3645 3176 stella:

379 3221 629 3276 missione
651 3225 799 3272 orate
833 3217 876 3246 τι
911 3232 925 3267 :
958 3216 1077 3269 aliae
1106 3228 1239 3268 vero
1268 3221 1476 3267 lllCBSL’B
1503 3219 1559 3265 et
1596 3211 1803 3273 tristes,
1835 3219 1891 3263 ut
1927 3209 1965 3262 ii

378 3311 483 3382 qui
525 3309 823 3363 audierunt
870 3323 998 3361 eum
1035 3305 1127 3375 qui
1163 3303 1301 3358 dixit
1335 3321 1347 3355 :
1384 3302 1533 3355 Beati
1573 3301 1661 3372 qui
1689 3300 1867 3371 lugent
1897 3300 1962 3350 ⁷³.

380 3405 526 3460 Aliae
573 3417 766 3456 rursus
800 3400 947 3454 diem
980 3397 1178 3455 festum
1214 3397 1579 3458 celebrantes,
1609 3402 1668 3448 ut
1688 3393 1725 3448 ii
1751 3392 1844 3463 qui
1865 3406 1967 3463 pro

380 3495 614 3553 Christo
662 3503 793 3549 sunt
835 3491 1077 3554 aecensi,
1114 3498 1170 3543 et
1206 3488 1401 3542 dicunt
1439 3507 1451 3539 :
1486 3486 1843 3540 Transivimus
1875 3500 1969 3554 per

384 3586 562 3657 ignem
578 3591 626 3637 et
653 3581 926 3653 aquam".
944 3580 1013 3633 Et
1028 3579 1148 3633 alia;
1164 3592 1343 3641 acres,
1360 3591 1523 3631 cursu
1542 3574 1964 3638 contendentes,

389 3686 456 3733 ut
487 3678 575 3731 ille
598 3677 692 3746 qui
723 3675 791 3728 ab
810 3672 1112 3728 Jerusalem
1140 3671 1354 3737 transiit
1372 3684 1547 3738 usque
1569 3668 1636 3723 ad
1667 3667 1965 3738 Illyricum,

388 3778 451 3822 et
484 3783 610 3822 cum
640 3765 754 3820 illic
799 3780 925 3819 cum
964 3778 1066 3816 suo
1097 3762 1331 3832 conjuge
1370 3759 1535 3814 Petro
1562 3758 1874 3820 occidisset,
1911 3758 1967 3811 in

388 3854 593 3916 occasu
619 3857 780 3913 ambo
808 3855 1163 3911 Occidentem
1190 3852 1522 3907 illuminant.
1547 3851 1701 3913 Unde
1721 3849 1972 3905 videmus

392 3953 539 4009 alias
587 3951 813 4022 quidem
864 3965 932 4003 ex
985 3947 1161 4001 stellis
1218 3947 1408 4001 lucere
1442 3945 1509 3999 ad
1554 3945 1806 4009 Boream,
1836 3942 1973 3997 alias

386 4058 531 4100 vero
570 4043 638 4098 ad
682 4044 965 4104 Austrum,
1000 4038 1137 4093 alias
1181 4028 1368 4115 autem
1391 4035 1459 4091 ad
1485 4036 1702 4102 Ursam,
1729 4043 1785 4090 et
1837 4035 1972 4089 alias

391 4137 452 4192 in
489 4136 626 4191 locis
662 4132 898 4188 diversis
928 4131 1085 4195 oriri,
1112 4145 1233 4199 qua:
1266 4129 1568 4182 illuxerunt
1606 4126 1661 4182 in
1693 4126 1973 4185 toto,orbe

392 4240 671 4286 terrarum
695 4266 709 4288 ,
744 4222 1120 4294 signiﬁcantes
1166 4219 1463 4274 luminaria
1524 4218 1799 4273 Ecclesiae.
1836 4217 1971 4271 Nam

391 4337 499 4376 cur
541 4334 651 4373 non
702 4317 758 4371 in
805 4302 954 4391 omni
1007 4322 1255 4382 tempore
1304 4312 1547 4391 aestivat,
1578 4326 1701 4380 quae
1746 4309 1972 4379 quidem

390 4421 531 4469 sunt
590 4411 627 4464 ii
683 4408 777 4480 qui
842 4388 990 4472 recte
1053 4413 1346 4475 portarunt
1399 4386 1616 4473 pondus
1638 4410 1723 4455 -ct
1774 4409 1971 4457 aestum

392 4503 776 4565 alllictionum,
800 4508 857 4559 et
885 4497 1067 4555 carnis
1091 4497 1368 4562 ardorem,
1394 4497 1565 4552 fortes
1590 4494 1814 4566 quidem
1844 4501 1973 4569 sunt

392 4597 550 4654 beati
604 4593 862 4666 apostoli,
899 4599 958 4646 et
1014 4590 1110 4662 qui
1168 4589 1333 4644 simul
1383 4589 1489 4643 orti
1531 4595 1812 4643 suntcum
1840 4587 1976 4657 ipsis

391 4688 682 4759 disCipuli.
720 4686 851 4743 Aliae
878 4694 1062 4739 autem
1088 4698 1282 4739 rursus
1305 4698 1370 4737 ex
1395 4682 1571 4738 stellis
1591 4689 1718 4736 sunt
1742 4698 1755 4734 :
1785 4681 1972 4739 lucent

393 4796 597 4840 omnes
638 4780 845 4844 stellm,
894 4776 989 4833 sed
1044 4777 1173 4834 aliae.
1219 4774 1442 4845 quidem
1494 4773 1756 4829 oriuntur
1802 4787 1974 4827 verno

396 4884 654 4943 tempore
696 4869 881 4926 statim
930 4874 1057 4938 post
1085 4865 1291 4923 Christi
1336 4866 1844 4930 resurrectionem,
1879 4865 1975 4933 qui

398 4973 490 5019 ter
539 4962 945 5025 sustinuerunt.
994 4968 1050 5014 et
1094 4958 1408 5013 mercedem
1462 4964 1889 5027 exspectaram,
1919 4965 1980 5013 ut

396 5053 648 5123 operarii
668 5053 864 5109 messis
893 5049 1133 5108 Domini.
1162 5050 1305 5113 Sunt
1331 5049 1498 5104 etiam
1532 5048 1784 5120 quaedam
1808 5048 1981 5105 stellae

401 5144 696 5209 hiemales,
717 5160 840 5216 quae
858 5143 1083 5214 quidem
1102 5152 1233 5198 sunt
1250 5151 1541 5213 martyres,
1560 5141 1657 5211 qui
1678 5141 1982 5197 illuxerunt

401 5235 465 5290 in
485 5235 664 5291 media
679 5236 862 5291 hieme
885 5232 1230 5291 idololatriae.
1247 5233 1403 5299 Quod
1426 5232 1471 5287 si
1490 5234 1654 5289 etiam
1682 5233 1979 5289 dicendum

402 5335 501 5387 est
526 5327 597 5383 de
623 5343 820 5383 earum
854 5327 1130 5398 positura,
1152 5341 1224 5380 ne
1245 5340 1310 5379 ea
1335 5325 1560 5395 quidem
1577 5332 1661 5380 est
1678 5325 1981 5396 impmpria

397 5424 468 5475 et
484 5416 605 5476 sine
628 5418 911 5491 mysterio.
934 5416 1072 5472 Nam
1097 5415 1215 5470 alite
1235 5415 1460 5485 quidem
1482 5433 1547 5472 ex
1574 5417 1642 5472 iis
1666 5416 1984 5487 ingrediun-

2021 3222 2026 3227 ’
2070 3226 2332 3287 tanquam
2375 3220 2625 3288 quaedam
2661 3219 2917 3272 animata:
2965 3216 3234 3286 imagines
3268 3216 3643 3271 inanimarum

2066 3310 2424 3364 luminarium
2486 3310 2896 3380 magistrorum.
2959 3308 3250 3363 Deducunt
3309 3307 3492 3376 itaque
3534 3322 3646 3361 non

2071 3407 2284 3455 tantum
2340 3415 2437 3455 eas
2476 3401 2667 3455 stellas
2693 3414 2816 3470 quae
2855 3407 2987 3454 sunt
3011 3413 3180 3470 super
3218 3407 3444 3462 terram,
3470 3413 3647 3466 quan-

2071 3498 2186 3544 tum
2213 3507 2307 3545 eas
2331 3507 2452 3560 quae
2482 3501 2614 3546 sunt
2645 3492 2700 3546 in
2726 3493 2884 3555 mari,
2924 3492 3034 3545 imo
3063 3490 3235 3561 magis
3255 3530 3269 3552 .
3298 3489 3649 3561 quandoqui~

2069 3581 2196 3641 dem
2223 3589 2281 3636 et
2310 3582 2482 3636 stellae
2515 3584 2730 3637 ratione
2758 3582 3001 3653 praaditat
3036 3583 3212 3637 multo
3237 3583 3412 3653 magis
3448 3583 3652 3637 illumi-

2071 3681 2206 3728 nant
2278 3682 2335 3727 et
2395 3684 2727 3729 conservant
2788 3675 2843 3728 in
2905 3675 3032 3729 navi
3095 3675 3354 3730 Ecclesiae
3403 3690 3501 3730 eos
3555 3676 3651 3745 qui

2064 3766 2348 3836 iactantur
2371 3763 2632 3821 ﬂuctibus
2664 3766 2831 3821 maris
2860 3765 3161 3820 all‘ectuum
3198 3775 3256 3821 et
3307 3767 3476 3820 animi
3502 3752 3651 3837 ’ρει--

2072 3857 2478 3922 turbationum,
2535 3858 2715 3913 donec
2756 3866 2997 3913 transeat
3027 3874 3133 3913 nox
3174 3859 3300 3913 vitae
3336 3866 3403 3912 et
3436 3859 3653 3913 oriatur
3738 3908 3741 3909 ν

2075 3966 2271 4007 rursus
2311 3967 2345 4007 e
2396 3951 2539 4007 cmlo
2577 3950 2671 4007 Sol
2709 3951 2954 4023 iustitiae.
2981 3950 3073 4007 Sic
3124 3952 3489 4022 spiritualiter
3547 3951 3654 4007 hoc

2072 4041 2240 4098 modo
2268 4051 2415 4097 astra
2437 4042 2756 4097 consideret
2775 4041 3043 4107 Ecclesia,
3069 4057 3135 4098 ea
3160 4057 3282 4112 qua:
3300 4042 3563 4097 dicuntur
3583 4042 3653 4099 dc

2073 4136 2209 4200 sole,
2239 4137 2393 4197 luna,
2423 4145 2482 4190 et
2518 4134 2697 4190 stellis
2732 4133 3051 4204 :qoomodo
3074 4133 3242 4189 etiam
3280 4133 3373 4188 ille
3430 4133 3654 4189 divinus

2073 4228 2169 4298 qui
2204 4227 2275 4281 ad
2306 4228 2518 4281 tertium
2560 4241 2725 4296 usque
2757 4226 2814 4280 in
2845 4224 3036 4280 caelum
3063 4233 3121 4281 et
3144 4228 3310 4281 'ortus
3339 4236 3416 4279 est
3460 4235 3515 4283 et
3567 4246 3655 4283 ra-

2076 4329 2194 4384 ptus
2224 4318 2293 4383 ",
2322 4327 2380 4374 et
2411 4316 2609 4373 didicit
2634 4315 2771 4372 ferri
2813 4331 2988 4386 usque
3017 4316 3087 4372 ad
3126 4325 3367 4383 sanctos,
3396 4327 3653 4388 tanquam

2007 4445 2050 4501 ο
2078 4411 2303 4481 sapiens
2343 4402 2754 4480 contemplator
2785 4410 3070 4483 stellarum
3092 4449 3107 4473 ,
3141 4409 3336 4465 harum
3373 4411 3654 4466 stellarum

2084 4504 2331 4573 solisque
2360 4510 2421 4565 et
2448 4501 2597 4557 luna
2616 4501 2888 4556 rationem
2913 4508 3001 4556 est
3022 4502 3438 4570 interpretatus,
3467 4501 3659 4557 dicens

2083 4595 2152 4650 de
2186 4594 2255 4649 iis
2290 4593 2392 4664 qui
2439 4592 2558 4650 suis
2606 4593 2947 4663 temporibus
3006 4593 3312 4648 illuxerunt
3353 4609 3367 4646 :
3410 4593 3532 4647 Alia
3583 4605 3656 4647 est

2080 4685 2254 4755 gloria
2307 4682 2459 4749 solis,
2485 4696 2686 4753 nempe
2731 4681 2940 4737 Christi
2967 4700 2982 4736 :
3012 4670 3070 4738 et
3117 4683 3228 4737 alia
3271 4682 3446 4754 gloria
3499 4682 3659 4747 lunae,

2081 4776 2189 4831 hoc
2216 4785 2323 4841 est,
2353 4774 2640 4840 Ecclesia,
2668 4784 2717 4828 et
2759 4772 2874 4829 alia
2913 4774 3087 4846 gloria
3121 4774 3424 4837 stellarum,
3445 4783 3658 4830 saneto-

2082 4857 2232 4933 rum,
2267 4868 2496 4939 inquam
2533 4885 2547 4922 :
2580 4865 2740 4922 stella
2771 4868 2913 4922 enim
2940 4883 2973 4921 α
3015 4866 3173 4923 stella
3211 4867 3267 4922 in
3296 4867 3383 4922 his
3403 4868 3575 4940 άὶρα
3606 4868 3660 4921 ὲκ

2086 4960 2261 5031 gloria
2284 4957 2356 5012 ⁸².
2381 4959 2518 5019 Nam
2575 4960 2773 5015 Petrus
2821 4960 3058 5031 primum
3110 4968 3306 5018 tenens
3366 4959 3577 5025 sedem,
3608 4967 3660 5015 et

2085 5068 2211 5123 ego,
2236 5051 2420 5122 inquit
2448 5052 2679 5117 Paulus,
2708 5051 2970 5108 omnibus
3003 5051 3387 5107 antecellimus
3427 5049 3665 5105 maxime

2083 5146 2317 5200 honore.

2156 5237 2234 5293 De
2274 5236 2365 5292 bis
2393 5235 2545 5292 enim
2569 5236 2753 5292 stellis
2772 5237 3175 5310 intelligamus,
3226 5245 3355 5308 post
3409 5235 3666 5299 sensiles,

2086 5328 2143 5386 id
2171 5328 2323 5399 quod
2346 5344 2378 5384 a
2411 5328 2526 5385 Deo
2545 5327 2759 5383 dictum
2783 5341 2899 5384 est:
2926 5328 2999 5384 Et
3016 5330 3128 5384 sint
3163 5330 3222 5383 in
3254 5330 3409 5400 signa
3453 5335 3505 5382 et
3535 5336 3670 5381 rem-

2086 5428 2295 5493 parcet
2335 5421 2447 5475 dies
2479 5427 2529 5474 et
2579 5419 2877 5476 altaealta
2932 5429 3018 5475 est
3070 5421 3243 5481 enim.
3296 5429 3355 5476 et
3382 5420 3527 5476 facta
3587 5425 3673 5474 est

478 5556 527 5592 ⁸⁸
552 5557 695 5614 Paul.
722 5572 909 5621 xxvsu,
936 5556 993 5609 'l.
1073 5554 1119 5585 "
1144 5552 1285 5623 Psal.
1322 5569 1447 5618 xm,
1480 5557 1567 5612 55.
1641 5556 1687 5588 '°
1710 5554 1866 5610 Joan.
1897 5571 1971 5611 vn
1995 5596 2009 5619 ,
2036 5554 2124 5611 58.
2196 5540 2776 5617 "lThess.V.16,l7.
2800 5556 2846 5589 "
2872 5555 3060 5611 Matth.
3082 5573 3139 5623 ν,
3170 5556 3224 5612 5.
3298 5558 3344 5590 ⁷⁸
3375 5546 3518 5614 Psal.
3551 5572 3672 5623 LX".

405 5626 500 5681 l2.
578 5627 624 5659 "
649 5627 770 5684 Paal
827 5642 946 5684 ext.
973 5623 1062 5681 10.
1137 5622 1184 5657 ’³
1209 5624 1349 5680 Psal.
1376 5640 1450 5691 tv,
1498 5627 1586 5681 Π).

1662 5627 1709 5659 ⁷⁸
1742 5626 1931 5680 Matth.
1970 5643 2117 5690 xvm,
2152 5625 2241 5681 20.
2302 5625 2363 5663 ηπ
2396 5627 2536 5682 Psal.
2560 5640 2760 5689 cxxxn,
2783 5627 2833 5682 l.

2911 5624 2955 5656 "
2981 5624 3084 5681 lsa.
3119 5642 3232 5691 vui,
3260 5628 3367 5686 18:
3411 5626 3576 5682 Hebr.
3613 5642 3669 5692 ιι,

406 5696 502 5752 15.
574 5697 625 5730 ³⁸
648 5697 842 5752 Matth.
903 5712 958 5767 x,
1007 5694 1098 5749 25.
1175 5693 1227 5726 “
1257 5693 1437 5749 Galat.
1470 5712 1537 5763 v,
1576 5696 1666 5751 24.
1744 5696 1785 5727 ⁸⁸
1820 5696 1866 5749 ll
1897 5697 2028 5750 Cor.
2055 5713 2148 5764 xu,
2180 5697 2235 5751 2.
2314 5696 2359 5728 “
2392 5696 2411 5749 l
2440 5695 2567 5749 Cor.
2593 5711 2680 5763 xv,
2702 5697 2790 5750 ll.
