3996 6296
531 249 660 318 ηπιι
1751 247 1828 307 ‘S.
1857 245 2265 308 ’ANASTASII
2305 246 2634 309 SlNAI‘I‘IE
3753 245 3861 312 912

521 365 834 448 _Ecclesia.
875 362 1042 420 Aliud
1076 363 1227 420 enim
1255 361 1364 419 fuit
1404 370 1622 433 tempus
1659 363 2062 433 apostolorum,
2085 371 2143 418 et
2175 372 2214 428 Α
2243 372 2302 420 et
2332 365 2709 436 illuminan'te,
2755 378 2957 435 nempe
2985 364 3140 431 luna,
3189 363 3265 418 ita
3304 363 3477 420 etiam
3509 379 3582 419 ex
3646 363 3854 420 iisdem

553 459 716 517 aliud
750 467 971 528 tempus
1015 465 1335 512 sanctorum
1387 456 1482 526 qui
1532 455 1865 520 aﬂ‘erebant,
1899 465 1958 510 et
1988 455 2142 510 aliud
2246 458 2468 514 duabus
2486 461 2656 514 rebus
2679 457 3068 528 spiritualibus
3092 467 3461 527 regeneratur
3481 465 3539 512 et
3563 457 3854 511 formatur

557 561 887 610 sanctorum
935 550 1264 620 martyrum,
1288 554 1345 601 et
1381 544 1534 600 aliud
1571 552 1789 616 tempus
1822 543 2142 600 doctorum.
2242 552 2414 607 homo
2443 561 2638 608 noster
2671 553 2950 616 internuS,
2983 550 3078 620 qui
3107 550 3614 619 adusta-quidem,
3643 567 3853 621 nempe

475 659 493 677 κ
560 645 642 700 De
670 643 762 699 bis
788 641 967 698 stellis
994 641 1110 695 Deo
1139 637 1278 693 dicit
1307 637 1476 692 etiam
1503 637 1680 692 David
1705 655 1720 690 :
1761 635 1864 702 Qui
1899 643 2146 691 numerat

563 735 960 793 multitudinem
988 729 1296 797 stellarum,
1326 737 1376 783 et
1407 729 1651 784 omnibus
1697 731 1769 783 eis
1799 730 2024 782 nomina
2049 743 2144 780 vo-

561 837 647 882 cat
685 826 754 880 ⁸³.
791 825 908 880 Hoc
937 831 1044 888 est,
1076 837 1146 880 ex
1175 821 1246 878 iis
1285 821 1426 878 alios
1476 821 1706 892 quidem
1735 830 1894 876 vocat
1929 833 2141 885 servos,

543 921 702 982 alios
751 925 939 973 autem
993 915 1389 980 mercenarius,
1447 913 1590 969 alios
1644 927 1780 968 vero
1833 911 2142 981 operarios,

536 998 713 1068 alios
725 1017 920 1067 autem
941 1007 1171 1072 amicos,
1207 1007 1350 1062 alios
1375 1014 1565 1062 autem
1598 1015 1808 1076 patres.
1831 1004 1970 1059 Nam
1995 1003 2042 1058 si
2075 1002 2146 1058 de

537 1105 851 1177 -eorporeis
875 1101 1054 1158 stellis
1086 1100 1196 1155 hoc
1219 1098 1596 1164 intellexeris,
1623 1112 1736 1152 non
1766 1095 2028 1151 invenies
2049 1094 2146 1166 qui

527 1214 656 1256 ucas
705 1195 846 1252 fecit
876 1195 1048 1250 Deum
1111 1191 1418 1262 unicuique
1476 1191 1768 1262 proprium
1810 1187 2144 1260 imposuisse

557 1306 784 1354 nomen,
821 1297 1022 1360 praeter
1045 1299 1377 1342 commune:
1433 1293 1628 1354 postea
1655 1283 1807 1337 enim
1854 1281 2142 1336 hominum

550 1383 854 1458 sapientia,
883 1379 1050 1434 aliam
1073 1377 1300 1448 quidem
1327 1372 1949 1444 vocavitSagittarium,
1976 1371 2142 1428 aliam

560 1492 696 1532 vero
725 1473 981 1538 Daciam,
999 1471 1174 1526 aliam
1203 1477 1396 1524 autem
1417 1467 1698 1531 Prestera,
1722 1465 1888 1523 aliam
1918 1465 2145 1536 Typho-

547 1587 710 1636 nem,
744 1563 1313 1635 aliam-Lampadiam,
1350 1562 1516 1618 aliam
1561 1560 1887 1631 Pogoniam,
1909 1558 2145 1615 etaliam

531 1657 1069 1731 -.aliter.appellavit.
1102 1657 1181 1712 De
1205 1657 1302 1716 his
1329 1654 1509 1710 stellis
1549 1652 1835 1718 Ecclesiae,
1867 1651 2146 1723 intelliges

555 1764 610 1812 et
644 1729 803 1824 quod
819 1729 877 1806 in
907 1758 1110 1806 octavo
1144 1747 1362 1818 psalmo
1379 1745 1594 1804 dictum
1623 1745 1804 1803 estad
1829 1743 2139 1800 Christum:
2175 1729 2234 1784 θ’

556 1849 768 1903 Lunam
797 1841 1052 1899 etstellas
1093 1857 1236 1912 quau~
1287 1847 1344 1892 tu
1398 1837 1636 1908 fundasti
1690 1835 1904 1892 “.-Cur
1939 1843 2144 1891 autem

553 1955 672 1996 non
703 1938 876 1993 dixit:
914 1935 982 1990 Et
1025 1933 1194 1989 solem
1223 1932 1249 1986 ?
1279 1930 1582 1999 Quoniam,
1613 1931 1760 1986 sicut
1797 1929 1954 2000 prius
2003 1929 2142 1994 dixi,

557 2047 691 2088 vera
719 2039 778 2086 et
813 2037 964 2084 certa
990 2025 1196 2081 Christi
1218 2025 1395 2096 lignea
1427 2033 1514 2080 est
1537 2023 1618 2080 sol
1635 2041 1658 2077 :-
1674 2022 1932 2082 Christus
1955 2032 2144 2078 autem

537 2139 670 2180 ~non
701 2119 1114 2184 fuitfundatus,
1163 2132 1270 2173 nec
1327 2117 1484 2172 stetit
1515 2117 1571 2170 in
1614 2114 1964 2170 ﬁrmamento
1992 2112 2142 2178 caeli,

557 2217 656 2274 sed
687 2230 852 2286 supra
873 2212 1045 2269 caelos
1084 2211 1142 2266 in
1173 2211 1377 2266 throno
1397 2209 1751 2265 Cherubico:
1786 2223 1912 2262 nam
1933 2206 2002 2262 de
2023 2205 2146 2276 ipso

555 2308 746 2364 dictus
775 2311 862 2361 est
894 2311 1044 2360 totus
1063 2301 1342 2374 psalmus:
1378 2297 1648 2366 Quoniam
1675 2296 1886 2353 eleuata
1914 2303 1991 2351 est
2030 2312 2146 2350 ma-

557 2397 872 2472 gniﬁcentia
897 2404 990 2450 tua
1013 2411 1175 2466 super
1204 2391 1380 2457 cazlos,
1409 2392 1500 2462 qui
1539 2406 1602 2444 ea:
1635 2405 1726 2444 ore
1768 2389 2058 2460 infantium
2095 2394 2147 2441 et

560 2493 872 2548 luctantium
899 2489 1166 2560 perfecisti
1196 2485 1428 2550 laudem,
1453 2491 1512 2540 et
1558 2483 1656 2554 qui
1699 2497 1935 2554 magnus
1962 2479 2148 2552 pontis-

563 2585 655 2640 t‘ex
676 2580 1062 2654 pertransiisti
1091 2579 1285 2634 oculos.
1321 2577 1461 2631 Eum
1505 2585 1693 2630 autem
1737 2571 1834 2644 qui
1868 2573 1958 2629 ad
2003 2573 2148 2628 hanc

558 2691 738 2746 usque
779 2674 1052 2736 litteram,
1086 2669 1456 2739 corporaliter
1489 2667 1751 2737 intelligit
1783 2667 2054 2722 rationem
2074 2665 2146 2720 de

559 2765 704 2822 caelo
733 2771 791 2818 et
839 2762 958 2817 sole
1011 2768 1068 2815 ct
1099 2760 1232 2814 luna
1266 2765 1325 2814 et
1371 2759 1571 2822 stellis,
1629 2759 1814 2828 arguit
1845 2759 1962 2828 ipsa
1997 2757 2148 2812 Seri-

559 2867 725 2932 ptura
747 2855 938 2912 divina
959 2868 1086 2909 eum
1110 2869 1219 2908 non
1245 2853 1336 2922 pie
1355 2853 1531 2910 sacris
1557 2851 1880 2906 incumbere
1897 2851 2144 2906 Litteris.

557 2953 778 3012 Dictum
814 2956 902 3004 est
923 2947 1072 3002 enim
1094 2945 1153 3000 iu
1188 2945 1412 3016 hymnis
1435 2943 1608 2998 David
1629 2983 1644 2996 .
1694 2943 1935 2997 Laudate
1963 2941 2145 2995 Domi-

2245 647 2519 712 Eeelesia,
2555 647 2808 704 nascitur
2825 658 2932 718 per
2955 663 3154 716 aquam
3184 657 3240 702 ct
3261 645 3570 716 Spiritum.

2311 742 2456 797 Audi
2481 743 2718 798 etlauda
2744 757 2868 812 quae
2911 752 3043 798 sunt
3076 743 3132 797 in
3171 743 3262 798 his
3299 743 3614 800 ineﬂ'abilia
3644 755 3708 800 et
3751 745 3850 800 ad-

2229 831 2866 900 mirabilia-Quomodo
2911 835 3053 890 solis
3095 842 3152 888 et
3197 834 3346 889 lunze
3392 851 3569 890 unum
3615 837 3846 906 quidem

2243 931 2332 980 est
2357 926 2723 996 inspectabile
2756 944 2770 980 :
2810 928 3050 982 alterum
3087 936 3276 983 autem
3317 939 3406 983 est
3464 929 3754 998 ejusmodi
3792 938 3850 983 ut

2244 1018 2405 1074 cadat
2432 1021 2536 1074 sub
2565 1029 2876 1090 aspectum,
2905 1029 3098 1090 aperte
3139 1021 3304 1076 nobis
3350 1020 3595 1074 clamant
3630 1031 3846 1089 mystc-

2245 1109 2390 1164 rium
2433 1109 2644 1166 Christi
2669 1127 2674 1130 ·
2696 1120 2754 1166 et
2789 1112 3053 1168 Ecclesiae
3085 1113 3154 1167 iis
3194 1113 3288 1182 qui
3321 1111 3374 1166 id
3400 1113 3608 1166 volunt
3631 1113 3848 1166 intelli-

2245 1219 2374 1274 gere
2399 1205 2794 1274 spiritualiter.
2821 1204 2956 1259 Nam
2981 1205 3222 1260 alterum
3249 1205 3477 1274 quidem
3511 1215 3600 1259 est
3638 1206 3846 1258 subtile

2245 1296 2302 1352 in
2335 1307 2528 1366 typum
2580 1297 2916 1364 divinitatis,
2951 1298 3188 1352 alterum
3242 1306 3432 1352 autem
3485 1312 3745 1372 crassum
3778 1298 3845 1351 ad

2243 1389 2540 1460 imaginem
2574 1389 2959 1444 humanitatis.
2985 1390 3123 1445 Nam
3177 1390 3411 1460 spiritus
3435 1391 3675 1459 quidem
3705 1391 3845 1444 latet

2247 1480 2306 1536 in
2357 1497 2533 1550 aqua,
2589 1482 2819 1563 sanguis
2863 1492 3052 1537 autem
3110 1482 3537 1552 inaspectabilis
3589 1484 3734 1538 latet
3787 1484 3845 1536 in

2233 1589 2506 1646 ,reorpore.
2549 1574 2673 1630 Haec
2692 1584 2750 1630 et
2769 1591 2890 1646 qum
2911 1581 3044 1630 sunt
3075 1575 3348 1648 ejusmodi
3383 1591 3452 1630 ne
3477 1577 3693 1646 legeris
3709 1591 3846 1630 eoa-

2245 1667 2538 1744 venienter
2584 1669 2833 1723 scientiae
2883 1668 3217 1735 medicinae,
3270 1668 3368 1724 sed
3425 1669 3845 1724 convenienter

2245 1759 2548 1829 spirituali,
2603 1759 2882 1830 siquidem
2914 1759 3101 1816 credis
3136 1760 3284 1830 quod
3317 1761 3465 1815 Deus
3494 1761 3696 1814 omnia
3716 1761 3846 1814 fecit

2246 1850 2304 1906 in
2330 1850 2860 1922 sapientia.'Cogita
2884 1851 3078 1914 etiam,
3111 1868 3223 1907 non
3258 1853 3316 1906 in
3343 1852 3453 1907 hoc
3486 1864 3704 1923 quarto
3734 1855 3840 1916 die,

2245 1952 2302 2000 et
2339 1945 2396 1999 in
2421 1945 2705 2017 mysteriis
2730 1961 2854 2016 quae
2880 1948 2936 2000 in
2965 1946 3086 2016 ipso
3121 1944 3263 2000 facta
3287 1955 3418 2000 sunt
3461 1946 3535 2000 de
3576 1947 3728 2013 sole,
3777 1947 3842 2001 de

2245 2036 2401 2102 luna,
2422 2045 2481 2092 et
2515 2037 2586 2092 de
2620 2039 2822 2104 stellis,
2849 2047 2904 2092 et
2931 2038 3000 2092 de
3031 2037 3245 2093 Christi
3275 2038 3530 2093 Ecclesia
3555 2047 3612 2094 et
3661 2039 3842 2108 bapti-

2247 2137 2446 2195 smate,
2479 2138 2536 2186 et
2561 2129 2632 2208 de
2657 2131 2920 2186 omnibus
2955 2131 3172 2187 caeteris
3208 2147 3304 2187 sex
3335 2131 3588 2194 dierum,
3620 2149 3756 2202 quae
3787 2134 3838 2186 in

2245 2231 2442 2294 quarto
2469 2224 2558 2278 die
2590 2225 2802 2287 saeculi,
2836 2225 2944 2280 hoc
2966 2226 3054 2280 est
3099 2225 3153 2278 in
3179 2233 3380 2296 quarto
3435 2225 3790 2290 millenario,
3811 2239 3840 2278 a

2243 2317 2360 2372 Deo
2389 2333 2490 2388 per
2536 2317 2728 2372 Mosen
2769 2317 2826 2372 in
2861 2317 3029 2372 Israel
3077 2319 3285 2387 scripta
3340 2322 3473 2374 sunt
3497 2327 3559 2372 et
3582 2318 3842 2390 prastigu~

2247 2419 2387 2474 rata,
2423 2418 2480 2466 et
2506 2409 2670 2465 nobis
2697 2409 2942 2464 revelata
2969 2419 3024 2464 et
3049 2409 3350 2480 praedicta:
3388 2409 3626 2479 quando
3667 2409 3838 2464 maxi-

2246 2515 2334 2555 me
2373 2507 2429 2556 et
2484 2508 2649 2571 typus
2706 2484 3062 2569 baptismatis
3114 2498 3219 2554 fuit
3265 2500 3320 2552 in
3351 2499 3605 2554 Iordane
3648 2515 3685 2553 a
3717 2499 3838 2554 Iesu

2245 2593 2418 2657 Nave,
2478 2607 2546 2646 eo
2585 2592 2699 2648 illic
2751 2593 3071 2662 baptizante
3128 2589 3340 2662 absque
3397 2591 3834 2653 madefactione,

2246 2683 2466 2748 Arcam,
2497 2699 2696 2754 nempe
2719 2682 2928 2740 Christi
2954 2684 3286 2749 Eeclesiam,
3320 2683 3504 2737 adhuc
3558 2683 3838 2753 spirituali

2247 2783 2304 2831 et
2363 2775 2567 2830 diurno
2618 2775 2674 2830 et
2730 2791 2900 2832 suave
2957 2776 3151 2830 attenti
3195 2776 3501 2846 baptismo,
3547 2777 3838 2832 nhiJesus

2248 2881 2468 2938 quoque
2503 2867 2653 2924 Nave
2692 2868 3012 2938 baptizatus
3047 2869 3151 2923 fuit
3179 2877 3477 2933 nocturno,
3514 2871 3840 2930 marino.et

2249 2958 2664 3036 falsolMosaico
2687 2961 2872 3032 typieo
2899 2961 3269 3031 baptismate:
3299 2961 3450 3031 quod
3482 2955 3692 3032 postea
3737 2961 3839 3016 fuit

560 3039 812 3108 ηυηινεοί
834 3047 882 3094 εί
907 3039 1060 3104 (una;
1081 3036 1299 3134 ίξαάθξθ
1319 3049 1664 3134 θηηίίοτηηῗδ
1687 3033 1856 3134 διάξω
1873 3045 1918 3086 ⁸⁸
1943 3031 2141 3134 (εξηξθπο
2174 3069 2217 3128 ε
2251 3031 2529 3110 redditum
2566 3053 2856 3134 spirituale
2898 3053 3161 3108 diurnum
3213 3063 3272 3110 et
3301 3055 3572 3119 salutare,
3613 3055 3838 3126 quando

561 3134 802 3192 Laudate
827 3149 970 3197 eum,
1012 3129 1129 3186 catli
1163 3127 1438 3192 calorum,
1469 3129 1722 3198 quoniam
1779 3128 1889 3197 ipse
1919 3126 2065 3179 dixit
2093 3133 2144 3178 et

559 3225 702 3296 facta
729 3232 878 3288 sunt,
903 3221 1095 3276 statuit
1123 3235 1184 3272 ea
1208 3219 1266 3272 in
1291 3215 1570 3282 swculum,
1593 3226 1642 3270 et
1671 3219 1726 3272 in
1759 3215 2016 3271 swculum
2045 3232 2146 3271 ste-

551 3315 686 3371 culi.
715 3314 1050 3382 Praa‘eptum
1080 3310 1276 3382 posuit,
1313 3317 1363 3362 et
1392 3325 1500 3362 non
1525 3309 1814 3379 praeteribit
1835 3309 1904 3362 ⁸⁸.
1937 3307 1994 3361 Si
2013 3322 2144 3378 ergo

557 3407 756 3464 statuit
778 3405 928 3460 Deus
973 3403 1029 3456 in
1063 3403 1326 3458 saeculum
1360 3401 1569 3465 saeculi,
1594 3409 1658 3455 ut
1704 3407 1896 3455 essent
1931 3399 2058 3456 eteli
2086 3408 2144 3454 et

559 3496 646 3556 sol
681 3507 739 3554 ct
764 3499 894 3552 luna
919 3504 974 3550 et
995 3494 1189 3560 stellae,
1220 3493 1502 3564 quomodo
1561 3507 1756 3548 rursus
1811 3491 1952 3547 dicit
1997 3493 2145 3547 Deus

559 3609 660 3665 per
689 3589 946 3648 eunrdem
973 3587 1344 3659 prophetam:
1371 3584 1499 3642 Caeli
1529 3585 1794 3656 peribunt,
1817 3594 1868 3638 et
1885 3593 2143 3655 tanquam

557 3687 926 3760 uestimentum
951 3687 1298 3742 veterascent,
1323 3689 1374 3733 et
1396 3680 1533 3734 sicut
1560 3680 2142 3751 opertorium-circum-

455 3757 458 3761 Δ
555 3757 837 3834 solventur
863 3775 944 3842 ⁸⁶;
981 3783 1040 3830 et
1067 3789 1264 3828 rursus
1281 3772 1421 3829 dicit
1441 3772 1741 3843 .peralium
1775 3772 2138 3842 prephetam:

555 3871 1006 3932 Circumvolvetur
1053 3867 1242 3925 calum
1269 3877 1530 3940 tanquam
1559 3868 1689 3922 liber
1709 3870 1774 3922 in
1803 3883 2144 3922 consumma-

555 3968 696 4022 tione
731 3963 1070 4027 wculorunt,
1113 3971 1162 4016 et
1202 3960 1318 4017 caeli
1353 3971 1618 4031 tanquam
1649 3958 1780 4030 folia
1822 3961 2012 4013 cadent
2039 3961 2086 3994 ⁸⁷
2115 3957 2141 4012 ?

553 4059 731 4126 Quam
771 4057 842 4111 ob
879 4071 993 4110 rem
1037 4054 1157 4126 ipse
1196 4069 1420 4124 quoque
1474 4067 1670 4107 earum
1700 4061 1946 4114 creator,
1991 4051 2141 4106 Deus

552 4149 820 4206 Verbum.
842 4147 1027 4210 Jesus,
1049 4145 1221 4200 dicit:
1246 4143 1450 4200 Caelum
1477 4151 1529 4197 et
1552 4151 1697 4198 terra
1725 4143 2032 4197 transibunt
2059 4144 2142 4197 ⁸⁸’ἳ

553 4239 844 4309 Tanquam
869 4238 1086 4309 tigurtr:
1113 4239 1330 4292 ﬁrmum
1359 4245 1551 4292 autem
1603 4237 1805 4293 coelum
1838 4235 1964 4290 ﬁdei
2025 4249 2140 4290 non

555 4331 844 4395 transibit,
887 4339 945 4387 et
974 4331 1178 4386 calum
1221 4331 1371 4400 quod
1421 4329 1696 4394 cernitur,
1747 4329 2138 4398 exstinguetur

2253 3145 2493 3217 Spiritus
2517 3145 2817 3202 descendit
2875 3147 2931 3201 in
2967 3163 3189 3218 aquam,
3225 3155 3514 3218 postquam
3567 3148 3836 3202 Dominus

2245 3253 2314 3293 ex
2347 3252 2412 3292 ea
2442 3235 2710 3292 ascendit.
2736 3235 2926 3306 Neque
2950 3237 3100 3291 enim
3135 3237 3465 3307 purgatione
3497 3253 3647 3306 opus
3670 3238 3836 3293 habe-

2217 3331 2341 3386 ‘bat
2373 3328 2762 3384 sanctissimus
2792 3331 3082 3402 Dominus,
3125 3339 3186 3384 ut
3247 3330 3402 3400 prius
3449 3329 3832 3386 descendente

2247 3421 2456 3492 Spiritu
2489 3421 2584 3491 qui
2647 3437 2845 3491 aquam
2897 3411 3294 3496 sanctiﬁcaret,
3337 3421 3458 3491 ipse
3494 3421 3829 3492 baptismum

2245 3511 2574 3582 susciperet,
2614 3520 2674 3564 ut
2705 3511 2760 3564 tit
2808 3512 2865 3565 in
2893 3512 3095 3567 nobis:
3139 3511 3237 3568 sed
3285 3522 3346 3567 ut
3393 3513 3694 3566 amborum
3736 3512 3829 3566 ba-

2244 3603 2567 3674 ptismatum
2590 3603 2752 3658 Jesus
2779 3611 2931 3658 stans
2959 3605 3197 3668 medius,
3223 3606 3432 3676 aliquid
3465 3607 3699 3676 quidem
3742 3607 3831 3661 de-

2242 3695 2471 3766 pressit,
2513 3694 2725 3765 aliquid
2753 3711 2885 3750 vero
2917 3695 3172 3762 tradidit,
3215 3698 3412 3766 primo,
3435 3701 3705 3768 protinus
3736 3717 3827 3756 ex-

2243 3785 2550 3842 terminato
2591 3801 2716 3840 eum
2749 3788 2932 3857 primo
2968 3789 3196 3860 populo.
3230 3789 3330 3844 llic
3360 3799 3448 3845 est
3475 3791 3644 3847 Jesus
3664 3793 3827 3856 Nave,

2243 3875 2546 3947 primarius
2574 3875 2781 3932 Christi
2840 3887 3024 3950 typus,
3057 3881 3152 3950 qni
3179 3890 3328 3935 stare
3381 3881 3516 3936 fecit
3569 3885 3744 3938 solem
3777 3887 3827 3939 in

2243 3968 2448 4032 Gabaa,
2479 3977 2538 4024 et
2558 3969 2747 4024 lunam
2784 3971 2840 4024 in
2879 3973 3190 4040 Pharanga,
3229 3974 3471 4028 alterum
3497 3991 3568 4030 ex
3595 3977 3828 4031 adverso

2245 4062 2494 4127 alterius,
2545 4062 2829 4131 quomodo
2859 4063 2962 4118 fuit
2991 4080 3021 4119 a
3057 4057 3354 4136 principio.
3405 4067 3464 4120 ln
3499 4067 3711 4137 quibus
3737 4085 3829 4139 per

2243 4152 2482 4208 duorum
2515 4151 2878 4208 luminarium
2925 4155 3240 4210 stationem
3299 4165 3356 4210 ct
3397 4155 3670 4230 lixionem
3710 4175 3828 4230 qua

2243 4256 2403 4301 erant
2425 4245 2761 4317 intiguram,
2789 4247 3080 4317 perierunt
3130 4249 3296 4302 etiam
3329 4249 3520 4304 hostes
3541 4251 3823 4305 Ecclesiae.

2244 4336 2531 4404 Quomodo
2555 4347 2743 4392 autem
2775 4350 3035 4408 quartum
3078 4337 3450 4414 millenarium
3497 4343 3688 4410 quarti
3722 4341 3823 4394 diei

551 4434 816 4494 ωητιιιθιη
850 4421 1057 4494 “Sura:
1087 4422 1173 4476 θοι
1195 4429 1406 4485 autem:
1437 4435 1638 4490 nempe
1663 4419 1925 4475 Ch’isms
1969 4434 2133 4488 quem
2173 4421 2212 4476 Β
2243 4430 2430 4486 Steculi
2463 4429 2812 4485 ostendimus
2837 4432 3142 4486 convenire
3171 4439 3374 4501 quarto
3431 4432 3546 4486 diei
3576 4449 3676 4487 sex
3711 4433 3824 4486 die-

549 4516 634 4573 sol
675 4513 1072 4586 praeﬁguravit,
1125 4513 1174 4569 is
1228 4519 1416 4568 manet
1478 4511 1537 4567 in
1598 4509 1864 4566 saeculum
1921 4509 2131 4567 steeuli.

551 4598 1024 4665 Similiterctitun
1055 4603 1240 4676 typica
1295 4601 1430 4658 luna
1481 4601 1724 4672 peribit;
1780 4608 2132 4658 versantem

553 4699 686 4757 luna
709 4697 973 4754 Ecclesiae
996 4711 1165 4766 quam
1201 4695 1360 4766 prius
1381 4693 1710 4765 praedicavit
1741 4703 1800 4750 et
1823 4695 2136 4778 ,annuntiar

547 4789 634 4845 vit
659 4797 959 4853 nocturna,
1003 4803 1118 4842 non
1157 4795 1499 4844 veterascot:
1553 4796 1614 4844 et
1671 4793 1877 4843 sancta:
1933 4788 2132 4853 stellae,

551 4895 754 4950 nempe
794 4879 1020 4936 ratione
1065 4878 1282 4950 prmditl
1335 4879 1497 4935 chori
1555 4889 1901 4944 sanctorum,
1934 4879 2133 4934 interni

551 4983 926 5047 permanent;
960 4989 1152 5030 earum
1205 4985 1390 5030 autem
1433 4971 1654 5044 ﬁgurae,
1703 4986 1903 5043 nempe
1959 4971 2133 5028 stella:

555 5067 915 5137 temporales,
958 5066 1164 5122 cadent
1191 5074 1459 5138 tanquam
1521 5065 1676 5129 folia,
1721 5065 1948 5135 quando
1991 5064 2134 5121 Iusti

547 5161 828 5234 fulgebunt
873 5173 930 5217 ut
985 5163 1086 5226 sol,
1124 5161 1229 5215 hoc
1282 5167 1389 5225 est,
1423 5157 1704 5214 Christus.
1737 5157 1922 5228 lpsum
1959 5158 2131 5224 enim,

553 5264 616 5310 ut
643 5255 849 5324 saepius
875 5253 1364 5318 ostenditeratio,
1383 5250 1704 5322 prallgurat
1737 5251 1829 5306 hic
1863 5250 1943 5305 sol
1963 5269 1977 5316 ;
1997 5241 2135 5305 luna

547 5356 760 5411 autem,
813 5347 1144 5404 Ecclesium.
1181 5344 1474 5414 Quomodo
1499 5345 1648 5400 enim
1671 5359 1738 5398 ex
1771 5343 1999 5398 duabus
2014 5327 2137 5398 co'r'.

549 5438 739 5506 porcis
765 5437 1368 5493 facultatibus-constat
1397 5445 1664 5491 externus
1716 5434 1884 5488 homo
1919 5433 2129 5496 noster,

551 5543 750 5608 nempe
780 5544 848 5584 es
873 5529 989 5584 sale
1018 5527 1370 5585 illuminaute
1403 5537 1460 5608 et
1489 5525 1696 5596 siem...
1721 5533 1777 5580 et
1803 5541 1880 5580 es-
1899 5525 2134 5579 humido

621 5639 669 5672 "
705 5639 848 5694 Psal.
914 5655 1090 5701 CXLVI,

558 5706 606 5739 ⁸⁸
629 5708 822 5765 Matth.
861 5725 1004 5775 sxw,
1029 5709 1119 5764 55.

2243 4537 2366 4578 rum
2416 4523 2749 4578 ereationis:
2821 4523 2910 4580 ita
2959 4525 3129 4582 etiam
3167 4526 3531 4582 ostendemus
3579 4531 3823 4598 reliquos

2240 4631 2552 4689 congruere
2623 4633 2820 4673 eorum
2878 4619 3034 4690 paris
3093 4620 3318 4676 numeri
3351 4621 3704 4676 .millenariis
3730 4637 3822 4677 suo

2240 4719 2514 4781 tempore,
2545 4711 2661 4766 Deo
2685 4710 2852 4768 dante
2879 4691 3040 4768 nobis
3087 4728 3408 4769 sermonem
3447 4713 3506 4768 in
3533 4715 3820 4785 apertione

2239 4800 2355 4857 oris
2379 4802 2577 4858 nostri.
2615 4802 2906 4872 Quomodo
2929 4814 3116 4860 autem
3147 4806 3318 4862 etiam
3341 4805 3578 4876 ex_ipsis
3605 4807 3749 4863 locis
3769 4807 3818 4862 ir

2241 4895 2448 4966 quibus
2480 4895 2643 4952 Jesus
2704 4905 2852 4953 stare
2911 4895 3042 4954 fecit
3077 4898 3252 4954 solem
3296 4909 3354 4955 et
3418 4899 3635 4966 lunam,
3665 4899 3818 4958 ﬁdem

2239 4981 2448 5038 habeat
2476 4984 2697 5040 auditor
2723 4983 2966 5040 describi
2993 4995 3051 5041 et
3077 4985 3422 5057 prtellgurari
3449 4995 3662 5042 statum
3693 4997 3748 5044 et
3769 4990 3818 5044 in

2241 5073 2414 5127 altum
2443 5073 2816 5130 sublationem
2851 5072 3064 5130 Christi
3095 5086 3152 5132 et
3184 5076 3470 5140 Ecclesiae,
3501 5078 3659 5142 audi,
3683 5096 3819 5150 qua-

2245 5177 2328 5216 so.
2393 5161 2640 5228 Gabaon,
2689 5171 2794 5228 est,
2849 5165 3054 5220 sensim
3087 5185 3100 5216 .-
3139 5165 3312 5221 Rama
3365 5176 3574 5232 autem,
3640 5169 3817 5239 lingua

2243 5254 2558 5320 Hebraiea,
2605 5260 2912 5333 exponitur_
2962 5260 3217 5314 altitudo.
3275 5259 3563 5333 Pharauga
3619 5273 3814 5324 autem.

2240 5348 2514 5412 sublimis,
2554 5366 2648 5406 seu
2685 5351 2944 5422 inultum
2974 5351 3150 5408 elata:
3207 5353 3262 5406 in
3313 5353 3484 5408 altum
3526 5354 3818 5408 elationem

2239 5436 2448 5492 Christi
2482 5448 2537 5494 et
2565 5419 3116 5510 Edele‘s‘iarwuorum,
3147 5441 3396 5512 inquam,
3430 5442 3810 5510 luminartum)

2240 5545 2340 5598 per
2363 5531 2499 5586 duas
2537 5531 2960 5616 appellationes.
2979 5533 3104 5588 loco
3146 5533 3498 5604 signiﬁcante
3533 5535 3592 5589 in
3619 5547 3814 5605 quarto

1140 5640 1193 5694 ό.
1271 5639 1486 5695 “"Psal.
1544 5654 1659 5704 vui,
1724 5639 1778 5716 4,
1856 5633 2082 5694 l"Ps-al.
2121 5649 2141 5689 c

2251 5657 2326 5708 ιιι,
2383 5615 2620 5698 5-6...“
2657 5617 2844 5698 ἰδέειν
2873 5646 2938 5711 ρι’,
2973 5619 3062 5712 ἓὺ,
3107 5645 3190 5703 27.
3279 5643 3324 5678 *τ
3357 5644 3462 5718 lsa,
3513 5662 3699 5714 xxx",
3749 5647 3806 5703 4.
