3996 6296
209 336 341 401 9Ϊ3”

1334 336 1418 399 IN
1458 334 2275 426 HEXAEMERON.—IJIB.
2314 335 2379 394 V.
2421 364 2429 375 -

3367 324 3495 405 9M;

211 449 549 513 iuillenario,
584 446 681 516 qui
731 454 818 503 est
851 447 1073 503 medius
1096 447 1225 504 dies
1262 449 1448 504 saeculi
1470 467 1484 502 :
1509 448 1790 518 quomodo
1821 455 1863 510 Α
1893 449 2022 503 dius
2052 447 2231 503 Patris
2258 456 2314 502 et
2346 445 2591 516 Spiritus
2623 443 2825 509 sancti;
2853 449 2909 499 et
2937 436 3302 497 intermedms
3329 437 3475 508 lapis

208 545 379 599 etiam
402 542 457 596 in
490 541 656 596 initio
690 542 1007 608 creationis,
1036 553 1271 613 quartus
1292 543 1413 598 dies
1436 544 1541 599 fuit
1569 544 1787 599 medius

211 639 423 699 septem
452 631 692 686 dierum.
731 634 1027 701 Pr0pterea
1054 635 1106 686 in
1138 649 1205 688 eo
1259 633 1364 688 fuit
1402 634 1788 705 praetiguratus

213 722 310 776 Sol
331 724 586 792 justitiae,
612 724 889 781 mediator
928 727 1025 779 Dei
1052 734 1110 780 et
1140 727 1452 790 hominum,
1485 737 1542 781 et
1569 728 1789 783 medius

213 820 274 866 ut
330 813 598 868 Dominus
649 824 757 869 tam
820 816 1014 871 eorum
1067 832 1192 886 qua:
1229 817 1637 888 cadunt,878
1685 817 1793 872 sub

210 910 499 970 aspectum
542 919 707 973 quam
762 919 960 959 eorum
988 920 1115 974 quae
1140 920 1250 960 non
1283 905 1527 964 cadunt:
1574 914 1632 961 et
1675 921 1795 962 me-

1893 539 2178 609 angularis
2204 537 2443 592 duorum
2473 535 2827 611 populorum.
2862 533 2976 600 .Qui
3009 532 3176 587 etiam
3213 530 3269 584 in
3302 542 3473 584 cruce

1892 634 1999 689 fuit
2033 634 2092 687 in
2145 634 2319 687 altum
2367 631 2623 687 sublatus
2654 629 2708 683 iu
2772 627 2958 683 medio
3022 628 3263 682 duorum
3300 633 3470 679 iatro-

1896 741 2051 790 num,
2079 731 2136 777 et
2193 722 2326 789 fecit
2373 722 2605 776 salutem
2634 722 2692 775 in
2728 719 2910 774 medio
2943 728 3102 774 terrae
3146 732 3270 772 cum
3323 722 3471 770 esset

1898 816 2121 871 medius
2159 814 2300 869 dies.
2350 813 2416 867 Ei
2469 811 2542 869 sit
2572 812 2747 882 gloria
2786 811 2841 864 in
2885 809 3083 864 saecula
3115 807 3467 862 saeculorum.

1898 906 2074 963 Amen
2085 947 2098 960 .

2602 1048 3449 1073 MM

1329 1222 1683 1317 LIBER
1765 1224 2369 1328 QUINTUS-

1168 1391 1250 1433 ω
1283 1388 1527 1444 QUINTO
1554 1388 2072 1453 θιιςιαιιεᾼτιοκιε
2103 1393 2528 1439 εειυιιῐιιυπι

287 1580 405 1638 Vir
451 1581 675 1637 tandem
728 1592 854 1655 post
904 1584 1112 1640 multos
1149 1584 1450 1639 verborum
1500 1583 1793 1650 circuitus,
1829 1593 1869 1648 Β
1898 1594 2023 1640 can!
2050 1585 2264 1658 reptftia
2295 1586 2604 1639 animarum
2642 1583 2965 1648 viventium;
2997 1582 3053 1636 in
3086 1581 3344 1638 omnibus
3367 1598 3472 1638 au-

217 1678 453 1741 qnartus
487 1672 609 1728 dies
648 1686 749 1729 nos
775 1675 855 1730 ‘ad
881 1675 1137 1745 quintum
1180 1660 1522 1730 transmisit:
1572 1675 1627 1729 in
1657 1691 1790 1746 quo,

218 1781 248 1817 a
278 1763 391 1818 Deo
418 1772 679 1833 tanquam
716 1780 746 1820 a
769 1774 927 1836 petra
948 1765 1541 1837 aliqua‘quatriduana:
1568 1766 1790 1833 mforlis,

217 1857 286 1911 ad
320 1856 491 1912 vitam
547 1858 798 1926 procedit
852 1856 1151 1914 creatura:
1196 1867 1253 1913 et
1292 1859 1407 1913 vita
1450 1859 1507 1913 in
1539 1858 1657 1929 ipsa
1687 1859 1794 1914 im-

218 1949 414 2018 primis
445 1950 783 2016 ostenditur,
821 1968 889 2007 ex
922 1968 1065 2021 aqua
1091 1960 1147 2006 et
1182 1950 1396 2022 Spiritu
1452 1951 1791 2022 principium

217 2040 430 2096 habens
483 2041 539 2096 in
591 2043 875 2109 Ecclesia,
936 2060 1102 2113 quam
1155 2042 1544 2098 universorum
1598 2041 1793 2112 Opilex

214 2131 659 2205 prmsignilicavit
693 2133 746 2187 in
770 2134 967 2204 quinto
985 2135 1074 2191 die
1102 2135 1330 2191 dicens:
1368 2134 1612 2189 Educant
1638 2148 1793 2206 aqua!

214 2219 429 2289 reptilia
465 2224 775 2278 animarum
810 2226 1117 2290 viventium,
1173 2232 1220 2279 et
1268 2223 1507 2279 volucres
1555 2223 1792 2279 volantes

210 2326 372 2380 super
389 2320 586 2367 terram
607 2314 892 2374 secundum
916 2313 1318 2383 ﬁrmamentum
1346 2313 1480 2368 cali.
1502 2314 1572 2368 Et
1593 2315 1791 2385 factum

211 2403 408 2456 estsic.
441 2402 497 2458 Si
525 2395 594 2458 ex
643 2407 885 2460 naturali
937 2422 1125 2462 rerum
1176 2407 1599 2477 consequentia,
1639 2414 1790 2462 terra

211 2501 343 2549 ante
371 2495 543 2564 aquas
599 2496 767 2551 debet
825 2498 993 2552 aDco
1053 2498 1304 2569 accipere
1348 2499 1788 2568 procreationem

210 2601 498 2655 pecorum,
525 2595 581 2641 et
608 2588 1052 2659 quadrupedum,
1089 2597 1145 2645 et
1179 2587 1460 2660 reptilium
1483 2607 1604 2661 qua:
1635 2607 1701 2646 ex
1726 2607 1788 2647 ea

212 2687 649 2745 processerunt:
684 2688 745 2733 ut
795 2696 918 2750 qua:
949 2682 1211 2751 protinus
1262 2682 1419 2755 facta
1439 2683 1511 2737 sit
1545 2683 1789 2738 secunda

214 2780 341 2836 post
371 2771 595 2837 malum,
624 2781 680 2827 et
715 2773 770 2827 in
822 2772 1111 2845 Scriptura
1157 2776 1478 2830 nominetur
1509 2783 1564 2830 et
1612 2775 1784 2831 collo-

211 2874 375 2939 cetur
407 2877 534 2922 ante
593 2884 766 2938 aquas
804 2887 817 2923 :
854 2871 1136 2940 quomodo
1194 2886 1345 2926 nunc
1407 2887 1565 2941 aquae
1608 2872 1788 2941 primo

212 2957 335 3012 ldco
390 2960 692 3014 ornantur?
730 2960 994 3017 Videmus
1027 2964 1178 3018 enim
1236 2963 1384 3033 quod
1440 2964 1496 3018 in
1534 2965 1780 3034 positura

211 3050 448 3105 deorum
480 3050 836 3107 luminarium
863 3095 878 3119 ,
916 3055 971 3109 id
1003 3056 1151 3127 quod
1193 3055 1247 3111 in
1284 3056 1629 3113 ﬁrmamento
1656 3059 1781 3114 ςαξιὶ

212 3151 318 3205 est,
348 3142 589 3211 primum
625 3160 654 3198 a
679 3145 791 3199 Deo
827 3155 913 3200 est
941 3138 1287 3201 ordinatum:
1312 3130 1509 3218 nempe
1552 3148 1654 3210 sol,
1686 3149 1783 3219 qui

212 3240 301 3287 est
332 3234 465 3288 sicci
503 3236 767 3290 elementi
798 3255 811 3290 :
839 3246 1115 3292 etterram
1154 3253 1278 3308 qua:
1329 3247 1414 3293 est
1469 3229 1781 3297 coelemen-
1816 3242 1819 3245 ’

215 3324 350 3378 turis
380 3320 690 3393 Constituit,
744 3329 975 3399 ejusque
1030 3338 1115 3384 est
1160 3329 1487 3387 familiaris:
1535 3339 1591 3386 et
1641 3348 1783 3403 quo-

213 3415 381 3468 modo
415 3432 565 3471 nunc
591 3429 898 3487 rapuerunt
933 3434 1088 3489 aqua:
1106 3419 1312 3489 primas
1335 3428 1521 3489 partes
1559 3429 1616 3476 et
1658 3430 1783 3477 tan-

213 3521 376 3576 quam
400 3508 896 3580 primogenituram
924 3511 1090 3567 vitae?
1117 3512 1173 3567 id
1207 3512 1386 3583 ipsum
1423 3512 1548 3568 dico
1568 3514 1636 3569 de
1655 3515 1786 3571 luna

211 3614 336 3667 quae
367 3616 466 3668 per
487 3592 1125 3673 'aquam'et'spiritum,
1158 3619 1350 3658 eorum
1392 3620 1513 3674 quae
1544 3604 1613 3658 ab
1667 3607 1787 3676 ipsa

210 3682 676 3745 administrantur
698 3698 755 3745 et
795 3693 1129 3759 consistunt,
1167 3694 1329 3748 aliam
1386 3695 1630 3750 ostendit
1660 3712 1787 3767 gra-

212 3781 345 3834 tiam
401 3797 525 3836 cum
578 3783 1004 3855 primogenitum
1044 3785 1212 3840 vitam
1259 3794 1314 3842 et
1367 3787 1622 3857 spiritum
1672 3790 1786 3847 vita

208 3873 520 3942 peperisset
571 3883 626 3928 et
646 3876 1003 3942 ostendisset,
1037 3878 1224 3934 divine
1264 3888 1321 3934 et
1362 3880 1643 3950 sapienter
1671 3897 1788 3936 om-

209 3963 299 4017 nia
327 3963 671 4034 dispensavit
700 3976 756 4021 et
784 3968 1080 4024 constituit
1122 3970 1176 4023 in
1212 3970 1502 4049 sapientia.
1555 3970 1692 4028 Nam
1728 3973 1783 4029 in

209 4059 364 4113 cmlis
398 4059 620 4128 quidem
656 4061 868 4129 primas
892 4070 1080 4132 partes
1112 4071 1167 4116 et
1202 4063 1440 4133 primum
1487 4063 1669 4119 locum
1704 4066 1784 4121 sol

208 4150 439 4219 accepit.
473 4151 734 4220 quoniam
768 4168 934 4222 super
957 4170 1177 4209 omnem
1208 4153 1578 4224 principatum
1608 4164 1659 4211 et
1688 4172 1786 4227 po-

1898 1688 2008 1735 tem
2030 1693 2154 1748 quae
2205 1693 2273 1732 ex
2319 1684 2466 1732 terra
2520 1681 2923 1745 processerunt
2964 1681 3123 1728 sexto
3172 1673 3283 1737 die,
3311 1674 3467 1737 l‘eris,

1896 1768 2213 1839 reptilibus,
2240 1767 2530 1837 iumentis,
2556 1764 3038 1834 quadrupedibus,
3079 1778 3189 1819 non
3238 1764 3471 1833 plurali-

1898 1867 1982 1915 ter
2014 1858 2110 1913 sed
2133 1858 2490 1929 singulariter
2513 1858 2751 1927 imperat
2777 1855 2925 1910 Deus
2964 1856 3200 1909 Verbum
3231 1855 3462 1911 dicens:

1896 1951 2104 2006 Educet
2143 1959 2288 2004 terra
2343 1951 2582 2003 animum
2629 1947 3071 2003 viventem?Nec
3094 1947 3201 2001 hoc
3252 1949 3457 2013 solum,

1893 2043 1990 2099 sed
2023 2043 2157 2098 illud
2188 2056 2408 2113 quoque
2436 2041 2735 2112 diligenter
2784 2055 3038 2110 qumrere
3091 2048 3177 2094 est
3214 2056 3471 2096 necessa-

1894 2136 2077 2190 rium:
2109 2134 2283 2201 Quam
2314 2133 2386 2187 ob
2423 2148 2539 2186 rem
2577 2148 2700 2201 quae
2738 2138 2806 2186 ei
2835 2131 2995 2201 aquis
3031 2132 3256 2201 quidem
3287 2132 3468 2202 genita

1893 2234 2023 2280 sunt
2050 2225 2249 2280 omnia,
2277 2224 2423 2278 Deus
2451 2221 2758 2287 benedixit,
2781 2237 2813 2276 e
2848 2230 2996 2276 terra
3024 2232 3209 2277 autem
3247 2222 3469 2291 genitos

1893 2318 2227 2384 animantes,
2251 2324 2307 2373 et
2329 2315 2746 2388 quadrupedes,
2776 2325 2833 2371 et
2866 2324 3069 2386 peoora
3094 2317 3469 2387 privavitxbe-

1890 2410 2245 2466 nedictione:
2302 2409 2448 2465 unde
2498 2425 2653 2480 aqua!
2687 2409 2933 2479 quidem,
3000 2416 3062 2463 ut
3115 2424 3236 2479 qua:
3259 2408 3473 2463 fuerint

1891 2504 2220 2567 benedictae,
2279 2503 2389 2558 huc
2442 2518 2615 2572 usque
2667 2510 2724 2557 et
2773 2510 3046 2573 perpetuo
3096 2502 3322 2573 pariunt
3360 2517 3471 2558 sua

1891 2602 2090 2666 sponte
2121 2593 2331 2663 absque
2381 2580 2594 2647 semine
2624 2600 2682 2647 et
2739 2592 3137 2663 conjunctione
3188 2593 3464 2655 volucres,

1889 2701 1957 2739 ex
1988 2699 2223 2754 quarum
2238 2684 2472 2737 numero
2488 2689 2618 2737 sunt
2634 2683 2951 2737 coturnices
2963 2690 3020 2736 et
3035 2690 3475 2753 ortygometraaei

1890 2783 2036 2831 terra
2066 2783 2251 2831 autem
2302 2790 2412 2829 non
2457 2774 2650 2844 utique
2686 2775 2807 2829 sine
2833 2775 3046 2830 semine
3093 2774 3237 2845 parit
3268 2774 3464 2840 feram,

1892 2875 1988 2922 aut
2017 2866 2314 2937 pecudem,
2374 2873 2469 2920 aut
2503 2864 2942 2936 quadrupedem.
2996 2866 3064 2921 Et
3100 2882 3295 2923 rursus
3345 2883 3490 2937 quur

1892 2968 2077 3015 ortum
2106 2958 2317 3013 habent
2337 2973 2404 3013 ex
2454 2965 2623 3022 terra,
2652 2962 2949 3014 versantur
2978 2959 3143 3013 etiam
3197 2970 3504 3030 perpetuos

1889 3070 2062 3126 super
2103 3063 2308 3111 terram
2336 3072 2348 3107 :
2380 3070 2502 3124 quae
2534 3061 2719 3108 autem
2744 3060 2872 3107 nata
2894 3060 3112 3107 suntex
3152 3054 3331 3123 aquis,
3358 3055 3466 3109 alia

1887 3146 2115 3217 quidem
2170 3146 2436 3202 dicuntur
2462 3146 2698 3211 marina,
2730 3146 2836 3200 alia
2875 3153 3059 3200 autem
3107 3144 3252 3213 (cum
3277 3161 3467 3203 reces-

1886 3238 2084 3310 serint)
2110 3239 2163 3293 in
2191 3239 2362 3294 altum
2398 3238 2612 3293 sublata
2633 3238 2985 3309 appellantur
3021 3238 3266 3294 coelestia
3296 3258 3308 3294 :
3360 3238 3467 3294 hoc

1885 3338 1970 3385 est
1992 3329 2246 3385 volucres
2270 3330 2431 3386 caeli:
2465 3346 2602 3400 quas
2624 3330 2789 3385 etiam
2817 3330 2963 3384 Deus
2985 3330 3286 3401 cognoscit,
3322 3330 3467 3386 sicut

1887 3419 2022 3473 dicit
2040 3434 2141 3490 per
2165 3418 2519 3489 Prophetam,
2543 3419 2772 3491 Cognovi
2802 3436 2984 3474 omnes
3014 3420 3251 3475 volucres
3264 3420 3463 3479 mli".

1958 3506 2066 3563 Sed
2096 3524 2166 3562 ne
2201 3524 2301 3579 per
2341 3508 2664 3581 frequentes
2707 3518 2764 3565 et
2816 3511 2922 3566 sibi
2958 3508 3205 3567 invicem
3265 3528 3464 3569 succe-

1889 3599 2087 3655 dentes
2127 3598 2532 3666 dubitationes,
2593 3602 2651 3656 in
2702 3600 3111 3658 btesitationem
3178 3604 3464 3677 animique

1888 3693 2314 3763 perplexitatem
2348 3708 2414 3748 ac
2446 3693 2832 3749 confusionem
2858 3695 3187 3750 inducamus
3241 3699 3463 3753 audito-

1890 3787 2165 3858 rem,jam
2198 3785 2266 3842 de
2293 3786 2382 3841 his
2410 3801 2438 3841 a
2469 3786 2635 3840 nobis
2684 3785 3038 3853 tractabitur,
3081 3787 3229 3858 quod
3275 3789 3464 3844 brevi-

1888 3886 1974 3935 ter
1989 3879 2304 3951 aggredior,
2344 3895 2528 3934 rerum
2567 3878 2861 3933 historiam
2893 3895 3016 3950 qua:
3042 3888 3126 3934 est
3156 3881 3462 3937 secundum

1887 3970 2139 4025 litteram
2165 3971 2393 4025 minime
2419 3977 2704 4026 evertens:
2741 3984 2916 4039 pauca
2939 3979 3127 4025 autem
3152 3970 3220 4026 de
3267 3972 3464 4042 quinto

1890 4078 2145 4127 numero,
2163 4063 2311 4118 sicut
2330 4071 2384 4118 et
2404 4062 2472 4119 de
2503 4071 2725 4132 quarto,
2750 4077 2816 4117 ex
2849 4061 3037 4116 divina
3055 4061 3344 4133 Scriptura
3360 4080 3475 4119 ne-

1888 4172 2047 4212 cesso
2072 4155 2338 4234 estprius
2386 4155 2594 4210 dicere.
2634 4155 2957 4210 Invenimus
2999 4170 3130 4225 ergo
3169 4155 3224 4210 i'n
3267 4157 3466 4227 quinto

210 4248 487 4309 testatem,
519 4242 774 4307 Christus
798 4247 910 4318 (qui
937 4257 1022 4303 cst
1047 4250 1141 4306 Sol
1166 4252 1258 4321 qui
1286 4253 1594 4324 percipitur
1620 4257 1783 4313 intel-
1817 4255 1862 4313 D
1889 4249 2238 4313 centenariO,
2268 4263 2468 4318 nempe
2496 4246 2948 4317 quingentesimo
2987 4263 3132 4302 anno
3146 4248 3285 4316 Noe,
3320 4264 3467 4306 arca:

210 4333 459 4403 ligentia)
490 4345 574 4391 est
598 4337 651 4391 in
678 4340 834 4394 caelis
878 4359 891 4396 :

208 4424 420 4481 ducens
444 4428 511 4482 ad
552 4429 796 4486 Patrem.
831 4432 890 4487 ln
926 4442 1072 4490 terra
1121 4444 1329 4502 autem,
1360 4438 1455 4494 ubi
1486 4441 1787 4497 humiliavit

204 4515 455 4586 scipsum,
491 4521 629 4573 servi
686 4510 916 4591 formam
966 4527 1248 4595 accipiens,
1278 4528 1591 4585 voluntarie
1628 4531 1785 4587 dedit

205 4606 412 4674 primas
435 4621 624 4678 partes
681 4622 943 4683 tanquam
989 4618 1217 4687 proprio
1250 4634 1351 4674 suo
1385 4621 1628 4691 corpori,
1671 4620 1780 4678 Ec-

204 4695 413 4751 clesize:
444 4698 569 4753 dico
598 4710 784 4756 autem
820 4707 1085 4775 mysterio
1120 4708 1490 4778 baptismatis.
1529 4710 1774 4777 Quomo-

204 4785 276 4839 do
300 4788 444 4842 enim
468 4790 522 4844 in
559 4792 714 4847 crelis
745 4795 946 4850 ostium
970 4808 1220 4853 nostrum
1256 4812 1312 4855 et
1349 4802 1437 4856 via
1460 4801 1526 4856 ad
1553 4804 1774 4860 Patrem

202 4885 287 4933 est
319 4878 593 4948 Christus,
632 4883 705 4939 ita
726 4882 890 4941 etiam
920 4888 974 4943 in
1008 4897 1174 4954 terra,
1207 4893 1411 4947 ostium
1445 4903 1694 4961 nostrum
1719 4903 1776 4952 et

200 4969 290 5024 via
306 4970 372 5024 ad
394 4972 612 5028 Patrem
637 4987 721 5030 est
743 4977 1034 5048 baptisma,
1061 4983 1130 5037 ad
1151 4983 1434 5039 Christum
1460 5003 1562 5056 per
1582 4987 1776 5049 Eccle-

202 5061 340 5124 sium
371 5079 383 5115 :
420 5072 476 5117 ct
498 5079 563 5147 ea
590 5065 657 5120 de
680 5082 845 5123 causa
875 5082 1002 5126 ante
1033 5075 1217 5129 omnia
1238 5116 1251 5140 ,
1283 5086 1340 5132 et
1367 5077 1479 5131 vita
1503 5087 1560 5133 et
1582 5078 1774 5134 vivens

200 5154 380 5209 anima
400 5156 714 5212 ostenditur
738 5175 804 5215 ex
823 5178 961 5232 aqua
979 5173 1034 5219 et
1055 5166 1284 5235 Spiritu,
1304 5175 1360 5223 et
1381 5183 1548 5238 super
1568 5176 1769 5225 terram

200 5244 621 5311 manifestatur,
648 5249 869 5315 dicente
903 5252 1053 5309 Deo:
1090 5257 1338 5313 Educant
1380 5278 1533 5332 aqua:
1560 5262 1771 5334 reptilia

941 4351 1001 4398 ut
1056 4343 1150 4414 qui
1177 4345 1250 4399 sit
1289 4347 1491 4401 ostium
1518 4356 1575 4403 et
1607 4349 1786 4403 intro-

198 5339 505 5406 animarum
533 5343 835 5409 viventium,
862 5355 909 5401 et
944 5347 1179 5404 volucres
1206 5351 1444 5407 volantes
1471 5371 1632 5425 super
1664 5362 1790 5408 ter-

197 5446 337 5493 ram,
362 5432 651 5488 secundum
679 5435 1082 5505 ﬁrmamentum
1110 5442 1246 5496 coeli.
1284 5444 1484 5500 Dicant
1511 5445 1646 5501 mihi
1676 5447 1772 5517 qui

195 5523 488 5577 attendunt
519 5524 691 5580 solam
722 5527 964 5585 litteram
994 5531 1312 5604 Scripturae,
1343 5552 1507 5607 quam
1538 5537 1619 5591 oh'
1642 5553 1774 5593 can-

196 5628 311 5671 sam
345 5613 400 5667 in
431 5616 591 5684 aquis
627 5619 853 5688 quidem
890 5622 1102 5679 dictum
1135 5633 1218 5681 est
1251 5626 1573 5698 pluraliter:
1624 5628 1770 5683 Edu-

260 5797 305 5829 "
331 5797 472 5852 Psal.
506 5815 663 5868 ms,
698 5802 776 5858 ll.

1882 4339 1991 4409 jaei
2015 4338 2401 4402 fundamenta,
2425 4352 2549 4408 qua:
2578 4336 2805 4407 quidem
2850 4343 2934 4391 est
2980 4352 3147 4392 verus
3183 4353 3247 4394 ac
3272 4348 3469 4395 certus

1886 4440 2049 4503 typus
2078 4430 2310 4495 Christi,
2345 4431 2400 4484 in
2426 4428 2535 4500 qua
2563 4429 2693 4484 fera:
2715 4427 2965 4483 omnium
2993 4428 3252 4498 gentium
3294 4429 3463 4484 simul

1883 4531 2110 4589 coactae,
2139 4523 2346 4577 e-malo
2379 4521 2591 4576 diluvio
2617 4519 2933 4575 conservati
2975 4535 3170 4575 sumus
3220 4535 3320 4590 per
3369 4535 3464 4576 co-

1880 4616 2149 4681 lumbam,
2176 4630 2379 4686 nempe
2430 4630 2531 4685 per
2556 4612 2850 4682 Spiritum.
2883 4612 3044 4670 Unde
3097 4614 3266 4668 etiam
3329 4629 3463 4669 con-
3548 4676 3553 4679 τ

1880 4709 2023 4765 fecta
2060 4718 2146 4764 est
2174 4724 2314 4763 arcae
2343 4705 2603 4771 latitudo,
2651 4704 3061 4777 quinquaginta
3089 4705 3412 4761 cubitorum
3441 4747 3456 4771 ,

1885 4811 1947 4858 ut
1978 4801 2241 4872 quoniam
2270 4815 2301 4855 a
2333 4797 2745 4854 mathematicis
2779 4812 3052 4853 numerus
3079 4798 3371 4868 quinarius
3401 4807 3459 4855 et

1883 4894 2398 4965 quinquagenarius
2422 4889 3135 4967 jt‘JstusdiciturAul‘erens
3167 4889 3315 4945 enim
3337 4892 3461 4962 qui-

1882 4986 2075 5040 narius
2105 4994 2348 5055 quatuor
2370 5000 2492 5055 qua:
2526 4989 2657 5039 sunt
2687 4982 2836 5053 apud
2864 4998 3087 5049 novem,
3124 4991 3182 5037 et
3221 4984 3457 5054 conjun-

1881 5094 2016 5149 gens
2039 5094 2164 5134 cum
2192 5078 2425 5143 unitate,
2450 5092 2513 5132 ea
2532 5076 2765 5132 deducit
2791 5076 2858 5132 ad
2885 5077 3239 5148 quinarittm:
3267 5087 3324 5133 et
3353 5077 3459 5132 tria

1880 5188 2004 5242 qum
2050 5181 2181 5226 sunt
2238 5171 2298 5227 in
2335 5172 2648 5236 octonario,
2703 5179 2761 5225 et
2791 5185 3135 5240 componens
3157 5187 3282 5227 cum
3312 5160 3460 5226 duo-

1879 5264 2004 5327 bus,
2030 5279 2095 5319 ea
2123 5263 2253 5318 facit
2279 5263 2550 5333 quinque,
2573 5264 2631 5319 et
2651 5262 2760 5317 duo
2788 5277 2910 5332 qum
2948 5271 3078 5318 sunt
3100 5263 3166 5317 in
3196 5270 3454 5332 septena-

1880 5357 1986 5420 rio,
2005 5363 2135 5410 et‘ea
2154 5356 2498 5427 conjuugcns
2516 5369 2640 5410 cum
2658 5354 2922 5419 ternario,
2949 5353 3081 5409 facit
3098 5353 3370 5425 quinque.
3384 5354 3463 5411 Et

1880 5462 2049 5502 unum
2073 5461 2102 5500 a
2127 5447 2366 5511 senario,
2398 5452 2455 5501 et
2482 5446 2827 5516 coniungens
2855 5460 2982 5499 cum
3012 5453 3275 5515 quatuor,
3318 5444 3477 5499 facit;

1876 5537 2143 5607 quinque.
2172 5535 2440 5591 Similiter
2472 5535 2641 5590 etiam
2667 5534 3064 5606 quinquaginta
3086 5532 3221 5589 facit
3248 5535 3450 5590 adv-er-

1877 5644 1972 5685 sus
2002 5643 2096 5683 eos
2133 5629 2226 5698 qui
2282 5627 2461 5699 ipsum
2501 5614 2847 5697 p’racedunt,
2893 5634 2968 5683 ρι’
3004 5641 3100 5683 eos
3134 5624 3232 5698 qui
3269 5625 3483 5698 ipsum.
