4082 6290
546 315 649 380 915

1737 322 1797 379 s.
1829 267 2232 378 ANASTASli
2281 295 2608 378 suum

3716 314 3823 378 9M

547 437 884 500 sequuntur.
913 429 1118 488 Eadem
1148 433 1368 487 ratione
1391 431 1640 486 Ecclesia
1667 445 1892 501 quoque
1927 430 2130 500 praali-
2159 434 2202 488 Α
2232 444 2582 500 nequaquam
2607 446 2728 486 eam
2753 431 3028 500 impertiit
3052 429 3503 490 benedictione-ii
3526 453 3543 484 ι
3595 430 3697 488 sed
3719 447 3819 488 eos

549 531 639 575 cat
669 535 796 574 cum
823 531 1053 591 peccato
1090 521 1364 578 diluvium
1419 522 1571 592 quod
1613 523 1788 578 Deum
1834 522 2125 593 justiﬁeat,

549 615 750 694 eteius
773 609 1049 685 justitiam
1090 632 1216 686 quae
1246 617 1389 672 tollit
1424 631 1456 672 e
1515 617 1702 672 medio
1759 632 1885 687 quae
1931 624 2128 672 contra

550 720 652 760 nos
683 695 815 761 sunt
863 707 1212 762 inimicitias.
1243 707 1361 763 Noe
1413 717 1640 778 quoque
1681 707 2004 778 quingentis
2027 719 2129 760 an-

551 796 640 870 nis
680 797 918 851 aediﬁcat
971 813 1179 864 arcam,
1251 799 1540 869 quoniam,
1573 815 1702 855 eum
1745 799 1800 853 in
1827 798 2130 868 quinquies

551 888 852 943 millesimo
877 905 1026 943 anno
1061 891 1312 945 venisset
1341 907 1523 948 novus
1556 892 1696 958 Nec,
1733 891 1944 960 incepit
1993 904 2130 946 con-

546 992 766 1036 struere
790 996 974 1036 arcam
1009 983 1294 1039 Ecclesiae.
1395 1032 1402 1038 .

616 1073 738 1128 Non
769 1085 855 1130 est
892 1083 1080 1130 autem
1102 1077 1349 1132 alienum
1379 1087 1709 1134 caaterarum
1737 1075 1961 1152 quoque
1984 1096 2126 1136 arca:

544 1180 932 1222 mensurarum
975 1169 1322 1228 meminisse.
1374 1170 1633 1242 Triginta
1683 1172 1912 1242 quidem
1961 1172 2125 1230 cubi-

547 1271 727 1313 torum
742 1269 864 1315 erat
893 1277 1037 1318 arca
1057 1262 1318 1328 altitudo,
1338 1271 1394 1318 et
1411 1263 1614 1320 deinde
1652 1264 1877 1320 redacta
1897 1271 2020 1319 erat
2053 1265 2124 1320 ad

543 1365 714 1404 unum
729 1351 1020 1408 cubitnm':
1047 1356 1311 1425 quoniam
1341 1355 1590 1411 Ecclesia
1620 1357 2126 1428 quoquepradieat

542 1454 656 1500 tres
682 1445 1008 1518 bypostases
1040 1459 1098 1504 et
1117 1459 1372 1503 naturam
1409 1463 1574 1503 unam
1599 1449 1766 1504 unius
1789 1447 1964 1503 solius
1987 1449 2120 1503 Dei:

542 1538 787 1594 latitudo
819 1549 1007 1596 autem
1046 1541 1452 1612 quinquaginta
1471 1541 1820 1607 cubitorum,
1855 1543 2120 1612 quoniam

540 1633 665 1689 illos
692 1633 856 1690 valde
890 1635 1190 1706 permistos
1225 1619 1471 1696 ferarum
1515 1636 1884 1690 animantium
1933 1644 1992 1691 et
2019 1635 2122 1690 im-

539 1725 849 1794 peritarum
891 1727 1143 1797 gentium
1177 1743 1396 1799 greges,
1435 1727 1684 1784 ternarie
1712 1725 2128 1798 multiplicibus
2153 1769 2196 1823 Β

539 1815 883 1872 centenarils
913 1817 1088 1888 legem
1123 1817 1313 1874 docuit
1338 1817 1589 1874 Ecclesia
1637 1825 1694 1873 et
1737 1817 2116 1882 conservavit,

541 1906 782 1961 naturali
835 1907 1194 1966 multifariam
1225 1908 1534 1978 multisque
1564 1909 1748 1964 modis
1798 1908 2116 1962 attrahente

541 1999 744 2069 scripta
785 2008 844 2054 et
888 2000 1142 2071 mystica.
1197 2000 1364 2054 Multa
1414 2007 1599 2054 autem
1651 1997 2114 2068 quinquagenarii

540 2089 763 2146 numeri
809 2091 1128 2146 invenimus
1179 2091 1428 2162 symbols
1479 2089 1744 2145 Ecclesiae
1805 2089 1861 2144 in
1909 2087 2120 2144 divinis

541 2183 866 2252 Scripturis.
897 2183 1034 2238 Nam
1058 2183 1114 2238 in
1132 2181 1598 2256 quinquagesimo
1631 2195 1780 2236 anno
1798 2180 1948 2234 Deus
1974 2193 2118 2248 prte-

539 2272 689 2341 cepit
709 2271 903 2326 lsraeli
927 2271 986 2326 in
1012 2287 1220 2342 genere
1248 2269 1552 2341 perfectam
1583 2281 1640 2323 et
1665 2267 1980 2322 absolutam
2014 2265 2116 2320 de-

540 2359 782 2414 bitorum
810 2359 1201 2416 remissionem
1235 2370 1292 2416 et
1317 2359 1811 2423 condonationem,
1852 2373 1916 2413 ac
1959 2356 2103 2412 libe-

540 2453 818 2509 rationem
866 2469 1064 2512 eorum
1106 2454 1202 2524 qui
1253 2461 1413 2508 erant
1469 2467 1642 2522 super
1693 2459 1924 2505 terram.
1985 2449 2115 2502 "me

537 2542 688 2598 enim
745 2542 882 2598 dicit
916 2545 1066 2599 Deus
1107 2545 1162 2598 in
1205 2543 1490 2600 Levitico:
1546 2541 1888 2610 Sanctiﬁcate
1913 2538 2116 2594 annum

537 2635 928 2712 quinquaginta
951 2653 1243 2700 annorum,
1291 2645 1342 2689 et
1366 2635 1694 2707 proclamate
1757 2634 2115 2687 remissionem

536 2743 696 2793 super
731 2735 932 2782 terram
958 2729 1198 2782 omnibus
1224 2730 1315 2798 qui
1341 2745 1460 2782 eam
1512 2730 1778 2792 habitant,
1811 2743 2013 2780 annum
2034 2743 2116 2780 re-

537 2817 802 2870 missionis
822 2818 902 2884 ὀς
934 2807 1002 2872 ea
1018 2825 1104 2872 est
1127 2817 1250 2886 ejus
1283 2817 1639 2887 signiﬁcatio.
1679 2815 1894 2871 Hebrzei
1929 2814 2114 2884 itaque

535 2925 834 2964 numerum
911 2907 1435 2981 quinquagesimum
1513 2917 1716 2964 vocant
1775 2907 2114 2972 Jobelaeum,

534 2999 684 3066 quod
715 2997 944 3070 quidem
992 2999 1400 3069 interpretatur
1451 2996 1816 3052 misericordia
1858 3005 1954 3080 aut
1991 3012 2116 3050 con-

2231 523 2462 594 reliquit
2509 524 2721 594 absque
2773 523 3202 584 benedictione:
3233 534 3370 580 tunc
3399 537 3671 594 tanquam
3697 541 3818 582 meo

2230 615 2356 672 dius
2382 625 2540 672 stans
2561 616 2832 673 Christus
2849 617 3000 672 inter
3023 617 3312 672 terrestria
3347 625 3405 672 et
3449 617 3670 673 marina
3689 622 3817 675 sni-

2230 708 2460 774 mantia,
2485 717 2544 764 et
2563 709 2636 764 ad
2683 724 2750 764 ea
2774 724 2897 780 quae
2922 719 3054 765 sunt
3099 726 3132 764 e
3183 717 3348 764 terra»
3381 711 3571 781 genita
3621 712 3818 768 oculos

2229 799 2500 870 deﬁgens,
2532 809 2590 856 et
2626 801 2848 856 dicens:
2893 801 3008 856 Nisi
3050 803 3170 872 quis
3215 802 3374 871 fuerit
3425 814 3718 873 generatus
3750 821 3816 858 ea:

2228 908 2372 962 aqua
2407 900 2456 947 et
2478 891 2704 964 Spiritu,
2727 894 2822 964 qui
2842 893 3021 948 fertur
3037 909 3208 963 super
3225 908 3451 964 aquam,
3470 911 3578 948 non
3593 897 3816 951 intrabit

2226 989 2282 1044 in
2305 975 2783 1060 rapiturnccetorum
2811 990 2888 1055 ”;
2923 1005 3105 1059 neque
3161 987 3258 1042 ﬁet
3315 1005 3418 1059 per
3467 989 3814 1058 columbam,

2227 1095 2430 1150 nempe
2487 1097 2588 1151 per
2612 1081 2912 1151 Spiritum,
2975 1081 3227 1136 volucris
3267 1082 3434 1139 cteli:
3481 1099 3672 1152 neque
3701 1083 3816 1138 Ra-

2225 1173 2399 1244 pietur
2452 1174 2506 1226 in
2533 1173 2754 1228 nubibus
2807 1174 3016 1228 obuiam
3056 1174 3192 1228 mihi
3240 1174 3298 1226 in
3345 1191 3476 1228 aera
3495 1175 3568 1228 ”.
3601 1175 3658 1230 Si
3687 1175 3810 1232 hac

2226 1273 2414 1319 autem
2482 1279 2594 1321 non
2644 1266 2720 1320 ita
2765 1265 2910 1322 facta
2959 1257 3094 1322 sunt
3147 1279 3204 1321 τι
3255 1266 3649 1337 praeﬁgurata;
3689 1267 3804 1332 dic,

2221 1355 2394 1426 879
2461 1369 2496 1410 0
2542 1356 2775 1428 M07888.
2835 1371 3084 1421 causam,
3141 1365 3200 1410 et
3253 1355 3327 1410 ob
3389 1355 3538 1425 quod
3613 1372 3812 1427 pecca-

2223 1459 2342 1502 tum
2369 1447 2425 1502 in
2458 1449 2630 1503 Deum
2678 1449 3004 1512 admissum,
3035 1456 3362 1503 manserunt
3387 1463 3590 1517 pecora
3615 1459 3674 1504 et
3693 1459 3810 1504 ter-

2223 1551 2298 1592 ra:
2359 1537 2660 1592 animantia
2694 1537 2904 1606 absque
2925 1537 3339 1593 benedictione.
3374 1535 3668 1603 Quomodo
3707 1555 3810 1601 au-

2226 1636 2336 1682 tem
2364 1635 2421 1682 et
2447 1627 2668 1697 reptilia
2693 1644 2816 1698 qua:
2838 1637 2972 1684 sunt
2989 1628 3226 1683 rationis
3248 1627 3498 1696 expertia
3529 1637 3590 1684 et
3619 1638 3808 1685 mente

2222 1721 2488 1786 carentia.
2541 1729 2598 1776 et
2625 1722 2826 1792 pisces,
2847 1729 2916 1776 et
2965 1720 3222 1776 volucres
3267 1729 3575 1790 potuerunt
3603 1721 3808 1776 audire

2223 1811 2322 1866 Dei
2347 1825 2543 1866 vocem
2569 1821 2624 1866 et
2659 1810 3106 1867 benedictionem
3131 1827 3255 1881 quae
3283 1810 3556 1865 dabatur?
3604 1813 3805 1868 Annon

2224 1913 2310 1960 est
2343 1903 2696 1959 manifestum
2721 1903 2869 1974 quod
2896 1903 3012 1958 haec
3054 1903 3382 1974 pro‘plietice
3419 1902 3778 1972 prmdiceban
3873 1927 3880 1930 ·

2223 2006 2314 2050 tur
2346 1994 2416 2060 de
2461 1995 2783 2050 hominibus
2805 1996 2900 2066 qui
2963 1995 3316 2066 baptizantur
3359 1995 3417 2048 in
3461 1995 3804 2050 Christum!

2221 2088 2342 2156 Ipsa
2389 2095 2574 2141 autem
2618 2087 2796 2142 series
2843 2087 3148 2156 Scripturae
3181 2085 3490 2143 secundum
3534 2087 3804 2151 litteram,

2221 2175 2465 2235 ostendit
2497 2179 2647 2250 quod
2674 2180 2743 2234 de
2797 2179 3124 2234 hominibus
3183 2179 3401 2234 ratione
3468 2179 3724 2247 praeditis
3749 2189 3809 2233 et

2221 2270 2422 2326 animis
2458 2269 2864 2324 immortalibus
2893 2269 3012 2325 haec
3041 2285 3072 2324 a
3113 2268 3228 2324 Deo
3278 2269 3648 2338 jubebantur.
3681 2267 3804 2322 Non

2219 2367 2368 2420 enim
2399 2365 2538 2420 dixit
2563 2366 2738 2420 Deus:
2764 2363 3070 2422 Producant
3095 2379 3248 2435 aqua:
3267 2349 3479 2433 reptilia
3504 2375 3804 2430 corpora

2220 2457 2631 2512 animatorum:
2686 2473 2814 2512 nam
2865 2455 3071 2511 animal
3126 2464 3184 2512 et
3231 2470 3438 2524 corpus
3487 2453 3805 2524 signiﬁcant

2221 2551 2396 2620 ipsam
2419 2563 2478 2602 se
2499 2557 2816 2601 moventem
2861 2555 2916 2600 et
2939 2546 3162 2615 vitalem
3211 2547 3486 2602 animam:
3544 2543 3646 2600 sed
3680 2547 3802 2598 ani-

2220 2655 2431 2693 marum
2455 2638 2758 2700 viventium,
2785 2635 2842 2690 id
2871 2643 2976 2700 est,
3038 2651 3148 2690 non
3200 2635 3583 2690 morientium.
3635 2633 3800 2704 Atqui

2219 2728 2454 2798 piscium
2497 2735 2556 2782 et
2590 2726 2886 2781 volucrum
2923 2726 3124 2780 animae
3183 2740 3294 2780 non
3331 2735 3466 2779 sunt
3503 2725 3797 2790 'viventes,

2218 2819 2314 2874 sed
2372 2818 2715 2887 morientes:
2755 2817 2984 2889 Sanguis
3035 2816 3205 2880 enim,
3261 2817 3464 2886 inquit,
3512 2800 3801 2870 est'anima

2217 2911 2329 2981 ejus
2428 2927 2444 2976 ;
2480 2909 2661 2964 anima
2685 2919 2880 2970 autem,
2909 2909 3126 2973 vivens,
3160 2908 3276 2963 sola
3309 2917 3396 2964 est
3429 2917 3624 2962 nostra
3676 2923 3820 2982 quae.

2217 3013 2303 3059 est
2332 3001 2824 3072 rationemraadita,
2861 3000 3055 3056 Factus
3097 3009 3173 3055 est
3201 3001 3376 3064 enim,
3409 2985 3616 3070 inquit,
3647 3001 3798 3053 homo

534 3093 773 3148 donatio.
806 3091 922 3148 Hoc
957 3091 1112 3146 enim
1143 3090 1312 3146 modo
1357 3090 1612 3160 psalmus
1645 3103 1868 3159 quoque
1901 3086 2112 3143 condo—
2135 3119 2183 3175 ο
2215 3097 2269 3148 in
2296 3095 2533 3149 animam
2554 3089 2960 3157 viventem“—";
2989 3090 3251 3174 quoniam
3287 3089 3540 3146 futurum
3586 3085 3710 3144 erat
3740 3100 3802 3144 ut

547 3183 778 3240 nationis
823 3192 881 3237 et
937 3182 1291 3238 remissionis
1359 3169 1581 3251 “peccati
1637 3179 1848 3244 David,
1905 3179 2115 3235 dicitur

533 3275 1062 3346 quinquagesimus:
1097 3284 1183 3330 est
1239 3274 1392 3347 enim
1426 3272 1734 3346 verisimile
1795 3271 1926 3331 ante
1963 3274 2114 3330 hunc

533 3382 828 3420 numerum
885 3373 980 3420 aut
1043 3365 1214 3420 etiam
1273 3359 1406 3444 post
1463 3363 1734 3434 scriptum
1793 3379 1918 3424 esse
1964 3365 2114 3420 hunc

535 3459 808 3525 psalmum
837 3459 1209 3514 remissionis.
1227 3453 1366 3513 Haec
1395 3465 1579 3512 autem
1609 3456 1796 3512 omnia
1825 3465 1957 3513 sunt
1980 3473 2109 3514 vena

533 3561 590 3606 σοι
625 3560 776 3608 certa
807 3551 1182 3623 praeﬂguratio
1224 3551 1379 3610 illius
1420 3549 1632 3624 quinti-
1661 3549 1774 3606 diei
1803 3549 2112 3606 hebdoma-

531 3641 640 3704 dis,
687 3643 744 3696 in
775 3658 888 3712 quo
916 3641 1167 3698 ascendit
1195 3642 1252 3697 in
1287 3643 1482 3705 oculos,
1503 3649 1562 3696 et
1591 3639 1647 3696 in
1676 3641 1850 3696 altum
1881 3651 1968 3696 est
1993 3641 2111 3695 ela-

531 3738 623 3782 tus
654 3727 748 3783 Sol
794 3728 1025 3797 iustitia:
1057 3726 1335 3784 Christus.
1371 3727 1440 3783 Et
1495 3727 1961 3798 quinquagesimo
2021 3725 2110 3782 die

531 3816 683 3872 misit
709 3817 1012 3888 Spiritum:
1059 3833 1163 3888 per
1199 3833 1428 3888 aquam,
1453 3817 1706 3888 inquam,
1739 3827 1796 3872 et
1843 3817 2110 3889 Spiritum

526 3927 693 3990 suum
725 3910 970 3980 largitus
986 3909 1378 3966 remissionem
1410 3918 1790 3980 peccatorum.
1826 3910 1894 3966 Et
1915 3911 2112 3980 quinto

531 4001 623 4055 die
645 4016 860 4056 cumam
885 3999 1042 4055 dedit
1067 4001 1384 4072 mysticam,
1415 4016 1541 4071 qua:
1571 4000 1738 4057 solvit
1767 4002 1953 4057 omnia
1983 4017 2114 4074 pec-

531 4102 676 4146 cata.
719 4092 902 4147 [labes
931 4108 1066 4163 ergo
1099 4103 1348 4163 apertam
1377 4093 1759 4150 ostensionem
1782 4109 1883 4148 cur
1915 4095 2112 4164 quinto

530 4205 546 4234 ο
569 4201 599 4238 x
625 4200 721 4239 sex
755 4184 978 4250 diebus,
1005 4201 1162 4256 aqua:
1192 4185 1248 4242 in
1280 4185 1488 4257 quibus
1510 4185 1968 4256 superferebatur
1990 4184 2114 4256 Spi-

535 4277 696 4340 ritus,
751 4276 905 4331 vivas
945 4285 1262 4348 genuerunt
1288 4277 1541 4335 animas:
1574 4277 1742 4334 nobis
1779 4277 2110 4348 praesignifi-

531 4376 724 4423 cantes
753 4369 1232 4438 regenerationem
1267 4384 1390 4440 quas
1421 4367 1483 4424 ﬁt
1510 4383 1609 4440 per
1642 4384 1843 4440 aquam
1896 4377 1953 4426 et
1981 4369 2110 4440 Spi-

2215 3201 2636 3242 renasceremur
2683 3200 2783 3256 per
2837 3199 3039 3254 aquam
3091 3193 3148 3238 et
3210 3183 3506 3254 Spiritum.
3566 3181 3798 3238 Omnem

2215 3280 2402 3350 itaque
2457 3278 2767 3334 orationem
2813 3279 3089 3332 convertit
3145 3275 3214 3332 ad
3250 3276 3584 3341 auimas;et
3615 3261 3794 3342 dicit,

2212 3381 2338 3442 post
2371 3365 2726 3440 baptismum
2771 3379 2828 3426 et
2857 3357 2980 3439 qua:
3009 3385 3078 3422 ex
3141 3367 3262 3438 ipso
3305 3367 3530 3422 exsistit
3563 3367 3797 3436 gratiam

2211 3471 2267 3517 et
2291 3461 2782 3526 illuminationem,
2803 3459 3026 3530 eosqui
3045 3467 3176 3514 sunt
3206 3457 3470 3528 baptizati
3497 3452 3644 3512 'eﬂici
3671 3444 3794 3512 ani-

2213 3553 2418 3610 mantia
2450 3567 2562 3607 non
2589 3551 2870 3607 viventia:
2897 3559 2960 3606 ut
2981 3551 3170 3614 etiam,
3189 3549 3407 3620 inquit,
3443 3563 3650 3622 corpus
3667 3563 3795 3604 cum

2211 3647 2398 3700 anima
2419 3644 2746 3701 reviviscat.
2778 3643 2888 3698 Sed
2945 3642 3205 3698 animalia
3253 3641 3370 3696 sola
3414 3645 3550 3696 sunt
3577 3641 3796 3696 anima-

2213 3751 2334 3790 rum
2365 3734 2706 3796 viventium;
2763 3731 2832 3788 de
2892 3733 3078 3788 anima
3117 3731 3267 3806 enim
3303 3731 3424 3786 sola
3461 3731 3534 3784 ab
3559 3744 3628 3784 eo
3661 3737 3800 3784 tem.

2212 3841 2346 3900 pore
2375 3835 2500 3896 post
2529 3821 2871 3894 baptismum
2895 3813 3188 3894 loquitur:
3221 3838 3350 3878 eam
3385 3821 3538 3878 enim
3569 3831 3796 3891 oportet

2211 3915 2424 3986 vivere,
2459 3925 2516 3970 et
2537 3932 2666 3982 non,
2687 3931 2892 3986 corpus
2925 3931 3052 3970 cum
3082 3931 3146 3971 ea
3179 3933 3192 3969 :
3221 3914 3444 3986 corpori
3483 3915 3637 3970 enim
3663 3923 3798 3970 sunt

2213 4008 2521 4064 inimicitiae
2541 4009 2810 4064 adversus
2830 3993 3027 4064 Deum.
3049 4007 3290 4088 Reptilia
3314 4022 3446 4078 ergo
3468 4007 3581 4063 sint
3606 4007 3674 4063 iis
3699 4005 3798 4077 qui

2213 4099 2604 4169 baptizantur;
2637 4107 2900 4168 tanquam
2927 4097 2995 4152 ad
3029 4097 3128 4152 Dei
3152 4097 3446 4152 obsonium
3480 4097 3650 4152 electi
3675 4097 3800 4166 pis-

2213 4207 2306 4248 ces
2339 4191 2434 4261 qui
2464 4191 2822 4246 adducuntur
2853 4189 2924 4244 ab
2953 4191 3023 4244 iis
3051 4189 3145 4260 qui
3182 4189 3341 4258 prius
3357 4197 3524 4252 erant,
3550 4187 3798 4258 piscato-

2215 4296 2326 4346 res,
2361 4297 2512 4335 nunc
2551 4273 2737 4336 autem
2761 4279 3026 4350 apostoli.
3070 4277 3192 4334 Sed‘
3206 4279 3322 4332 sint
3343 4277 3511 4332 etiam
3534 4279 3795 4332 volucres

2217 4373 2256 4428 ii
2280 4372 2378 4442 qui
2417 4387 2642 4428 sursum
2677 4372 2938 4426 feruntur
2959 4379 3024 4425 ut
3062 4370 3200 4426 ﬁant
3224 4369 3449 4424 obviam
3476 4368 3702 4424 Christo
3736 4369 3794 4422 in

536 4460 722 4515 ritum.
746 4461 808 4515 In
841 4460 1013 4514 altum
1037 4461 1188 4515 enim
1225 4459 1282 4514 in
1306 4460 1464 4516 ctelis
1486 4461 1675 4550 elatus
1711 4459 1804 4516 Sol
1835 4462 1930 4532 qui
1959 4460 2108 4516 cadit
2143 4457 2186 4512 ι)
2214 4480 2366 4522 aere.
2421 4464 2549 4521 [huc
2596 4472 2780 4519 autem
2827 4471 2993 4518 erunt
3042 4463 3089 4518 si
3135 4463 3206 4518 ab
3243 4447 3386 4532 aqua
3438 4461 3796 4532 baptismatis

531 4554 636 4608 sub
661 4551 1090 4624 intelligentiam
1116 4553 1286 4625 (sicut
1315 4553 1398 4608 sol
1439 4553 1662 4608 sensilia
1697 4552 1753 4607 in
1788 4553 2110 4610 ﬁrmamen-

531 4661 609 4714 to,
662 4648 906 4719 desuper
951 4646 1192 4703 demisso
1252 4648 1310 4704 in
1335 4662 1509 4718 aquas
1543 4650 1646 4702 suo
1684 4645 1888 4718 radio),
1918 4647 2108 4705 statim

531 4743 666 4798 fecit
697 4740 1178 4812 regenerationem
1205 4755 1331 4810 quae
1351 4747 1437 4794 est
1473 4754 1575 4809 per
1625 4755 1822 4809 aquam
1847 4749 1904 4794 et
1935 4739 2111 4809 Spiri-

533 4847 676 4902 tum,
707 4841 1085 4906 congruenter
1113 4832 1166 4888 ei
1192 4832 1342 4902 quod
1385 4831 1600 4886 dictum
1655 4843 1778 4889 est:
1822 4831 1891 4888 Et
1935 4834 2110 4887 mittes

529 4927 792 4998 Spiritum
839 4909 1010 4991 tuum,
1055 4932 1105 4979 et
1144 4924 1488 4990 creabantur,
1533 4933 1583 4979 et
1613 4925 1888 4980 renouabis
1917 4923 2108 4995 faciem

530 5031 690 5076 terra:
720 5021 788 5074 ".
817 5020 925 5076 Per
952 5018 1102 5074 hunc
1125 5033 1283 5090 ergo,
1308 5027 1368 5074 et
1393 5005 1508 5072 non
1535 5033 1634 5089 per
1663 5017 1903 5088 aliquem
1932 5017 2104 5073 alium

529 5111 755 5168 modum
777 5152 793 5177 ,
826 5126 895 5166 ex
921 5110 1082 5180 aquis
1103 5108 1331 5181 quidem
1355 5109 1574 5182 genitas
1621 5109 1840 5165 animas
1881 5109 2105 5181 (nempe

529 5221 631 5274 per
661 5204 1008 5275 baptismum
1063 5203 1444 5276 regeneratas)
1487 5201 1778 5258 benedixit
1821 5203 1970 5259 Deus
2017 5201 2106 5257 di-

531 5312 667 5352 cens
697 5315 711 5350 :
742 5293 972 5352 Crescite
994 5302 1044 5350 et
1079 5295 1534 5368 multiplicamini,
1567 5303 1618 5350 et
1654 5293 1850 5366 replete
1909 5311 2102 5366 aquas.

531 5388 930 5444 Animantibus
955 5399 1142 5445 autem
1181 5399 1239 5444 et
1266 5389 1538 5460 iumentis
1586 5395 1644 5443 et
1682 5387 1818 5442 feris
1845 5403 1969 5456 qua:
2000 5387 2106 5441 viri

532 5487 686 5547 sunt,
711 5482 1182 5553 serpentibnsque
1210 5490 1267 5538 et
1292 5481 1589 5542 venenatis
1626 5478 1971 5545 horninibus,
2013 5478 2109 5550 qui

531 5581 666 5629 sunt
707 5574 993 5644 peregrini
1021 5585 1080 5630 et
1125 5575 1288 5630 alieni
1339 5591 1370 5630 a
1421 5573 1783 5646 generatione
1824 5573 2112 5642 baptismi,

603 5686 648 5718 ’°
667 5687 844 5743 Levit.
881 5705 1006 5743 xxv.
1040 5689 1124 5741 i0.
1199 5691 1241 5720 "
1273 5690 1412 5744 Psal.
1445 5703 1554 5752 cm,
1609 5691 1696 5746 32.

544 5755 591 5788 "
620 5757 762 5816 Psal.
805 5774 964 5816 xxxv.
1015 5759 1096 5814 10.
1623 5775 1628 5779 ·

1797 5687 1842 5720 ’⁸
1875 5687 2032 5742 Joan.
2059 5701 2137 5752 Ill,
2166 5686 2219 5740 5.

2213 4557 2402 4614 educti
2427 4557 2700 4612 fuerimus
2723 4556 2968 4626 reptilia,
2997 4553 3094 4611 sed
3113 4553 3424 4610 animarum
3453 4551 3791 4606 viventium:

2213 4649 2329 4704 sola
2355 4648 2562 4712 anima,
2591 4657 2716 4718 post
2741 4647 3052 4718 baptisma;
3082 4645 3426 4716 suscipiente
3455 4643 3702 4698 studium
3725 4643 3792 4698 ad

2214 4740 2469 4808 meliora,
2495 4748 2553 4795 et
2585 4739 2680 4794 tali
2704 4739 3011 4795 constituta
3047 4738 3232 4808 qualis
3265 4736 3559 4791 exieritex
3602 4751 3787 4804 aqua;

2213 4843 2270 4888 et
2303 4849 2414 4888 non
2463 4832 2713 4888 exierant
2745 4831 2969 4901 reptilia
3010 4831 3322 4886 animarum
3351 4827 3684 4891 viventium,
3720 4842 3793 4881 ne

2218 4926 2492 4982 habeatur
2509 4925 2620 4981 ulla
2640 4941 2776 4980 cura
2795 4924 3070 4996 corporis.
3097 4923 3230 4978 Nam
3250 4922 3295 4978 si
3319 4921 3540 4977 dicatur
3563 4918 3793 4984 animal,

2216 5018 2551 5090 intelligitur
2574 5017 2920 5088 quod.simul
2955 5017 3068 5072 sint
3089 5029 3294 5086 corpus
3317 5023 3374 5068 et
3392 5012 3599 5072 anima.
3625 5011 3702 5065 Ea
3723 5011 3794 5064 de

2214 5126 2379 5167 causa
2407 5109 2477 5165 ab
2517 5109 2679 5164 initio
2713 5108 2957 5179 Spiritus
2985 5103 3270 5162 ferebatur
3306 5115 3568 5175 tanquam
3602 5102 3793 5158 anima

2215 5209 2407 5260 vivens
2432 5218 2600 5274 super
2626 5218 2851 5273 aquam,
2888 5215 3090 5268 aquam
3126 5197 3416 5253 viviﬁcans
3446 5205 3505 5252 et
3539 5205 3791 5250 movens.

2287 5297 2586 5367 Propterea
2605 5294 2792 5349 divina
2814 5307 3037 5363 quoque
3053 5289 3338 5360 Scriptura
3366 5289 3484 5343 haec
3505 5289 3620 5342 duo
3640 5287 3794 5358 ponit

2217 5389 2378 5445 simul
2407 5386 2718 5458 congenita,
2771 5393 3030 5455 tanquam
3065 5381 3302 5436 animam
3343 5389 3402 5435 et
3427 5393 3654 5450 corpus,
3692 5378 3794 5434 alio

2219 5477 2440 5550 quando
2469 5474 2693 5549 quidem
2717 5475 2910 5532 dicens
2938 5491 2952 5528 :
2981 5472 3136 5542 Apud
3165 5481 3214 5526 te
3246 5471 3466 5541 (nempe
3497 5469 3790 5541 Spiritum,

2221 5582 2478 5642 tanquam
2507 5568 2700 5640 Deum)
2727 5575 2803 5622 est
2829 5566 2948 5638 fons
2989 5565 3110 5621 vita
3127 5564 3194 5618 ⁸⁸.
3224 5561 3541 5633 Aliquando
3561 5568 3748 5617 autem
3773 5572 3790 5612 :

2319 5685 2365 5716 "
2394 5685 2414 5738 l
2439 5683 2632 5740 Thess.
2686 5698 2758 5749 iv,
2788 5679 2874 5734 16.
2971 5669 3094 5711 ’δι”
3122 5675 3263 5736 Gen.
3300 5681 3362 5730 ιιι
3395 5662 3452 5716 7-
