3996 6296
220 297 321 365 917

1320 303 1398 363 1N
1441 304 1994 364 HEXAEMERON.
2040 331 2110 339 *-
2153 307 2298 365 LIB.
2348 307 2411 366 ν.

3381 295 3491 364 918

217 415 395 469 Ftabit
428 417 646 483 spiritus
675 416 810 485 ejus,
833 418 1069 486 afluent
1096 432 1250 485 aqua:
1273 417 1341 469 ".
1365 417 1631 472 Dominus
1664 433 1803 487 quo—
1832 427 1874 476 Α.
1903 421 2203 474 viventem:
2254 434 2363 474 una
2404 431 2490 473 cst
2526 419 2675 473 enim
2721 427 2780 474 et
2822 417 3022 473 similis
3073 416 3344 472 omnibus
3385 415 3486 469 bo-

219 523 329 579 que
349 507 518 561 dicit:
543 505 645 572 Qui
670 509 834 560 credit
866 509 924 560 in
955 523 1036 560 me
1059 507 1278 577 (nempe
1309 517 1484 562 totum
1509 509 1803 578 Spiritum,

219 600 268 654 si
305 600 472 654 fuerit
507 600 888 667 incrassatus),
927 602 1061 654 sicut
1093 601 1216 653 dicit
1247 599 1548 669 Scriptura,
1573 603 1722 672 ﬂuvii
1744 617 1808 656 ea:

220 700 403 745 centre
423 693 534 761 ejus
563 694 729 762 ﬂuent
754 703 908 761 aqua!
937 693 1054 746 uitta
1078 692 1145 746 9⁸.
1176 692 1446 750 Similiter
1466 694 1638 747 etiam
1673 693 1807 748 dicit

223 781 599 845 Samaritana},
637 782 846 852 Aquam
880 797 983 850 ego
1027 783 1073 836 ei
1102 783 1260 846 dabo,
1294 783 1390 852 qui
1417 799 1538 837 sum
1576 784 1809 854 spiritus

224 885 484 944 tanquam
515 877 680 939 Deus,
711 885 766 930 et
795 892 891 930 eos
923 877 1018 946 qui
1042 892 1128 930 me
1157 877 1412 940 adorant,
1449 881 1505 931 in
1531 879 1726 947 spiritu
1759 887 1810 930 et

221 971 446 1022 veritate
479 978 684 1038 oportet
717 969 965 1032 adorare,
997 979 1046 1024 et
1078 969 1128 1038 ﬁ.
1153 979 1169 1022 t
1199 973 1246 1024 ei
1275 969 1390 1039 fons
1417 973 1539 1026 vita:
1565 970 1808 1024 salientis

223 1059 280 1112 in
304 1063 465 1114 vitam
489 1069 746 1115 wternam
774 1062 842 1114 9°.
878 1063 1057 1116 Prima
1089 1077 1225 1132 ergo
1248 1062 1382 1127 vita,
1419 1062 1720 1116 viventium
1742 1077 1810 1116 ex

224 1153 405 1222 aquis.
445 1153 525 1206 Ex
567 1153 652 1207 eis
680 1161 766 1206 est
807 1153 1067 1222 cognitus
1093 1154 1308 1222 primus
1338 1153 1610 1208 adventus
1635 1153 1813 1223 Spiri-

227 1251 338 1304 tus,
367 1260 492 1298 nam
529 1260 695 1314 super
720 1261 812 1299 eas
845 1245 1149 1300 ferebatur.
1179 1247 1360 1300 Prima
1385 1247 1724 1300 resurrectio
1745 1262 1810 1300 ex

224 1338 309 1392 eis
351 1339 494 1393 facta
520 1348 604 1394 est
636 1355 736 1408 per
762 1339 957 1394 Jonam
995 1356 1009 1393 :
1045 1339 1098 1393 in
1125 1340 1206 1394 eis
1235 1351 1322 1395 est
1361 1341 1631 1396 absconsa
1663 1357 1810 1394 mar-

225 1429 400 1498 garita
445 1431 658 1499 paterni
715 1431 964 1501 fulgoris.
1019 1432 1125 1485 Per
1181 1431 1478 1486 Iordanem
1533 1433 1675 1486 facta
1725 1443 1814 1486 est

225 1525 484 1590 purgatio
527 1531 830 1587 creatum;
883 1538 949 1576 ex
999 1522 1158 1592 aquis
1201 1522 1340 1577 facta
1395 1533 1482 1577 est
1531 1522 1812 1578 fructuum

224 1615 598 1684 gertninatio:
634 1630 700 1668 ex
725 1615 883 1682 aquis
909 1615 1014 1668 fuit
1045 1615 1287 1683 paradisi
1323 1615 1598 1683 irrigatio.
1799 1687 1804 1691 _

297 1707 437 1759 Ante
482 1707 668 1759 omnia
697 1721 854 1774 aqua:
889 1706 944 1758 in
979 1706 1256 1775 principio
1290 1712 1629 1774 acceperunt
1664 1705 1810 1759 lucis

227 1798 713 1862 illuminationem,
745 1807 805 1851 ut
838 1813 961 1868 qua:
1005 1798 1284 1852 ferrentur
1311 1813 1480 1866 super
1511 1806 1715 1850 terram
1750 1805 1808 1850 et

227 1905 350 1944 eam
399 1889 762 1944 alluerentac
796 1889 1094 1958 tingerent,
1138 1897 1194 1943 et
1237 1887 1638 1958 propemodum
1669 1901 1809 1955 prae-

229 1980 481 2033 dicarent
526 1992 744 2031 onmem
787 1978 1085 2032 humanam
1136 1987 1392 2031 naturam
1421 1992 1545 2045 qua:
1569 1974 1812 2029 eratba-

230 2071 506 2141 ptizanda.
549 2069 918 2134 Quamobrem
966 2069 1133 2124 tertio
1167 2068 1258 2123 die
1290 2083 1431 2137 aqua
1465 2066 1717 2122 ascendit
1744 2081 1813 2119 ex

232 2164 508 2232 baptismo
533 2162 804 2231 ejusmodi
829 2177 1123 2230 aquarum,
1157 2171 1219 2215 ut
1245 2176 1368 2229 quae
1401 2160 1454 2213 in
1481 2159 1811 2220 Trinitatem

232 2254 413 2309 Patris
461 2261 518 2306 et
561 2253 683 2306 Filii
723 2260 778 2305 et
815 2251 1058 2320 Spiritus
1099 2252 1275 2304 sancti
1322 2249 1601 2319 baptizata
1637 2247 1710 2302 sit
1757 2257 1814 2301 et

232 2344 552 2399 crediderit.
601 2342 774 2409 Quam
822 2343 1049 2412 quidem
1089 2359 1217 2396 cum
1253 2343 1399 2396 Deus
1443 2350 1700 2410 tanquam
1747 2357 1815 2394 ex

231 2437 417 2504 aliqua
472 2451 737 2503 aquarum
785 2434 995 2503 piscina
1049 2433 1354 2493 eduxisset,
1421 2432 1606 2486 statim
1655 2431 1816 2503 jubet

231 2531 382 2584 ferre
429 2529 662 2592 fructus,
716 2528 1116 2602 convenienter
1172 2527 1431 2596 Baptista:
1452 2525 1814 2594 Joanui,.qui

232 2623 304 2676 iis
324 2622 417 2692 qui
442 2622 861 2691 baptizabantur
889 2620 1241 2690 praecipiebat
1263 2628 1320 2673 et
1353 2619 1572 2673 dicebat
1599 2617 1816 2672 :Facitc

234 2716 433 2786 fructus
477 2716 660 2784 dignos
706 2716 1026 2784 pauitantia:
1066 2716 1112 2778 ¹;
1162 2713 1280 2783 ipse
1327 2728 1551 2784 quoque
1601 2711 1812 2775 dicens,

232 2808 500 2862 Germiuet
554 2817 696 2860 terra
734 2811 948 2860 herbam
991 2806 1117 2874 feni,
1155 2816 1202 2859 et
1240 2806 1441 2874 tignum
1483 2804 1816 2874 {ructiferum

231 2899 430 2968 faciens
452 2899 702 2968 fructum.
737 2899 1005 2953 Existimo
1054 2899 1284 2953 herbam
1317 2913 1440 2952 esse
1472 2906 1813 2966 peccatores,

230 2991 379 3061 ligna
428 2991 739 3052 fructifera,
763 2992 975 3060 justos;
1002 2990 1098 3044 Dei
1123 3006 1258 3045 voce
1284 2990 1446 3044 nobis
1471 2988 1815 3059 significante

1909 513 2176 577 minibus,
2212 528 2242 567 e
2288 521 2434 566 terra
2473 513 2658 582 genita
2699 521 2756 567 et
2799 511 3041 568 carnalis
3085 488 3372 581 genera\tio
3419 525 3485 563 ex

1910 605 2145 658 muliere
2182 621 2195 657 :
2232 604 2284 658 in
2335 605 2492 674 aquis
2521 611 2707 659 autem
2755 611 2986 674 propter
3018 602 3385 673 spiritualem,
3421 616 3488 655 ex

1911 698 2068 766 ipsis,
2098 697 2442 766 baptismatis
2483 697 2756 752 diversam
2787 696 3287 766 regenerationem,
3317 694 3486 748 dicit:

1910 789 2238 852 Producuut,
2288 788 2488 857 inquit,
2525 804 2679 858 aquw
2721 786 2932 856 reptilia
2968 787 3275 840 animarum
3315 787 3492 839 viven-

1911 881 2062 933 tium.
2101 879 2220 933 Alia
2261 879 2409 933 enim
2461 879 2746 948 egreditur
2792 877 2974 932 anima
3019 893 3087 932 ex
3127 877 3364 946 piscina,
3395 877 3490 945 qui

1910 972 2147 1033 sincere,
2174 985 2241 1024 ex
2281 971 2465 1024 animo
2498 978 2555 1024 et
2585 969 2754 1025 corde
2779 978 2864 1025 est
2887 970 3200 1040 baptizatus
3229 987 3244 1035 ;
3269 978 3357 1022 est
3385 969 3490 1022 alia

1912 1063 2095 1117 anima
2129 1061 2176 1116 is
2206 1062 2299 1131 qui
2339 1077 2464 1115 cum
2493 1061 2842 1116 dubitatione
2871 1061 3106 1116 accessit
3133 1061 3199 1115 ad
3228 1063 3490 1130 gratiam;

1912 1163 1965 1208 ct
2000 1154 2103 1207 alia
2138 1154 2320 1208 anima
2346 1154 2391 1207 is
2416 1153 2511 1221 qui
2539 1152 2802 1207 tentando
2825 1152 3060 1207 accessit
3080 1153 3148 1207 ad
3182 1167 3495 1207 sacramen-

1917 1255 2057 1310 tum,
2089 1256 2148 1300 ut
2186 1247 2377 1300 Simon
2426 1246 2631 1315 Magus,
2687 1243 2756 1299 de
2810 1260 2922 1314 quo
2967 1245 3176 1300 dictum
3228 1254 3313 1299 est
3343 1261 3355 1296 :
3384 1243 3493 1297 Ba-

1919 1342 2148 1410 ptizatus
2201 1348 2278 1392 est
2329 1339 2496 1392 etiam
2548 1335 2728 1392 Simon
2777 1335 2970 1407 Magus
3018 1337 3059 1400 ⁸,
3119 1345 3176 1390 et
3244 1334 3496 1390 ascendit

1913 1431 2092 1500 qualis
2125 1430 2413 1484 descendit
2450 1429 2599 1482 :hoc
2634 1438 2737 1491 est,
2776 1443 2890 1482 non
2921 1427 3285 1482 illuminatus.
3324 1426 3496 1480 Aliter

1912 1524 2060 1576 enim
2107 1521 2362 1586 aflicitur,
2427 1522 2482 1575 in
2526 1522 2594 1576 iis
2639 1521 2767 1575 dico
2825 1519 2920 1590 qui
2972 1519 3348 1588 baptizantur,
3401 1533 3498 1572 cor

1913 1614 2138 1683 gentilis
2183 1621 2238 1668 et
2271 1613 2516 1676 barbari,
2548 1612 2662 1682 qui‘
2685 1621 2770 1666 cst
2817 1611 3042 1664 omnino
3071 1610 3297 1680 ignarus
3333 1608 3496 1664 Chri-

1916 1705 2188 1760 stianismi
2232 1713 2289 1758 et
2335 1704 2750 1773 Seripturarum
2790 1702 2924 1768 Dei;
2957 1710 3012 1756 et
3054 1702 3164 1756 alio
3190 1701 3374 1755 animo
3404 1715 3496 1756 ac-

1915 1799 2064 1853 cedit
2098 1799 2144 1851 is
2173 1799 2266 1866 qui
2293 1807 2378 1851 est
2409 1798 2700 1852 institutus
2720 1805 2776 1851 et
2807 1795 3062 1850 initiatus
3089 1797 3145 1850 in
3180 1794 3498 1865 cognitione

1913 1901 1970 1945 et
2001 1891 2389 1959 intelligentia,
2435 1899 2492 1944 et
2541 1899 2800 1958 tanquam
2837 1889 2996 1958 prius
3043 1888 3387 1942 illuminatus
3441 1888 3496 1942 in

1914 1983 2121 2038 Christi
2150 1991 2515 2038 sacramento.
2540 1982 2694 2038 Unde
2723 1997 2940 2047 rursus,
2971 1997 3098 2036 cum
3129 1982 3460 2052 baptismate
3481 2022 3495 2046 ,

1915 2077 2256 2147 propheticis
2303 2075 2754 2140 charismatibus,
2813 2083 2868 2130 et
2922 2075 3150 2145 linguis,
3203 2084 3259 2130 et
3300 2073 3494 2145 signis,

1914 2179 1971 2223 et
2002 2167 2462 2239 pramotionibus,
2497 2167 2646 2237 digni
2675 2167 2852 2222 habiti
2884 2176 3011 2222 sunt
3043 2167 3295 2221 nonnulli
3332 2183 3399 2220 ex
3427 2167 3497 2222 iis

1916 2264 2010 2334 qui
2033 2261 2345 2332 cognitione
2371 2261 2666 2315 illuminati
2684 2261 3026 2315 accedebant
3045 2261 3112 2314 ad
3129 2261 3492 2330 baptismum,

1917 2355 2102 2409 statim
2150 2354 2330 2407 etl‘ecti
2386 2353 2456 2406 ab
2505 2353 2626 2407 aliis
2665 2352 2872 2407 diversi
2918 2361 2974 2407 et
3028 2352 3244 2406 mutati.
3286 2352 3496 2407 Novam

1917 2456 2100 2502 autem
2137 2447 2281 2500 hanc
2301 2445 2704 2515 baptizatorum
2743 2444 2811 2498 ad
2847 2460 2911 2499 ea
2947 2430 3074 2514 quae
3101 2452 3231 2499 sunt
3265 2445 3497 2499 meliora

1919 2537 2280 2591 mutationem
2307 2535 2625 2605 significans
2649 2534 2738 2588 Sol
2757 2534 3004 2605 justitiae,
3037 2533 3273 2588 mutavit
3297 2549 3495 2604 aquam

1919 2631 2108 2690 maris,
2157 2643 2278 2682 eam
2313 2627 2464 2681 intus
2494 2633 2552 2679 et
2575 2633 2733 2678 extra
2769 2625 2966 2678 salsam
3004 2624 3242 2679 reddens
3271 2639 3496 2693 :‘quan-

1917 2719 2214 2789 doquidcm
2254 2718 2332 2772 sal
2375 2728 2460 2771 est
2486 2716 2729 2771 Verbum
2762 2715 2882 2780 Dei,
2915 2716 3114 2770 tollens
3144 2730 3309 2769 omne
3341 2715 3498 2768 virus

1917 2819 1973 2864 et
2005 2825 2224 2864 onmem
2253 2809 2506 2862 faetorem
2543 2821 2858 2876 expurgans
2902 2815 2959 2860 et
3009 2805 3494 2875 putrefactionem,

1919 2918 2153 2971 corpora
2207 2900 2546 2964 custodiens,
2603 2899 2746 2955 cibis
2779 2898 3154 2960 benefaciens,
3209 2907 3267 2952 et
3301 2911 3497 2968 panem

1918 2994 2199 3074 caelestem
2244 2990 2463 3045 unicus.
2501 2990 2659 3046 Unde
2705 2998 2759 3045 et
2785 2989 3041 3044 Christus
3095 2989 3164 3043 iis
3193 2989 3498 3058 exprobrat

231 3083 381 3152 quod
420 3093 543 3152 post
593 3083 931 3152 baptismum
967 3083 1380 3152 generabuntur
1405 3081 1817 3168 quaulamiescaa
1844 3098 1886 3153 ο
1917 3088 2010 3156 qui
2039 3088 2119 3141 sal
2157 3085 2430 3156 ejusmodi
2478 3085 2532 3137 in
2581 3099 2639 3137 se
2673 3099 2782 3136 non
2815 3081 3025 3135 habent
3065 3088 3121 3135 et
3150 3079 3495 3134 custodiunt.

230 3189 494 3243 pecorum
551 3183 608 3229 et
689 3175 1020 3238 daemonum,
1077 3181 1134 3228 et
1169 3174 1310 3244 ignis
1357 3174 1586 3228 materia
1632 3169 1698 3226 e'x
1727 3189 1814 3226 so-

231 3265 416 3320 cordia
449 3281 513 3320 ac
559 3266 893 3336 negligentia
931 3275 1188 3334 tauquam
1225 3265 1375 3328 feno,
1433 3279 1542 3318 non
1570 3264 1676 3318 hoc
1706 3264 1815 3316 Dco

225 3358 476 3428 iubente,
526 3358 621 3412 sed
672 3359 820 3428 quod
872 3359 1122 3411 futurum
1165 3366 1287 3410 erat
1331 3355 1811 3424 praesigttiticante.

230 3449 492 3503 Nonnulli
536 3460 718 3504 autem
770 3460 1028 3518 tauquam
1068 3449 1124 3502 in
1184 3449 1505 3502 nemoribus
1549 3457 1606 3500 et
1640 3447 1816 3500 hortis

230 3541 474 3596 fructum
527 3543 789 3605 ferentes,
822 3542 992 3595 veluti
1042 3542 1096 3594 in
1137 3541 1304 3594 trium
1335 3540 1592 3592 arborum
1643 3539 1811 3606 ligno,

231 3634 660 3688 subinclinatam
696 3632 978 3686 habebunt
1008 3647 1230 3684 crucem
1256 3645 1420 3699 quam
1441 3630 1816 3698 complectan-

231 3735 342 3787 tur,
389 3739 512 3792 quze
540 3724 872 3792 germinavit
902 3739 968 3777 ex
1013 3724 1190 3777 tribus
1219 3724 1383 3793 lignis
1405 3741 1438 3789 ;~
1468 3723 1609 3777 bene
1665 3723 1816 3776 colo-

231 3827 410 3871 ratum
453 3815 826 3884 producentes
861 3815 1102 3870 fructum
1162 3816 1360 3870 anima:
1408 3815 1812 3870 sanctificatio-

229 3925 380 3971 nem,
413 3907 695 3962 Christum
720 3907 1091 3973 invocantem,
1127 3910 1224 3978 qui
1245 3909 1298 3962 in
1323 3910 1507 3962 crucis
1533 3925 1603 3962 ex
1633 3908 1813 3962 tribus

231 4003 529 4058 arboribus
570 4001 840 4056 confecta:
874 4001 1025 4071 ligno
1055 4001 1391 4055 recubuerat
1416 4009 1474 4054 et
1497 3999 1814 4054 obdormie-

233 4106 336 4151 rat.
391 4097 551 4150 Forte
586 4094 736 4148 enim
764 4096 909 4148 sicut
934 4095 1099 4148 tertio
1141 4095 1253 4159 die,
1285 4092 1470 4148 herbae
1495 4103 1552 4150 ct
1585 4093 1813 4148 arbores

231 4188 510 4257 frugifera:
557 4195 686 4240 sunt
732 4195 893 4256 typus
919 4195 1270 4256 peccatorum
1301 4194 1357 4240 et
1392 4188 1702 4256 justorum;
1736 4186 1810 4240 ita

229 4279 397 4333 etiam
425 4279 476 4332 in
500 4279 696 4346 quinto
723 4278 813 4332 die
839 4280 1142 4348 proposito,
1168 4279 1350 4347 pisces
1379 4279 1604 4348 quidem
1633 4279 1727 4348 qui
1754 4279 1810 4333 in

232 4385 372 4439 aqua
419 4370 714 4439 tinguntur
753 4381 812 4425 et
846 4387 957 4424 non
999 4372 1316 4440 suscipiunt
1342 4387 1532 4424 auram
1564 4387 1666 4427 nec
1700 4372 1812 4441 spi-

1990 3180 2088 3234 Est
2142 3179 2392 3248 quadam
2426 3175 2776 3231 admirabilis
2814 3175 2956 3228 ratio
3003 3174 3058 3226 in
3088 3182 3286 3227 natura
3323 3187 3499 3242 aqua-

1916 3287 2060 3334 rum,
2115 3271 2276 3324 valde
2312 3269 2566 3340 apposita
2611 3277 2667 3322 et
2705 3266 3047 3321 conveniens
3087 3265 3491 3336 regenerationi

1914 3362 2283 3431 baptismatis,
2321 3377 2444 3432 qua:
2485 3360 2545 3413 fit
2594 3360 2714 3413 sine
2768 3357 2979 3413 Semine
3027 3365 3084 3413 et
3117 3357 3497 3429 corruptione.

1915 3453 2074 3516 Nam,
2111 3461 2173 3504 ut
2205 3453 2401 3506 dicunt
2448 3453 2542 3521 qui
2571 3460 2777 3506 norunt
2809 3451 3059 3521 piscandi
3103 3462 3302 3517 artem,
3333 3451 3500 3508 habet

1915 3542 2138 3612 quidem
2175 3543 2407 3612 piscium
2439 3553 2634 3598 natura
2668 3545 3038 3599 masculinum
3081 3554 3136 3599 et
3170 3543 3498 3599 femininum

1916 3648 2107 3688 sexum
2142 3644 2415 3697 natantes,
2449 3644 2505 3688 et
2539 3636 2688 3689 inter
2736 3651 2794 3690 se
2826 3652 2937 3690 non
2991 3639 3226 3702 coeunt;
3259 3637 3355 3691 sed
3381 3637 3500 3692 sine

1915 3728 2124 3781 semine
2165 3742 2241 3781 ex
2273 3743 2414 3796 aqua
2465 3737 2521 3782 et
2561 3729 2757 3797 spiritu
2785 3729 2957 3783 veluti
2991 3729 3244 3798 pariunt;
3273 3729 3500 3800 proprie

1913 3828 1968 3873 et
2005 3821 2123 3873 sine
2157 3819 2525 3882 dubitatione,
2553 3835 2622 3873 eo
2671 3820 2925 3889 exemplo
2953 3819 3297 3890 significante
3331 3820 3499 3888 spiri-

1916 3915 2120 3968 tualem
2141 3921 2206 3968 et
2253 3914 2371 3968 sine
2409 3914 2619 3968 semine
2647 3920 2898 3966 nostram
2930 3928 2997 3966 ex
3029 3927 3171 3982 aqua
3207 3921 3267 3967 et
3298 3912 3496 3982 spiritu

1913 4006 2352 4077 generationem,
2391 4005 2462 4060 de
2486 4021 2594 4074 qua
2623 4005 2832 4059 dictum
2877 4012 2961 4059 est
2988 4021 3002 4057 :
3030 4005 3147 4059 Non
3179 4021 3242 4058 ea:
3275 4009 3499 4077 sangui-

1914 4099 2084 4159 nibus,
2109 4114 2273 4167 neque
2301 4113 2364 4150 ex
2393 4097 2663 4150 voluntate
2687 4097 2809 4161 viri,
2832 4097 2924 4150 sed
2945 4112 3008 4150 ea:
3040 4095 3148 4149 Deo
3178 4099 3294 4151 nati
3315 4105 3436 4152 sunt
3456 4099 3495 4153 ⁵.

1912 4189 2110 4243 Dicunt
2141 4197 2327 4243 autem
2354 4197 2412 4243 et
2441 4188 2798 4251 testudinem,
2833 4204 2957 4258 quas
2978 4187 3206 4255 dicitur,
3232 4198 3288 4245 et
3311 4206 3501 4244 mure-

1913 4295 2038 4334 nam
2087 4280 2274 4334 eoire:
2320 4280 2416 4334 sed
2454 4278 2603 4348 quod
2643 4293 2830 4334 rarum
2876 4293 2983 4348 est,
3012 4296 3123 4335 non
3167 4289 3252 4336 est
3278 4282 3366 4336 lex
3400 4282 3500 4336 Ec-

1913 4370 2115 4425 clesiae.
2149 4371 2254 4425 Sed
2289 4371 2554 4440 quoniam
2585 4380 2821 4441 utraque
2854 4373 2971 4428 haec
3003 4374 3262 4429 animalia
3288 4376 3498 4432 marina

231 4469 356 4515 rant
395 4462 650 4530 spiritum
683 4463 777 4530 qui
823 4463 1000 4516 fertur
1041 4479 1211 4533 super
1252 4479 1472 4532 aquam,
1506 4474 1636 4519 sunt
1682 4480 1810 4534 pec-
1845 4441 1888 4496 θ
1918 4471 1974 4517 et
2001 4462 2282 4527 coeuntia,
2313 4464 2368 4517 in
2397 4471 2597 4518 terram
2625 4480 2692 4518 ex
2713 4465 2875 4532 aquis
2898 4466 3283 4536 egrediuntur,
3329 4467 3498 4521 vitam

229 4562 446 4608 calores
481 4555 576 4624 qui
616 4556 781 4610 etiam
835 4565 960 4624 post
1002 4557 1336 4626 baptismum
1373 4558 1429 4610 in
1461 4559 1806 4627 voluptatum

129 4644 135 4650 ’
228 4645 504 4716 profundo
534 4657 590 4700 et
622 4648 884 4702 fluctibus
916 4657 1265 4717 permanent,
1311 4660 1369 4704 et
1401 4650 1616 4718 peccati
1649 4651 1806 4706 virus

229 4751 340 4790 non
384 4737 784 4806 deposuerunt,
833 4756 1014 4810 neque
1063 4741 1246 4796 Solem
1294 4743 1521 4813 iustitiae
1580 4759 1811 4814 aspexe-

201 4835 382 4891 .runt,
435 4844 617 4898 neque
663 4831 779 4885 alas
807 4831 1077 4886 columba
1111 4833 1330 4903 (nempe
1364 4834 1612 4903 spiritus)
1653 4851 1810 4890 acce-

227 4928 470 4987 perunt;
517 4929 573 4975 et
616 4922 740 4976 ideo
791 4939 901 4977 non
937 4931 1170 4992 possunt
1207 4927 1431 4979 evolare
1486 4926 1540 4980 in
1578 4927 1802 4990 caelum,

227 5011 324 5065 sed
370 5022 758 5068 remanserunt
798 5016 1038 5085 reptilia,
1074 5026 1129 5070 et
1179 5032 1290 5071 non
1323 5026 1452 5072 sunt
1497 5017 1682 5072 effecti
1708 5034 1810 5072 vo-

226 5103 410 5158 lucres
453 5105 597 5160 sicut
645 5107 803 5175 justi.
849 5107 1096 5173 Quorum
1148 5109 1370 5178 quidem
1405 5110 1804 5164 virulentorum

231 5202 286 5251 et
333 5195 650 5251 ftetidorum
696 5200 929 5268 piscium
965 5217 1060 5255 rex
1107 5208 1213 5264 est,
1255 5217 1508 5270 magnum
1562 5202 1696 5256 illud
1749 5211 1806 5257 et

227 5285 527 5355 malignum
559 5298 738 5350 cetus,
774 5289 843 5344 de
881 5307 993 5359 quo
1032 5292 1178 5346 Deus
1201 5291 1338 5346 dicit
1373 5291 1514 5349 Jobo
1546 5310 1562 5344 :
1601 5293 1699 5347 llic
1728 5304 1802 5347 est

228 5391 320 5429 rea:
373 5379 609 5431 omnium
663 5381 754 5447 qui
803 5390 928 5434 sunt
981 5383 1036 5436 in
1080 5385 1234 5452 aquis
1282 5384 1324 5437 ².
1366 5383 1631 5439 Existimo
1669 5400 1803 5456 ergo

225 5468 372 5536 quod
395 5469 497 5524 hac
526 5470 594 5523 de
617 5487 802 5537 causa,
830 5472 882 5525 in
908 5475 1266 5542 generatione
1289 5475 1512 5542 quidem
1554 5476 1803 5530 animan-

232 5572 361 5612 tium
396 5573 465 5614 ex
489 5567 656 5626 terra,
688 5562 829 5618 Deus
861 5563 1001 5618 dixit
1035 5582 1046 5617 :
1085 5565 1352 5618 Producat
1381 5575 1528 5619 terra
1563 5568 1800 5620 animam

289 5672 333 5704 ’⁷
374 5673 513 5726 Psal.
552 5689 742 5733 rm.er
792 5680 876 5732 ‘3.

226 5757 336 5808 Vill,
389 5745 475 5796 13.
555 5749 570 5774 ³
618 5749 752 5800 Joan
805 5766 844 5813 ι,
893 5751 970 5804 15.
1047 5751 1067 5780 ⁸
1100 5751 1253 5806 Joan.
1309 5769 1418 5822 \‘lll,
1475 5755 1561 5808 ii.

954 5680 998 5710 ’⁸
1035 5679 1191 5734 .loan.
1243 5698 1331 5743 vn,
1371 5683 1457 5735 58.
1535 5684 1580 5714 θ’
1616 5683 1768 5738 Jbau.
1821 5699 1893 5745 ιν,
1937 5679 2025 5745 23,
2063 5680 2142 5733 Η.

1914 4551 2120 4621 degunt
2159 4552 2458 4620 ancipitem
2507 4561 2564 4606 et
2611 4568 2720 4608 non
2749 4536 2946 4609 vivunt
2985 4571 3136 4610 more
3181 4557 3497 4610 natatilinm

1914 4643 2300 4697 animantium.
2328 4641 2483 4696 Unde
2513 4658 2579 4696 ea
2611 4645 2833 4713 quidem
2861 4661 2983 4715 qua:
3009 4647 3216 4702 dicitur
3243 4661 3496 4711 murena,

1913 4751 1943 4790 e
1977 4739 2114 4790 mari
2137 4735 2428 4805 egrediens
2454 4736 2594 4802 coit,
2627 4747 2688 4792 ut
2715 4739 2894 4800 aiunt,
2928 4754 3055 4794 cum
3092 4752 3352 4809 serpente
3384 4754 3499 4793 ma-

1917 4829 2060 4883 rino.
2113 4829 2330 4884 Etenim
2384 4833 2706 4902 quicunque
2760 4833 2958 4887 nolunt
3017 4841 3229 4902 patrem
3291 4831 3499 4886 habere

1918 4919 2232 4982 Dominum,
2269 4931 2324 4974 et
2345 4931 2574 4974 matrem
2607 4921 2900 4990 piscinam,
2931 4922 3029 4976 sed
3062 4920 3185 4975 ficte
3215 4929 3274 4975 et
3323 4921 3498 4975 simu-

1916 5011 2047 5074 late,
2088 5017 2147 5064 ut
2192 5011 2403 5076 Simon,
2460 5013 2732 5066 accedunt
2782 5013 2851 5068 ad
2902 5012 3258 5083 baptismum,
3297 5011 3335 5066 ii
3389 5010 3496 5066 sibi

1915 5118 2111 5157 rursus
2159 5114 2369 5172 patrem
2413 5105 2700 5159 ascribunt
2745 5105 3026 5160 diabolum
3054 5105 3343 5175 antiquum
3375 5119 3494 5159 ser-

1913 5205 2154 5264 pentem,
2191 5202 2248 5248 et
2280 5195 2532 5260 audiunt,
2586 5196 2682 5250 Vos
2735 5213 2799 5250 ea:
2847 5204 2999 5266 patre
3047 5205 3234 5251 vestro
3285 5197 3494 5250 diabolo

1913 5288 2034 5340 estis
2065 5287 2107 5350 ⁵,
2138 5294 2193 5340 et
2223 5286 2498 5355 abnegant
2543 5302 2742 5356 aquam
2777 5289 3025 5358 piscina.
3056 5287 3177 5342 Non
3211 5288 3360 5342 enim
3392 5303 3524 5342 tta--

1911 5388 2143 5436 scuntur
2167 5379 2222 5433 in
2251 5393 2351 5445 ea;
2375 5387 2429 5433 et
2463 5380 2792 5435 accedentes
2830 5381 2884 5434 in
2913 5389 3139 5444 terram,
3173 5380 3491 5450 suscipiunt

1910 5473 2322 5542 generationem
2364 5485 2486 5540 qua
2520 5481 2608 5525 est
2644 5472 2992 5527 conversatio
3029 5481 3086 5527 et
3112 5471 3224 5526 vita
3265 5471 3492 5526 minime

1910 5565 2238 5629 illuminata,
2287 5580 2412 5618 nam
2449 5581 2617 5634 supra
2661 5581 2880 5636 aquam,
2928 5579 3038 5619 non
3069 5579 3236 5634 supra
3286 5572 3490 5618 terram

2230 5684 2244 5714 ¹
2291 5681 2479 5736 Matth.
2517 5699 2593 5750 ιη,
2655 5682 2708 5737 8.
2786 5683 2805 5714 ⁹
2841 5681 2945 5737 Job
3002 5698 3108 5747 xu,
3153 5682 3242 5736 25.
3325 5682 3486 5736 ‘.‘xct.
