4082 6290
464 249 571 317 919

1669 256 1733 316 ετ
1765 256 2167 318 ANASTASII
2207 256 2539 320 SINAITE

3634 249 3757 319 θρα

468 377 635 433 super
665 359 932 433 ferebatur
966 360 1220 435 Spiritus.
1269 363 1513 421 Testudo
1540 373 1748 431 autem,
1785 377 2045 438 tanquam
2079 374 2122 430 Α
2150 372 2247 440 qui
2270 370 2450 441 ipsum
2472 385 2664 425 rursus
2693 343 2976 424 evomunt.
3007 367 3114 425 Sed
3145 383 3256 423 non
3284 380 3416 423 eum
3457 365 3563 437 qui
3585 365 3745 437 prius

468 454 860 509 aversantibus
882 463 939 508 et
964 454 1398 511 abhorrentibus
1428 457 1606 525 aquis,
1642 457 1765 527 ejus
1800 458 2046 529 iniquam

466 561 535 598 cx
573 546 784 599 semine
816 555 872 603 et
913 546 1063 600 ﬂuxu
1100 542 1557 616 conceptionem,
1586 548 1641 602 in
1678 549 1822 604 hanc
1849 557 2049 605 terram

467 636 795 715 amandatur
830 645 886 690 et
920 637 1033 692 illic
1069 654 1171 692 ova
1220 639 1443 708 pariens
1474 656 1537 694 ea
1571 641 1835 707 occultat,
1875 642 1929 696 in
1965 651 2049 714 ty-

470 743 600 796 pum
631 743 821 783 eorum
862 729 958 797 qui
1006 744 1201 784 revera
1247 745 1314 784 ex
1346 746 1490 801 aqua
1540 732 1886 802 baptismatis
1918 749 2052 789 ena-

472 827 589 872 tant
633 834 732 888 per
762 820 965 889 ipsum,
1008 820 1345 876 intrinsecus
1404 830 1590 878 autem
1632 824 1815 880 adhuc
1869 826 2053 881 celant

472 910 777 980 improbam
807 911 1037 967 seminis
1085 914 1523 984 generationem,
1572 924 1630 970 et
1678 902 1906 986 propter
1945 917 2052 972 hu-

471 1016 693 1056 manum
735 1002 875 1057 forte
918 1003 1192 1079 pudorem
1228 1022 1351 1061 eam
1398 1006 1551 1061 foras
1600 1023 1713 1062 non
1765 1008 2051 1064 emittunt.

470 1094 643 1148 Nemo
674 1101 865 1149 autem
900 1094 1137 1150 irrideat
1173 1098 1423 1167 exempla
1463 1097 1531 1152 de
1578 1099 1860 1155 testudine
1888 1101 2055 1169 etpi-

470 1184 678 1248 scibus,
727 1187 975 1243 audiens
1008 1188 1252 1244 divinam
1288 1189 1656 1259 Scripturam,
1683 1201 1740 1247 ct
1778 1209 2051 1259 vermem,

469 1287 528 1333 ct
569 1289 886 1348 serpentem
927 1282 1368 1352 meum,‘880
1395 1288 1453 1336 et
1479 1282 1717 1347 leonem,
1753 1294 1811 1340 et
1843 1285 2054 1355 virgam

470 1372 759 1428 nominare
785 1370 1107 1429 Christum:
1141 1373 1237 1441 qui
1263 1372 1450 1429 omnia
1479 1384 1588 1429 tam
1619 1374 1830 1445 abjecta
1862 1384 1920 1431 et
1948 1376 2056 1431 mi-

472 1464 754 1531 serabilia,
791 1481 958 1535 quam
986 1465 1227 1533 maxima
1255 1465 1391 1521 fecit
1420 1467 1478 1521 in
1506 1467 1798 1538 sapientia.

542 1557 651 1613 Sed
701 1557 996 1613 redeamus
1025 1558 1095 1613 ad
1128 1559 1498 1628 propositum,
1548 1575 1742 1615 rursus
1778 1553 2058 1615 sumentes

472 1650 685 1705 dictum
710 1650 1049 1719 Mosaieum;
1086 1652 1224 1707 dicit
1245 1652 1416 1717 enim,
1450 1651 1521 1706 Et
1551 1652 1684 1706 dixit
1703 1651 1842 1709 Deus
1871 1666 1889 1704 :
1919 1651 2057 1708 Pro-

471 1743 672 1800 ducant
695 1759 850 1816 aqua
872 1745 1087 1816 reptilia
1124 1747 1436 1801 animarum
1459 1746 1747 1800 viventium
1773 1746 2061 1800 secundum

470 1837 876 1906 firmamentum
899 1838 1035 1892 caeli.
1056 1838 1127 1893 Et
1151 1839 1355 1909 factum
1384 1847 1460 1894 est
1487 1840 1581 1894 sic.
1607 1837 1855 1895 Collocat
1883 1839 2063 1909 pisces
2090 1882 2095 1887 .

472 1937 602 1983 ante
649 1928 928 1994 volucres,
973 1928 1167 1985 dicens
1199 1928 1364 1984 nobis
1396 1929 1545 1984 Deus
1583 1929 1736 1999 quod
1769 1928 2062 1999 reptilibus

472 2029 530 2076 et
573 2037 698 2092 quae
728 2023 882 2078 humi
936 2032 995 2078 ct
1035 2024 1092 2078 in
1130 2031 1278 2079 terra
1320 2032 1615 2080 versantur
1652 2024 1873 2088 animis,
1925 2022 2064 2097 ﬁunt
2091 2042 2104 2055 ~

472 2117 733 2171 volucres
779 2116 905 2187 caeli
967 2116 1222 2172 volantes
1272 2131 1441 2186 super
1495 2126 1702 2171 terram
1754 2115 2062 2170 secundum

475 2207 885 2263 firmamentum
935 2209 1097 2275 oculi;
1139 2218 1199 2264 et
1243 2208 1313 2264 ad
1370 2207 1736 2263 imitationem
1789 2206 2061 2273 omnium,

475 2294 820 2362 spiritualem
847 2297 1172 2368 angelorum
1198 2297 1503 2355 ostendunt
1525 2298 1714 2353 vitam.
1740 2297 2064 2370 Cujusmodi

475 2397 561 2442 cst
593 2387 684 2442 illa
719 2388 961 2444 volucris
986 2405 1112 2459 qua:
1156 2390 1368 2445 volavit
1398 2405 1572 2460 usque
1602 2390 1670 2445 ad
1699 2391 1922 2446 tertium
1955 2406 2065 2447 cm-

474 2479 589 2532 lum
614 2487 671 2535 et
694 2479 834 2535 dixit
857 2497 871 2534 :
898 2480 1099 2553 Nostra
1120 2491 1300 2537 autem
1320 2484 1649 2538 conversatio
1677 2486 1834 2538 estin
1858 2484 1998 2538 cazlis
2021 2484 2061 2536 ⁸.

478 2573 587 2629 Et:
631 2572 938 2629 Imitatores
979 2576 1085 2629 mei
1113 2575 1182 2630 de
1218 2584 1420 2633 caetero
1465 2585 1661 2643 estote,
1700 2577 1926 2632 sicut‘et
1972 2582 2065 2647 ego

479 2665 677 2721 Christi
719 2667 763 2719 '.
816 2667 1106 2733 Quomodo
1152 2676 1338 2722 autem
1405 2668 1627 2737 reptilia
1681 2678 1846 2724 vocat
1886 2668 2067 2738 pisces

478 2757 573 2826 qui
623 2755 829 2811 cadunt
873 2757 978 2810 sub
1020 2754 1481 2827 intelligentiam?
1509 2756 1725 2825 Repere
1759 2757 1907 2819 enim
1939 2772 2070 2826 pro-

480 2846 598 2918 prie
631 2846 838 2902 dicitur
888 2847 958 2903 de
1007 2847 1078 2902 iis
1127 2864 1251 2918 qua:
1286 2847 1588 2902 trahuntur
1616 2854 1673 2902 et
1704 2857 1936 2918 serpunt
1968 2864 2067 2918 per

480 2950 715 3006 terram,
752 2950 817 2997 ut
866 2956 1115 3010 serpens.
1162 2940 1282 3007 Quo
1326 2940 1389 2995 ﬁt
1453 2948 1516 2994 ut
1558 2940 1691 2996 hine
1729 2941 1809 2997 sic
1855 2943 2068 3012 perspi-

2152 464 2486 530 inﬂexibilis,
2535 463 2734 518 didicit
2785 463 2960 534 magis
3015 476 3138 517 esse
3170 461 3465 532 benignus,
3492 460 3744 515 clemens

2150 566 2206 610 et
2232 556 2547 610 misericors
2564 565 2693 625 post
2705 554 2939 610 Crucem
2968 567 3136 623 quam
3157 551 3453 622 ﬁgurabat,
3488 559 3548 606 et
3575 551 3743 606 trium

2150 649 2367 705 dierum
2407 649 2749 719 sepulturam
2776 663 2790 700 :
2820 646 3137 717 signiﬁcans
3184 661 3312 701 eum
3343 645 3440 715 qui
3474 645 3596 699 hate
3620 654 3746 698 erat

2148 754 2435 809 passurus,
2472 754 2574 808 pro
2607 738 2676 793 iis
2716 736 3062 792 intercedere
3097 735 3196 804 qui
3233 750 3362 790 eum
3400 733 3747 804 cruciﬁgunt

2153 838 2210 885 et
2253 831 2415 885 malis
2443 828 2709 884 alliciunt.
2738 828 3048 883 Puerorum
3080 840 3304 896 quoque
3335 824 3632 880 Canticum
3659 824 3748 878 in-

2154 924 2309 979 ducit
2350 925 2468 993 ipsa
2505 932 2626 979 cete
2674 923 2846 977 Deum
2873 920 3225 981 honorantia,
3265 933 3392 973 cum
3420 917 3560 973 dicit
3593 938 3610 971 ἑ
3639 916 3747 971 Be-

2155 1018 2397 1082 nedicitc,
2421 1027 2530 1071 cete
2577 1025 2629 1070 et
2685 1016 2865 1069 omnia
2908 1029 3029 1084 quae
3072 1020 3350 1066 mouentur
3396 1014 3455 1065 in
3515 1012 3668 1080 aquis
3695 1012 3746 1072 ’.

2157 1110 2408 1166 videntia
2452 1125 2551 1164 eos
2597 1108 2693 1178 qui
2738 1106 3046 1178 peccabant
3076 1105 3360 1174 suscipere
3390 1102 3748 1175 praedicatio-

2156 1216 2306 1264 nem,
2345 1207 2403 1254 et
2446 1201 2633 1255 statim
2678 1198 2903 1251 mutari.

2228 1289 2338 1344 Sed
2376 1304 2503 1345 cum
2543 1289 2613 1343 ad
2646 1289 2796 1343 hunc
2839 1288 3102 1343 dictionis
3151 1294 3471 1343 contextum
3502 1284 3749 1341 venisset

2160 1381 2434 1451 quispiam
2479 1396 2548 1435 ex
2574 1378 2818 1449 antiquis
2841 1379 3273 1449 expositoribus,
3304 1378 3506 1448 quaerit
3547 1392 3749 1448 quam-

2158 1475 2351 1533 obrem
2411 1473 2645 1543 imperat
2689 1473 2837 1527 Deus
2879 1481 3138 1542 tanquam
3179 1471 3461 1541 aliquibus
3489 1471 3638 1537 aliis,
3664 1470 3753 1527 eis

2155 1568 2358 1639 jubens
2377 1574 2433 1621 et
2456 1565 2647 1620 dicens
2677 1563 3132 1635 :Hultiplicentur
3155 1564 3434 1630 volucres;
3460 1579 3572 1618 non
3596 1562 3752 1618 enim

2162 1641 2229 1714 ad
2262 1657 2551 1713 volucrum
2584 1655 3104 1727 personamvdirigit
3136 1669 3469 1719 sermonem,
3503 1655 3652 1711 sicut
3678 1655 3752 1709 ad

2162 1748 2364 1819 pisces.
2411 1746 2463 1801 ls
2500 1754 2686 1800 autem
2731 1761 2859 1801 cum
2893 1745 3012 1801 haec
3048 1745 3367 1809 dubitasset
3392 1755 3452 1801 et
3492 1746 3750 1810 dixisset,

2162 1838 2388 1911 expauit
2440 1837 2589 1908 quod
2628 1852 2732 1893 nos
2771 1837 2904 1893 hinc
2946 1847 3205 1907 oporteat
3233 1838 3473 1904 discere,
3503 1837 3652 1908 quod
3682 1838 3757 1893 iis

2162 1931 2257 2001 qui
2295 1931 2666 2000 baptizantur,
2709 1936 2767 1984 et
2816 1928 2886 1983 iis
2920 1930 3157 1986 maxime
3200 1929 3298 1999 qui
3354 1929 3411 1983 in
3447 1929 3757 1985 virtutibus

2163 2024 2350 2080 effecti
2384 2031 2515 2080 sunt
2552 2023 2841 2088 volucres,
2891 2037 2923 2076 a
2949 2022 3064 2077 Deo
3097 2021 3302 2077 dantur
3338 2022 3515 2078 sancti
3545 2023 3755 2093 angeli,

2163 2119 2260 2189 qui
2287 2132 2483 2173 eorum
2526 2102 2719 2172 curam
2764 2123 2958 2187 gerant
2985 2124 3044 2170 et
3074 2115 3404 2185 provideant
3433 2116 3500 2170 ad
3546 2115 3760 2170 illumi-

2164 2211 2468 2266 nationcm.
2498 2210 2581 2265 Ad
2603 2224 2701 2265 eos
2730 2208 2879 2263 enim
2899 2208 3115 2279 iussum
3139 2206 3331 2278 dirigit
3351 2206 3521 2274 Deus,
3547 2207 3760 2279 jubeus

2164 2316 2221 2361 et
2253 2305 2444 2361 dicens
2474 2310 2537 2358 ut
2565 2302 3006 2372 multiplicemur
3047 2301 3336 2366 volucres;
3373 2299 3483 2355 hoc
3517 2310 3624 2364 est,
3652 2300 3758 2371 qui

2165 2395 2411 2450 ctelestia
2459 2394 2682 2462 sapiunt
2711 2400 2768 2446 et
2802 2391 3033 2447 obeunt.
3068 2391 3191 2461 Ipse
3225 2405 3451 2461 quoque
3481 2392 3759 2449 Dominus

2166 2486 2327 2540 nobis
2372 2484 2538 2540 ﬁdem
2581 2484 2734 2549 facit,
2783 2492 2840 2540 et
2865 2483 3035 2539 docet
3061 2483 3285 2554 angelos
3329 2499 3454 2539 esse
3489 2485 3754 2540 custodes

2165 2592 2359 2632 eorum
2377 2577 2472 2644 qui
2499 2575 2735 2631 credunt
2766 2576 2821 2629 in
2844 2576 3046 2645 ipsum.
3076 2574 3222 2629 Dicit
3241 2575 3392 2630 enim
3412 2575 3750 2646 quibusdam

2167 2667 2486 2722 inﬁdelibus
2515 2685 2529 2721 :
2569 2667 2752 2721 Videte
2779 2683 2845 2721 ne
2875 2666 3181 2734 despiciatis
3206 2683 3393 2752 ianum
3433 2682 3499 2721 ea:
3542 2666 3755 2737 pusillis
3782 2706 3790 2713 .

2167 2761 2282 2814 istis
2333 2760 2425 2830 qui
2448 2759 2666 2813 credunt
2694 2761 2751 2812 in
2776 2775 2877 2813 me.
2908 2758 3036 2813 Dico
3067 2760 3209 2832 enim
3235 2760 3379 2813 vobis
3406 2759 3547 2829 quod
3575 2756 3757 2830 angeli

2167 2868 2347 2906 eorum
2386 2860 2641 2921 perpetuo
2679 2852 2947 2922 aspiciunt
2974 2851 3163 2921 [aciem
3194 2849 3377 2905 Patris
3410 2854 3511 2905 mei
3544 2852 3633 2922 qui
3672 2858 3756 2905 est

2168 2942 2225 2995 in
2265 2941 2405 2996 c0315:
2436 2942 2501 2995 “.
2532 2942 2712 3012 Atque
2737 2942 3024 2997 sciendum
3051 2950 3137 2997 est
3156 2943 3384 3013 quidem
3414 2943 3565 3014 quod
3613 2943 3755 2997 nihil

480 3050 646 3090 cuum
677 3034 826 3104 quod
853 3034 1147 3104 aenigmata
1180 3032 1431 3102 loquitur
1460 3031 1530 3087 de
1560 3032 1919 3097 animalibus,
1939 3048 2064 3103 qua:
2091 3045 2134 3103 ο
2166 3049 2236 3088 ex
2280 3034 2349 3088 iis
2372 3048 2496 3103 quae
2536 3042 2667 3088 sunt
2698 3041 2882 3088 creata
2921 3048 3016 3087 sex
3043 3031 3264 3096 diebus,
3293 3033 3466 3087 Deum
3502 3032 3754 3087 invenie-

483 3127 799 3183 referuntur
825 3125 893 3181 ad
925 3125 1206 3181 homines.
1241 3124 1400 3181 Unde
1442 3123 1611 3181 etiam
1651 3123 1710 3179 in
1747 3123 1923 3179 libera
1966 3140 2063 3193 po-

484 3226 680 3277 testate
709 3232 877 3287 quam
912 3218 1074 3285 (Deus
1097 3215 1251 3279 dedit
1279 3215 1527 3282 Adamo,-
1560 3224 1688 3271 ante
1716 3224 1912 3271 ett-tera
1942 3216 2063 3271 ani-

482 3311 691 3367 mantia
729 3317 787 3365 et
830 3325 1034 3380 pecora
1058 3309 1247 3379 posuit
1270 3308 1473 3377 pisces,
1521 3306 1752 3363 dicens:
1786 3305 1857 3363 Et
1900 3308 2068 3377 impe-

483 3413 602 3459 rate
649 3402 875 3474 piscibus
918 3402 1114 3470 maris;
1173 3401 1377 3457 deinde
1422 3399 1560 3455 dicit
1603 3416 1615 3453 :
1655 3399 1724 3454 Et
1770 3397 2065 3454 volucribus

485 3494 623 3562 caeli,
659 3504 708 3549 et
728 3494 968 3550 omnibus
1008 3495 1299 3566 pecoribus,
1332 3500 1383 3545 et
1418 3494 1680 3549 uniuersae
1711 3500 1889 3556 terrae,
1919 3500 1968 3545 et
1997 3493 2069 3553 iis

485 3604 602 3659 qua:
640 3595 852 3659 reptant
879 3604 1039 3658 super
1066 3588 1265 3658 ipsam.
1302 3585 1596 3642 lllis‘enim
1634 3591 1721 3639 est
1751 3584 2069 3639 dominatus

486 3688 545 3736 et
580 3681 874 3751 imperavit
923 3680 1201 3736 secundus
1227 3679 1423 3745 Adam,
1454 3694 1553 3748 per
1576 3693 1707 3733 suos
1729 3676 2064 3747 piscatores;

484 3775 740 3830 Christus
786 3790 1006 3845 nempe,
1062 3773 1173 3829 illis
1221 3774 1318 3843 qui
1369 3772 1637 3828 sedebant
1689 3769 1746 3823 in
1791 3766 2068 3838 profundo

490 3866 829 3938 ignorantiae,
884 3867 942 3921 in
974 3865 1218 3923 tenebris
1257 3873 1314 3921 et
1374 3865 1430 3919 in
1470 3863 1665 3919 umbra
1707 3860 1904 3917 mortis
1938 3874 2070 3932 gen-

489 3961 648 4027 tium,
681 3961 750 4017 in
774 3976 915 4030 quos
938 3975 1134 4016 omnes
1161 3958 1433 4031 regnavit,
1472 3966 1530 4014 et
1576 3971 1812 4027 quorum
1844 3969 1941 4010 rex
1964 3952 2070 4008 fuit

490 4053 546 4108 in
576 4037 737 4123 aquis
768 4053 1137 4124 baptismatis.
1590 4106 1595 4111 .

557 4146 629 4201 Et
662 4147 787 4216 fecit
812 4146 955 4201 Deus
978 4155 1087 4201 cete
1115 4162 1334 4215 magna,
1361 4151 1411 4199 et
1437 4158 1647 4199 omnem
1677 4142 1917 4195 animam
1944 4139 2067 4193 ani-

490 4238 719 4293 malium
757 4238 1028 4309 reptilium
1055 4256 1173 4310 qua:
1204 4239 1570 4310 produxerunt
1599 4252 1754 4307 aqua:
1782 4234 2069 4291 secundum

487 4350 589 4387 sua
628 4349 847 4402 genera,
897 4340 947 4385 et
984 4349 1193 4387 omnem
1224 4331 1488 4387 uolucrem
1539 4329 1746 4384 alatam
1783 4326 2070 4382 secundum

2172 3139 2295 3179 mus
2327 3124 2679 3195 benedixisse
2708 3123 2815 3177 nisi
2854 3121 3135 3178 hominem
3177 3132 3234 3178 et
3272 3139 3406 3193 qua:
3445 3132 3573 3179 nata
3621 3132 3751 3179 sunt

2170 3240 2238 3278 ex
2280 3224 2458 3293 aquis.
2514 3222 2884 3288 Quamobrem
2937 3220 3222 3276 ab'initio
3259 3220 3483 3291 quando
3531 3220 3757 3275 fuerunt

2171 3316 2374 3386 genita,
2399 3314 2728 3384 implebalur
2749 3313 3135 3383 prepheticum
3172 3312 3455 3382 eloquium
3486 3311 3643 3381 quoa
3666 3310 3754 3366 di;

2171 3406 2250 3460 cit
2282 3423 2295 3459 :
2330 3405 2445 3459 νοω
2467 3404 2684 3458 Domini
2725 3420 2887 3475 super
2915 3420 3085 3474 aquas
3117 3406 3183 3468 υ,
3221 3419 3343 3474 quae
3376 3404 3447 3457 ab
3477 3404 3597 3473 ipso
3626 3411 3755 3458 ante

2171 3498 2357 3553 omnia
2385 3497 2610 3552 fuerunt
2640 3480 3053 3561 benedicttepet
3092 3510 3158 3550 ea
3190 3495 3260 3551 de
3289 3509 3456 3550 causa
3490 3506 3667 3564 usque
3696 3494 3751 3548 in

2172 3589 2503 3645 hodiernum
2538 3588 2709 3652 diem,
2762 3595 2819 3642 et
2868 3602 3046 3656 usque
3095 3586 3163 3640 ad
3214 3586 3753 3640 consummationem

2173 3682 2379 3748 saeculi,
2427 3678 2639 3751 absque
2668 3680 2880 3736 semine
2905 3679 3119 3734 animas
3157 3684 3426 3750 generant
3452 3677 3752 3732 multorum

2172 3773 2393 3844 quidem
2416 3774 2669 3844 piscium,
2689 3786 2993 3842 paucarum
3018 3778 3200 3825 autem
3222 3770 3753 3838 volucrumynempe

2173 3873 2673 3937 ortygometrarum
2704 3874 2764 3919 et
2803 3863 3062 3931 aliarum,
3109 3879 3179 3918 ex
3227 3861 3432 3931 quibus
3465 3852 3598 3916 olim
3649 3877 3755 3916 nu-

2176 3959 2337 4013 tritus
2368 3958 2473 4012 fuit
2513 3957 2704 4012 Israel.
2734 3958 2807 4012 Et
2832 3956 2979 4012 forte
3021 3956 3282 4026 quoniam
3310 3955 3471 4010 valde
3522 3955 3755 4026 exiguus

2174 4052 2395 4107 futurus
2422 4059 2546 4106 erat
2586 4065 2853 4113 numerus
2890 4064 3084 4105 earum
3120 4047 3430 4115 volucrum,
3452 4049 3748 4118 justorum,
3842 4092 3845 4093 ν

2174 4143 2419 4213 inquam,
2447 4157 2514 4197 ea
2543 4140 2613 4195 de
2657 4155 2823 4195 causa
2869 4154 3062 4194 earum
3106 4154 3296 4193 curam
3344 4138 3520 4209 magis
3560 4153 3752 4209 gerens

2175 4236 2322 4290 Deus
2349 4274 2377 4309 ,η
2401 4233 2559 4303 jubet
2616 4232 2824 4287 sanctis
2885 4230 3095 4301 angelis
3148 4229 3244 4299 qui
3298 4244 3497 4284 curam
3558 4238 3756 4299 gerunt

2176 4327 2456 4382 terrestris
2496 4333 2783 4381 creatum.
2840 4323 3082 4378 Volucres
3138 4323 3560 4394 multiplicemur
3598 4338 3755 4394 super

489 4439 652 4494 genus
681 4440 857 4478 suum.
892 4423 961 4477 Et
989 4424 1118 4478 vidit
1142 4423 1284 4477 Deus
1306 4422 1444 4493 quod
1478 4420 1790 4491 pulchra,et
1807 4417 2069 4472 benediasit
2099 4404 2395 4483 D'terram,
2420 4434 2545 4488 quae
2567 4434 2634 4474 ex
2659 4415 2816 4487 aquis
2841 4423 2974 4471 sunt
2991 4423 3264 4486 generatae
3283 4415 3367 4469 vel
3392 4414 3578 4484 potius
3600 4428 3759 4484 rege—

490 4534 555 4572 ea
601 4516 745 4571 Deus
777 4516 957 4570 dicens
998 4533 1016 4569 :
1056 4514 1283 4570 Crescite
1332 4521 1383 4567 et
1430 4510 1883 4583 multiplicamini,
1913 4517 1963 4562 et
1987 4525 2071 4562 re-

491 4606 629 4678 plete
658 4624 827 4678 aquas
856 4607 910 4661 in
951 4609 1109 4671 mari,
1141 4615 1190 4660 et
1206 4606 1440 4661 uolucres
1466 4602 1878 4674 multiplicemur
1905 4618 2069 4671 supra

492 4713 715 4755 terram.
765 4697 933 4756 lubet
971 4698 1098 4753 ﬁeri
1140 4714 1336 4769 magna
1366 4705 1528 4753 cete:
1570 4710 1768 4765 nempe
1798 4693 1896 4749 Dei
1928 4709 2072 4764 pra-

491 4794 771 4850 alicatores
817 4791 1117 4862 apostolos,
1164 4789 1261 4859 qui
1314 4788 1792 4844 eonturbaverunt
1845 4784 2071 4857 quidem

492 4898 690 4953 aquam
747 4881 938 4948 maris,
996 4887 1059 4934 ut
1100 4879 1158 4933 in
1198 4879 1336 4935 Jona
1379 4878 1594 4933 factum
1617 4885 1702 4932 est
1740 4891 1840 4947 per
1890 4885 2066 4931 cetus.

492 4976 644 5043 Quos
680 4975 869 5040 etiam,
903 4988 1082 5043 equos
1124 4971 1355 5043 mystice
1407 4970 1548 5025 dixit
1593 4970 1853 5025 Habaeuc
1899 4970 1942 5033 ⁸,
1974 4966 2071 5038 qui

494 5085 646 5126 mare
677 5067 869 5125 mundi
902 5066 1321 5139 perturbarunt,
1355 5073 1414 5127 et,
1448 5065 1546 5135 qui
1584 5064 1754 5120 etiam
1788 5063 2073 5135 (tanquam

493 5160 538 5213 si
576 5169 696 5217 cete
736 5159 945 5229 essent)
984 5158 1227 5223 verbumj
1266 5157 1611 5213 devorarunt
1650 5154 2071 5225 propheticum;

495 5266 693 5322 nempe
740 5250 1093 5322 peccantium
1137 5248 1559 5321 paenitentiam,
1582 5256 1639 5302 et
1668 5247 1914 5316 ipsorum
1941 5260 2072 5316 pro-

498 5341 647 5397 tinus
697 5342 1265 5398 commiserationem.
1310 5340 1432 5396 Non
1489 5339 1696 5408 excipit
1751 5338 1900 5392 enim
1944 5352 2081 5393 eum

497 5433 593 5500 qui
626 5434 791 5489 simul
836 5444 896 5490 et
940 5441 1210 5498 mutatur,
1251 5439 1309 5487 et
1351 5431 1453 5486 cui:
1493 5431 1658 5485 simul
1702 5429 2072 5493 eondonatur,

497 5521 605 5579 nisi
652 5522 821 5578 etiam
870 5523 1128 5593 conjiciat
1156 5522 1213 5577 in
1259 5519 1617 5592 gravissimos
1642 5519 1951 5598 compedes
1977 5533 2076 5575 eos

568 5642 590 5672 ⁸
626 5638 848 5709 Philipp
898 5652 995 5707 ιιι,
1037 5636 1129 5695 20.
1208 5638 1226 5668 ⁷
1258 5636 1280 5692 l
1313 5635 1440 5692 Cor.
1483 5652 1555 5702 tv,
1604 5635 1685 5692 16a

731 5711 760 5733 η

504 5726 689 5781 xxvm,
731 5726 782 5765 ξ».

1761 5632 2004 5691 “Hahae.
2054 5650 2132 5704 ιιι,
2164 5634 2248 5689 l5.
2332 5636 2504 5691 'Dan.
2545 5651 2621 5704 ιιι,
2658 5636 2746 5697 79.

2173 4518 2397 4576 neralaa,
2425 4518 2480 4564 et
2503 4507 2714 4579 peccati
2736 4507 2889 4562 virus
2912 4523 2977 4562 ac
3000 4498 3251 4562 fictorem
3276 4506 3389 4565 illic
3411 4504 3716 4575 deposuere
3733 4519 3756 4569 ;‘

2174 4611 2231 4657 et
2264 4600 2329 4655 ad
2363 4601 2564 4659 coelum
2598 4599 2865 4654 evolanta
2893 4597 3055 4652 ﬂuxis
3074 4608 3131 4652 et
3156 4595 3520 4652 tenebricosis
3541 4594 3753 4650 etmul-

2178 4696 2251 4750 tis
2287 4691 2706 4762 temPeStatibus
2751 4690 2971 4761 agitatis
3027 4689 3187 4759 aquis
3233 4689 3399 4759 hujus
3433 4685 3649 4750 mundi,
3685 4685 3751 4739 ad

2177 4803 2346 4858 aquas
2382 4801 2505 4856 qua:
2533 4788 2667 4839 sunt
2707 4783 2880 4838 ﬁrmat
2905 4798 2971 4838 ac
2999 4782 3227 4837 stabiles
3263 4790 3320 4836 et
3350 4780 3675 4851 tranquillae,
3699 4788 3753 4833 et

2175 4882 2344 4939 nullis
2383 4895 2666 4936 concussa
2718 4878 3000 4940 ﬂuctibus,
3055 4875 3112 4929 in
3154 4873 3392 4929 excelsis
3424 4887 3525 4942 per
3573 4885 3749 4925 aerem

2179 4970 2551 5041 ingredientes
2574 4969 2667 5023 ubi
2690 4975 2777 5023 est
2809 4966 2955 5022 situs
2974 4964 3064 5020 Sol
3079 4964 3330 5034 justitiaz,
3349 4971 3405 5017 et
3419 4963 3539 5033 ejus
3557 4961 3753 5031 conjux

2179 5062 2310 5119 luna
2346 5076 2566 5131 semper
2596 5059 2907 5114 illuminata
2933 5056 3256 5127 requiescit,
3287 5063 3345 5123 et
3374 5050 3591 5109 ratione
3622 5065 3756 5122 prte-

2180 5148 2310 5209 ditse
2347 5153 2520 5209 stellae
2570 5150 2784 5208 cmlesti
2810 5149 3024 5204 lumine
3052 5148 3247 5204 orbem
3285 5155 3448 5202 terra:
3476 5143 3754 5199 deducunt

2179 5255 2237 5302 et
2260 5246 2561 5311 illustrant,
2583 5253 2638 5299 et
2657 5259 2800 5314 aqua
2828 5240 3129 5314 Spiritualis
3149 5255 3273 5310 quae
3292 5245 3377 5294 est
3406 5252 3573 5307 supra
3593 5234 3754 5290 caelos

2181 5336 2388 5408 absque
2412 5337 2633 5392 silentio
2654 5335 2844 5391 laudat
2861 5350 3062 5390 nomen
3084 5332 3324 5389 Domini.
3358 5328 3525 5385 Multa
3547 5335 3606 5384 et
3636 5341 3755 5397 pro-

2182 5426 2349 5482 funda
2395 5426 2465 5482 de
2496 5428 2655 5498 aquis
2703 5427 2885 5482 oratio
2916 5425 3279 5481 annuntiatur
3308 5424 3369 5477 in
3407 5420 3591 5476 divina
3616 5419 3754 5475 Scri-

2182 5530 2344 5590 ptura
2366 5521 2682 5587 creationis,
2716 5534 2839 5591 quae
2862 5519 3077 5590 aliquot
3100 5516 3338 5584 saeculis,
3368 5523 3425 5570 et
3445 5511 3754 5570 cinlestibus

2854 5638 2905 5669 ·¹⁰
2946 5633 3136 5690 Matth.
3178 5647 3331 5699 xvtu,
3361 5630 3447 5688 10.
3529 5628 3568 5661 ¹¹
3614 5627 3751 5688 Psal.
