4082 6290
314 299 427 372 921

1421 312 1503 375 IN
1545 313 2095 376 ΠΕΧΑΕΜΕΗΟΝ.
2123 342 2191 353 --
2211 318 2360 378 LIB.
2380 319 2481 382 VI.

3483 312 3587 377 922

312 426 540 481 naturis
560 441 627 482 ac
660 426 940 483 mentibus
969 442 1110 498 opus
1139 428 1305 485 habet
1328 429 1396 486 ad
1426 440 1671 502 apertam
1701 447 1894 487 eorum
1929 439 1969 491 Δ
2001 449 2199 504 nempe
2234 434 2458 504 penitus
2499 436 2688 493 divisae
2716 451 2746 491 a
2777 444 2964 492 saneta
2990 435 3285 492 'l'rinitate.
3328 436 3584 494 Fortasse

314 533 447 589 quae
485 518 867 589 significantur
904 522 1458 591 comprehensionem
1483 531 1541 577 et
1576 504 1905 578 declaratio-

312 624 469 676 nem,
490 619 549 665 ut
567 608 916 666 considerate
935 620 992 666 et
1010 613 1148 667 citra
1172 613 1344 667 ullum
1364 627 1611 668 errorem
1633 614 1900 678 dicamus,

313 707 720 762 convenienter
763 706 868 776 ipsi
922 723 1118 762 eorum
1152 724 1276 778 quae
1330 716 1463 763 sunt
1508 708 1750 773 veritati,
1802 724 1903 778 per

312 812 483 869 quam
522 814 553 852 a
588 794 701 852 Deo
746 805 807 852 ut
855 806 1042 853 essent
1076 798 1217 853 facta
1250 806 1400 853 sunt.

386 887 636 954 Quanam
680 888 814 959 ergo
839 887 909 943 de
943 904 1106 943 causa
1138 890 1195 943 in
1222 905 1320 944 sex
1344 890 1564 945 dierum
1594 888 1900 956 creatione,

312 979 512 1035 relicta
542 987 628 1034 est
665 979 832 1034 tacita
859 987 916 1033 et
956 995 1158 1035 arcana
1189 996 1458 1050 aquarum
1505 981 1680 1045 ratio;
1733 988 1790 1035 et
1835 979 1904 1034 de

312 1073 522 1141 spiritu
566 1081 624 1126 et
655 1071 781 1141 igne
816 1071 958 1128 ratio
993 1086 1104 1126 non
1149 1079 1235 1128 est
1278 1073 1563 1127 enuntiata
1596 1088 1776 1143 neque
1805 1088 1906 1142 pu-

313 1160 524 1217 blicata
549 1160 832 1230 quomodo
857 1161 986 1216 caeli
1032 1162 1243 1217 ereatio
1277 1172 1334 1217 et
1371 1172 1552 1227 terrae,
1585 1172 1642 1217 et
1688 1165 1906 1233 planta-

315 1269 468 1318 rum,
502 1263 559 1309 et
587 1253 971 1317 luminarium,
1006 1262 1061 1309 et
1085 1255 1410 1309 hominum?
1432 1254 1576 1322 Quid
1609 1256 1757 1310 enim
1783 1266 1906 1311 erat

311 1343 543 1400 difﬁcile
585 1345 733 1412 quod
781 1344 1109 1415 prohiberet
1135 1345 1455 1402 Creatorem
1501 1346 1691 1403 dicere
1727 1365 1741 1401 :
1783 1348 1904 1403 Fiat

313 1453 503 1507 aqua;
553 1442 631 1500 et,
659 1435 783 1491 Fiat
831 1439 1005 1507 ignis;
1051 1439 1195 1493 sicut
1229 1439 1396 1509 jussit
1443 1440 1500 1494 in
1535 1442 1745 1511 reliqua
1776 1442 1904 1497 uni-

310 1542 479 1582 versa
520 1526 816 1582 creatura?
864 1527 973 1583 Sed
1004 1528 1243 1593 fortasse
1286 1545 1391 1586 nos
1419 1531 1683 1587 erudiens
1719 1532 1905 1588 divina

311 1619 605 1689 Scriptura
632 1627 875 1674 sanctam
904 1619 1234 1676 Trinitatem
1258 1635 1384 1676 esse
1412 1620 1739 1688 increatam,
1762 1621 1905 1677 inef-

310 1711 564 1779 fabilem,
596 1713 666 1769 de
689 1712 781 1769 his
809 1712 991 1768 tribus
1011 1713 1286 1769 creaturis
1316 1713 1538 1769 tacitam
1556 1721 1621 1768 .et
1645 1727 1901 1768 arcanam

312 1803 545 1874 reliquit
565 1804 856 1870 rationem,
885 1804 940 1860 in
960 1805 1124 1871 libro,
1144 1806 1392 1875 inquam,
1418 1804 1674 1860 Mosaico.
1700 1805 1902 1871 Quam-

311 1896 509 1952 obrem
556 1906 613 1952 et
667 1897 941 1968 ignemet
988 1912 1189 1967 aquam
1220 1905 1277 1953 et
1321 1897 1579 1967 spiritum
1634 1896 1903 1967 ﬁngentes

309 1988 520 2045 divinae
545 1987 868 2065 Scriptum,
901 1989 1205 2061 symbolice
1225 1989 1400 2045 Deum
1424 2002 1546 2046 esse
1574 1988 1898 2060 praedicant.

310 2080 467 2151 Ergo
504 2080 743 2149 etquod
784 2080 858 2135 sit
909 2080 1014 2137 sub
1058 2080 1209 2135 omni
1257 2089 1528 2136 creatura;
1564 2080 1622 2135 in
1666 2080 1899 2151 abyssis,

310 2170 579 2225 similiter
599 2170 769 2226 etiam
806 2180 1238 2241 superterram,
1269 2180 1327 2227 et
1355 2172 1617 2237 inoctelis,
1648 2182 1704 2227 et
1735 2187 1901 2242 supra

308 2262 490 2317 caelos
508 2301 524 2327 ,
556 2261 825 2318 docemur
865 2264 1044 2334 typice
1074 2263 1321 2319 divinam
1350 2263 1649 2319 essentiam
1671 2278 1794 2319 esse
1820 2264 1905 2318 in-

308 2355 818 2425 circumscriptam,
861 2363 918 2411 et
965 2370 1187 2411 omnem
1239 2356 1530 2411 continere
1566 2363 1899 2411 creaturam.

309 2446 476 2514 Quod
505 2448 730 2517 quidem
753 2462 947 2504 rursus
967 2447 1315 2519 signiﬁcatur
1339 2463 1408 2503 ex
1435 2462 1504 2501 eo
1525 2447 1675 2518 quod
1700 2455 1903 2503 ventus

309 2550 377 2596 et
410 2540 554 2611 ignis
581 2540 655 2595 sit
686 2540 1105 2611 inaspectabilis
1131 2549 1189 2597 et
1222 2540 1698 2601 incontrectabilis
1726 2540 1903 2595 subti-

309 2633 521 2702 lisque,
545 2640 602 2688 et
620 2649 819 2703 expers
836 2633 1101 2699 materiae,
1132 2642 1191 2688 et
1209 2633 1359 2687 omni
1389 2633 1604 2688 ratione
1625 2632 1898 2687 viviﬁcus.

388 2723 652 2778 Nonnulli
684 2731 871 2780 autem
903 2705 1325 2794 quadruplicem
1359 2738 1627 2794 aquarum
1666 2722 1896 2778 divisio-

308 2829 447 2869 nem
466 2854 482 2878 ,
506 2829 652 2879 eam,
678 2815 925 2885 inquam,
960 2830 1083 2885 quae
1113 2823 1198 2870 est
1225 2830 1393 2885 supra
1423 2815 1592 2871 coelos
1622 2823 1680 2869 et
1712 2815 1900 2869 ﬁrma-

313 2914 594 2972 mentum,
630 2907 780 2975 quod
818 2914 904 2965 est
947 2922 1015 2961 ex
1040 2904 1206 2977 aqua,
1241 2922 1550 2977 aquamque
1582 2915 1900 2963 terrestrem

308 3006 379 3051 et
404 2996 825 3051 subterraneam
861 3012 985 3066 quae
1006 3004 1093 3051 est
1123 2997 1414 3052 tenebrosa
1455 3006 1513 3052 et
1564 2998 1777 3062 ultima,
1812 2997 1901 3052 di-

2004 527 2150 582 enim
2185 530 2220 584 ii
2249 539 2377 585 sunt
2400 530 2673 585 vulnerati
2710 531 3147 587 immedicabiles
3177 531 3271 602 qui
3300 532 3357 586 in
3392 532 3585 588 inferis

2004 619 2288 676 dormiunt
2319 638 2573 677 somnum
2604 623 2834 693 peccati,
2880 638 3118 693 quorum
3156 623 3302 677 Deus
3333 638 3443 676 non
3471 638 3587 676 am-

2003 714 2150 782 plius
2192 714 2508 769 meminerit
2546 730 2792 784 unquam
2835 731 2940 769 nec
2971 714 3197 768 omnino
3220 754 3232 778 ,
3262 723 3316 767 et
3352 712 3459 782 ipsi
3496 730 3586 767 re-

2002 784 2145 871 pulsi
2194 812 2324 857 sunt
2353 819 2382 856 a
2420 818 2584 857 manu
2630 805 2752 873 ejus
2796 818 2901 857 nec
2931 812 3166 872 possunt
3203 817 3371 856 Stare.
3402 801 3587 855 Pisces

2003 904 2206 958 autem,
2241 894 2337 963 qui
2365 895 2585 964 quidem
2618 905 2747 951 sunt
2790 903 3107 965 peccatores
3138 912 3151 947 :
3195 901 3325 948 sunt
3360 892 3587 960 quidem

2002 987 2145 1041 lueis
2168 1002 2236 1040 ex
2263 996 2420 1055 parte
2448 987 2633 1056 aliqua
2656 987 2975 1058 participes,
2999 995 3059 1040 ut
3087 986 3180 1056 qui
3214 986 3323 1039 sint
3357 985 3413 1038 in
3444 986 3585 1039 mari

2003 1084 2060 1130 et
2093 1091 2201 1129 non
2231 1077 2290 1131 in
2314 1076 2452 1131 locis
2485 1077 2899 1132 subterraneis:
2935 1086 2991 1145 et
3022 1076 3148 1130 ideo
3179 1062 3349 1130 etiam
3374 1082 3586 1129 eonau-

2008 1177 2098 1222 tur
2133 1183 2297 1237 parva
2330 1185 2396 1223 ex
2419 1177 2575 1238 parte
2599 1169 2804 1223 imitari
2848 1169 3127 1232 volucres,
3162 1175 3222 1221 ut
3245 1165 3337 1236 qui
3374 1179 3589 1235 pennas

2005 1261 2244 1315 habeant
2279 1279 2291 1314 :
2330 1262 2436 1315 hoc
2473 1264 2577 1323 est,
2615 1277 2682 1315 ex
2725 1270 2881 1332 parte
2906 1261 3169 1330 pietatem
3199 1277 3212 1312 :
3243 1259 3390 1314 unde
3418 1258 3587 1313 etiam

2002 1351 2190 1403 volant
2236 1351 2291 1403 in
2343 1350 2504 1420 aquis
2537 1338 2798 1420 tanquam
2831 1351 3109 1406 volucres.
3157 1350 3235 1404 Ex
3285 1350 3355 1405 iis
3403 1358 3590 1405 autem

2003 1441 2173 1509 aliqui
2223 1442 2366 1496 vecti
2409 1456 2577 1511 super
2609 1457 2781 1510 aquas
2815 1452 2873 1496 et
2906 1449 3159 1496 natantes
3185 1483 3199 1506 ,
3244 1443 3415 1496 solem
3466 1440 3591 1496 ﬁxis

2003 1534 2283 1604 aspiciunt
2325 1536 2524 1590 oculis.
2557 1534 2661 1601 Qui
2692 1540 2822 1590 sunt
2850 1543 3037 1590 autem
3078 1550 3147 1590 ex
3174 1535 3241 1589 iis
3266 1534 3586 1604 nequiores,

2002 1634 2059 1681 et
2090 1627 2212 1696 plus
2247 1627 2453 1682 habent
2483 1627 2749 1692 materize,
2797 1641 2923 1681 eum
2955 1642 3065 1682 non
3094 1626 3204 1681 sint
3233 1624 3586 1694 squammati,

2005 1716 2217 1771 inferne
2260 1717 2465 1771 habent
2494 1726 2676 1771 ortum
2709 1732 2775 1772 ex
2799 1730 3022 1770 cmnosa
3051 1714 3316 1781 materia;
3346 1714 3437 1784 qui
3468 1712 3592 1782 qui-

2008 1808 2133 1863 dem
2161 1809 2297 1862 nihil
2345 1809 2567 1879 penitus
2589 1809 2797 1863 habent
2836 1808 3115 1861 bonorum
3155 1821 3412 1877 operum,
3444 1804 3590 1875 pigri

2008 1909 2067 1957 et
2081 1900 2302 1956 desides
2334 1909 2390 1955 et
2435 1900 2735 1955 dicilitcr
2764 1915 2823 1954 se
2854 1908 3140 1953 moventes
3172 1915 3185 1951 :
3218 1907 3274 1952 et
3307 1896 3467 1951 facile
3495 1911 3590 1950 ca-

2008 1994 2242 2064 piuntur
2270 1993 2338 2049 ad
2373 2001 2634 2059 mortem,
2661 2000 2718 2047 et
2739 1999 2870 2046 sunt
2898 1989 2967 2045 ad
3001 2005 3157 2045 esum
3192 1987 3366 2042 noxii.
3404 1987 3446 2040 A
3466 1985 3592 2056 qui-

2008 2086 2116 2142 bus
2150 2095 2204 2140 et
2234 2085 2518 2141 abstinere
2556 2092 2749 2139 etnon
2780 2082 3085 2146 abstinere,
3123 2095 3289 2135 verus
3312 2077 3586 2138 Israelita,

2007 2178 2103 2249 qui
2142 2170 2333 2233 sumus
2364 2193 2488 2242 nos,
2519 2178 2710 2251 jussus
2747 2184 2851 2231 est.
2887 2174 3015 2229 Haec
3053 2188 3156 2229 nos
3207 2172 3439 2242 quintus
3467 2169 3590 2225 dies

2009 2270 2173 2325 docet
2194 2269 2261 2341 de
2286 2269 2509 2324 Christo
2530 2278 2585 2323 et
2613 2267 2881 2331 Ecclesia,
2909 2266 3159 2338 symbols
3191 2274 3248 2319 et
3275 2254 3586 2334 aenigmata,

2008 2369 2137 2418 ante
2165 2361 2329 2416 nobis
2368 2360 2688 2431 signiﬁcans
2732 2359 3068 2430 principium
3127 2357 3474 2426 baptismatis
3530 2356 3588 2408 in

2008 2466 2120 2522 quo
2165 2451 2337 2506 creati
2378 2458 2510 2507 sunt
2536 2451 2784 2521 quinque
2833 2464 3031 2505 sensus
3071 2448 3328 2502 humanae
3356 2453 3586 2508 naturae.

2006 2541 2188 2607 visus,
2233 2541 2477 2607 auditus,
2508 2552 2722 2612 gustus,
2758 2540 3012 2602 olfactus,
3047 2548 3104 2593 et
3133 2547 3333 2593 tactus.
3363 2537 3421 2591 ln
3455 2536 3587 2600 hoc,

2007 2633 2226 2703 quinto,
2250 2631 2498 2701 inquam,
2530 2631 2621 2685 die
2644 2629 2852 2695 saeculi,
2886 2629 2942 2683 in
2969 2628 3268 2698 quinquies
3294 2626 3591 2681 millesimo

2007 2738 2155 2778 anno
2205 2723 2411 2777 factum
2440 2732 2526 2777 est
2555 2722 2723 2776 etiam
2752 2720 3035 2775 lavacrum
3085 2734 3113 2773 a
3157 2719 3453 2774 Salomone
3479 2715 3593 2771 ﬁlio

2007 2814 2203 2881 David,
2238 2817 2295 2870 in
2343 2816 2550 2885 templo
2592 2813 2689 2870 Dei
2729 2813 3149 2884 Hierosolymis,
3183 2812 3239 2865 in
3269 2819 3459 2880 typum
3495 2808 3594 2863 ba-

2006 2910 2286 2981 ptismatis
2332 2909 2597 2965 Ecclesia:
2643 2907 2850 2964 Christi
2901 2908 3022 2972 Dei,
3068 2905 3164 2959 ﬁlii
3202 2903 3393 2958 David.
3441 2901 3593 2968 Quo-

2006 3002 2175 3057 modo
2206 3001 2373 3057 etiam
2406 3015 2608 3054 rursus
2635 2999 2729 3052 illa
2752 2997 2930 3068 pelvis
2976 2996 3031 3050 in
3058 3009 3256 3066 magno
3284 2991 3591 3055 cmnaculo,

309 3096 459 3143 cum
488 3103 613 3143 esse
648 3095 837 3159 typum
883 3088 1418 3157 quamor‘ordinum
1449 3097 1773 3153 naturarum
1808 3104 1900 3142 ηδ-
1930 3124 1974 3184 C
2006 3095 2168 3165 881
2191 3094 2386 3164 quinto
2405 3092 2517 3158 die,
2549 3092 2862 3161 exemplum
2887 3089 3100 3144 habens
3122 3087 3385 3156 piscinae;
3424 3082 3599 3152 pedes

314 3180 474 3235 tione
496 3179 874 3248 praeditarum.
895 3180 1180 3249 Aquarum
1208 3178 1435 3248 quidem
1460 3194 1585 3245 quae
1621 3186 1708 3234 est
1736 3193 1901 3249 supra

312 3259 730 3327 ﬁrmamentum
753 3312 767 3336 ,
820 3286 942 3326 esse
982 3270 1279 3341 imaginem
1327 3271 1670 3326 Potestatum
1706 3285 1902 3341 super-

312 3362 629 3419 cmlcstium
667 3363 1124 3418 :.ﬁrmamentum
1158 3371 1363 3425 autem,
1397 3378 1601 3417 rursus-
1614 3377 1738 3417 esse
1760 3378 1904 3434 sym-

314 3455 513 3509 bolun
553 3463 869 3510 sanctorum
918 3455 1276 3509 luminarium
1323 3454 1551 3509 ordinis
1588 3454 1908 3509 hominum.

312 3546 564 3603 Diversa
607 3548 792 3601 autem
825 3554 1307 3616 aquae~terrestres
1343 3554 1474 3602 sunt
1503 3547 1627 3617 typi—
1654 3547 1905 3602 diversa-

313 3653 449 3693 rum
483 3640 736 3709 gentium
780 3649 1130 3695 terrenarum
1168 3647 1231 3694 et
1267 3654 1381 3693 non
1424 3639 1902 3705 convenientium,

312 3728 543 3799 ﬁdeque
598 3730 923 3787 divisarum.
975 3730 1140 3799 Aqua-
1173 3738 1359 3785 autem
1403 3731 1773 3785 subterranea
1821 3737 1911 3785 est

309 3820 634 3890 symbolum
679 3806 1036 3881 adversarum
1071 3821 1416 3876 Potestatum
1465 3836 1588 3891 quae
1610 3829 1742 3876 sunt
1785 3834 1910 3874 om-

307 3911 459 3969 nino
492 3921 817 3984 separataea
857 3914 1048 3968 divino
1076 3913 1225 3984 igne,
1270 3913 1507 3984 luceque
1556 3922 1618 3968 et
1664 3912 1904 3982 spiritu;

2007 3185 2407 3255 discipulorum
2426 3184 2664 3254 primum
2686 3180 2985 3251 baptizavit
3002 3195 3031 3233 a
3050 3177 3275 3233 Christo
3291 3193 3303 3228 :
3317 3186 3374 3229 et
3388 3172 3595 3227 deinde

2007 3276 2091 3332 eis
2120 3276 2275 3331 dedit
2307 3291 2512 3345 corpus
2542 3281 2601 3330 et
2629 3272 2956 3343 sanguinem
2988 3269 3043 3324 in
3087 3264 3591 3338 participationem,

2008 3368 2239 3437 quando
2260 3368 2435 3422 etiam;
2473 3365 2618 3421 facto
2651 3353 2988 3419 testamento
3011 3359 3264 3415 Christus
3299 3354 3590 3426 postridie,

2008 3466 2164 3514 sexto
2204 3458 2313 3519 die,
2364 3457 2517 3512 cruci
2576 3455 2770 3519 afﬁxus
2808 3454 2913 3509 fuit
2946 3453 3002 3507 in
3026 3442 3320 3520 Golgotha,
3351 3456 3406 3502 et
3429 3459 3590 3515 para-

2008 3549 2195 3604 disum
2238 3549 2439 3604 latroni
2466 3529 2706 3617 aper‘uit.
2750 3546 2831 3601 Ad
2875 3559 3038 3614 quem
3077 3557 3181 3597 nos
3208 3553 3453 3610 quoque,
3488 3551 3587 3592 sex

2006 3636 2247 3706 dierum,
2279 3649 2456 3703 sexto,
2489 3638 2712 3694 Christo
2733 3636 3046 3691 deducente
3076 3641 3132 3687 et
3156 3631 3398 3687 Verbum
3428 3626 3593 3682 nobis

2006 3730 2174 3784 dante
2205 3728 2261 3782 in
2295 3728 2582 3798 apertione
2617 3727 2733 3781 oris
2754 3724 2936 3779 nostri
2971 3721 3283 3776 veniemus.
3341 3719 3443 3775 Cui
3470 3717 3591 3789 glo-

2003 3822 2086 3875 ria
2121 3821 2179 3874 in
2214 3820 2422 3877 saecula-
2467 3818 2823 3873 sazculorum.
2856 3814 3055 3869 Amen.

332 4095 3555 4132 ________________________________________________._______._.

1493 4275 1846 4362 LIBER
1910 4272 2421 4361 SEXTUS.

1440 4484 1520 4526 BE
1554 4482 1754 4527 SEXTO
1799 4480 2003 4524 DIVIM
2032 4478 2289 4523 OPIFICII
2326 4478 2458 4522 DIE.

391 4769 499 4835 Qui
534 4781 605 4822 ex
625 4763 938 4835 tranquillis
969 4763 1244 4834 portubus
1264 4742 1341 4818 ad
1364 4778 1656 4834 aequoreos
1703 4777 1904 4819 cursus
1936 4766 1978 4821 ο
2007 4776 2113 4832 que
2138 4761 2355 4816 dierum
2398 4772 2624 4814 cursum
2664 4754 2927 4812 celeriter
2979 4753 3279 4824 peregerit,
3335 4751 3590 4821 pervenit

313 4857 548 4928 scaphis
574 4857 693 4911 vias
719 4855 962 4911 marinas
995 4854 1321 4922 conﬁciunt,
1352 4870 1478 4911 cum
1505 4854 1749 4925 aliquem
1773 4854 1908 4909 dex-

318 4963 475 5008 trum
518 4967 582 5006 ac
609 4949 918 5005 secundum
972 4958 1201 5002 ventum
1249 4947 1463 5004 fuerint
1511 4948 1721 5018 adepti,
1746 4955 1801 5003 et
1837 4945 1911 5001 ad

317 5043 585 5113 quintum
616 5049 672 5096 et
697 5032 1086 5094 sextum'diem
1106 5047 1294 5108 gratos
1323 5038 1642 5107 hilaresque
1676 5046 1733 5092 et
1748 5044 1911 5107 aptos

317 5133 528 5188 fluctus
550 5133 823 5186 habentes
844 5130 900 5183 in
925 5146 1113 5201 prora,
1131 5130 1480 5200 terribilique
1503 5144 1567 5184 ac
1590 5127 1910 5183 vehementi

316 5239 595 5294 aquarum
648 5224 861 5293 impetu
891 5238 1115 5294 gressus
1148 5224 1361 5278 celeres
1417 5228 1479 5276 et
1506 5235 1704 5275 cursus
1749 5219 1910 5275 navis

214 5368 221 5373 ,
316 5323 599 5384 peragunt
629 5330 642 5366 :
669 5312 1011 5381 quibusdam
1042 5311 1321 5381 plumbeis
1348 5319 1406 5366 et
1436 5309 1782 5381 gravissimis
1810 5308 1913 5363 bo-

314 5400 538 5459 Iidibus
572 5403 811 5471 probant
837 5410 896 5457 et
940 5401 1245 5471 exquirunt
1274 5415 1548 5470 aquarum
1608 5400 1908 5470 profunda,

315 5493 399 5549 de
425 5492 518 5547 die
542 5494 596 5548 in
620 5493 768 5549 diem
793 5509 862 5548 ex
890 5491 1550 5562 ineomprehensibilibus
1575 5500 1631 5547 et
1651 5490 1912 5545 ineﬁabi-

325 5582 484 5640 libus
502 5583 798 5655 profundis
814 5584 881 5639 ad
909 5584 1187 5639 levioraet
1208 5583 1264 5637 in
1285 5582 1581 5653 superﬁcie
1606 5583 1782 5653 magis
1808 5598 1911 5652 po-

327 5670 442 5727 sita
474 5673 771 5743 profunda,
827 5673 976 5728 etde
1025 5681 1229 5729 caetero
1282 5673 1351 5728 ad
1385 5674 1574 5730 littora
1622 5685 1913 5744 sperantes

324 5766 648 5838 pervenire.
678 5764 816 5823 Cum
833 5773 1017 5822 autem
1044 5765 1210 5837 hujus
1236 5766 1361 5822 libri
1389 5767 1592 5837 scapha
1614 5766 1722 5839 jam
1750 5767 1912 5837 quin-

2010 4853 2080 4907 ad
2115 4851 2353 4922 majores
2377 4864 2550 4918 aquas
2575 4855 2632 4902 et
2658 4844 3054 4915 profundiores
3081 4843 3255 4898 maris
3314 4840 3593 4912 gurgites,

2012 4944 2110 5015 qui
2152 4950 2283 4997 sunt
2331 4955 2525 4995 revera
2569 4937 2796 4993 obscuri
2848 4944 2907 4991 et
2963 4932 3587 5003 incomprehensibiles.

2008 5035 2379 5104 Quamobrem
2412 5030 2722 5087 ferventius
2755 5036 2841 5084 est
2876 5023 3503 5098 preeibus'excitandus
3533 5023 3592 5078 in

2008 5127 2224 5190 somnis
2255 5140 2422 5194 super
2438 5122 2726 5192 scapham,
2759 5129 2817 5176 et
2840 5121 2896 5175 in
2916 5116 3180 5173 cervicali
3207 5114 3410 5171 mentis
3436 5114 3595 5184 prin-

2010 5211 2228 5290 cipalis,
2263 5216 2622 5286 requiescens
2653 5214 2800 5268 Deus
2824 5212 3094 5275 Verbum,
3150 5208 3247 5279 qui
3272 5207 3592 5277 apprehen-

2011 5311 2090 5367 sis
2123 5310 2297 5365 clavis
2340 5307 2545 5363 mentis
2575 5316 2633 5361 et
2660 5306 2887 5376 linguae,
2927 5313 3190 5374 tanquam
3230 5301 3452 5356 duobus
3506 5308 3592 5354 te-

2012 5402 2274 5458 monibus
2303 5398 2560 5455 animalis
2582 5405 2787 5452 nostraa
2820 5396 3063 5466 scaphae,
3117 5393 3430 5450 contrarios
3461 5391 3591 5462 qui-

2011 5486 2137 5549 dem
2167 5491 2398 5562 spiritus
2419 5496 2477 5544 et
2506 5487 2906 5558 intelligentias
2930 5487 3207 5557 increpet,
3249 5500 3351 5541 suo
3400 5494 3587 5542 autem

2010 5582 2218 5637 lumine
2248 5578 2588 5650 profundum
2632 5578 2854 5646 (nempe
2902 5564 3303 5647 ignorantiam)
3333 5576 3588 5645 proposi-

2015 5683 2195 5730 tarum
2234 5686 2508 5742 aquarum
2530 5668 2829 5731 illuminet,
2852 5667 2922 5721 ad
2954 5667 3062 5722 hoc
3101 5682 3205 5721 una
3239 5668 3334 5722 DCt
3404 5662 3583 5735 insji-

2018 5766 2121 5822 rati
2152 5763 2488 5835 aspiciamus
2505 5770 2561 5819 et
2592 5760 2847 5818 dicamus
2881 5774 2896 5815 :
2930 5756 3173 5815 Carnem
3206 5758 3353 5813 Deus
3376 5756 3473 5827 qui
3497 5770 3587 5810 sa-
