3996 6296
533 275 651 338 923'

1722 281 1782 340 S.
1844 279 1944 339 AN
1949 269 2261 340 ASTASI'I‘
2281 276 2607 340 SINAITIE

3703 265 3882 374 Ωιι

539 386 878 460 pientissim‘e
920 401 980 448 et
1029 408 1195 463 supra
1235 393 1567 464 sapientiam
1631 395 1764 450 fecit
1807 396 1994 460 omnia
2031 394 2336 467 (inAlege
2399 404 2653 451 statuens
2731 393 2830 450 illa
2884 391 3064 446 multa
3131 403 3322 446 crassa
3391 395 3455 444 et
3517 385 3594 442 ad
3655 401 3814 442 cm-

539 483 724 552 primo
751 481 1041 554 dielueem
1063 483 1411 553 fabricatus),
1445 501 1556 539 non
1587 485 1774 539 statim
1796 485 1964 539 etiam
1984 499 2113 540 cum

539 591 607 628 eo
633 583 720 630 est
753 575 1060 649 fabricatus
1091 577 1275 630 omnia
1309 592 1431 646 quae
1461 585 1592 631 sunt
1623 592 1693 630 ex
1722 576 1868 640 luce,
1915 591 2114 646 nempe

539 665 876 720 luminaria:
910 665 1006 719 sed
1063 665 1132 720 iis
1184 667 1392 721 relictis
1417 683 1540 737 quae
1587 675 1722 722 sunt‘
1743 669 1955 725 exlnce
1985 684 2116 738 pro-

539 765 746 826 creata,
783 756 1078 810 transiitad
1103 773 1296 827 aquas,
1334 757 1478 812 facto
1509 775 1577 813 ex
1614 759 1696 814 eis
1734 758 2120 834 firmamento?

539 846 748 900 Deinde
776 859 902 901 cum
941 846 1151 901 fixisset
1185 847 1595 902 firmamentum
1617 889 1632 913 ,
1681 863 1750 904 ne
1773 849 1857 903 sic
1890 849 2118 919 quidem

538 937 802 1006 adimplet
829 947 1085 992 ornatum
1117 954 1308 994 eorum
1341 955 1465 1009 quze
1485 949 1616 994 sunt
1645 942 1701 995 in
1727 941 1847 1011 ipso
1877 941 2120 997 lumina-

539 1028 683 1082 rium
725 1045 738 1082 :
775 1029 870 1083 sed
901 1045 968 1084 eo
998 1046 1222 1100 quoque
1257 1032 1456 1086 relicto
1505 1032 1857 1103 imperfecto.
1922 1035 2121 1092 transit

540 1135 734 1176 rursus
763 1121 928 1175 tertio
953 1121 1042 1176 die
1067 1122 1135 1176 ad
1167 1137 1360 1192 aquas,
1387 1138 1480 1178 eas
1503 1139 1848 1195 congregans
1875 1142 1905 1179 a
1946 1133 2116 1181 terra.

538 1211 606 1268 Et
636 1229 832 1268 rursus
867 1229 992 1267 cum
1020 1229 1130 1268 non
1155 1213 1225 1268 ad
1253 1215 1479 1284 plenum
1535 1217 1859 1285 perfecisset
1897 1232 1963 1272 ea
2000 1232 2122 1287 qua;

537 1312 669 1356 sunt
701 1304 885 1374 genita
905 1321 973 1358 ex
991 1305 1150 1376 aquis
1170 1313 1227 1362 et
1264 1307 1321 1360 in
1364 1305 1546 1376 aquis,
1603 1323 1805 1378 nempe
1854 1308 2038 1378 pisces
2064 1317 2124 1364 et

538 1403 684 1460 rete,
713 1395 782 1451 iis
817 1413 1040 1466 quoque
1065 1398 1278 1454 relictis
1307 1387 1712 1470 semiperfeet-is
1740 1408 1797 1455 et
1829 1415 1940 1456 non
1969 1400 2125 1471 geni~

540 1483 767 1549 talibus,
803 1486 1024 1540 transiit
1050 1486 1118 1540 ad
1153 1495 1380 1548 terram,
1406 1486 1636 1542 dicens:
1668 1488 1942 1545 Germinet
1977 1499 2123 1555 terra

540 1577 758 1630 herbam
785 1586 833 1630 et
857 1576 1060 1646 lignum
1087 1576 1403 1648 frugiferum
1430 1578 1455 1631 .9
1495 1579 1575 1634 Eo
1606 1588 1788 1634 autem
1823 1579 1990 1648 facto,
2026 1597 2128 1636 cur

2215 487 2498 557 quendum
2541 496 2598 543 et
2656 483 2992 556 portandum
3037 480 3284 541 diﬁcilia
3314 487 3619 552 praecepta,
3690 494 3814 534 cum

2217 577 2442 633 acribus
2500 576 2668 632 minis
2720 583 2778 630 et
2837 571 3346 630 exsecrationibus.
3393 584 3497 640 pro
3525 569 3615 625 eis
3645 569 3814 624 cde-

2217 669 2384 725 stium
2407 668 2614 723 nullam
2651 666 2910 738 promisit
2953 663 3492 726 remunerationem,
3523 660 3630 716 sed
3691 676 3814 714 mu-

2218 777 2350 815 nera
2393 769 2635 826 terrena,
2670 759 3011 823 fertilitates,
3041 755 3443 825 etcorporales
3485 753 3814 816 felicitates,

2217 861 2275 908 et
2297 851 2421 908 latae
2443 860 2604 907 terrae
2632 851 3071 922 possessionem;
3103 857 3172 904 et
3208 863 3333 917 quae
3371 845 3692 901 interirent
3721 844 3814 899 bo-

2218 956 2444 1006 norum,
2475 940 2758 996 fructuum
2792 937 3230 1011 perceptionem.
3274 934 3419 990 Hinc
3476 942 3538 988 et
3587 944 3815 1003 propter

2219 1033 2358 1098 haec,
2391 1043 2595 1090 terram
2618 1033 2743 1104 jure
2783 1031 3146 1102 intelligimus
3169 1028 3438 1098 populum
3461 1025 3813 1090 Iudaeorum,

2220 1126 2387 1196 utqui
2417 1135 2641 1182 terrena
2653 1117 2850 1196 sapiat,
2879 1133 2938 1180 et
2953 1137 3070 1179 non
3099 1121 3303 1176 habeat
3319 1117 3813 1174 conversationem

2217 1217 2271 1272 in
2287 1216 2441 1274 cadis
2474 1216 2538 1270 ⁸³.
3000 1211 3008 1220 ’

2289 1309 2593 1380 Propterea
2623 1308 2741 1364 haec
2785 1323 2890 1364 nos
2921 1306 3130 1363 docens
3155 1304 3305 1361 Deus
3341 1302 3398 1358 in
3439 1318 3542 1358 sex
3588 1300 3811 1356 dierum

2220 1398 2414 1458 mundi
2436 1398 2745 1463 creatione,
2783 1413 2897 1456 non
2928 1397 3092 1453 simul
3117 1394 3358 1466 perfecit
3380 1388 3584 1464 ιιι-ὤς,
3611 1402 3672 1447 et
3693 1409 3814 1464 qua:

2221 1499 2346 1546 orta
2378 1499 2511 1546 sunt
2539 1507 2606 1546 ex
2641 1491 2804 1560 aquis
2835 1506 2849 1543 :
2874 1503 3057 1560 neque
3088 1501 3286 1542 rursus
3315 1486 3374 1541 in
3430 1500 3550 1540 uno
3579 1483 3680 1539 die
3707 1494 3816 1538 ter-

2223 1599 2342 1640 ram
2373 1583 2684 1644 exornavit.
2708 1589 2768 1637 et
2799 1595 3016 1651 quae:
3046 1594 3111 1634 ea
3134 1583 3539 1649 processerunt
3574 1575 3820 1630 animau-

542 1684 653 1722 non
668 1668 860 1723 statim
890 1668 1018 1726 facit
1050 1669 1215 1724 etiam
1246 1669 1551 1725 animantia
1584 1671 1738 1726 exire
1771 1688 1803 1728 θ
1857 1681 2034 1741 terra,
2065 1681 2123 1728 et
2159 1742 2172 1747 _
2223 1677 2302 1732 tia
2329 1685 2388 1732 et
2445 1676 2596 1747 ligna
2639 1674 2952 1730 fructifera.
2973 1671 3352 1740 Quamobrem
3389 1669 3532 1724 mihi
3592 1666 3817 1738 quidem

542 1763 708 1824 feras,
735 1771 790 1815 et
826 1761 1045 1830 reptilia
1079 1779 1091 1815 :
1131 1761 1228 1816 sed
1263 1761 1452 1818 sinens
1496 1762 1874 1832 imperfectam
1901 1779 2028 1834 quae
2059 1763 2123 1821 fit
2157 1742 2195 1796 Β
2227 1765 2449 1820 videtur
2479 1742 2632 1834 quod
2657 1764 2930 1828 coelestia,
2971 1761 3162 1816 divina
3183 1761 3309 1816 luce
3340 1769 3508 1814 antea
3535 1769 3714 1814 erant
3755 1759 3820 1812 il-

540 1869 607 1906 ex
642 1863 785 1908 terra
807 1853 1096 1918 fabricam,
1150 1871 1346 1910 rursus
1382 1855 1526 1910 redit
1579 1855 1650 1910 ad
1690 1857 2119 1923 ﬁrmamentum,

539 1955 598 2000 et
642 1945 772 2001 facit
800 1955 1001 2016 quarto
1032 1947 1122 2000 die
1156 1946 1345 2002 stellas
1377 1957 1435 2002 et
1487 1947 1598 2002 duo
1657 1948 1955 2004 luminaria
2008 1967 2022 2002 :
2067 1959 2124 2008 et

543 2039 696 2092 iiiinc
725 2054 919 2094 rursus
949 2040 1252 2093 revertitur
1281 2039 1349 2094 ad
1391 2055 1562 2108 aquas
1589 2040 1678 2095 die
1701 2041 1923 2110 quinto,
1953 2057 2022 2096 ex
2043 2043 2126 2100 eis

540 2125 786 2196 perfecta
822 2127 1056 2196 piscium
1085 2137 1141 2183 et
1171 2121 1461 2183 volueru'm
1493 2130 1894 2200 generatione?

615 2216 821 2273 Deinde
847 2218 926 2272 sic
949 2227 1106 2274 sexto
1153 2218 1245 2273 die
1274 2235 1532 2275 reversus
1562 2229 1650 2275 est
1677 2221 1745 2276 ad
1793 2230 2021 2288 terram,
2060 2220 2128 2276 iis

545 2311 788 2380 impletis
815 2327 940 2381 qua:
964 2321 1094 2366 sunt
1122 2327 1191 2366 ex
1218 2314 1333 2382 ipsa
1368 2331 1382 2368 :
1419 2327 1619 2382 nempe
1643 2313 2046 2378 animantibus,
2071 2321 2130 2369 et

537 2403 828 2474 jnmentis,
863 2413 919 2458 et
948 2405 1266 2474 reptilibus,
1299 2413 1355 2460 et
1383 2405 1538 2469 feris,
1578 2413 1632 2460 et
1659 2406 1908 2461 homine.

613 2495 735 2563 Quo
760 2495 1057 2552 fituthinc
1084 2499 1434 2565 ostendatur,
1481 2499 1695 2570 primos
1744 2500 1970 2570 quidem
2015 2508 2131 2556 tres

546 2603 670 2642 esse
695 2583 1146 2670 imperfectarum
1183 2598 1566 2644 creaturarum
1587 2600 1986 2662 susceptores:
2019 2599 2133 2647 tres

548 2687 732 2733 autem
763 2679 988 2752 ultimos
1015 2679 1239 2751 (nempe
1269 2691 1530 2752 quartum
1559 2692 1616 2738 et
1640 2684 1898 2753 quintum
1919 2692 1978 2740 et
2003 2700 2133 2740 sex-

554 2765 708 2837 tum)
744 2783 1044 2826 exornasse
1077 2779 1133 2826 et
1173 2771 1507 2842 adimplesse
1565 2773 1884 2828 universam
1937 2774 2134 2830 mundi

552 2865 889 2923 creaturam,
921 2875 1022 2930 per
1056 2861 1224 2916 trium
1259 2862 1478 2920 dierum
1498 2862 1781 2918 Christum
1823 2865 1920 2935 qui
1973 2865 2136 2932 dicit,

557 2950 725 3004 Hodie
751 2959 935 3006 εει-ναι
951 2953 1092 3020 facio
1135 2957 1310 3027 signa,
1335 2959 1490 3012 tertio
1537 2967 1713 3012 autent
1741 2960 1823 3012 die
1871 2958 2138 3036 perﬁciar,

2221 1857 2492 1912 luminata
2517 1871 2680 1910 zeum
2713 1863 2900 1910 autem
2927 1869 3096 1922 super
3119 1862 3326 1907 terram
3357 1851 3564 1920 fuisset
3587 1865 3822 1920 compo-

2223 1952 2364 2018 situs
2384 1931 2488 2006 .SoI
2513 1948 2614 2019 qui
2647 1947 3031 2018 intelligentia.
3057 1945 3371 2016 percipitur
3403 1945 3639 2015 (nempe
3661 1941 3819 1998 Chri-

2223 2041 2385 2110 stus)
2445 2050 2503 2096 et
2543 2027 2768 2096 sursum
2823 2045 3190 2107 assumptus,
3251 2021 3539 2106 supernus
3599 2049 3819 2104 quoque

2225 2133 2472 2190 mundus
2528 2133 2772 2202 amplius
2825 2131 2934 2202 fuit
2984 2128 3430 2202 illuminatusget
3479 2127 3818 2182 illustratus.

2225 2199 2777 2295 Congrucntervergo
2805 2199 3022 2290 iis-qua:
3059 2219 3220 2290 jussu
3254 2199 3399 2272 ﬁunt
3428 2215 3822 2272 exornationi-

2228 2319 2356 2384 bus,
2391 2326 2451 2372 et
2479 2316 2865 2387 spiritualibus
2888 2311 3232 2383 profectibus
3255 2310 3510 2366 caelestis
3541 2319 3600 2364 et
3647 2319 3822 2365 terre-

2231 2409 2363 2464 stris
2395 2417 2452 2462 et
2483 2406 2712 2461 marina:
2736 2413 3027 2469 creaturae,
3081 2400 3510 2472 intelligendum
3539 2410 3636 2455 est
3693 2398 3820 2470 Opi-

2233 2501 2390 2572 ﬁeem
2419 2500 2474 2554 in
2501 2514 2566 2553 ea
2599 2513 2724 2567 qua;
2757 2507 2888 2552 tunc
2934 2496 3040 2551 fuit
3086 2511 3184 2552 sex
3235 2493 3456 2550 dierum
3512 2493 3820 2554 creatione,

2233 2607 2385 2648 nunc
2409 2607 2479 2648 ex
2497 2600 2654 2660 parte
2675 2589 2914 2660 in‘aquls
2942 2587 3188 2658 operari,
3209 2585 3424 2641 deinde
3450 2585 3618 2640 abiis
3647 2593 3823 2640 trans-

2233 2688 2318 2743 ire
2357 2685 2424 2741 ad
2461 2685 2874 2740 firmamentum
2909 2690 3007 2736 :et
3059 2695 3254 2736 rursus
3275 2677 3528 2749 perfecte
3554 2686 3823 2732 exornato

2238 2779 2608 2841 firmamento,
2647 2775 2884 2831 transire
2915 2773 2986 2830 ad
3025 2781 3231 2832 terram
3266 2778 3366 2826 :et
3401 2785 3535 2826 eum
3584 2784 3656 2824 ea
3685 2776 3828 2824 esset

2239 2867 2649 2940 semiperfecta,
2682 2865 2988 2937 procedere
3027 2863 3096 2918 ad
3125 2876 3300 2932 aquas
3337 2879 3350 2914 :
3395 2859 3606 2914 deinde
3653 2859 3829 2929 perfe-

2242 2973 2329 3020 cte
2351 2963 2730 3019 absolventem
2755 2959 3188 3019 ﬁrmamentum,
3215 2963 3272 3010 et
3294 2952 3680 3008 Eeclesiarum
3701 2965 3830 3022 gen-

556 3041 850 3145 dominans
895 3045 1218 3100 caelestibus
1267 3046 1483 3102 ratione
1532 3049 1776 3122 praeditis
1829 3050 2027 3114 stellis,
2075 3060 2133 3106 et
2166 3084 2213 3145 α
2245 3057 2382 3112 tium
2432 3063 2610 3111 cintus
2651 3050 3094 3112 benedicentem,
3147 3057 3206 3103 et
3265 3053 3557 3117 postremo
3621 3053 3827 3098 ιθιτω

560 3137 924 3193 terrestribus
949 3151 1001 3194 et
1019 3140 1420 3196 subterraneis.
1461 3141 1692 3197 Plenum
1711 3144 1861 3199 enim
1899 3144 2006 3199 fuit
2027 3161 2139 3200 em-

559 3229 674 3281 lum
702 3237 758 3282 et
787 3239 932 3284 terra
957 3239 1013 3284 et
1062 3246 1214 3286 mare
1237 3231 1415 3302 gloria
1447 3234 1588 3304 ejus.
1628 3233 1861 3302 Quando
1893 3236 2042 3292 enim
2080 3237 2141 3292 il-

559 3320 703 3376 lusit
732 3322 896 3376 solet
936 3323 1092 3386 luna,
1120 3325 1308 3380 statim
1362 3336 1628 3382 exornata
1677 3337 1764 3385 est
1792 3340 1850 3386 et
1900 3339 2044 3386 terra
2085 3340 2142 3388 et

562 3428 735 3468 mare.
762 3411 896 3467 Nam
948 3423 1005 3469 et
1047 3425 1174 3472 ante
1207 3416 1526 3473 universam
1580 3429 1895 3476 creaturam
1953 3430 2140 3478 ente

558 3505 881 3576 concipitet
917 3517 1068 3564 creat
1097 3510 1356 3567 ccelestes
1398 3503 1458 3567 'e't
1501 3513 1785 3584 angelicas
1826 3515 2142 3572 Potestates

558 3611 681 3666 quae
717 3613 819 3652 nos
845 3597 1178 3655 illuminant.
1217 3599 1502 3658 Secundus
1542 3611 1730 3658 autem
1775 3614 2037 3674 procreat
2073 3619 2142 3660 ac

557 3697 789 3755 generat
815 3705 1082 3760 aquarum
1115 3693 1598 3763 congregationes,
1641 3710 1842 3765 nempe
1889 3696 2138 3766 gentium

557 3794 750 3848 aquas,
777 3795 901 3849 qua:
921 3780 1075 3850 prius
1097 3791 1259 3836 erant
1287 3781 1447 3839 fluxa:
1471 3792 1541 3842 .et
1566 3783 1876 3850 instabiles,
1909 3794 1966 3840 et
1995 3785 2138 3840 mul-

561 3869 632 3924 tis
659 3871 875 3942 agitatas
906 3871 1190 3940 ﬂuctibus,
1221 3886 1279 3928 et
1308 3875 1479 3930 celeri
1513 3891 1679 3930 cursu
1711 3876 2040 3947 ferebantur
2073 3877 2143 3931 ad

559 3961 955 4018 idololatriam.
1003 3964 1256 4022 Tertium
1311 3975 1502 4021 autem
1551 3983 1752 4022 rursus
1799 3967 2048 4022 visitavit
2084 3978 2142 4025 et

557 4055 704 4108 diem
753 4054 1020 4125 Spiritus,
1067 4057 1290 4126 quando
1345 4057 1592 4136 ingressa
1639 4059 1808 4113 fuerit
1852 4059 2142 4128 plenitudo

558 4147 828 4217 gentium.
861 4149 1124 4219 Respexit
1151 4151 1300 4205 enim
1334 4151 1476 4206 Deus
1501 4161 1788 4207 creaturas
1809 4153 2003 4206 mundi
2040 4154 2139 4208 :ad

559 4253 732 4306 aquas
755 4238 972 4294 Grazcas
995 4226 1214 4312 (nempe
1243 4241 1500 4316 gentiles)
1533 4243 1838 4299 ostendens
1855 4244 1938 4298 eis
1958 4245 2138 4299 lucem

559 4329 764 4385 divinae
800 4321 1138 4401 cognitionis
1186 4333 1244 4387 in
1274 4335 1456 4403 primo
1495 4335 1586 4389 die
1639 4333 1969 4390 szeculi.Sed
2020 4353 2140 4391 cum

2243 3163 2466 3220 quoque
2517 3145 2687 3202 Israel
2731 3151 3160 3219 convertentem
3225 3139 3288 3217 in
3340 3136 3828 3194 consummatione

2241 3243 2595 3304 saeculorum,
2634 3240 2689 3294 in
2717 3235 3064 3308 plenitudine
3095 3250 3193 3311 se:
3244 3233 3467 3289 dierum
3494 3227 3827 3286 ereationis.

2243 3335 2301 3391 Si
2319 3343 2508 3391 autem
2527 3331 2795 3395 auditori,
2813 3339 2880 3386 ut
2901 3329 3002 3404 qui
3023 3343 3136 3384 non
3157 3327 3233 3383 sit
3247 3325 3537 3397 mysteriis
3553 3325 3826 3385 initiatus.

2239 3443 2352 3484 non
2399 3427 2617 3496 placeat
2643 3422 2790 3494 quod
2829 3420 3038 3478 dicitur
3075 3437 3090 3474 :
3123 3416 3216 3472 die
3243 3415 3378 3470 mihi
3432 3425 3492 3470 tu
3540 3428 3714 3484 quam
3757 3412 3829 3468 ob

2241 3533 2486 3581 unum.
2519 3531 2647 3572 cum
2674 3515 2822 3570 Deus
2845 3527 2957 3568 non
3001 3509 3170 3566 simul
3193 3506 3448 3578 singulas
3495 3504 3830 3562 absolvisset

2242 3617 2552 3671 creaturas,
2577 3615 2712 3660 tunc
2735 3603 2937 3659 transit
2972 3601 3042 3656 ad
3080 3599 3286 3655 aliam:
3322 3595 3421 3652 sed
3467 3596 3719 3666 priorem
3745 3609 3830 3648 re-

2239 3703 2499 3771 linquens
2523 3695 2929 3768 imperfectam,
2960 3707 3160 3748 rursus
3217 3689 3390 3771 rediit
3417 3688 3490 3743 ad
3551 3686 3828 3757 priore!

2242 3769 2544 3848 Siniautem
2575 3788 2672 3844 tibi
2712 3786 2884 3851 fideli,
2921 3784 3030 3840 fide
3058 3783 3224 3854 digna
3257 3789 3314 3838 et
3353 3769 3688 3836 'credibilia
3749 3773 3828 3828 ri—

2240 3884 2446 3942 dentur
2469 3897 2593 3952 quae
2619 3881 2888 3938 dicuntur
2919 3895 2935 3928 :
2957 3877 3069 3932 huc
3099 3875 3308 3930 inclina
3335 3886 3528 3928 aurem
3559 3879 3740 3934 tuam,
3771 3876 3828 3922 et

2243 3975 2380 4030 mihi
2405 3973 2648 4027 animum
2677 3969 2905 4024 adverte
2938 3985 2951 4020 :
2983 3975 3048 4022 et
3094 3965 3313 4020 videbis
3367 3963 3422 4017 in
3472 3961 3663 4016 carnis
3703 3975 3826 4014 sus-

2242 4074 2415 4135 ceptae
2447 4063 2861 4133 dispensatione
2885 4061 3058 4115 Deum
3109 4057 3356 4113 Verbum
3413 4055 3618 4110 eodem
3661 4052 3828 4108 modo

2245 4174 2441 4214 novam
2485 4170 2709 4226 quoque
2757 4169 2916 4208 suam
2981 4161 3296 4207 creaturam
3357 4147 3747 4204 construxisse
3777 4154 3829 4200 et

2243 4249 2559 4320 perfecisse.
2589 4248 2664 4302 Iis
2693 4246 2841 4301 enim
2868 4244 2962 4314 qui
2993 4243 3052 4296 in
3082 4257 3142 4296 se
3177 4239 3607 4306 habentlueem
3641 4235 3831 4308 cogni-

2245 4342 2431 4404 tionis,
2474 4351 2557 4394 est
2593 4341 2786 4407 utique
2816 4334 3172 4422 perspicuum
3202 4331 3352 4403 quod
3379 4331 3610 4400 antiqua
3637 4327 3830 4384 mundi

560 4421 730 4477 Deum
753 4427 1134 4494 cognovissent,
1165 4443 1270 4480 non
1299 4429 1432 4480 sicut
1463 4426 1628 4480 Deum
1659 4427 2034 4497 gloriﬁcarunt
2070 4432 2134 4494 ”,
2169 4443 2214 4497 ι)
2240 4433 2450 4488 creatio
2481 4440 2605 4487 erat
2628 4421 3004 4491 adumbratio,
3031 4437 3224 4498 typum
3252 4424 3470 4479 habens
3523 4422 3829 4485 Ecclesia;

562 4523 624 4569 ut
661 4523 898 4571 testatur
922 4518 1144 4582 Paulus,
1187 4518 1382 4574 dicens
1426 4518 1577 4588 quod
1632 4519 1714 4572 ad-
1749 4509 2140 4589 argumentum

560 4608 658 4668 Dei
691 4607 1025 4678 cognitionis
1054 4607 1208 4662 dedit
1248 4609 1392 4662 Deus
1414 4609 1741 4678 sapientiam
1776 4609 1831 4662 in
1856 4607 2052 4677 initiis,
2087 4620 2144 4665 et

558 4699 934 4770 cognitionem
962 4701 1030 4755 de
1058 4701 1166 4756 situ
1200 4701 1347 4760 coeli.
1375 4708 1431 4754 et
1463 4699 1772 4766 stellarum,
1813 4710 1868 4755 et
1903 4702 2057 4768 solis,
2088 4714 2142 4759 et

563 4794 728 4859 lunre,
759 4801 815 4849 et
849 4793 1072 4864 plantis,
1099 4803 1156 4849 et
1190 4793 1546 4857 animalibus,
1581 4801 1637 4846 et
1701 4793 2055 4863 corporibus,
2085 4803 2143 4850 et

563 4873 1082 4956 figurisaQuoniam
1115 4903 1246 4960 ergo
1284 4903 1426 4956 aqua
1471 4869 1717 4958 gentium
1745 4903 1855 4956 non
1886 4889 2146 4958 cognovit

562 4980 852 5050 sapientia:
895 4981 1214 5037 effectorem
1246 5023 1261 5046 ,
1300 4983 1448 5036 Deus
1495 4997 1618 5037 eam
1677 4983 1998 5051 relinquens
2041 4982 2147 5036 im-

565 5072 866 5141 perfectam
897 5082 954 5128 et
987 5091 1099 5129 non
1153 5074 1476 5145 genitalem,
1529 5075 1768 5130 accessit
1807 5073 1878 5128 ad
1915 5082 2142 5139 terram,

567 5165 702 5219 dans
731 5181 830 5236 per
861 5165 1136 5221 Abraham
1169 5167 1384 5238 signum
1419 5165 1888 5222 circuntcisionis.
1939 5147 2145 5222 Etlideo

566 5254 732 5324 hujus
743 5257 882 5327 signi
905 5266 1180 5312 terrenam
1200 5257 1458 5328 promisit
1475 5255 1814 5323 mercedem,
1839 5265 1895 5310 et
1913 5257 2149 5312 Abrahze

567 5357 624 5400 et
673 5349 880 5412 lsraeli,
913 5349 1107 5420 dicens
1146 5367 1206 5406 se
1226 5351 1310 5406 eis
1333 5350 1471 5406 dare
1514 5351 1568 5406 in
1601 5348 2012 5420 possessionem
2039 5359 2149 5404 ter-

568 5453 688 5492 ram
741 5441 1017 5496 terrestris
1057 5442 1367 5496 Palaestina:
1427 5439 1835 5511 promissionis.
1878 5439 2148 5500 Similiter

569 5531 734 5585 etiam
763 5533 962 5602 p'ipnlo
999 5535 1298 5590 Israelitico
1323 5535 1417 5605 qui
1451 5535 1581 5590 esiit
1609 5551 1674 5588 ex
1705 5532 1965 5603 ngyptn,
1997 5535 2145 5588 Dens

647 5702 868 5760 "flent.
904 5721 938 5770 ι,
969 5704 1055 5757 2!.
1137 5711 1176 5736 ¹³
1212 5707 1444 5776 Philipp.
1473 5725 1549 5772 Ill,
1582 5710 1668 5763 20.
1752 5711 1786 5740 "’
1813 5711 1912 5763 Isa.
1969 5727 2038 5772 ix,
2082 5712 2124 5770 ι,
2159 5711 2191 5762 2

2246 4541 2432 4597 quam,
2465 4523 2510 4578 si
2525 4531 2614 4579 :ut
2641 4521 2936 4592 quemdam
2961 4519 3158 4573 orbem
3183 4527 3347 4572 terra:
3373 4530 3572 4572 creans
3593 4524 3654 4571 et
3701 4529 3834 4570 con-

2247 4627 2471 4673 struens
2528 4617 2676 4670 Deus
2721 4613 2988 4668 Verbum’
3029 4611 3197 4666 homo
3241 4609 3454 4670 factus,
3507 4605 3713 4675 incipit
3768 4619 3832 4660 ex

2248 4708 2409 4777 aquis
2429 4705 2752 4778 gentilibus,
2780 4711 2846 4757 ut
2868 4702 2964 4772 qui
2991 4701 3047 4755 in
3065 4701 3291 4771 regione
3313 4697 3562 4770 gentium
3581 4706 3834 4752 versatus

2249 4800 2324 4855 sit
2353 4799 2409 4852 in
2442 4795 2740 4857 Nazareth,
2771 4795 2846 4848 De
2874 4793 3080 4864 quibus
3123 4791 3260 4846 dicit
3289 4789 3561 4868 propheta
3617 4786 3789 4842 Isaias
3815 4803 3830 4839 :

2251 4891 2412 4946 Terra
2433 4887 2672 4943 Zabulon
2709 4897 2755 4940 et
2788 4895 2933 4940 terra
2957 4882 3288 4955 Nephtalim,
3312 4881 3398 4936 uia
3459 4880 3652 4943 maris,
3688 4877 3831 4934 Gali-

2253 4984 2353 5040 lwa
2401 4979 2661 5054 gentium,
2690 4977 2917 5050 populus
2947 4978 3040 5048 qui
3085 4976 3289 5034 uiuebat
3323 4975 3381 5028 in
3423 4971 3655 5026 tenebris
3705 4971 3831 5024 cidit

2254 5075 2423 5126 lucem
2462 5086 2714 5142 magnam
2739 5067 2804 5125 ".
2829 5067 2922 5126 Sic
2954 5065 3102 5122 enim
3122 5064 3350 5120 Simeon
3385 5075 3613 5133 quoque
3644 5067 3832 5129 gentes

2251 5165 2424 5236 priori
2459 5164 2580 5218 loco
2624 5160 2830 5232 posuit,
2875 5169 2934 5214 et
2969 5157 3170 5214 deinde
3199 5155 3486 5219 Israelem,
3527 5151 3724 5207 dicens
3766 5149 3830 5204 dc

2247 5257 2470 5317 Christo
2507 5273 2520 5308 :
2561 5254 2756 5308 Lumen
2793 5253 2861 5307 ad
2887 5252 3258 5315 reuelationem
3283 5248 3543 5319 gentium,
3598 5242 3826 5298 deinde:

2249 5356 2299 5402 et
2353 5347 2583 5418 gloriam
2618 5343 2780 5416 plebis
2815 5352 2922 5398 tua:
2974 5340 3152 5396 Israel
3202 5340 3266 5390 ".
3308 5335 3557 5391 Transiit
3592 5333 3744 5388 enim
3801 5347 3826 5385 a

2247 5437 2521 5496 Nazareth
2555 5437 2802 5508 gentium
2833 5433 3022 5496 maris,
3044 5431 3283 5488 etsenit
3314 5427 3752 5499 Hierosolymam
3775 5425 3828 5479 in

2252 5533 2554 5604 Bethleem.
2589 5538 2646 5584 et
2674 5528 2752 5583 ibi
2785 5534 2949 5582 natus
2977 5535 3082 5590 est,
3111 5531 3168 5581 et
3200 5523 3396 5582 relicta
3431 5519 3757 5592 imperfecta
3776 5523 3828 5570 e'.

2201 5753 2210 5763 .
2295 5711 2331 5740 “
2365 5709 2498 5762 an.
2536 5723 2589 5774 ll,
2623 5706 2712 5760 52.
