4082 6290
304 297 423 362 925

1429 306 1507 367 ΙΝ
1542 306 2099 367 ΗΕΧΑΕΜΕΗΟΝ.
2133 331 2204 346 -··
2238 312 2386 372 LIB.
2426 313 2525 372 VI.

3494 310 3603 377 926

308 416 645 495 intrugil'era
701 426 851 475 terra
913 420 1106 486 Israel,
1154 419 1309 476 venit
1364 436 1564 478 rursus
1610 424 1679 478 ad
1731 438 1908 494 aquas
1934 429 1984 485 Α
2009 435 2136 481 sunt
2165 429 2218 483 hi
2243 431 2334 499 qui
2349 431 2486 483 sicut
2504 429 2666 484 nubes
2702 426 2908 495 volant,
2933 427 3525 500 ettanquameolsmba
3556 431 3602 465 "

308 510 575 580 gentiles,
607 512 824 567 vocatis
849 520 979 568 ante
1001 527 1197 569 omnes
1224 512 1394 585 Magis
1414 553 1429 579 ,
1457 524 1514 587 et
1541 515 1826 584 prolectus
1848 514 1905 570 in

305 604 611 677 Egyptum
665 608 732 662 ad
765 608 1088 665 barbaricas
1112 609 1224 665 Nili
1256 622 1453 681 aquas.
1508 610 1616 666 Sed
1647 627 1774 665 cum
1810 626 1907 667 eas

308 698 569 753 nondum
628 710 1019 771 congregasset
1073 701 1131 759 in
1179 718 1344 756 unam
1390 704 1901 775 congregationem,

310 788 489 845 rediit
511 789 566 843 in
587 790 792 845 terram
814 790 985 846 Israel
1006 790 1156 846 unde
1178 790 1414 856 exierat,
1430 793 1687 863 exiguam
1707 807 1903 861 quam-

308 880 443 937 dam
476 881 726 947 herbam,
757 890 814 937 et
844 883 1075 938 arbores
1103 882 1323 952 aliquas
1348 882 1646 953 frugiferas
1678 882 1902 952 (nempe

307 987 449 1026 suos
473 971 799 1042 discipulos,
835 982 899 1027 et'
923 972 1196 1029 Joannem
1234 971 1562 1042 Baptistam,
1586 979 1644 1033 et
1670 972 1899 1042 Joseph,

305 1075 372 1119 et
397 1062 786 1130 Nicouiedum,
823 1073 881 1119 et
927 1080 1136 1135 paucos
1165 1064 1510 1135 hujusmodi)
1548 1063 1854 1119 ostendens
1884 1081 1897 1117 :

303 1165 372 1210 et
409 1157 598 1212 Statim
641 1157 841 1213 relicto
872 1158 1025 1213 cultu
1064 1157 1304 1213 Judaico
1348 1157 1567 1213 accedit
1595 1172 1790 1212 rursus
1828 1156 1899 1212 ad

305 1247 522 1304 fluenta
542 1250 807 1306 Jordanis
841 1250 935 1306 Sol
962 1251 1213 1322 justitiw,
1243 1266 1443 1307 creans
1467 1251 1658 1307 lumen
1714 1250 1897 1320 bapti-

304 1341 527 1395 sinatis.
589 1341 804 1405 Deinde
829 1343 905 1397 ita
955 1342 1242 1397 benedieit
1290 1352 1351 1398 et
1396 1342 1706 1412 perducere
1764 1341 1901 1397 fecit

303 1447 509 1502 aquas,
541 1442 615 1488 et-
647 1432 916 1505 deinceps
965 1434 1123 1490 venit
1162 1434 1330 1495 etiam
1377 1435 1448 1490 ad
1490 1444 1695 1491 terram
1733 1453 1747 1489 :
1788 1434 1900 1490 hoc

304 1531 421 1588 est,
457 1538 650 1580 curam
672 1541 874 1596 gerens
904 1526 1145 1591 lsraelis,
1214 1537 1272 1581 et
1302 1526 1534 1584 morbos
1567 1540 1764 1582 eorum
1798 1541 1898 1581 cu-

302 1628 462 1671 rans.
496 1616 566 1670 Et
594 1631 794 1671 rursus
825 1632 858 1672 a
882 1624 1027 1672 terra
1058 1616 1342 1686 profectus
1373 1626 1459 1673 est
1485 1618 1554 1673 ad
1578 1618 1837 1688 abyssum
1878 1633 1894 1671 :

300 1721 510 1777 nempe
533 1722 776 1770 acruce,
811 1714 875 1761 ut
908 1708 1236 1778 prmdicaret
1258 1708 1554 1779 spiritibus
1589 1704 1686 1778 qui
1732 1716 1897 1763 erant

2015 533 2143 573 cum
2183 519 2352 589 pullis
2381 519 2536 575 suis?
2566 517 2658 575 Hm
2702 528 2834 575 sunt
2869 519 3129 575 volucres
3152 535 3277 590 qua:
3309 519 3604 591 rapiuntur

2012 610 2069 665 in
2110 610 2355 666 nubibus
2376 611 2584 665 obviam
2606 611 2834 666 Domino
2859 614 2915 666 in
2951 628 3128 665 aerem
3152 612 3221 666 ”.
3265 613 3344 666 De
3396 612 3604 683 quibus

2010 702 2183 758 etiam
2238 702 2457 759 dicebat
2490 721 2503 756 :
2541 703 2638 758 Ubi
2693 714 2769 758 est
2811 719 3026 774 corpus,
3062 702 3262 773 inquit,
3300 717 3401 758 seu
3431 702 3601 757 cada-

2009 809 2109 848 ver
2132 794 2319 859 (latro,
2347 793 2621 865 inquam),
2666 810 2866 865 nempe
2899 796 2957 849 in
2996 794 3285 854 Paradiso,
3319 793 3433 848 illic
3475 810 3602 847 con-

2008 884 2372 956 gregabuntur
2399 887 2568 940 etiam
2628 885 2901 957 aquilis“,
2949 901 3075 955 quae
3125 886 3599 968 supplantatorem

2007 986 2262 1033 nostrum
2297 987 2611 1049 serpentem
2655 980 2761 1035 sub
2794 979 3031 1050 pedibus
3081 979 3450 1035 sutl‘ocarunt.
3488 979 3613 1035 Aut‘

2008 1086 2204 1126 rursus
2236 1072 2328 1126 ubi
2354 1083 2637 1127 mortuum
2667 1081 2752 1128 est
2782 1081 3034 1128 sanctum
3066 1076 3189 1143 ejus
3234 1087 3459 1142 corpus,
3484 1071 3599 1126 illic

2006 1176 2110 1217 nos
2138 1164 2513 1234 congregavit,
2540 1173 2603 1218 ut
2629 1165 2805 1219 simus
2831 1166 2953 1235 ejus
2980 1165 3306 1234 participes.
3333 1163 3392 1218 In
3421 1164 3598 1219 altum

2005 1251 2154 1306 enim
2180 1253 2235 1307 in
2258 1268 2423 1309 cruce
2448 1254 2703 1309 sublatus
2733 1256 3094 1326 congregavit
3119 1256 3379 1326 gentiles,
3424 1265 3480 1311 et
3526 1269 3597 1310 ex

2004 1358 2149 1414 aqua
2188 1345 2403 1416 genitas
2436 1346 2686 1417 gentium
2738 1346 3012 1412 volucres,
3052 1357 3111 1401 ut
3134 1348 3254 1418 ejus
3280 1347 3594 1418 passionem

2004 1436 2297 1492 imitentur
2312 1447 2369 1492 et
2399 1454 2647 1495 erucem.
2674 1437 2784 1495 Sed
2807 1454 2934 1495 cum
2967 1453 3141 1510 aquas
3169 1440 3348 1510 abyssi
3383 1440 3593 1500 subiis-

2002 1539 2108 1595 set,
2140 1520 2333 1585 secum
2361 1530 2490 1586 fecit
2519 1532 2741 1587 evolare
2774 1548 2842 1587 ex
2893 1532 3053 1602 aquis
3075 1532 3460 1588 subterraneis
3489 1547 3593 1587 vo-

2001 1623 2176 1677 lucria
2205 1622 2297 1677 illa
2322 1638 2554 1694 corpora
2595 1623 2945 1687 Sanctorum.
2981 1625 3076 1695 qui
3115 1625 3484 1691 dormierant,
3534 1632 3593 1681 et

2002 1724 2388 1771 surrexerunt.

302 1796 364 1851 in
395 1798 719 1866 carceribus
739 1799 1673 1881 inferoruin,remissionem.882
1688 1800 1899 1856 Deinde
1930 1789 1971 1846 Β
2073 1807 2180 1863 Sed
2211 1818 2383 1863 restat,
2412 1818 2475 1863 ut
2502 1809 2767 1879 deinceps
2824 1808 3010 1879 ipsum
3039 1806 3304 1862 dictionis
3337 1804 3586 1875 Scriptu-

300 1904 436 1945 Cum
460 1892 897 1958 l't’SIH'TCXiSSBI,
944 1908 976 1948 e
1021 1902 1170 1951 terra
1202 1908 1467 1949 reversus
1486 1902 1574 1949 est
1601 1895 1668 1948 ad
1710 1895 1896 1949 ﬁrma-
1999 1914 2074 1955 rae
2101 1908 2419 1955 contextum
2455 1902 2787 1972 aperiamus.
2819 1900 2889 1955 Et
2928 1901 3060 1955 dixit
3099 1888 3288 1953 Deus’:
3319 1898 3591 1953 Producat

299 1990 561 2038 mentum
591 1983 661 2038 ad
692 1984 889 2051 Deum,
927 1994 985 2041 et
1007 1984 1165 2042 illinc
1199 2000 1396 2041 rursus
1417 1986 1606 2042 effecit
1628 1995 1691 2041 ut
1738 2002 1899 2057 aqua
2001 2001 2146 2047 terra
2182 1995 2422 2047 animam
2471 1997 2726 2047 viventem
2776 1993 3065 2048 secundum
3116 2009 3301 2062 genus,
3352 1991 3588 2062 quadru-

295 2077 556 2148 gentium
598 2077 862 2133 animalia
895 2079 1295 2149 producerent,
1321 2095 1393 2135 ex
1436 2080 1550 2136 alto
1585 2096 1755 2151 super
1782 2096 1898 2137 .eas
1998 2084 2149 2152 pedes
2172 2094 2222 2138 et
2253 2084 2467 2154 reptilia
2494 2093 2543 2138 et
2571 2085 2762 2138 bestias
2784 2095 2940 2139 terra:
2980 2084 3265 2138 secundum
3288 2099 3473 2153 genus.
3517 2081 3589 2136 Et

296 2173 512 2227 emisso
533 2180 795 2242 tanquam
830 2172 1054 2229 viviﬂco
1077 2183 1273 2230 sancto
1303 2173 1538 2244 Spiritu.

374 2266 512 2332 Quae
525 2267 749 2337 quidem
767 2282 876 2323 non
899 2269 1198 2324 cessabunt
1212 2283 1386 2339 super
1400 2270 1610 2339 seipsas
1625 2284 1893 2340 generare

296 2368 363 2414 et
375 2373 705 2429 regenerare
723 2360 870 2431 ipsas
876 2369 1074 2432 gentes
1091 2366 1214 2431 qua
1226 2363 1381 2431 prius
1396 2370 1558 2444 erant
1574 2361 1820 2431 reptiles,
1835 2368 1897 2416 et

298 2467 458 2507 nunc
470 2452 629 2510 facta:
645 2454 944 2509 suutalatae
954 2454 1232 2518 volucres,
1251 2454 1431 2509 donec
1452 2454 1743 2525 plenitudo
1759 2469 1894 2525 gen-

302 2544 448 2598 tium
474 2544 724 2615 ingressa
763 2545 837 2599 sit
863 2545 1092 2599 omnino
1120 2544 1176 2599 in
1200 2544 1560 2614 paradisum:
1590 2552 1649 2600 et
1672 2545 1891 2613 tuncde

298 2635 1061 2706 caeteroperlieiturverbum
1080 2636 1201 2701 Del,
1226 2636 1375 2707 quod
1389 2636 1527 2691 dicit
1541 2636 1610 2692 de
1627 2637 1891 2692 animali-

297 2730 413 2785 bus
443 2729 701 2785 Israelis:
729 2729 998 2785 Producat
1021 2738 1167 2785 terra
1199 2731 1443 2785 animum
1470 2731 1751 2785 uiuentem.
1778 2732 1891 2787 Re-

295 2832 396 2877 cte
413 2821 552 2877 dixit
576 2839 589 2876 :
616 2823 856 2877 animum
883 2823 1163 2878 viventem.
1205 2824 1306 2878 Est
1333 2823 1483 2878 enim
1522 2838 1667 2878 unus
1694 2824 1885 2879 Israel.

294 2915 363 2971 In
393 2914 698 2987 gentilibus
725 2923 915 2970 autem
944 2915 1454 2971 innumerabilibus
1473 2916 1737 2986 gentibus
1764 2932 1892 2985 quas

294 3024 370 3063 ex
410 3008 624 3064 nostris
651 3009 812 3079 aquis
845 3014 1267 3078 processerunt,
1320 3024 1431 3064 non
1468 3009 1607 3065 dicit
1642 3009 1884 3069 animam

295 3102 608 3168 viventem,
634 3100 731 3157 sed
764 3103 979 3157 animas
1020 3102 1480 3158 innumerabiles.
1513 3103 1658 3158 Dicit
1682 3102 1833 3158 enim
1865 3119 1880 3157 :
1915 3132 1958 3190 ρ

296 3193 612 3248 Prodncant
630 3210 801 3264 aqua:
850 3194 1065 3265 reptilia
1100 3197 1407 3250 animarum
1427 3196 1736 3259 viventium,
1758 3198 1888 3249 'nec

295 3299 367 3337 ea
397 3283 604 3365 solum,
643 3284 741 3339 sed
779 3285 947 3339 etiam
977 3285 1238 3339 volucres
1268 3285 1541 3365 volantes
1573 3299 1746 3355 super
1782 3293 1891 3339 ter-

297 3390 423 3430 ram
454 3360 764 3431 secundum
788 3375 1210 3432 ﬁrmamentum
1230 3376 1378 3432 caeli.
1407 3360 1487 3431 Ex
1516 3376 1609 3453 his
1637 3376 1887 3432 volucri-

299 3471 410 3525 bus
438 3478 559 3524 erat
574 3469 781 3524 Paulus
806 3468 900 3524 ille
934 3468 1283 3541 baptizatus,
1321 3477 1379 3523 et
1400 3470 1495 3538 qui
1526 3484 1596 3524 ex
1619 3456 1763 3539 aqua
1786 3483 1890 3524 va-

297 3562 612 3618 luitvolare
630 3560 699 3616 ad
724 3559 950 3616 tertium
977 3561 1203 3627 emtum,
1226 3569 1284 3616 et
1302 3576 1499 3617 rursus
1529 3562 1684 3617 illinc
1700 3569 1888 3616 trans-

300 3650 387 3704 ire
419 3648 477 3703 in
528 3648 866 3720 paradisum.
898 3648 1186 3720 Ejusmodi
1210 3650 1454 3706 volueris
1499 3659 1620 3706 erat
1674 3646 1891 3720 Philip-

297 3755 430 3811 pus,
464 3739 561 3811 qui
595 3740 928 3812 volansper
966 3752 1178 3807 aerem,
1212 3750 1270 3797 et
1289 3742 1521 3798 veniens
1561 3742 1631 3798 ad
1675 3741 1891 3801 Canda-

294 3846 423 3897 cem
458 3829 798 3902 zEthiopem,
854 3832 1039 3902 ipsum
1080 3831 1387 3902 baptizavit
1444 3848 1612 3904 super
1633 3849 1835 3904 aquam
1872 3853 1886 3891 :

295 3934 358 3978 et
378 3937 482 3993 per
504 3922 843 3987 columbam,
872 3938 1084 3994 nempe
1120 3921 1413 3994 Spiritum,
1444 3924 1691 3994 seipsum
1751 3925 1889 3981 eﬂ‘e-

294 4019 381 4073 cit
436 4016 720 4072 volucrem
762 4017 826 4072 “.
889 4015 1176 4087 Ejusmodi
1229 4016 1480 4072 volucris
1534 4016 1890 4077 desiderabat

295 4109 424 4167 ﬁeri
455 4109 532 4164 illi
552 4110 647 4179 qui
670 4109 894 4165 dicebat
925 4127 940 4163 :
966 4108 1097 4175 Quis
1145 4108 1311 4164 dabit
1344 4110 1474 4165 mihi
1518 4126 1722 4181 pennas
1751 4111 1887 4165 sicut

294 4202 579 4267 columbae,
612 4218 736 4273 quae
774 4203 1065 4259 descendit
1086 4202 1143 4257 in
1164 4202 1487 4272 Iordanem,
1520 4211 1573 4258 et
1600 4203 1789 4265 volabo
1836 4211 1887 4259 et

294 4298 629 4367 requiescam
665 4296 710 4328 "
750 4295 807 4349 in
838 4294 930 4350 illa
976 4296 1170 4365 requie
1214 4295 1527 4351 emlestium
1592 4297 1885 4352 volucrum

295 4402 396 4443 sex
428 4388 552 4442 alas
568 4386 942 4445 habentium?
978 4384 1063 4441 Ad
1089 4386 1189 4442 has
1240 4386 1501 4441 volucres
1545 4386 1790 4442 evolavit
1816 4402 1884 4442 ex

1996 2170 2194 2245 factum
2217 2184 2291 2231 est
2326 2178 2426 2232 ita.
2476 2178 2534 2232 In
2561 2178 2704 2233 duos
2738 2189 2931 2248 partus
2964 2186 3021 2233 et
3057 2179 3443 2249 generationes
3498 2175 3586 2229 di-

1994 2254 2129 2325 visit
2154 2270 2304 2325 Deus
2326 2285 2553 2333 omnem
2586 2271 2866 2325 viventem
2893 2270 3260 2325 animantium
3295 2268 3384 2340 (ex
3416 2279 3584 2332 terra,

1995 2359 2245 2430 inquam,
2291 2370 2349 2416 et
2396 2376 2465 2415 ex
2518 2348 2680 2432 mari)
2710 2361 2804 2430 qui
2852 2376 2919 2415 ex
2967 2360 3187 2414 duabus
3230 2358 3584 2421 mulieribus,

1993 2467 2196 2523 nempe
2222 2452 2319 2509 Lia
2354 2463 2412 2508 et
2440 2454 2705 2519 Rachele,
2752 2462 2849 2509 aut
2888 2469 2955 2508 ex
2987 2453 3119 2509 Sara
3146 2464 3203 2508 et
3268 2452 3415 2522 Agar
3445 2451 3587 2506 duos

1992 2544 2289 2600 constituit
2320 2545 2481 2609 ﬁlios,
2505 2560 2706 2616 nempe
2759 2544 2900 2601 duos
2931 2546 3188 2615 populos,
3229 2543 3490 2598 videlicet
3516 2558 3585 2597 ex

1991 2638 2268 2708 gentibus.
2326 2639 2448 2705 Quo
2494 2638 2553 2694 lit
2600 2649 2659 2715 ut
2702 2638 2850 2709 quod
2882 2655 2912 2693 a
2944 2640 3058 2694 Deo
3082 2647 3214 2694 tunc
3238 2639 3448 2694 dictum
3479 2636 3587 2692 Re-

1992 2730 2195 2796 beccae,
2231 2718 2531 2788 conveniat
2553 2733 2718 2787 etiam
2758 2733 2946 2788 dicere
2982 2741 3254 2803 creaturae
3281 2746 3404 2801 qua:
3464 2744 3586 2807 cer-

1991 2823 2184 2877 nitur:
2220 2823 2353 2878 Duaz
2392 2834 2569 2895 gentes
2596 2834 2645 2878 et
2668 2824 2771 2878 duo
2811 2823 2996 2893 populi
3027 2832 3163 2879 exte
3213 2821 3581 2893 egrediantur,

1989 2922 2040 2968 et
2072 2914 2299 2986 populus
2322 2915 2576 2984 populum
2606 2915 2897 2987 superabit,
2932 2922 2982 2967 et
3035 2914 3215 2979 maior
3241 2910 3431 2966 serviet
3486 2908 3586 2964 mi-

1990 3008 2109 3060 nori
2141 3008 2208 3060 ”.
2261 3007 2614 3062 Suntautem
2654 3004 2870 3060 scilicet
2933 3004 3144 3075 majora
3184 3010 3240 3057 et
3294 3001 3585 3072 insigniter

1991 3096 2220 3152 fortiori;
2260 3114 2383 3168 quae
2430 3112 2499 3153 ex
2542 3106 2688 3152 terra
2742 3104 2875 3152 nata
2930 3103 3060 3152 sunt
3093 3094 3354 3151 animalia
3406 3104 3463 3148 et
3487 3094 3583 3165 ju-

1990 3197 2177 3244 menta
2202 3198 2261 3244 et
2282 3189 2496 3253 bestiae,
2519 3205 2685 3260 quam
2715 3190 2897 3260 pisces
2922 3188 3148 3253 marini,
3177 3195 3234 3242 et
3257 3199 3425 3255 super
3457 3198 3583 3238 om-

1988 3281 2079 3336 nia
2110 3281 2385 3338 volucres.
2433 3280 2592 3349 Quod
2641 3282 2689 3336 si
2730 3296 2795 3336 ea
2822 3294 2945 3351 qum
2986 3280 3249 3336 dicuntur
3303 3276 3507 3347 rejicis,
3545 3290 3584 3331 o

1988 3372 2235 3437 auditor,
2262 3381 2468 3443 utquaa
2505 3388 2620 3428 non
2660 3374 2773 3429 sint
2806 3372 3121 3445 probabilia
3147 3413 3162 3437 ,
3232 3368 3367 3440 quid
3409 3368 3585 3423 facies

1989 3472 2087 3520 aut
2113 3465 2267 3521 dices
2296 3480 2423 3520 cum
2460 3466 2650 3521 videas
2687 3477 2813 3536 quae
2835 3480 2904 3521 ex
2928 3466 3089 3535 aquis
3135 3473 3259 3519 orta
3287 3467 3419 3515 sunt
3459 3460 3580 3514 anl-

1990 3556 2157 3611 malia
2187 3556 2545 3627 praeripuisse
2584 3572 2703 3612 eam
2726 3574 2852 3628 qua:
2908 3570 2938 3612 a
2977 3557 3089 3613 Deo
3132 3557 3299 3612 datur
3344 3553 3579 3609 benedi-

1989 3651 2273 3705 ctionem?
2295 3650 2431 3704 Nam
2476 3651 2758 3720 quomodo
2805 3650 2976 3707 Jacob
3013 3650 3303 3720 praeripuit
3350 3646 3583 3704 benedi-

1989 3741 2232 3797 ctionem
2269 3741 2454 3797 Esau?
2477 3742 2742 3813 quoniam
2776 3744 2919 3797 alter
2968 3742 3197 3811 quidem
3230 3749 3353 3796 erat
3404 3753 3575 3794 vena-

1990 3841 2099 3898 tor,
2125 3840 2183 3889 et
2212 3841 2472 3903 tanquam
2501 3848 2531 3888 e
2562 3841 2713 3887 terra
2746 3841 2933 3886 ortum
2972 3830 3215 3886 habebat
3249 3838 3306 3884 et
3343 3845 3580 3900 genera-

1988 3927 2220 3991 tionem,
2247 3936 2303 3982 et
2324 3927 2492 3981 vitam
2530 3941 2696 3996 quam
2727 3924 2960 3994 degebat
2987 3922 3154 3978 simul
3193 3936 3319 3976 cum
3350 3920 3487 3974 feris
3519 3921 3574 3974 in

1988 4034 2120 4089 agro
2148 4029 2204 4073 et
2235 4034 2361 4074 cum
2419 4017 2714 4088 reptilibus
2750 4033 2764 4069 :
2807 4015 2955 4070 unde
3010 4014 3176 4069 etiam
3198 4054 3213 4077 ,
3242 4010 3437 4074 Edcm,
3472 4009 3579 4064 hoc

1986 4120 2092 4175 est,
2124 4111 2306 4177 rul‘us,
2357 4111 2464 4167 fuit
2487 4112 2632 4166 Esau
2670 4108 3126 4179 cognominatus;
3165 4103 3336 4162 Iacob
3366 4112 3573 4166 autem,

1985 4205 2080 4278 qui
2128 4206 2293 4263 simul
2333 4221 2461 4261 cum
2498 4203 2911 4267 benedictione,
2967 4203 3088 4273 ejus
3140 4214 3362 4271 quoque
3393 4197 3579 4268 rapuit

1985 4298 2664 4370 prin'togenituram,cum
2711 4292 2993 4349 evolasset
3024 4290 3080 4345 in
3133 4302 3403 4358 aquarum
3460 4284 3575 4340 Me-

1985 4389 2522 4465 sopotamiam,’illic
2572 4388 2630 4442 in
2667 4387 2835 4457 aquis
2890 4384 3112 4455 peperit
3142 4382 3198 4436 in
3258 4381 3424 4435 domo
3452 4378 3573 4433 Dei.

293 4480 519 4535 τίνῖίίοε
545 4495 684 4550 aqua
717 4495 841 4550 quae
894 4479 1057 4534 Πυιίι
1104 4494 1174 4534 εἰ
1201 4478 1378 4535 latere
1423 4479 1644 4534 Βοωίιιί
1677 4481 1733 4535 in
1758 4480 1883 4538 loco
1916 4482 1956 4536 υ
1986 4487 2181 4544 Bethel
2212 4486 2361 4543 enim
2387 4486 2794 4552 interpretatur
2812 4478 3058 4551 Spiritus
3082 4475 3206 4537 Dei,
3239 4472 3388 4528 unde
3408 4472 3575 4527 etiam

292 4573 600 4637 Calvariaa,
633 4572 812 4643 prima
844 4572 1094 4627 omnium
1118 4572 1368 4629 volucris
1392 4613 1407 4637 ,
1439 4581 1667 4629 sanctus
1704 4573 1849 4629 latro
1871 4617 1885 4642 ,

293 4678 429 4721 cum
447 4677 572 4734 rege
590 4663 880 4718 volucrum
895 4663 1122 4720 Christo
1137 4678 1335 4735 magna
1349 4665 1572 4735 Aquila,
1585 4681 1686 4736 per
1700 4680 1887 4721 aerem

292 4758 497 4813 volans
519 4757 577 4812 in
600 4758 943 4827 paradisum.
999 4758 1081 4813 De
1108 4757 1321 4813 Christi
1378 4759 1704 4815 volucribus
1752 4760 1891 4817 dicit

293 4851 469 4906 etiam
521 4847 990 4921 Psalmograplrus
1037 4860 1052 4904 ξ
1084 4846 1303 4915 Passer,
1332 4866 1535 4922 nempe
1564 4852 1726 4916 latro,
1789 4867 1889 4908 seu

297 4942 503 5012 aliquis
522 4942 686 5006 alius,
705 4943 906 4997 invenit
940 4943 1040 4997 sibi
1068 4943 1358 5014 proprium
1381 4944 1574 4998 nidum
1623 4944 1759 5016 ligni
1786 4960 1890 5015 pa-

299 5033 474 5089 radisi
505 5051 520 5088 :
556 5043 756 5091 turtur.
777 5051 978 5106 nempe
991 5036 1260 5100 Ecclesia,
1282 5051 1406 5106 qua:
1434 5037 1549 5091 sola
1577 5050 1749 5092 unum
1782 5053 1887 5093 no-

296 5127 385 5182 vit
410 5129 701 5199 coniugem
723 5127 1030 5194 Christum,
1063 5142 1187 5200 quae
1205 5120 1375 5184 vitam
1403 5130 1576 5200 magis
1608 5139 1757 5185 amat
1796 5146 1888 5187 so-

297 5220 540 5275 litariam
563 5236 728 5290 quam
756 5221 1074 5288 delicatam,
1112 5221 1340 5276 mollem
1371 5229 1430 5277 et
1461 5222 1840 5277 effeminatam
1869 5241 1883 5277 :

295 5313 399 5368 sibi
427 5313 611 5367 nidum
630 5354 645 5378 ,
678 5328 884 5384 nempe
914 5327 1146 5385 regnum
1200 5314 1507 5381 caelorum;
1549 5315 1638 5368 ubi
1663 5324 1890 5385 reponat

296 5400 477 5472 pullos
500 5417 623 5457 suos
647 5402 712 5456 ".
744 5400 894 5470 Quas
916 5402 1142 5472 quidem
1167 5410 1438 5458 exeuntes
1490 5403 1560 5459 de
1590 5403 1753 5473 aquis
1786 5420 1888 5459 vo-

294 5497 484 5553 lucres
502 5504 739 5567 stupens
772 5510 999 5567 quoque
1042 5496 1234 5561 Isaias,
1264 5496 1544 5551 clamabat
1591 5515 1621 5549 ε’
1653 5495 1887 5561 Quinam

1985 4578 2201 4647 accepit
2234 4574 2441 4632 Rachel
2480 4592 2494 4629 :
2528 4573 2737 4629 Rachel
2788 4581 2974 4629 autem
3000 4567 3169 4624 etiam
3221 4565 3429 4620 dicitur
3470 4564 3578 4618 Do—

1988 4684 2115 4725 mus
2139 4668 2260 4723 Dei.
2294 4667 2415 4737 lpsa
2461 4665 2613 4720 enim
2647 4672 2769 4720 erat
2792 4672 2955 4737 typus
2997 4660 3258 4717 Ecclesia:
3288 4671 3411 4728 quae
3466 4656 3578 4712 exi-

1988 4759 2087 4814 stit
2106 4773 2176 4814 ex
2210 4757 2492 4830 gentibus,
2524 4756 2580 4810 in
2611 4770 2722 4825 qua
2751 4754 2851 4810 Dei
2903 4752 3144 4824 Spiritus
3178 4756 3427 4805 amanter
3454 4744 3572 4802 vel-

1989 4851 2071 4905 uti
2124 4848 2490 4919 requiescens
2545 4847 2864 4917 (propterea
2926 4844 3077 4915 quod
3126 4857 3248 4896 eam
3308 4839 3573 4910 peperit),

1992 4944 2173 4999 fertur
2228 4921 2397 5012 super
2444 4955 2642 5010 aquam
2690 4936 3101 5008 Mesopotamia:
3140 4932 3392 4990 Omnium
3444 4948 3580 5005 gen-

1995 5036 2157 5091 tium.
2196 5035 2442 5089 Adverte
2469 5041 2656 5087 autem
2687 5030 2837 5101 quod
2882 5028 3086 5084 Rachel
3119 5043 3363 5098 quoque,
3416 5034 3579 5098 typus

1992 5138 2049 5183 et
2092 5128 2266 5199 ﬁgura
2321 5126 2491 5197 (sicut
2532 5132 2590 5180 et
2621 5120 2897 5189 Rebecca)
2951 5121 3073 5192 ejus
3104 5134 3228 5189 qua:
3276 5115 3578 5188 aliquando

1995 5222 2100 5278 fuit
2125 5220 2337 5276 sterilis
2358 5219 2604 5291 gentium
2634 5215 2916 5276 Ecclesiae,
2940 5229 3064 5269 cum
3105 5221 3254 5268 esset
3277 5226 3446 5278 super
3469 5219 3579 5265 ter-

1995 5328 2113 5368 ram
2178 5327 2450 5382 aquarum
2500 5306 2927 5380 Mesopotamiae,
2991 5304 3108 5359 illic
3163 5303 3444 5374 desponsa
3471 5297 3578 5354 fuit

1993 5407 2144 5461 Isaac
2169 5422 2184 5460 :
2216 5414 2274 5460 et
2297 5404 2485 5459 statim
2516 5413 2777 5474 tanquam
2813 5399 3046 5471 pulchra
3070 5406 3128 5453 et
3152 5396 3353 5453 alacris
3379 5407 3575 5466 aquam

1992 5495 2290 5551 ell‘undens
2314 5495 2552 5565 piscina,
2588 5493 2798 5569 potavit
2823 5490 3082 5547 inﬁdeles
3134 5488 3378 5545 camelos
3403 5484 3583 5558 patris

371 5706 415 5735 “‘
451 5704 572 5757 Art.
622 5720 733 5759 vm.
764 5703 835 5756 ‘26
860 5716 1013 5771 seqq.
1097 5704 1135 5736 "
1172 5702 1426 5769 Psal.uv,
1459 5704 1511 5757 7.
1596 5704 1635 5736 ⁸⁸
1671 5702 1815 5759 Psal.
1850 5672 2069 5773 cxxxiii,
2118 5705 2160 5759 l.
2242 5706 2284 5737 ¹⁹
2312 5704 2413 5758 lsa.
2447 5718 2533 5765 ιχ,
2565 5701 2617 5758 8.
2698 5700 2788 5756 "l
2821 5700 3016 5757 Thess.
3048 5717 3123 5769 iv,
3155 5699 3240 5757 l6.
3316 5699 3358 5728 "
3382 5693 3574 5753 Matth.

292 5791 441 5843 xxiv,
464 5775 555 5834 28.
635 5775 680 5805 ¹²
705 5773 845 5829 Gen.
872 5788 991 5835 xxv.
1010 5773 1102 5831 25.
