4082 6290
496 274 597 341 ιητ

1702 263 1761 323 S.
1804 256 2204 322 ANASTASII
2264 261 2603 325 ΞΙΝΑΙΤᾸΞΓ

3671 262 3799 330 928,

500 394 768 463 gentium.
815 385 1092 443 Abraham
1125 383 1274 440 enim
1314 382 1711 450 interpretatur
1765 387 1919 448 pater
1955 393 2079 448 gen-
2107 371 2156 429 Δ
2183 381 2361 450 ipsum
2403 390 2489 436 est
2522 381 2809 452 plenitudo
2839 381 3086 438 ﬁdelium
3116 399 3128 434 :
3167 380 3327 453 quod“
3362 391 3710 453 unguentum
3750 399 3796 439 a

501 485 657 547 tium,
684 482 741 535 in
777 480 1005 551 ﬁguram
1046 477 1142 533 Dei
1168 485 1221 531 et
1249 475 1433 541 Patris
1456 477 1725 545 gentium.

572 573 930 629 Multilariam
972 584 1106 639 ergo
1145 576 1202 623 et
1243 567 1433 621 multis
1471 565 1653 619 modis
1712 563 2080 628 ostendimus,

501 681 625 734 quze
672 681 738 718 ex
770 664 955 732 aquis.
984 660 1211 731 quidem
1260 669 1424 713 enata
1480 668 1610 713 sunt
1643 657 1928 722 animalia,
1961 671 2085 711 esse

506 756 734 825 figuram
774 752 1023 823 gentium
1079 766 1202 819 qua:
1237 749 1462 804 fuerunt
1495 749 1794 818 aliquando
1841 748 1897 801 in
1951 761 2086 816 pro-

502 847 675 914 fundo
705 844 1050 914 ignorantiae.
1093 842 1465 908 Quamobrem
1497 849 1555 894 et
1600 856 1795 895 eorum
1844 840 2086 909 piscato-

503 908 730 990 geseﬁ‘et
750 936 792 988 it
820 934 1079 989 Christus
1109 948 1240 987 suos
1292 931 1617 1001 discipulos.
1668 930 1949 985 Habemus
1988 946 2088 984 au-

503 1036 611 1080 tem
641 1026 805 1081 aliam
825 1040 1050 1097 quoque
1091 1025 1463 1079 ﬁrmissimam
1486 1030 1552 1078 et
1586 1023 1747 1081 valde
1777 1022 2087 1078 admirabi-

502 1120 611 1175 lem
650 1119 1060 1188 probationem,
1108 1133 1231 1187 quae
1287 1117 1453 1172 etiam
1483 1115 1644 1170 valde
1696 1114 1986 1169 incredulo
2030 1121 2090 1168 et

503 1210 856 1268 contentiosa
916 1209 1251 1279 persuadeat
1297 1207 1448 1278 quod
1496 1222 1618 1276 quae
1680 1213 1811 1260 sunt
1866 1221 1898 1260 a
1938 1215 2091 1261 terra

504 1311 627 1357 orta
677 1300 938 1355 animalia
974 1300 1162 1354 ferunt
1203 1306 1416 1352 eertum
1463 1306 1524 1352 et
1543 1295 1862 1358 evidentem
1895 1304 2093 1366 typum

504 1392 695 1463 populi
723 1391 1061 1447 Iudaeorum.
1081 1389 1341 1457 Quaenam
1372 1397 1558 1443 autem
1591 1396 1765 1442 estea
1795 1388 2092 1456 probatio?

504 1485 640 1539 Dico
675 1483 823 1553 quod
857 1498 889 1537 a
919 1492 1066 1539 terra
1088 1482 1311 1551 genitus
1340 1478 1538 1543 Adam,
1570 1486 1678 1543 est,
1704 1479 1851 1549 quod
1878 1479 1948 1534 ad
1969 1494 2092 1534 car-

505 1588 630 1629 nem
656 1574 876 1638 attinet,
910 1581 1177 1643 cognatus
1214 1572 1433 1627 illarum
1463 1584 1494 1624 e
1527 1577 1677 1623 terra
1708 1579 1957 1626 ortarum
1995 1570 2095 1625 he-

505 1665 759 1729 stiarum,
791 1672 847 1719 et
877 1664 1182 1734 reptilium.
1222 1665 1388 1721 Sexto
1422 1668 1571 1721 enim
1598 1666 1709 1733 die,
1745 1673 1804 1722 et
1844 1666 1983 1735 ipse,
2036 1673 2094 1720 et

505 1756 616 1811 illae
637 1764 767 1811 sunt
788 1766 1009 1820 creatae,
1040 1773 1150 1812 non
1173 1766 1358 1813 autem
1382 1759 1584 1813 marini
1611 1759 1812 1828 pisces,
1839 1758 1935 1827 qui
1958 1757 2093 1813 facti

507 1856 639 1904 sunt
662 1848 754 1903 die
782 1849 998 1919 quinto.
1020 1849 1312 1915 Quomodo
1338 1850 1509 1907 etiam
1531 1848 1788 1906 Christus
1813 1849 2096 1905 secundus

506 1942 701 2007 Adam,
734 1953 1001 2014 cognatus
1026 1942 1372 2009 Iudaeorum,
1406 1944 1557 2014 quod
1603 1944 1671 1999 ad
1697 1959 1924 1999 carnem
1964 1944 2098 1998 alti--

509 2043 623 2099 net,
648 2044 733 2090 est
763 2052 832 2091 ex
859 2037 1162 2092 mansuetis
1194 2037 1304 2092 illis
1320 2037 1517 2093 bestiis
1556 2046 1613 2093 et
1642 2036 1940 2107 reptilibus
1980 2052 2105 2092 non

507 2126 817 2189 venenatis.
835 2143 947 2182 non
966 2137 1151 2183 autem
1166 2144 1233 2183 ex
1250 2129 1435 2194 nobis,
1447 2144 1642 2199 nempe
1653 2127 2100 2199 gentibus.Quod

509 2230 737 2276 auteme
768 2228 913 2275 terra
942 2221 1012 2275 sit
1038 2221 1285 2292 gentium
1311 2237 1488 2291 genus
1528 2220 1871 2287 Iudaeorum,
1905 2236 1975 2276 ex
2010 2221 2098 2277 his

509 2312 845 2368 ostenditur.
873 2312 1177 2368 Didisceris
1203 2319 1392 2367 autem
1418 2311 1584 2366 etiam
1619 2327 1687 2365 ex
1714 2312 1850 2382 ipsis
1874 2311 2094 2370 verbis:

515 2403 780 2458 Producat
803 2412 948 2457 terra
974 2402 1360 2473 quadrupedes.
1389 2402 1663 2469 Quoniam
1689 2404 1745 2457 in
1768 2410 1974 2458 terram
1999 2402 2099 2458 de-

511 2494 758 2563 spiciunt
814 2503 870 2548 et
901 2503 1124 2548 terrena
1168 2502 1460 2563 appetunt,
1485 2508 1585 2548 eos
1622 2492 1690 2548 ad
1724 2500 1889 2547 terrae
1941 2492 2100 2563 ﬁngit

515 2586 830 2655 imaginem,
866 2592 929 2640 ut
956 2584 1052 2655 qui
1077 2585 1349 2654 resipiant
1382 2586 1750 2655 impietatem,
1779 2594 1835 2641 et
1861 2585 2099 2640 haeredi-

516 2684 683 2730 tatem
730 2676 1071 2744 acceperint,
1126 2683 1289 2730 terra:
1355 2676 1731 2732 latitudinem.
1760 2677 2100 2747 Prophetice

515 2776 701 2821 autem
732 2767 990 2837 praedicit
1013 2782 1234 2837 quoque
1256 2766 1435 2822 Moses
1472 2767 1540 2822 dc
1564 2784 1762 2823 eorum
1796 2752 2013 2823 furioso
2043 2776 2103 2823 et

513 2858 706 2914 lcthali
727 2873 973 2924 veneno,
995 2873 1092 2913 eos
1124 2859 1235 2913 alta
1260 2874 1395 2914 voce
1418 2874 1623 2915 vocans
1669 2860 1888 2929 reptilia
1923 2868 1980 2915 et
2007 2860 2104 2915 be-

515 2952 669 3007 stias.
694 2951 971 3007 Praeterea
995 2959 1256 3008 recenset
1287 2951 1454 3009 etiam
1503 2951 1751 3017 illorum,
1793 2953 1915 3023 ejus
1952 2953 2103 3023 quod

2187 473 2300 529 Deo
2325 473 2513 544 jussus
2543 473 2816 529 coniicere
2845 475 2893 506 “
2933 490 2955 527 ;
2978 474 3250 530 calamum
3298 474 3527 543 quidem
3560 476 3794 545 accepit

2185 580 2217 622 e
2246 574 2413 630 terra,
2451 567 2735 637 myrrham
2783 574 2966 620 autem
3012 582 3043 621 e
3078 566 3242 621 mari.
3276 566 3346 620 Et
3376 565 3612 620 fortasse
3644 582 3792 637 pro—

2186 668 2377 727 pterea
2408 658 2664 713 Christus
2687 672 2909 726 quoque
2941 671 3041 724 per
3079 657 3352 711 calamum
3375 672 3407 710 e
3439 666 3587 711 terra
3626 656 3802 725 geni-

2188 760 2307 805 tum
2326 759 2384 805 et
2406 751 2692 819 spongiam
2724 750 3013 812 marinam,
3039 749 3248 802 aceto“
3270 755 3461 818 potato
3488 747 3545 800 in
3576 762 3792 809 cruce;

2188 843 2296 897 hoc
2318 852 2423 905 est,
2451 842 2646 896 mortis
2678 848 2863 912 gustat
2886 840 3270 895 acerbitatem.
3290 839 3437 894 Nam
3482 838 3605 893 dare
3634 854 3793 908 quo—

2189 948 2296 1003 que
2334 941 2527 1001 gentes
2552 933 2972 1000 (Romanorum,
3020 931 3265 999 inquam,
3292 936 3350 983 et
3390 927 3789 996 Hebraeorum)

2188 1041 2313 1080 eum
2339 1032 2516 1079 morte
2533 1023 2971 1079 condemnarunt
2997 1040 3009 1075 :
3035 1033 3277 1091 quorum
3307 1028 3467 1092 typus
3489 1019 3789 1075 fuitetiam

2190 1132 2289 1187 par
2326 1117 2625 1177 latronum,
2675 1130 2874 1184 nempe
2919 1124 2975 1170 et
3027 1115 3148 1185 ejus
3197 1114 3293 1183 qui
3350 1120 3437 1168 est
3466 1112 3657 1168 salvus
3682 1129 3794 1184 per

2188 1208 2400 1274 fidem,
2454 1219 2513 1265 et
2566 1207 2743 1263 Judzei
2792 1208 2888 1278 qui
2948 1208 3095 1277 perit
3149 1222 3249 1276 per
3304 1205 3787 1289 incredulitatem.

2192 1300 2409 1356 Rursus
2439 1310 2623 1355 autem
2655 1300 2913 1355 audimus
2939 1299 3110 1365 Deum
3131 1298 3267 1353 Mosi
3292 1298 3603 1368 iubentem,
3635 1310 3792 1368 pon-

2194 1391 2359 1446 tiﬁcis
2398 1390 2634 1446 Aaronis
2682 1391 2926 1445 tunicam
2977 1397 3273 1452 contexere
3315 1403 3383 1441 ex
3404 1402 3660 1457 purpura
3692 1402 3796 1443 re.

2194 1491 2361 1538 torta.
2396 1483 2649 1553 Purpura
2682 1488 2868 1537 autem
2923 1486 3141 1536 constat
3169 1494 3239 1534 ex
3277 1477 3501 1533 duobus
3526 1478 3794 1534 animali-

2195 1574 2301 1630 bus
2334 1592 2349 1628 :
2378 1590 2447 1630 ex
2468 1590 2676 1639 verme,
2731 1573 2976 1644 inquam,
3007 1588 3042 1626 e
3071 1580 3216 1625 terra
3242 1569 3453 1640 genito,
3498 1578 3558 1625 et
3587 1579 3796 1626 ostreo

2196 1669 2433 1725 marino.
2483 1668 2781 1738 Propterea
2806 1681 2938 1737 ergo
2984 1679 3182 1720 rursus
3217 1663 3330 1718 duo
3360 1663 3552 1734 populi
3576 1663 3635 1718 in
3658 1678 3794 1733 pas-

2196 1763 2352 1819 sione
2413 1760 2694 1816 Christum
2754 1758 3058 1813 induerunt
3120 1755 3390 1813 chlamide
3431 1762 3792 1825 tpurpurea;

2197 1864 2326 1909 ante
2349 1851 2726 1923 signiﬁcantes
2739 1850 2890 1920 quod
2924 1858 3179 1921 regnaret
3205 1862 3377 1918 super
3405 1846 3552 1902 duos
3605 1862 3794 1917 popu-

2196 1943 2444 2000 lescarni
2470 1942 2637 1997 unius
2656 1942 2898 1999 caelestis
2932 1941 3081 1995 Deus
3111 1938 3374 1994 Verbum.
3411 1935 3571 2003 Quod
3592 1947 3793 2006 aperte

2196 2035 2362 2106 883
2418 2035 2577 2104 prius
2615 2033 3008 2089 describebant
3047 2031 3230 2087 caeteri
3285 2044 3509 2100 quoque
3555 2028 3795 2085 colores

2198 2127 2431 2181 aliarum
2464 2126 2722 2193 vestium,
2752 2125 2848 2196 qui
2879 2141 3006 2182 cum
3038 2139 3283 2194 purpura
3319 2124 3375 2178 in
3408 2122 3652 2179 Aaronis
3702 2129 3807 2178 tu-

2198 2219 2322 2273 nica
2352 2228 2487 2275 tunc
2538 2226 2930 2275 contexuntur.
2969 2216 3105 2272 Nam
3144 2216 3343 2287 byssus
3387 2215 3614 2285 quidem
3664 2229 3795 2285 qua

2199 2317 2324 2387 plus
2351 2328 2517 2384 quam
2574 2311 2667 2366 nix
2696 2309 2952 2380 refulget,
2989 2308 3235 2363 ostendit
3289 2306 3602 2378 symbolum
3650 2306 3798 2362 lucis

2200 2424 2322 2480 quae
2350 2391 2603 2477 procedit
2626 2420 2693 2459 ex
2719 2404 2846 2458 luce
2883 2402 2981 2456 Dei
3031 2400 3199 2456 Verbi
3238 2420 3250 2454 :
3282 2409 3557 2455 retortum
3604 2407 3795 2454 autem

2200 2500 2488 2558 coccinum
2539 2496 2648 2551 fert
2681 2495 2971 2565 imaginem
3002 2493 3206 2555 carnis,
3238 2507 3361 2547 cum
3403 2492 3599 2561 pueris
3640 2488 3793 2546 enim

2201 2589 2684 2648 communicarunt
2714 2586 2869 2642 carni
2894 2597 2951 2641 et
2974 2585 3267 2655 sanguini.
3299 2583 3650 2655 Hyacinthus
3694 2598 3797 2638 au-

2202 2690 2314 2737 tem
2359 2696 2483 2751 quae
2529 2678 2759 2741 dicitur,
2809 2683 2895 2732 est
2938 2676 3196 2731 similiter
3239 2676 3443 2730 coloris
3491 2674 3737 2730 caelestis
3774 2694 3790 2728 :

2203 2773 2562 2845 quamobrem
2594 2784 2721 2825 eum
2740 2783 2964 2838 quoque
2990 2768 3232 2823 colorem
3256 2766 3470 2821 aerium
3499 2768 3797 2821 nominant

2203 2867 2298 2937 qui
2329 2865 2568 2920 sericeos
2594 2863 2811 2918 colores
2841 2868 3273 2931 persequuntur.
3336 2853 3660 2914 anenimus
3688 2874 3791 2913 au-

2205 2968 2315 3014 tem
2349 2958 2533 3028 Magos
2565 2969 2786 3025 quoque
2843 2969 2971 3013 cum
3011 2968 3150 3007 auro
3182 2969 3214 3007 e
3249 2961 3397 3008 terra
3456 2960 3612 3016 nato,
3646 2967 3797 3023 myr-

515 3056 601 3103 est
630 3045 829 3102 melius
885 3045 1312 3117 ignorationem,
1363 3045 1558 3100 dicens
1584 3060 1648 3099 ea
1679 3046 1956 3114 jumenta.
1982 3044 2099 3101 'Sed
2130 3065 2175 3127 ρ
2207 3050 2362 3104 rham
2391 3048 2559 3103 etiam
2582 3046 2852 3101 marinam
2899 3044 3167 3098 obtulisse
3209 3042 3454 3099 Christo.
3502 3041 3805 3108 Quomodo

516 3139 664 3209 quod
715 3141 785 3194 ab
840 3139 1101 3196 llabacuc
1144 3139 1416 3209 propheta
1452 3138 1659 3193 dicitur
1702 3138 1775 3194 de
1822 3138 2047 3194 Christo
2084 3155 2099 3192 :

517 3231 581 3286 ιιι
631 3233 807 3285 medio
838 3232 1064 3287 duorum
1113 3231 1435 3285 animalium
1478 3232 1806 3301 cognosceris
1823 3233 1892 3295 ³³,
1928 3232 1983 3286 id
2013 3247 2104 3287 sa-

516 3322 738 3391 pientes
772 3321 964 3376 Patres
999 3320 1285 3390 accipiunt
1306 3321 1375 3375 de
1408 3319 1625 3376 duobus
1667 3321 1927 3391 populis:
1956 3320 2105 3375 Dao-

518 3429 645 3467 rum
682 3413 1025 3476 animalium,
1072 3413 1228 3483 quasi
1265 3412 1438 3477 dicas,
1494 3413 1660 3469 unius
1699 3414 1891 3484 populi
1932 3423 2108 3470 terre-

517 3503 670 3566 stris,
692 3501 923 3556 alterius
945 3501 1165 3555 marini.
1192 3502 1259 3555 Et
1276 3502 1437 3571 plane
1459 3503 1570 3557 hoc
1585 3503 1748 3558 modo
1768 3504 1960 3566 Evam,
1983 3520 2108 3574 quae

518 3601 604 3648 cst
636 3592 808 3663 ﬁgura
848 3593 1113 3648 Ecclesia:
1138 3591 1348 3650 Christi
1375 3610 1441 3650 ex
1473 3596 1753 3667 gentibus.
1809 3597 1957 3653 Deus
1995 3613 2107 3653 non

521 3678 652 3733 fecit
675 3694 744 3733 ex
773 3687 920 3733 terra
948 3680 1098 3736 unde
1131 3680 1287 3736 ﬁnxit
1314 3681 1511 3749 Adam,
1556 3687 1821 3756 quoniam
1855 3687 2108 3743 Ecclesia

521 3785 632 3825 non
659 3778 748 3825 est
766 3778 1021 3842 cognata,
1055 3773 1153 3828 sed
1179 3773 1386 3830 diversi
1422 3778 1643 3847 generis
1666 3778 2002 3859 hospesque,
2050 3789 2108 3836 et

521 3861 699 3916 aliena
731 3877 761 3915 a
793 3861 1021 3929 ludatis,
1047 3865 1141 3933 qui
1173 3881 1285 3921 non
1320 3875 1449 3922 sunt
1471 3868 1765 3925 benedicta
1801 3870 2061 3926 animalia
2090 3888 2105 3926 :

522 3961 585 4007 ut
616 3969 739 4024 qum
767 3954 842 4009 sit
874 3970 941 4009 ex
961 3956 1256 4026 reptilibus
1284 3967 1341 4014 et
1391 3960 1713 4016 volucribus
1761 3963 1932 4018 maris
1985 3979 2109 4034 quae

522 4056 857 4118 acceperunt
879 4050 976 4104 Dei
1007 4050 1475 4123 benedictionem.

593 4137 751 4204 Quod
780 4140 825 4194 si
850 4139 1020 4196 alacri
1047 4151 1104 4197 et
1125 4148 1335 4213 patenti
1361 4147 1547 4203 animo
1580 4148 1651 4205 iis
1679 4166 1800 4221 quae
1845 4151 2110 4209 dicuntur

525 4246 689 4285 aures
712 4232 980 4300 praebeas,
1009 4249 1042 4288 o
1064 4234 1312 4303 auditor,
1330 4222 1550 4309 quaede
1583 4241 1673 4296 his
1694 4241 1914 4299 duobus
1936 4260 2113 4315 popu-

526 4320 598 4377 lis
621 4320 890 4387 dicuntur
929 4324 1019 4395 (de
1052 4331 1328 4396 terrestri,
1353 4332 1606 4403 inquam,
1638 4343 1695 4390 et
1726 4338 1985 4408 marino),
2008 4339 2108 4393 tibi

527 4416 779 4485 probabo
821 4425 878 4473 et
915 4434 983 4473 ex
1018 4422 1318 4492 graphicis,
1366 4434 1422 4480 et
1459 4427 1695 4483 diversis
1741 4437 1850 4483 tam
1893 4404 2111 4488 Veteris
2142 4404 2188 4459 ο

527 4522 690 4576 quant
713 4509 849 4563 Novi
878 4508 1219 4569 Testamenti
1254 4515 1846 4575 demonstrationibus.
1886 4521 2109 4577 Etenim

530 4598 745 4656 snt'ﬁtus
800 4615 897 4657 seu
943 4602 1255 4674 incensum,
1319 4609 1469 4678 quod
1516 4611 1682 4680 jussit
1732 4611 1877 4667 Deus
1922 4614 2115 4670 Mosen

530 4693 802 4748 conﬁcere
840 4696 1173 4767 (signiﬁcans
1209 4703 1468 4757 unionem
1494 4702 2118 4778 etJudaeortmtetgen-

533 4783 669 4839 tium
704 4786 1073 4856 credentium,
1100 4808 1239 4862 quas
1268 4795 1416 4851 Deus
1457 4805 1543 4852 est
1579 4797 1849 4854 odoratus
1895 4814 1963 4857 ct-
1987 4802 2127 4857 fue-«

531 4888 665 4935 runt
685 4880 744 4936 ei;
762 4881 818 4935 in
847 4882 1085 4938 odorem
1104 4889 1715 4965 suaveolentem),.lcge
1740 4886 2128 4952 constituit-utr

531 4973 650 5044 ejus
679 4975 1008 5044 compositio
1033 4976 1189 5034 ﬁeret
1209 4994 1276 5035 ex
1312 4988 1457 5037 terra
1485 4993 1542 5039 et
1569 4986 1726 5040 mari.
1746 4987 1931 5047 Stacte
1963 4989 2125 5045 enim-

531 5076 717 5122 ortum
774 5067 942 5124 habet
994 5085 1063 5127 ex
1125 5081 1295 5139 terra,
1355 5090 1498 5147 onyx
1557 5087 1744 5134 autem
1796 5090 2011 5137 constat
2047 5099 2116 5138 ex

533 5157 703 5212 mari.
718 5156 985 5217 Similiter
1008 5164 1174 5218 etiam
1196 5165 1361 5222 Musis
1379 5178 1720 5238 unguentum
1742 5173 1910 5241 (quod
1934 5173 2114 5245 ipsum

534 5264 754 5321 quoque
784 5251 1557 5332 duossigniﬁcabatpopulos)
1593 5277 1660 5316 ex
1725 5263 1930 5319 dilecto
1976 5265 2116 5321 Filio

535 5343 760 5399 omnino
796 5346 1056 5415 effusum,
1092 5353 1484 5407 convenienter
1532 5355 1583 5409 ei
1632 5346 1731 5425 qui
1784 5356 1968 5411 dicit:
2005 5358 2117 5414 Un-

536 5443 786 5504 guentum
812 5438 1029 5508 eﬂ'usum
1052 5440 1300 5499 “dilecti
1324 5458 1427 5498 mei
1468 5462 1482 5499 :
1521 5459 1588 5500 ex
1615 5443 1737 5515 ipso
1760 5447 1905 5501 enim
1936 5456 1994 5504 et
2016 5464 2117 5518 per

2206 3141 2338 3198 olim
2365 3154 2586 3210 quoque
2613 3137 2726 3192 duo
2750 3136 2828 3191 illi
2864 3136 3101 3191 duorum
3147 3135 3480 3205 populorum
3519 3135 3658 3205 typi,
3700 3134 3799 3191 Io-

2207 3232 2340 3302 seph
2368 3240 2425 3286 et
2461 3227 2815 3293 Nicodemus,
2842 3225 3061 3282 duobus
3100 3225 3443 3281 aromatibus
3496 3225 3794 3296 (terrestri,

2208 3323 2452 3390 inquam,
2488 3319 2627 3381 aloe,
2653 3327 2710 3374 et
2752 3316 2966 3373 marina
3012 3314 3260 3389 myrrha)
3289 3316 3481 3372 Iesum
3525 3316 3798 3388 sepelien-

2207 3415 2340 3470 dum
2375 3413 2750 3468 involverunt.
2884 3418 2891 3423 '
3020 3469 3025 3474 _

2276 3506 2415 3573 Cum
2449 3522 2518 3561 ex
2549 3506 2742 3562 multis
2769 3520 2902 3577 ergo
2930 3504 3364 3576 probationibus
3390 3504 3807 3575 periphrastiee'

2208 3599 2595 3665 didicerimus,
2620 3599 2835 3652 marina
2863 3605 2921 3653 et
2943 3612 2976 3652 e
3008 3605 3157 3653 terra
3186 3609 3312 3652 nata
3346 3597 3796 3652 animantia‘esse

2208 3693 2528 3750 evidentem
2567 3700 2756 3763 typum
2787 3690 3026 3746 duorum
3060 3690 3683 3761 populorum;'neeesse
3713 3695 3794 3743 est

2208 3787 2377 3841 etiam
2409 3783 2595 3839 dicere
2630 3793 2857 3853 pr0pter
2886 3797 3028 3852 quas
3062 3797 3260 3837 causas
3293 3796 3433 3851 grex.
3457 3780 3795 3850 terra-geni-

2212 3889 2302 3937 tus
2343 3880 2710 3935 animantium
2756 3875 2994 3947 (populi,
3025 3874 3277 3944 inquam,
3304 3873 3501 3943 Israel)
3543 3888 3655 3951 non
3694 3870 3796 3925 fuit

2210 3973 2492 4043 particeps
2518 3970 2671 4042 paris
2697 3965 3113 4023 benedictionis
3142 3966 3304 4035 cujus
3328 3964 3525 4034 pisces
3542 3962 3794 4034 gentiles,

2122 4070 2125 4075 '
2209 4075 2268 4122 et
2304 4082 2427 4136 quae
2467 4074 2599 4122 sunt
2635 4079 2701 4119 ex
2738 4062 2821 4118 eis
2856 4061 3132 4115 volucres.
3166 4059 3236 4114 Et
3270 4059 3513 4128 primum
3549 4055 3794 4125 quidem,

2210 4172 2507 4232 propterea
2531 4156 2680 4228 quod
2710 4171 2822 4212 non
2852 4162 2992 4225 sunt
3010 4150 3274 4223 baptizati
3296 4191 3310 4217 ,
3346 4157 3404 4204 et
3432 4164 3545 4203 non
3574 4148 3797 4203 fuerunt

2213 4251 2570 4323 congenerati
2627 4248 2754 4305 cum
2810 4261 2972 4316 aqua"
3000 4252 3064 4300 et
3115 4243 3312 4314 spiritu
3367 4240 3463 4311 qui
3498 4238 3797 4294 .ferebatur

2215 4361 2383 4415 super
2421 4357 2620 4413 aquam
2653 4357 2667 4394 ἶ
2698 4337 2949 4394 secunda
2970 4344 3156 4391 autem
3189 4349 3355 4390 causa
3383 4340 3613 4402 propter
3637 4346 3794 4402 quam

2216 4436 2415 4509 privati
2471 4443 2602 4490 sunt
2646 4431 3070 4495 benedictione;
3123 4427 3387 4498 quoniam
3437 4426 3492 4480 in
3544 4425 3629 4479 eis
3679 4433 3797 4479 erat

2216 4542 2475 4597 serpens,
2510 4525 2640 4581 Eva:
2680 4522 2789 4594 (vel
2814 4522 3020 4592 potius
3058 4528 3264 4575 sancta
3304 4516 3587 4587 Ecclesiae)
3629 4516 3797 4572 hostis

2215 4630 2273 4677 et
2303 4618 2619 4681 insidiator,
2647 4623 2703 4670 et
2733 4614 2956 4670 futurus
2989 4620 3108 4667 erat
3142 4610 3528 4666 obnoxiustilli
3566 4610 3794 4665 terribili

2216 4711 2424 4768 Christi
2472 4708 2873 4764 exsecrationi.
2918 4704 3235 4760 Invenimus
3283 4712 3470 4757 autem
3525 4700 3698 4756 Deum
3740 4702 3792 4755 in

2219 4802 2482 4857 universa
2514 4799 2803 4869 Scriptura
2832 4797 2990 4868 legis,
3020 4811 3145 4851 cum
3177 4810 3272 4850 ore
3303 4793 3534 4865 proprio
3562 4794 3793 4864 aliquem

2220 4882 2621 4957 benedixisset,
2638 4901 2695 4947 et
2714 4906 2840 4948 eum
2865 4898 3058 4961 postea
3077 4896 3229 4943 esset
3247 4895 3590 4952 exsecratus;
3618 4886 3795 4941 nescio

2222 5003 2293 5043 an
2324 5002 2432 5043 non
2460 5000 2587 5041 cum
2621 4985 2806 5053 aliqua
2832 4981 3192 5037 distinctione
3218 4978 3440 5035 dederit
3460 4978 3794 5039 benedictio-

2221 5093 2350 5133 nem
2390 5095 2404 5131 :
2439 5075 2720 5146 quomodo
2763 5074 2819 5129 in
2865 5074 3065 5128 lsraele
3099 5070 3236 5126 dicit
3266 5079 3323 5125 et
3355 5069 3705 5135 Salomone;
3742 5067 3797 5123 Si

2223 5169 2576 5224 custodieritis
2607 5174 2869 5239 praecepta
2898 5180 3016 5219 mea
3049 5172 3098 5217 et
3122 5162 3539 5233 justiﬁcationes
3572 5179 3712 5216 mea:
3732 5163 3793 5215 ".

2222 5261 2557 5317 Prmsciebat
2586 5260 2737 5315 enim
2772 5258 3022 5312 futurum
3057 5264 3118 5309 ut
3153 5262 3391 5323 uterque
3438 5255 3519 5324 (et
3570 5253 3793 5309 maxime

2221 5355 2427 5427 Israel)
2458 5355 2677 5410 divinas
2702 5354 2854 5424 leges
2893 5361 3041 5408 esset
3068 5340 3382 5405 aboliturus
3411 5356 3468 5404 et
3493 5359 3794 5418 transgres-

2221 5450 2417 5515 surus,
2448 5458 2505 5503 et
2537 5446 2759 5502 futurus
2789 5453 2941 5501 esset
2970 5442 3246 5499 obnoxius
3278 5442 3385 5496 illis
3424 5438 3793 5496 innumerahi-

606 5639 871 5723 ‘illabae.
904 5661 977 5711 ιιι,
1138 5646 1184 5678 ’ί
1211 5646 1370 5706 Cant.
1419 5671 1462 5717 t,
1515 5651 1570 5708 2.
1648 5653 1891 5711 "Exod.
1938 5655 2189 5723 xxx,‘25.
2253 5610 2317 5686 "‘
2354 5654 2495 5711 Psal.
2537 5668 2717 5721 mm,
2747 5651 2848 5720 22;
2903 5650 3091 5706 Matth.
3146 5662 3306 5715 xxvii,
3357 5645 3450 5701 48.
3555 5646 3601 5679 ⁵⁷
3644 5643 3802 5700 Deut.

529 5740 604 5793 ιι,
636 5720 725 5790 ‘22;
772 5721 835 5775 Ill
876 5725 1003 5794 lirg.
1044 5740 1112 5790 Vt,
1149 5723 1233 5780 l2.
