3996 6296
243 280 348 346 929

1340 270 1422 333 IN
1462 268 2012 332 HEXAEMERON.
2040 292 2109 305 ·-·
2144 266 2431 329 ιΙΒυνΙ.

3396 269 3503 335 930

239 383 389 454 libus
416 410 540 466 qum
572 401 701 450 sunt
724 391 789 471 in
820 391 967 463 Lege
1000 386 1479 446 exsecrationibus
1523 404 1538 441 :
1583 385 1820 440 maxime
1854 390 1898 446 Α
1926 399 2095 455 opera
2127 393 2213 440 est
2243 382 2493 439 imitatus
2527 398 2540 437 :
2574 382 2676 438 Ille
2707 391 2824 439 erat
2852 384 3118 440 homicida
3155 386 3219 440 ab.
3250 386 3503 457 initio”;

239 492 421 546 autem
447 486 714 551 omnium,
736 495 963 556 prepter
977 483 1221 538 futuram
1245 496 1437 536 eorum
1461 479 1517 534 in
1538 478 1818 534 Christum

241 580 604 651 impietatem,
629 593 696 632 ex
736 591 833 632 ore
874 566 1183 632 illius'essc
1222 578 1583 640 suscepturos
1612 585 1694 623 vae
1727 569 1820 623 illa

239 670 687 736 innumerabilia,
714 677 770 723 et
796 666 1100 724 sententias
1122 663 1487 719 desolationis
1510 671 1568 716 et
1588 661 1819 731 eiectio-

238 765 344 820 nis.
374 764 479 831 Qui
511 771 696 818 autem
729 776 839 815 non
872 760 953 817 Sic
982 758 1284 827 accipiens,
1317 748 1535 811 divinas
1566 753 1819 832 Scriptu-

232 870 330 909 ras
369 853 636 923 explicat,
674 852 956 921 quodnam
996 856 1282 918 peccatum
1321 845 1375 900 in
1410 846 1582 900 Deum
1621 849 1819 913 powe-

224 950 368 998 ‘runt
392 955 622 1011 peccare
649 948 810 994 terrae
838 935 1167 999 animantia,
1192 933 1341 1004 quod
1374 948 1483 987 non
1516 933 1598 986 eis
1630 946 1818 1001 parem

238 1034 583 1105 impertierit,
621 1028 1067 1087 benedictionem
1125 1043 1291 1098 quam
1342 1026 1629 1097 piscibus?
1681 1025 1817 1080 Nam

235 1127 381 1198 quod
420 1126 493 1179 ad
530 1123 784 1194 corporis
824 1119 1278 1176 constitutionem
1318 1118 1519 1187 attinet
1556 1123 1614 1170 et
1652 1124 1816 1170 natu-

226 1235 374 1284 ram,
401 1230 521 1273 eam
554 1218 716 1287 longe
746 1214 955 1269 habent
980 1210 1431 1267 excellentiorcm
1459 1217 1515 1263 et
1540 1209 1701 1278 plane
1732 1209 1818 1261 in-

234 1308 663 1379 comparabilem
680 1320 719 1361 e
747 1314 896 1362 terra
919 1303 1106 1374 genita
1136 1299 1438 1355 animantia
1458 1308 1520 1354 et
1543 1301 1813 1371 jumenta,

199 1394 218 1478 ε’
234 1418 397 1473 quam
428 1401 634 1471 pisces.
814 1410 817 1411 '

302 1493 419 1547 Hoc
452 1492 552 1546 tibi
584 1489 914 1561 persuadeat
941 1495 997 1543 et
1019 1485 1175 1541 canis
1204 1484 1301 1555 qui
1327 1483 1566 1539 fideliter
1592 1497 1814 1553 gregem

233 1594 445 1651 servat,
470 1583 696 1638 domum
730 1579 1005 1645 custodit,
1033 1588 1090 1635 et
1117 1574 1203 1633 est
1228 1578 1405 1632 vineae
1438 1575 1724 1646 praesidio;
1759 1582 1815 1628 et

232 1679 331 1733 bos
352 1660 618 1732 et'asinu's
633 1673 729 1745 qui
746 1668 957 1728 norunt
973 1686 1106 1727 suos
1125 1668 1541 1735 benefactores;
1565 1676 1622 1722 et
1637 1676 1814 1736 equus

1925 478 2032 533 hoc
2069 487 2174 543 est,
2210 477 2392 532 statim
2435 476 2505 531 ab
2547 476 2707 531 initio
2749 476 3138 546 productionis
3178 478 3404 545 mundi;
3445 489 3507 536 ut

1922 570 2017 638 qui
2053 566 2343 637 proprium
2375 565 2605 619 fratrem
2647 564 3015 623 interfecerit.
3053 564 3199 636 Ergo
3228 579 3328 620 vos
3361 579 3504 634 quo-

1921 676 2030 730 que
2066 659 2228 715 eritis
2270 657 2563 714 homicidae
2601 657 2669 711 ad
2711 657 3099 721 imitationem,
3134 666 3314 713 morte
3354 657 3504 715 enim

1921 753 2171 808 atiicietis
2215 766 2394 805 meam
2437 750 2567 805 Jesu
2600 750 3048 831 .humanitatem;
3091 750 3331 816 nullum,
3378 759 3505 806 tan-

1921 857 2086 912 quam
2120 842 2255 905 Deo;
2292 839 2430 894 mihi
2465 841 2726 894 damnum
2748 840 2992 907 illaturi,
3024 850 3318 911 propterea
3354 839 3502 912 quod

1919 950 2032 990 non
2066 933 2295 1004 possitis
2320 933 2377 987 in
2408 948 2476 988 eo
2502 948 2589 988 me
2617 933 2863 1004 aggredi.

1991 1026 2118 1082 llam
2149 1036 2338 1080 autem
2368 1024 2554 1079 omnia
2581 1024 2900 1080 testimonia
2923 1023 3258 1081 adduximus
3287 1023 3356 1078 ad
3387 1024 3500 1094 glo-

1918 1121 2212 1175 riationem
2242 1129 2299 1175 et
2321 1120 2745 1175 exsultationem
2769 1118 2978 1174 Christi
3003 1119 3263 1174 Ecclesiae
3289 1136 3302 1173 :
3329 1119 3504 1174 mari--

1918 1229 2064 1268 mam
2095 1214 2242 1269 enim
2275 1213 2570 1267 utilitatem
2602 1221 2658 1266 et
2686 1212 3163 1267 conﬁrmationem
3199 1212 3502 1281 accipimus

1917 1320 2020 1361 nos
2073 1304 2304 1369 ﬁdeles,
2359 1320 2484 1359 cum
2545 1304 2813 1359 discimus
2868 1304 3038 1373 quod,
3074 1320 3200 1358 cum
3257 1304 3500 1373 primum

1916 1396 2118 1451 ctelum
2160 1404 2216 1450 et
2259 1405 2406 1451 terra
2449 1397 2802 1460 creabantur,
2831 1412 2898 1451 ex
2937 1404 3004 1450 eo
3043 1406 3289 1465 tempore
3329 1395 3502 1450 admi-

1915 1489 2175 1543 rabilium
2201 1503 2468 1558 aquarum
2498 1489 2738 1558 populus
2763 1489 3045 1558 reptilium
3070 1488 3304 1557 piscium
3332 1488 3503 1543 bene-

1914 1582 2217 1636 dictionem
2254 1581 2473 1650 accepit
2503 1596 2532 1635 a
2564 1579 2819 1665 Domino.
2847 1580 3042 1635 Frater
3068 1588 3250 1634 autem
3283 1578 3501 1650 prodigi

1915 1671 2087 1741 hujus
2123 1671 2223 1726 ﬁlii
2259 1670 2512 1742 gentilis,
2544 1672 2638 1741 qui
2672 1681 2794 1726 erat
2826 1671 2881 1725 in
2917 1687 3048 1742 agro
3078 1671 3252 1725 vinea:
3284 1670 3504 1726 Israelis

230 1772 288 1821 et
314 1766 499 1819 mulus
524 1772 583 1818 et
610 1728 855 1818 camelus
885 1762 980 1832 qui
1014 1775 1182 1829 supra
1212 1760 1509 1813 humanam
1545 1757 1812 1811 rationem
1847 1728 1886 1780 Β
1912 1764 2181 1834 agricola,
2205 1728 2409 1818 mansit
2432 1764 2551 1818 sine
2574 1728 3052 1818 bettedictiongnt
3068 1763 3164 1834 qui
3190 1764 3299 1818 huc
3324 1778 3501 1833 usque

231 1872 375 1927 saepe
400 1852 730 1922 sciunt'vias
758 1864 897 1923 quas
924 1852 1094 1908 semel
1124 1851 1539 1921 ingressi‘sum.
1565 1857 1622 1905 et
1643 1858 1815 1903 ηοεῑιι
1913 1873 2026 1912 non
2069 1856 2302 1911 inducat
2343 1857 2399 1910 in
2443 1856 2691 1910 animum
2727 1856 2944 1926 ingredi
2976 1864 3035 1911 et
3064 1872 3185 1912 esse
3220 1857 3502 1927 particeps

223 1963 374 2018 saepe
417 1956 547 2002 sunt
579 1946 719 2002 certi
753 1946 926 2000 duces
961 1958 1191 2000 suorum
1226 1942 1577 1997 dominorum
1613 1957 1627 1994 ε
1665 1939 1813 1995 unde
1904 1948 2163 2018 corporis
2219 1956 2277 2003 et
2335 1948 2622 2018 sanguinis
2672 1932 2832 2001 vituli
2891 1947 3149 2018 saginati.
3206 1948 3502 2019 Saginatus

229 2040 396 2096 etiam
416 2054 569 2109 saepe
600 2039 655 2092 in
688 2035 836 2092 bello
864 2040 993 2107 post
1018 2037 1210 2101 Deum,
1237 2047 1508 2104 equorum
1541 2040 1598 2087 et
1627 2031 1811 2085 mulo-

232 2146 355 2186 rum
398 2139 454 2185 et
487 2130 825 2186 camelorum
865 2127 1237 2182 ministerium
1271 2135 1357 2181 est
1392 2123 1575 2180 saluti.
1598 2123 1812 2190 Quibus

229 2224 277 2278 si
321 2230 540 2279 careret
580 2222 886 2276 humanum
931 2234 1128 2290 genus,
1158 2216 1398 2288 periret;
1451 2224 1513 2271 ut
1550 2212 1702 2285 quod
1734 2213 1809 2268 ad

230 2309 657 2364 ministrandum
702 2308 810 2362 sibi
852 2323 963 2362 non
1005 2307 1302 2362 sulliceret.
1339 2306 1496 2362 Unde
1536 2305 1703 2359 etiam
1744 2318 1809 2359 ea

230 2402 436 2457 habere
483 2400 818 2471 sapientiam
872 2406 1108 2454 testatus
1159 2407 1246 2453 est
1295 2397 1476 2462 Deus,
1513 2397 1627 2466 jam
1674 2396 1808 2451 olim

228 2492 465 2563 loquens
501 2491 1029 2547 misericordissima
1071 2497 1127 2544 et
1166 2488 1577 2559 patientissimo
1610 2486 1750 2542 Joho
1791 2502 1806 2539 :

227 2583 483 2657 Nunquid
513 2584 762 2656 prazbebis
798 2598 930 2655 equo
964 2582 1351 2653 fortitudinem,
1384 2589 1475 2634 aut
1508 2578 1810 2633 circumda-

228 2676 304 2731 bia
333 2676 467 2731 collo
496 2677 609 2745 ejus
636 2676 942 2745 hinnitum?
970 2673 1222 2729 Exsultat
1247 2673 1521 2735 audacter,
1545 2672 1601 2724 in
1628 2685 1811 2723 occur-

225 2784 357 2822 sum.
388 2769 561 2839 pergit
603 2764 851 2821 armatis.
888 2765 1193 2821 Coutemnit
1229 2780 1509 2835 pavorem,
1543 2779 1636 2816 nec
1674 2761 1811 2815 cedit

227 2856 406 2928 gladio
424 2856 494 2927 ⁸⁸9,
525 2856 634 2911 etc.
666 2855 727 2910 in
758 2856 985 2909 marinis
1019 2864 1201 2910 autem
1231 2853 1546 2922 reptilibus,
1576 2850 1808 2922 piscium

220 2962 409 3017 neque
453 2962 561 3001 vox
604 2954 709 3012 est,
749 2959 935 3016 neque
978 2944 1241 3015 cognitio,
1279 2959 1461 3013 neque
1510 2942 1805 3013 sapientia,

1904 2049 2099 2095 autem
2126 2039 2336 2095 vitulus
2362 2022 2688 2094 nominatur
2712 2038 2989 2103 Christus,
3016 2040 3278 2109 quoniam
3309 2041 3501 2096 multis

1912 2129 2258 2201 temporibus
2290 2138 2419 2185 ante
2448 2133 2676 2201 nuptias
2700 2140 2763 2184 et
2792 2130 3056 2187 unionem
3089 2145 3217 2186 cum
3252 2130 3498 2186 Ecclesia

1909 2223 2211 2294 parabatur
2254 2239 2285 2278 a
2322 2237 2424 2277 suo
2462 2222 2625 2277 Patre
2670 2223 2724 2275 in
2768 2236 2925 2277 esum
2966 2222 3237 2292 gentium,
3266 2230 3323 2275 et
3355 2236 3497 2292 quo-

1908 2314 2205 2369 dammodo
2255 2313 2613 2385 saginabatur
2663 2322 3094 2371 sacramentum.
3149 2313 3298 2370 Deus
3348 2313 3496 2368 enim

1900 2411 2036 2458 ante
2075 2404 2274 2458 smeula
2311 2403 2603 2473 antiquum
2642 2418 2839 2458 verum
2879 2404 3154 2458 revelavit
3198 2403 3495 2458 consilium

1900 2492 1978 2548 ad
2006 2492 2239 2562 gloriam
2270 2502 2517 2546 nostram
2549 2493 2820 2563 gentium,
2848 2493 2993 2548 sicut
3019 2494 3221 2548 clamat
3243 2494 3411 2548 lsaias
3441 2502 3499 2549 et

1905 2582 2128 2638 i’aulus.
2158 2584 2228 2638 Et
2254 2584 2394 2637 dixit
2423 2585 2571 2639 Deus
2606 2603 2620 2637 :
2653 2584 2943 2638 Faciamus
2968 2585 3231 2639 hominem
3265 2585 3334 2639 ad
3362 2584 3499 2639 ima-

1906 2677 2082 2746 ginem
2123 2685 2174 2729 et
2211 2675 2614 2730 similitudinem
2656 2671 2915 2731 nostram.
2954 2676 3367 2733 Convenienter
3405 2689 3497 2729 ra-

1904 2765 2045 2819 tioni
2098 2780 2404 2836 anagoges,
2448 2764 2736 2821 Christum
2781 2764 2875 2820 hic
2919 2765 3230 2837 intelliges,
3282 2765 3336 2818 in
3386 2779 3498 2833 quo

1904 2857 2115 2912 dicitur
2146 2857 2280 2911 illud
2317 2874 2332 2910 :
2364 2857 2647 2912 Faciamus
2680 2859 2965 2922 hominem,
2993 2858 3217 2927 quando
3252 2857 3498 2927 suscepit

1908 2946 2226 3011 hominem;
2267 2948 2403 3002 illud
2443 2957 2656 3014 autem,
2687 2948 2997 3016 Faciamus,
3023 2965 3134 3003 non
3172 2951 3325 3004 solus
3363 2949 3499 3004 dicit

228 3050 409 3105 neque
441 3034 698 3102 scientia,
727 3049 909 3106 neque
944 3032 1236 3097 memoria,
1269 3048 1452 3103 neque
1486 3046 1683 3086 sensus
1711 3029 1806 3099 qui
1831 3059 1876 3118 α
1908 3039 2075 3094 pater
2118 3048 2187 3094 ει·
2223 3038 2497 3108 Spiritus,
2536 3040 2638 3094 hic
2688 3041 2915 3109 quidem
2963 3050 3026 3095 ut
3058 3041 3393 3115 ’approbans
3440 3050 3498 3099 et

220 3135 544 3197 cognoscat,
571 3142 752 3197 neque
793 3125 1060 3180 adversus
1093 3125 1389 3179 Dominum
1428 3122 1668 3178 servitus
1704 3122 1807 3176 ali-

227 3236 336 3292 qua
364 3232 458 3275 aut
484 3208 871 3275 benevolentia
896 3227 991 3272 aut
1010 3230 1188 3271 amor.
1206 3216 1342 3283 Quae
1365 3215 1588 3286 quidem
1614 3229 1808 3269 omnes

228 3312 464 3382 piscium
508 3312 881 3381 preprietates
916 3308 1156 3362 rationis
1195 3314 1253 3360 et
1295 3320 1493 3361 sensus
1531 3314 1806 3375 expertes,

227 3405 429 3475 populo
450 3402 698 3473 gentium
730 3400 888 3455 valde
919 3397 1283 3462 conveniunt,
1319 3408 1381 3449 ut
1409 3396 1476 3450 de
1509 3410 1578 3451 eo
1602 3395 1810 3449 intelli-

226 3504 425 3568 gantur
449 3503 506 3550 et
532 3494 810 3549 dicantur.
829 3492 1001 3548 Prius
1031 3491 1180 3546 enim
1209 3498 1330 3544 erat
1348 3488 1557 3544 surdus
1583 3489 1813 3567 sicutet

227 3589 432 3660 pisces,
460 3603 574 3643 non
615 3587 851 3641 audiens
872 3599 1067 3639 vocem
1101 3582 1348 3638 Domini.
1382 3582 1518 3636 Erat
1541 3589 1724 3635 autem
1758 3586 1815 3634 ot

222 3691 416 3735 mutus
456 3679 600 3733 sicut
637 3677 762 3747 ipsi.
811 3675 934 3731 Non
970 3674 1213 3729 habebat
1247 3673 1398 3728 enim
1441 3672 1497 3727 in
1539 3687 1600 3727 se
1635 3671 1808 3725 Deum

225 3770 503 3834 Verbum;
534 3782 701 3823 aures
720 3768 840 3838 ejus
865 3774 922 3821 et
944 3781 1008 3822 os
1030 3764 1425 3820 obturantibus
1453 3761 1812 3819 daemoniacis

224 3863 407 3935 aquis,
436 3861 726 3930 oculisque
767 3848 1037 3914 tenebras
1062 3856 1504 3922 oﬂ‘undentibus,
1536 3871 1609 3912 ne
1641 3870 1810 3927 agno-

224 3963 449 4012 scerent
478 3961 536 4008 et
568 3948 766 4010 oculos
803 3951 1161 4023 intenderent
1194 3950 1250 4005 in
1292 3949 1809 4005 Solem‘Dominum

222 4046 507 4104 Christum
532 4045 728 4101 Deum.
756 4045 1056 4114 Propterea
1081 4043 1228 4099 enim
1258 4042 1315 4097 in
1348 4051 1534 4114 typum
1563 4043 1808 4113 gentium

225 4141 373 4196 Deus
406 4137 708 4209 appellavit
747 4137 965 4207 reptilia
1004 4137 1198 4206 pisces
1230 4136 1512 4201 animalia,
1547 4135 1807 4204 quoniam

224 4229 427 4300 reptile
479 4236 565 4283 est
614 4227 795 4281 simile
849 4225 1126 4280 diabolica
1175 4225 1461 4294 serpenti,
1515 4224 1699 4279 anima
1751 4232 1809 4280 et

225 4322 394 4378 corde
418 4330 474 4376 et
499 4321 730 4376 ratione.
753 4320 987 4375 Pectore
1019 4320 1077 4374 in
1108 4326 1307 4373 terram
1337 4318 1527 4372 totum‘
1543 4318 1804 4381 trahitur,

1911 3137 2093 3182 ratum
2126 3127 2360 3191 habens,
2391 3128 2482 3182 ille
2513 3136 2705 3182 autem
2729 3136 2791 3183 ut
2819 3144 3166 3197 praeparans;
3198 3130 3294 3182 sed
3327 3128 3495 3182 etiam

1906 3217 2084 3272 Filius
2110 3225 2172 3269 ut
2196 3217 2344 3271 Deus
2368 3217 2648 3272 consentit
2670 3216 2737 3271 de
2767 3232 2834 3271 eo
2862 3217 3011 3287 quod
3043 3226 3129 3272 est
3153 3217 3494 3285 faciendum,

1909 3317 1973 3363 ut
2002 3311 2121 3379 ipse
2155 3312 2378 3379 queque
2413 3317 2674 3364 cernatur
2702 3310 2962 3379 amplecti
2996 3310 3252 3364 humanae
3286 3320 3498 3365 natura:

1904 3402 2321 3470 susceptionem
2366 3419 2384 3455 :
2424 3400 2521 3456 sed
2571 3399 2814 3470 primum
2853 3408 2939 3455 est
2972 3401 3137 3456 aliter
3173 3401 3495 3456 examinan-

1910 3492 2043 3547 dum
2071 3493 2327 3546 verbum.
2358 3493 2429 3547 Et
2452 3494 2565 3563 jam
2599 3494 2824 3564 quidem
2854 3509 2885 3547 a
2914 3493 3078 3548 nobis
3109 3493 3178 3548 de
3204 3508 3291 3557 eo,
3322 3508 3499 3562 quan-

1912 3588 2028 3635 tum
2074 3581 2357 3651 potuimus
2396 3585 2636 3651 assequi,
2671 3593 2803 3640 sunt
2838 3584 2970 3645 libri
3009 3584 3306 3647 elaborati,
3337 3593 3395 3639 et
3428 3599 3497 3639 eo

1910 3671 2342 3727 transmittimus
2379 3688 2479 3728 eos
2516 3676 2613 3744 qui
2650 3676 2951 3730 voluerint.
2982 3676 3041 3730 in
3084 3690 3357 3731 summam
3395 3690 3495 3729 au-

1908 3770 2045 3828 tem,
2073 3779 2144 3818 ne
2177 3763 2355 3819 instar
2381 3766 2622 3821 mutilati
2656 3767 2893 3823 membri
2926 3777 3023 3823 aut
3049 3769 3303 3838 corporis
3333 3768 3408 3822 sit
3440 3767 3495 3822 in

1907 3854 2020 3910 illis
2061 3862 2202 3925 opus
2243 3871 2503 3936 mancum
2545 3872 2612 3913 ac
2653 3860 2946 3924 mutilum,
2984 3859 3091 3913 hoc
3129 3869 3217 3914 est
3258 3860 3494 3928 implen-

1910 3947 2065 4003 dum.
2097 3946 2239 4003 Sunt
2273 3956 2457 4003 autem
2494 3950 2633 4013 hac,
2658 3965 2762 4005 cur
2796 3966 2906 4005 non
2941 3950 3196 4006 distinxit
3226 3951 3371 4004 Deus
3405 3950 3494 4005 in-

1909 4047 1994 4094 ter
2023 4040 2363 4111 creationem
2398 4041 2721 4095 animalium
2757 4054 2829 4097 ex
2860 4050 3029 4105 terra,
3059 4050 3117 4095 et
3149 4040 3492 4097 creationem

1907 4130 2172 4205 hominis,
2205 4132 2352 4191 sicut
2379 4125 2568 4188 divisit
2602 4133 2748 4188 inter
2780 4134 2963 4203 pisces
3000 4142 3058 4189 et
3109 4124 3412 4187 animantia
3453 4147 3486 4187 e

1909 4231 2056 4277 terra
2091 4223 2278 4293 genita
2318 4239 2333 4276 :
2377 4224 2474 4279 sed
2515 4232 2774 4294 tanquam
2813 4232 2964 4280 esset
3001 4224 3254 4295 quaedam
3295 4239 3491 4280 eorum

1906 4316 2188 4384 cognatio,
2214 4315 2412 4370 eodem
2444 4316 2556 4383 die,
2581 4325 2638 4371 et
2662 4318 2941 4372 hominem
2971 4327 3028 4372 et
3054 4333 3117 4372 ea
3144 4326 3228 4372 est
3254 4317 3493 4372 fabrica-

222 4428 294 4470 ει
325 4413 645 4469 caelestibus
674 4412 811 4466 nihil
846 4410 1185 4475 considerat,
1214 4411 1353 4465 nihil
1386 4411 1622 4466 sublime
1646 4404 1805 4480 'cogi-
1836 4401 1877 4456 Ι)
1915 4414 2022 4461 tus.
2069 4406 2226 4473 Quod
2261 4407 2489 4477 quidem
2529 4408 2751 4463 solvens
2786 4409 3009 4478 quidam
3047 4425 3115 4463 ex
3157 4408 3478 4478 cxpositori-

226 4512 327 4572 tat,
352 4505 491 4559 nihil
517 4505 796 4560 excelsum
824 4505 1266 4573 contemplatur;
1292 4503 1387 4557 sed
1412 4511 1530 4558 tota
1550 4503 1806 4572 corporis

224 4605 438 4654 statura
477 4598 723 4669 adhaeret
759 4605 921 4652 terrae
957 4612 988 4650 a
1029 4597 1209 4666 capite
1252 4610 1426 4665 usque
1465 4595 1532 4650 ad
1574 4595 1803 4651 caudam

225 4689 357 4760 (hoc
386 4698 469 4743 est
494 4688 565 4743 ab
597 4688 761 4743 initio
790 4688 858 4741 ad
890 4687 1079 4760 ﬁnem)
1110 4681 1321 4743 tractus
1350 4688 1407 4742 in
1440 4689 1725 4758 pulverem
1749 4698 1805 4742 et

226 4780 439 4844 ﬁmum,
471 4781 596 4834 alvo
626 4779 926 4845 idolorum,
958 4788 1153 4836 ventre
1187 4790 1243 4835 et
1274 4780 1541 4853 umbilico
1573 4780 1804 4835 luxuriat

225 4879 281 4927 et
306 4870 580 4925 libidinis.
607 4871 764 4927 Unde
795 4865 1025 4942 propter
1048 4872 1434 4941 htec'rcptilia,
1460 4888 1522 4927 ex
1558 4872 1805 4942 piscibus

224 4962 528 5034 gentilibus
561 4972 691 5018 ante
725 4978 921 5018 omnes
952 4964 1209 5019 Christus
1235 4964 1453 5019 vocavit
1481 4964 1803 5033 piscatores.

225 5054 404 5109 Porro
436 5063 618 5108 autem
653 5055 892 5123 primum
928 5061 1090 5109 natus
1124 5055 1288 5119 ﬁlius,
1321 5069 1519 5124 nempe
1561 5054 1717 5120 Cain,
1748 5055 1804 5108 in

228 5146 458 5216 figuram
507 5143 862 5215 primogeniti
909 5145 1105 5210 Israel,
1145 5144 1250 5198 fuit
1290 5145 1528 5214 agricola
1582 5145 1665 5214 (ut
1709 5145 1805 5213 qui

226 5244 377 5292 esset
415 5245 684 5307 cognatus
729 5236 1093 5290 animantium
1135 5251 1166 5291 e
1210 5243 1357 5291 terra
1401 5236 1713 5305 genitarum
1752 5245 1808 5290 et

226 5342 344 5383 non
396 5328 855 5397 bcnedictarum)
906 5330 1126 5383 occisor
1174 5328 1307 5382 boni
1356 5329 1593 5397 pastoris
1637 5329 1804 5392 Abel,

228 5434 432 5489 nempe
474 5420 681 5475 Christi
729 5438 742 5474 :
785 5420 855 5475 de
894 5421 1100 5490 quibus
1141 5420 1255 5489 ipse
1292 5420 1513 5475 dicebat
1557 5441 1567 5473 :
1610 5421 1706 5475 Vos
1746 5437 1810 5475 ex

227 5517 384 5580 patre
424 5508 632 5564 diabolo
680 5510 832 5576 estis;
879 5510 984 5565 hoc
1031 5516 1134 5575 est,
1170 5524 1237 5565 ex
1288 5510 1422 5564 Cain
1467 5511 1560 5581 qui
1600 5511 1807 5566 diaboli

303 5687 348 5722 "
371 5687 475 5745 Job
497 5704 680 5757 xxxix,
710 5690 771 5745 l9
813 5700 928 5758 Seq.
1004 5689 1046 5721 "
1077 5688 1369 5759 Joan.'vm,
1411 5692 1490 5748 ii.

1910 4498 2037 4563 bus,
2055 4509 2280 4570 propter
2303 4516 2424 4555 eam
2452 4517 2575 4571 quae
2598 4517 2728 4556 cum
2747 4501 2955 4557 Judaeis
2979 4502 3032 4556 ei
3058 4501 3163 4555 fuit
3185 4501 3489 4556 secundum

1909 4607 2131 4648 carnem
2163 4593 2571 4664 cognationem,
2602 4594 2741 4649 dixit
2771 4608 2892 4649 eam
2914 4610 3037 4649 esse
3058 4594 3222 4649 simul
3255 4594 3492 4648 creatio-

1912 4700 2058 4741 nem.
2103 4686 2280 4750 Unde,
2307 4687 2386 4741 ait
2410 4687 2579 4752 idem,
2606 4687 2738 4742 licet
2761 4686 3126 4757 contemplari
3151 4696 3208 4741 et
3230 4685 3491 4741 admirari

1908 4777 2079 4846 quod,
2104 4776 2171 4832 iis
2194 4778 2401 4833 relictis
2426 4794 2548 4848 quae
2572 4787 2734 4834 erant
2755 4780 2806 4833 ei
2833 4779 3138 4850 propinqua
3163 4787 3220 4834 et
3239 4788 3489 4851 cognata,

1912 4869 2017 4923 iste
2049 4868 2218 4924 homo
2251 4885 2280 4924 a
2311 4869 2425 4925 Deo
2458 4878 2542 4926 est
2574 4871 2926 4927 introductus
2958 4880 3015 4928 et
3043 4872 3208 4928 datus
3240 4873 3295 4926 in
3327 4888 3490 4942 para-

1912 4963 2116 5030 disum,
2142 4965 2210 5020 ad
2240 4980 2368 5020 eum
2401 4966 2746 5035 operandam
2779 4973 2836 5021 et
2862 4965 3309 5021 custodiendum.
3336 4965 3496 5032 Qum-

1913 5056 2040 5110 dam
2080 5064 2269 5112 autem
2307 5044 2510 5112 aliaet
2548 5057 2791 5113 secunda
2832 5059 3137 5113 animantia
3179 5059 3264 5112 vel
3308 5058 3492 5128 potius

1913 5144 2351 5201 bestiasdiversi
2381 5147 2450 5201 ab
2477 5162 2545 5202 eo
2570 5148 2794 5218 generis
2815 5156 2871 5203 et
2891 5163 3014 5217 qum
3036 5147 3237 5218 procul
3259 5148 3492 5203 aberant

1912 5238 2143 5294 adduxit
2171 5255 2281 5293 non
2308 5236 2518 5309 priora,
2545 5239 2642 5294 sed
2674 5241 2942 5305 secunda,
2964 5255 3086 5310 quae
3111 5239 3333 5310 quidem
3361 5250 3493 5297 sunt

1911 5344 2105 5400 greges
2134 5329 2458 5392 bestiarum,
2489 5345 2687 5400 nempe
2718 5332 2985 5401 gentium.

1984 5423 2114 5477 Post
2153 5423 2269 5476 hzec
2307 5431 2490 5475 autem
2533 5424 2977 5492 cognoscendum
3020 5432 3107 5478 est
3139 5436 3195 5476 et
3230 5422 3489 5478 conside-

1915 5512 2173 5578 randum,
2206 5512 2354 5581 quod
2395 5513 2511 5568 hcce.
2549 5514 2718 5586 prima
2757 5530 2858 5568 vox
2897 5515 2950 5567 in
2985 5514 3170 5569 divina
3204 5512 3490 5586 Scriptura
