4082 6290
599 255 709 321 S31

1804 252 1865 311 S.
1904 248 2302 311 ANAS’I‘ASII
2345 249 2672 310 SINMTtE

3762 249 3863 314 932

605 370 756 425 dicta
792 375 881 424 est
900 365 1233 439 pluraliter;
1269 366 1538 429 divinam,
1573 367 1795 434 inquam
1815 405 1830 428 ,
1871 364 2188 435 significans
2220 370 2260 419 Α
2289 348 2708 432 πωτέφιοηίαιη
2730 361 3014 415 uidebimus
3037 376 3156 413 eum
3184 362 3318 415 sicut
3344 370 3418 413 est
3437 361 3504 416 ".
3530 360 3698 417 Vides
3722 366 3859 433 quod

606 462 971 523 Trinitatem,
1019 460 1213 515 dicens
1260 459 1317 513 in
1372 460 1487 513 sola
1537 456 1781 511 hominis
1831 454 2111 511 creatione
2164 472 2176 508 :

610 552 889 607 Faciamus
931 554 1197 606 hominem
1243 551 1314 604 ad
1357 552 1645 619 imaginem
1693 558 1744 602 et
1777 548 2182 602 similitudinem

604 650 882 706 nostram;
916 640 1147 710 perinde
1184 654 1248 694 ac
1289 639 1470 694 tribus
1507 639 1743 693 diversis
1788 639 2042 709 personis
2078 639 2183 693 bo-

610 735 840 796 minum,
876 733 922 787 si
963 733 1040 788 ita
1076 732 1241 788 liceat
1278 731 1488 797 dicere,
1521 747 1591 786 ex
1631 733 1912 786 communi
1948 731 2181 787 consilio

605 833 662 880 et
694 838 969 880 consensu
1014 822 1471 879 construentihus
1509 823 1749 893 aliquam
1786 824 2086 892 imaginem
2127 832 2182 878 et
2220 846 2227 853 ~

604 916 992 981 simulacrum,
1031 923 1089 969 et
1128 930 1458 984 unaquaque
1501 913 1735 969 faciente
1784 913 1839 967 in
1885 914 2181 969 simulacro

600 1008 844 1078 aliquam
889 1007 1167 1077 propriam
1209 1006 1630 1062 similitudinem
1668 1006 1905 1077 elligiem
1941 1015 1997 1060 et
2037 1007 2177 1077 ligu-

599 1117 741 1165 ram,
772 1110 832 1154 ut
871 1102 944 1155 sit
982 1101 1036 1154 in
1079 1115 1149 1155 ea
1186 1100 1242 1155 id
1280 1100 1433 1171 quod
1472 1100 1713 1159 videtur.
1742 1099 2088 1170 corporalius
2121 1108 2176 1153 et

595 1193 860 1249 crassius.
892 1193 1047 1257 Erat,
1075 1182 1317 1262 inquam,
1344 1193 1571 1248 alterius
1608 1193 1830 1263 quidem
1872 1208 1939 1247 ex
1975 1192 2177 1246 divinis

598 1282 910 1338 artiﬁcibus
960 1284 1228 1348 altitudo,
1300 1285 1531 1338 alterius
1576 1296 1760 1339 autem
1812 1283 2078 1347 latitudo,
2124 1291 2180 1338 et

598 1372 831 1427 alterius
859 1373 1230 1443 profunditas.
1256 1375 1348 1428 Sic
1376 1374 1523 1428 enim
1553 1383 1638 1428 est
1667 1377 1887 1444 proprie
1920 1378 2097 1446 imago
2123 1383 2179 1431 et

601 1464 955 1519 simulacrum
983 1464 1053 1519 ad
1082 1464 1470 1528 imitationem,
1498 1463 1833 1534 ﬁguram,.et
1854 1466 2172 1536 imaginem,

597 1553 946 1610 diversorum
997 1554 1271 1609 artificum
1327 1553 1505 1624 ipsius
1556 1555 1721 1609 unius
1772 1565 1829 1610 et
1876 1555 2177 1612 individua

600 1648 767 1701 unius
810 1655 866 1701 et
908 1646 1083 1701 solius
1121 1646 1216 1700 Dei
1258 1646 1511 1701 essentia
1556 1653 1613 1700 et
1661 1654 1870 1701 natura
1918 1664 1933 1701 :
1980 1649 2177 1703 anima

2286 462 2415 522 post
2442 464 2696 508 sanctum
2729 452 3001 522 baptisma
3035 452 3171 506 dicit
3214 452 3380 505 vitam
3410 466 3534 521 qua
3564 467 3635 508 ex
3662 454 3861 510 virtute

2290 545 2470 615 agitur
2508 560 2774 615 generare
2816 544 2964 615 quod
3006 552 3091 599 est
3127 544 3192 597 ad
3238 543 3683 609 similitudinem.
3711 545 3857 612 Quod

2288 638 2510 705 quidem
2539 637 2584 692 si
2612 637 2782 693 fuerit
2808 637 3214 692 manifestatum
3240 636 3295 690 in
3322 636 3512 699 corde,
3536 636 3695 695 illum
3718 639 3860 694 vide-

2289 728 2420 783 bitis
2450 730 2507 783 in
2538 728 2658 799 ipso
2689 729 2741 784 ei
2778 727 3121 789 conformato
3153 735 3209 781 et
3240 727 3566 792 assimilato,
3597 737 3856 797 quantum

2288 820 2433 889 capit
2456 829 2512 874 et
2537 828 2720 889 potest
2745 820 2931 874 homo.

2357 910 2514 966 Unde
2543 911 2709 964 etiam
2738 910 2846 975 hoc
2877 911 3088 980 accepit
3113 910 3337 980 quidam
3366 927 3433 965 ex
3462 912 3708 966 externis
3735 913 3860 969 insi-

2290 1000 2573 1071 pientibus
2598 1004 2947 1074 philosophis
2973 1017 3041 1057 ex
3088 1012 3277 1057 nostra
3318 1002 3506 1057 divina
3555 1003 3855 1074 Scriptura,

2291 1087 2482 1144 dicens
2502 1089 2910 1161 plillOSOphiam
2949 1106 3070 1146 esse
3109 1091 3221 1146 Deo
3240 1091 3695 1149 assimilationem
3731 1111 3858 1166 quo-

2289 1179 2355 1234 ad
2390 1182 2512 1251 ejus
2545 1182 2662 1237 lieri
2697 1192 2880 1252 potest
2904 1184 2982 1257 ab
3016 1184 3269 1248 homine,
3300 1199 3426 1239 cum
3467 1185 3610 1241 hanc
3648 1202 3853 1242 sacram

2285 1270 2578 1326 Mosaicam
2614 1275 2927 1344 aspexisset
2951 1274 3292 1345 Scripturam
3324 1268 3447 1345 qua
3478 1278 3644 1344 dicit,
3675 1278 3858 1334 Facia-

2286 1373 2403 1411 mus
2428 1360 2689 1414 hominem
2716 1363 2787 1415 ad
2810 1364 3091 1432 imaginem
3115 1373 3163 1416 et
3181 1363 3582 1429 similitudinem
3602 1378 3852 1431 nostram,

2285 1457 2334 1500 et
2355 1449 2575 1518 imperet
2604 1452 2825 1521 piscibus
2855 1455 3041 1518 maris,
3059 1464 3111 1506 et
3134 1454 3428 1511 volucribus
3452 1458 3590 1524 ca’li,
3615 1469 3666 1512 et
3693 1464 3856 1514 omni-

2265 1540 2380 1595 .bus
2422 1542 2694 1611 reptilibus
2738 1561 2856 1615 qua:
2905 1555 3094 1628 repunt
3135 1564 3293 1618 super
3338 1556 3563 1604 terram.
3607 1550 3751 1606 Cum
3793 1553 3855 1607 ad

2286 1631 2435 1687 hunc
2482 1635 2665 1690 locum
2706 1638 3145 1706 pervenerimus,
3178 1650 3490 1709 opportune
3529 1642 3696 1710 nobis
3736 1653 3858 1698 sunt

597 1738 844 1807 quidem,
867 1737 935 1791 ad
962 1738 1256 1807 imaginem
1280 1738 1376 1791 Dei
1404 1745 1460 1791 et
1485 1737 1685 1797 Patris,
1705 1738 1984 1806 quomodo
2012 1740 2174 1797 etiam

2286 1725 2558 1782 laudanda
2595 1744 2661 1795 ac
2702 1728 3032 1784 celebranda
3069 1732 3475 1801 sapientissima
3507 1743 3565 1788 et
3598 1734 3855 1790 illustris-

598 1831 756 1900 prius
784 1830 1192 1884 nominavimus
1218 1828 1272 1882 in
1298 1829 1519 1884 duobus
1545 1829 1705 1884 libris
1733 1845 1874 1899 quos
1899 1830 2178 1889 edidimus

599 1921 668 1976 de
712 1920 1129 1976 constructione
1180 1911 1423 1975 hominis
1477 1938 1492 1974 :
1539 1921 1790 1977 Rationis
1818 1931 2027 1987 autem,
2078 1937 2178 1977 seu

580 2010 755 2066 :verbi
806 2009 1053 2075 interni,
1102 2011 1251 2081 quod
1306 2010 1575 2066 describit
1623 2026 1689 2066 ac
1740 2010 1949 2081 eﬂingit
2003 2012 2176 2067 Deum

600 2103 836 2161 Verbum
878 2120 907 2158 a
944 2104 1059 2165 Deo
1096 2103 1376 2173 genitum;
1422 2102 1625 2159 mentis
1652 2111 1875 2168 autem,
1906 2118 2032 2173 qua
2070 2103 2178 2158 l'ert

599 2194 892 2266 imaginem
944 2196 1123 2252 sancti
1178 2194 1441 2264 Spiritus.
1485 2194 1621 2250 Cum
1674 2209 1779 2267 nos
1830 2200 2015 2249 autem
2068 2193 2175 2248 ali-

596 2287 817 2357 quando
861 2287 1006 2341 hanc
1041 2301 1233 2342 vocem
1276 2285 1656 2357 proferremus
1698 2285 1842 2356 apud
1881 2285 2174 2355 quemdam

596 2394 664 2433 ex
712 2377 991 2444 Hebraeis,
1036 2379 1225 2434 multa
1272 2378 1441 2451 884
1491 2380 1640 2433 enim
1689 2388 1746 2434 et
1792 2390 2175 2448 saepenumero

595 2482 721 2522 cum
765 2484 956 2523 eorum
997 2485 1197 2539 genere
1237 2481 1371 2525 orta
1412 2469 1573 2525 nobis
1616 2477 1746 2524 sunt
1781 2470 2175 2525 controversia

595 2573 661 2612 ac
706 2558 1181 2614 contradictiones
1236 2558 1428 2631 (plane
1480 2559 1947 2630 extemporales),
1980 2569 2173 2616 contra

595 2648 735 2703 dixit
783 2650 1105 2720 improbus,
1155 2667 1339 2721 regem
1384 2652 1623 2720 aliquem
1669 2652 1747 2722 (et
1786 2652 1832 2708 si
1881 2652 1953 2708 sit
1998 2651 2170 2723 solus)

596 2756 758 2809 posse
793 2741 980 2797 dicere
1020 2743 1156 2798 illud
1190 2738 1218 2796 ε’
1244 2743 1562 2809 Faciamus;
1605 2753 1662 2798 et
1700 2744 1856 2810 illud,
1887 2743 2169 2798 Jussimus.

593 2832 730 2888 Cum
765 2845 950 2890 autem
986 2849 1088 2889 nos
1122 2837 1564 2892 occurrissemus
1597 2850 1654 2893 et
1685 2835 2018 2890 dixissemus
2053 2852 2066 2888 :
2104 2834 2173 2890 Et

593 2941 695 2980 cur
727 2935 853 2981 ante
890 2927 1227 2982 creationem
1258 2927 1503 2983 hominis
1524 2943 1631 2982 non
1666 2928 1913 2982 cernitur
1939 2926 2085 2981 Deus
2113 2926 2170 2980 in

592 3018 775 3088 aliqua
817 3018 924 3072 alia
966 3017 1330 3089 (quacunque
1365 3033 1428 3072 ea
1461 3017 1555 3090 sit)
1593 3025 1846 3071 creatura
1881 3032 2017 3071 usus
2046 3032 2171 3073 esse

593 3109 701 3165 hoc
719 3110 912 3174 verbo,
944 3109 1258 3175 Faciamus;
1277 3119 1333 3164 et
1353 3110 1557 3164 dixisse
1581 3108 1686 3163 nisi
1709 3109 1763 3163 in
1789 3109 1907 3162 solo
1929 3108 2170 3173 homine,

592 3210 651 3258 ct
678 3219 872 3257 rursus
905 3204 959 3256 in
995 3203 1226 3257 muliere
1255 3217 1378 3271 qua
1410 3209 1600 3271 postea
1628 3200 1735 3254 fuit
1758 3184 1923 3266 facta,
1951 3200 2173 3270 quando

592 3294 761 3359 dixit,
793 3293 1077 3347 Faciamus
1115 3296 1162 3346 ei
1205 3294 1535 3363 adjuterium
1571 3308 1587 3346 .'
1617 3291 1685 3345 ad
1720 3291 1836 3346 haec
1868 3292 2021 3346 nulla
2054 3300 2175 3346 erat

591 3401 699 3440 vox
729 3384 903 3440 Judai
923 3424 939 3450 ,
970 3398 1151 3452 neque
1184 3398 1381 3437 rursus
1415 3382 1804 3438 contradictio.
1836 3383 1981 3438 Fieri
2023 3384 2170 3439 enim

594 3490 705 3529 non
749 3482 934 3545 potest
972 3484 1033 3527 ut
1074 3475 1153 3527 sit
1187 3474 1354 3528 homo
1396 3473 1463 3528 ad
1505 3473 1793 3544 imaginem
1840 3476 2172 3545 eorum'qui

592 3567 814 3623 dicunt:
851 3565 1127 3621 Faciamus
1156 3567 1416 3620 hominem
1445 3566 1515 3620 ad
1541 3568 1826 3637 imaginem
1856 3575 1906 3619 et
1925 3567 2175 3623 similitu-

593 3659 771 3712 dinem
800 3668 1072 3725 nostram,-
1104 3659 1208 3713 nisi
1236 3658 1371 3712 ferat
1405 3659 1460 3713 in
1489 3674 1546 3723 se
1580 3659 1819 3728 aliquam
1848 3660 2011 3715 aliam
2047 3675 2174 3730 pro-

595 3750 772 3819 priam
815 3750 1046 3821 ﬁguram
1088 3758 1185 3803 aut
1227 3748 1459 3819 eﬂigiem
1498 3749 1934 3821 uniuscujusque
1973 3750 2172 3805 horum

592 3839 890 3896 sLtilicum.
928 3838 1083 3895 Unde
1120 3838 1173 3894 id
1209 3839 1432 3908 quidem
1468 3840 1614 3909 quod
1659 3840 1843 3895 estad
1880 3842 2169 3911 imaginem

594 3923 919 3995 Trinitatis,
958 3929 1015 3983 in
1056 3928 1296 3984 essentia
1336 3929 1677 3998 incorporea
1717 3938 1775 3985 et
1817 3929 2173 4000 intelligentis

591 4031 652 4077 et
691 4022 938 4077 materia
980 4021 1224 4091 expertis
1265 4030 1322 4076 et
1363 4021 1938 4101 incomprehensibilis
1977 4022 2172 4077 anima

593 4112 831 4179 ndstra;
881 4128 1075 4167 omnes
1142 4112 1396 4168 homines
1447 4111 1714 4168 habemus
1766 4113 2044 4170 similiter.
2113 4114 2171 4170 Id

592 4211 777 4257 autem
808 4202 958 4272 quod
986 4212 1071 4257 est
1098 4202 1169 4256 ad
1196 4202 1616 4270 similitudinem,
1644 4204 1682 4258 ii
1714 4196 1815 4259 soli
1845 4205 2050 4261 habent
2074 4206 2170 4275 qui

593 4295 809 4364 seipsos
844 4302 1170 4349 recrearunt
1202 4310 1267 4349 ea
1295 4295 1421 4350 vita
1453 4294 1801 4350 institutione
1833 4311 1954 4365 qua
1988 4305 2073 4351 est
2103 4312 2171 4351 ex

2286 1818 2424 1873 sima
2463 1835 2494 1874 a
2537 1820 2652 1875 Deo
2692 1821 2819 1876 data
2860 1823 3194 1878 sanctissimi
3243 1823 3486 1894 Spiritus
3530 1826 3781 1896 eloquia,
3807 1837 3860 1882 et

2285 1911 2585 1970 dicendum
2620 1933 2633 1968 :
2663 1915 2905 1970 Lucerna
2936 1916 3151 1987 pedibus
3186 1917 3446 1975 Ecclesia:
3479 1933 3678 1973 revera
3702 1927 3791 1975 est
3812 1930 3857 1974 et

2286 2003 2391 2070 lex,
2422 2005 2598 2063 lumen
2632 2009 2832 2062 semitis
2854 2008 3151 2064 "nostris.
3178 2008 3484 2064 Audiamus
3512 2010 3666 2065 enim
3700 2027 3858 2081 quam

2285 2112 2479 2168 magna
2525 2111 2589 2155 et
2625 2116 2790 2169 quam
2838 2101 3286 2172 inexpugnabilia
3331 2102 3480 2156 Deus
3523 2102 3656 2158 hinc
3706 2104 3860 2158 nobis

2283 2191 2586 2247 confecerit
2625 2208 2777 2248 arma
2818 2194 3084 2249 adversus
3120 2194 3344 2249 Judaos
3378 2201 3435 2248 et
3477 2193 3777 2257 Barbaros,
3807 2204 3859 2252 et

2283 2284 2680 2349 Samaritanos,
2698 2284 2791 2353 qui
2823 2284 3144 2354 discerpunt
3165 2293 3221 2340 et
3247 2285 3488 2341 illudunt
3516 2285 3686 2341 ﬁdem
3706 2287 3857 2345 Chri-

2281 2377 2612 2441 stianorum,
2643 2384 2703 2430 ut
2730 2391 2855 2446 qua
2879 2385 2999 2432 tres
3016 2375 3151 2431 deos
3184 2376 3350 2442 colat,
3368 2388 3621 2443 sanctam
3653 2390 3719 2434 et
3742 2394 3855 2448 qua

2281 2467 2445 2522 simul
2473 2468 2718 2537 ejusdem
2737 2467 2809 2521 sit
2824 2468 3077 2525 essentia
3100 2467 3455 2523 Trinitatem.
3474 2469 3615 2523 Nam
3630 2486 3761 2526 cum
3784 2471 3856 2526 di-

2279 2568 2366 2613 cat
2382 2557 2667 2627 Scriptura
2683 2557 2821 2611 duas
2837 2572 3100 2627 personas
3119 2558 3356 2629 (Adami,
3375 2558 3621 2629 inquam,
3634 2572 3705 2618 et
3722 2560 3851 2633 Eva)

2279 2664 2402 2704 esse
2428 2664 2599 2703 unum
2630 2652 2808 2703 solum
2836 2648 3116 2703 hominem
3149 2658 3209 2703 et
3235 2664 3346 2704 non
3380 2650 3540 2716 duos,
3573 2653 3855 2708 convinci-

2262 2746 2402 2796 .mus
2429 2740 2777 2795 adversarios
2799 2740 3068 2805 veritatis,
3090 2741 3223 2810 quia
3249 2741 3330 2812 (in
3362 2743 3541 2798 tribus
3570 2744 3852 2817 Personis)

2278 2832 2500 2904 hymnis
2529 2838 2589 2885 et
2609 2831 2868 2887 laudibus
2896 2830 3209 2886 celebratur
3232 2832 3398 2898 Deus,
3422 2850 3567 2889 unus
3594 2844 3691 2895 est
3714 2838 3854 2893 Deus

2276 2931 2334 2978 et
2365 2937 2477 2978 non
2511 2930 2646 2986 tres,
2672 2932 2901 2992 propter
2928 2921 3370 2991 ejusdem.simul
3405 2927 3663 2989 essentia
3697 2936 3854 2983 natu.

2277 3030 2395 3069 ram
2429 3032 2443 3067 :
2476 3014 2755 3084 quomodo
2785 3013 2953 3069 etiam
2983 3013 3039 3068 in
3068 3014 3279 3069 Adamo
3306 3023 3361 3069 et
3393 3015 3524 3071 Eva.
3550 3017 3696 3073 Nam
3732 3035 3856 3089 pro-

2276 3115 2399 3177 pter
2421 3106 2803 3176 cognationem
2832 3113 2890 3160 et
2912 3093 3164 3160 eamdem
3187 3106 3350 3160 simul
3377 3109 3706 3176 essentiam,
3727 3110 3850 3165 audi

2273 3196 2736 3267 quemadmodum
2766 3206 2824 3253 et
2848 3197 2998 3266 ipsos
3021 3196 3077 3250 in
3104 3197 3417 3253 universam
3441 3199 3637 3257 mundi
3663 3200 3854 3256 huma-

2275 3290 2534 3352 nitatem,
2580 3304 2752 3344 unum
2803 3288 3086 3344 hominem
3137 3289 3284 3344 Deus
3325 3282 3579 3343 nominet
3614 3290 3848 3359 dicens:

2274 3380 2557 3435 Faciamus
2602 3381 2865 3435 hominem
2910 3383 2980 3434 ad
3025 3381 3312 3450 imaginem
3358 3389 3407 3434 et
3447 3382 3851 3439 similitudinem

2275 3483 2535 3538 nostram,
2569 3476 2619 3527 et
2660 3475 2924 3543 imperent
2962 3489 2981 3527 :
3023 3472 3186 3541 duos,
3222 3488 3392 3527 unum
3433 3472 3628 3530 dicens
3674 3475 3851 3535 homi-

2273 3581 2422 3620 nem.
2450 3565 2520 3621 Et
2559 3580 2756 3620 rursus
2791 3563 2970 3620 dicit:
3001 3563 3075 3618 Et
3110 3564 3233 3633 fecit
3269 3564 3409 3623 Deus
3446 3565 3742 3634 hominem,
3786 3567 3851 3621 ad

2271 3657 2562 3725 imaginem
2584 3654 2683 3710 Dei
2708 3655 2827 3725 fecit
2851 3655 3029 3717 illum,
3054 3654 3347 3710 masculum
3374 3664 3423 3708 et
3446 3657 3707 3724 feminam
3736 3658 3849 3728 fecit

2273 3766 2380 3803 eos.
2409 3749 2553 3803 Ecce
2582 3748 2675 3804 hic
2701 3763 2921 3819 quoque
2948 3748 3111 3813 duos,
3142 3764 3312 3805 unum
3341 3749 3651 3806 nominavit
3676 3752 3852 3807 homi-

2272 3855 2421 3906 nem,
2446 3851 2507 3896 ut
2531 3840 2631 3896 tibi
2655 3855 2878 3910 quoque
2907 3856 3060 3896 arma
3078 3840 3332 3910 .prabeat
3353 3841 3421 3903 ad
3444 3834 3848 3901 ostendendum

2272 3933 2421 4002 quod
2451 3934 2612 3989 Pater
2639 3940 2697 3987 ct
2725 3933 2898 3987 Filius
2927 3933 3075 4004 (cum
3105 3934 3231 3989 dua
3256 3934 3729 4005 sinthypostases
3758 3952 3849 3991 seu

2271 4028 2544 4092 persona)
2586 4022 2701 4077 sint
2740 4037 2887 4078 unus
2932 4024 3097 4079 Deus.
3126 4023 3282 4080 Unde
3326 4024 3493 4097 etiam
3535 4041 3667 4081 cum
3710 4034 3853 4091 esset

2273 4112 2418 4168 Deus
2463 4113 2796 4169 inducturus
2845 4114 3150 4181 diluvium,
3198 4115 3334 4169 dicit
3381 4116 3449 4170 ad
3498 4115 3614 4172 Non
3646 4135 3665 4170 :
3708 4116 3849 4172 Finis

2271 4205 2443 4260 omnis
2492 4207 2909 4267 hominis_uenit
2960 4222 3144 4260 coram
3201 4222 3284 4260 me
3333 4223 3352 4261 :
3400 4221 3530 4262 ecce
3577 4208 3851 4279 signiﬁcat

2272 4296 2562 4351 hominum
2602 4297 3038 4353 multitudinem.
3073 4297 3215 4352 Audi
3257 4312 3392 4369 ergo
3437 4314 3451 4352 :
3494 4306 3671 4354 totam
3712 4300 3851 4367 hanc

591 4384 820 4447 virtute,
856 4385 951 4455 qui
992 4386 1165 4440 Deum
1210 4386 1419 4441 habent
1457 4386 1513 4440 in
1554 4402 1614 4441 se
1654 4386 2076 4451 inhabitantem,
2113 4396 2169 4442 et
2201 4394 2244 4448 D
2273 4389 2688 4445 multitudinem
2718 4397 2879 4445 vocat
2908 4404 3079 4445 unum
3102 4389 3626 4456 hominem,rursus
3660 4392 3849 4448 dicens

590 4477 765 4547 gratia
785 4477 1196 4547 quodammodo
1217 4486 1347 4535 sunt
1364 4478 1538 4533 veluti
1556 4478 1784 4544 Christi,
1805 4478 1858 4532 in
1878 4479 2170 4534 divinitate

590 4569 754 4625 simul
804 4579 859 4625 ct
903 4570 1267 4627 humanitate.
1312 4572 1614 4641 Pr0pterea
1665 4579 1722 4625 et
1768 4571 1855 4625 bis
1901 4580 1958 4625 et
1999 4573 2168 4628 semel

589 4677 873 4731 exponens
897 4662 1085 4717 divina
1117 4662 1424 4734 Scriptura,
1457 4672 1513 4716 et
1538 4662 1762 4717 dicens:
1793 4663 1869 4717 Et
1885 4663 2006 4733 fecit
2030 4663 2170 4719 Deus

588 4752 855 4807 hominem
917 4752 986 4811 ad
1028 4754 1335 4823 imaginem,
1372 4752 1445 4808 sit
1487 4768 1516 4807 a
1558 4753 1669 4806 Deo
1717 4760 1965 4808 creatum
2012 4762 2068 4809 et
2115 4754 2171 4811 in

590 4845 754 4901 nobis
782 4846 1063 4909 naturale;
1099 4845 1233 4899 illud
1266 4853 1474 4906 autem,
1519 4846 1600 4899 Ad
1629 4844 2053 4913 similitudinem,
2080 4856 2166 4903 est

588 4934 717 4990 vita
739 4932 1109 4989 institutionis
1128 4949 1251 5003 qua
1274 4932 1448 4989 libera
1472 4933 1744 4989 electione
1770 4935 2090 5004 suscipitur,
2111 4945 2168 4991 et

588 5040 689 5096 per
716 5026 882 5081 vitam
913 5040 1038 5095 qua
1067 5004 1139 5080 ei
1162 5025 1370 5080 virtute
1402 5026 1581 5096 agitur
1609 5025 1892 5080 inducitur
1919 5033 1976 5080 et
2008 5042 2166 5081 assu»

590 5119 778 5173 mitur.
803 5116 1117 5188 IPropterea
1152 5116 1271 5175 hoc
1303 5132 1409 5173 nos
1446 5117 1654 5174 docens
1691 5118 1786 5188 qui
1830 5133 1957 5175 cum
1995 5118 2174 5174 Verbo

590 5210 738 5267 idem
775 5209 943 5265 habet
976 5225 1180 5266 nomen
1221 5211 1510 5282 theologus
1541 5210 1802 5273 Joannes.
1837 5211 1994 5276 dicit,
2030 5210 2168 5266 scri-

589 5302 727 5358 hens
759 5303 827 5358 ad
861 5303 1078 5374 aliquos
1110 5321 1125 5357 :
1155 5302 1367 5368 ﬁlioli,
1392 5320 1532 5359 nunc
1563 5303 1666 5374 ﬁlii
1697 5304 1796 5358 Dei
1832 5321 2044 5367 sumus,
2074 5319 2174 5374 per

587 5394 694 5452 hoc
720 5395 1016 5467 baptisma,
1041 5405 1092 5451 et
1121 5398 1357 5452 nondum
1387 5398 1784 5468 manifestatum
1815 5406 1888 5452 est
1919 5397 2044 5469 quid
2071 5398 2173 5451 eri-

2267 4479 2447 4535 eidcm
2500 4479 2653 4545 Noe,
2692 4480 2883 4535 Delebo
2928 4483 3202 4538 hominem
3251 4499 3406 4553 quem
3448 4484 3587 4553 feci.’
3613 4485 3674 4540 Si
3722 4500 3849 4555 ergo

2270 4570 2700 4627 innumerabilia
2733 4572 3021 4628 hominum
3059 4588 3420 4644 personarum
3459 4576 3642 4631 millia.
3673 4592 3843 4632 unum

2268 4663 2407 4719 dicit
2466 4664 2749 4721 hominem
2814 4677 3046 4737 prOpter
3109 4676 3322 4722 natura
3385 4668 3843 4730 similitudinem.

2270 4766 2479 4826 quanto
2502 4758 2680 4829 magis
2705 4767 2816 4814 tres
2839 4758 3146 4815 divinitatis
3173 4758 3438 4830 (ejusdem
3466 4761 3632 4815 simul
3659 4776 3843 4817 essen-

2277 4849 2396 4921 tia)
2437 4863 2687 4920 persona
2725 4849 2835 4905 dici
2876 4862 3109 4921 possunt
3145 4866 3289 4905 unus
3321 4851 3500 4906 Deus?
3530 4850 3602 4907 Et
3632 4853 3694 4908 in
3726 4853 3847 4907 aliis

2273 4941 2408 4998 locis
2435 4942 2934 4999 innumerabilibus
2962 4944 3212 4998 invenies
3235 4942 3481 4998 divinam
3506 4943 3843 5014 Scripturam

2274 5048 2442 5088 unam
2465 5035 2755 5091 nominare
2780 5035 3059 5090 hominem
3093 5044 3271 5091 totum
3298 5051 3471 5106 genus
3498 5037 3801 5092 humanum
3828 5052 3842 5089 :

2270 5131 2334 5178 ut
2365 5123 2588 5193 quando
2619 5140 2815 5180 rursus
2848 5125 2985 5180 dicit
3013 5133 3137 5195 post
3176 5125 3446 5181 diluvium
3478 5125 3553 5181 de
3583 5127 3843 5182 universo

2269 5230 2473 5287 genere
2501 5214 2745 5271 humano
2777 5233 2792 5269 :
2823 5215 3098 5286 Propensa
3131 5225 3207 5271 est
3238 5218 3489 5286 cogitatio
3514 5218 3747 5273 hominis
3780 5216 3843 5271 ad

2270 5306 2417 5363 mala
2453 5325 2486 5361 ιι
2510 5308 2790 5376 jureﬁtute
2822 5323 2923 5362 sua
2947 5309 3011 5362 ³³.
3042 5308 3111 5365 Et
3139 5324 3334 5366 rursus
3366 5328 3379 5363 :
3416 5309 3587 5365 Bome
3619 5311 3845 5365 conﬂati

2268 5400 2457 5456 similis
2501 5400 2671 5470 factus
2714 5410 2791 5455 est
2818 5400 2884 5455 ⁸³.
2921 5401 2990 5456 Et
3036 5419 3075 5459 εν
3109 5402 3302 5471 Homo,
3334 5404 3468 5457 sicut
3518 5402 3699 5472 {eum
3740 5403 3843 5457 dies

618 5594 627 5621 ⁸
658 5632 707 5670 ³⁸
730 5633 925 5690 lloan.
949 5652 1027 5701 ιιι,
1048 5636 1102 5691 9.
1181 5637 1221 5668 ³³
1247 5637 1388 5691 Psal.
1416 5652 1592 5703 cxvm,
1620 5637 1742 5723 £05.
1820 5638 1864 5670 ³¹
1887 5636 2022 5692 Gen.
2047 5654 2157 5705 vm,

2327 5639 2369 5669 ³³
2393 5637 2532 5691 Psal.
2559 5653 2735 5709 cum,
2764 5643 2815 5701 Α.
