3996 6296
229 252 423 317 933“

1297 257 1397 321 ,ΙΝ
1435 220 1988 319 ΗΕΧᾸΕΜΕΒΟΝ.
2023 286 2092 296 -—
2126 262 2274 322 LIB.
2314 264 2424 345 v1.

3370 244 3484 340 .9333

227 361 340 430 ejus
361 361 428 415 “.
454 363 522 418 Et
550 381 561 417 :
595 339 1015 445 Quid‘est'homo
1042 368 1178 438 quod
1205 380 1420 442 reputas
1451 370 1569 427 eum
1593 374 1670 428 ³⁵ῒ
1693 374 1760 429 Et
1788 392 1802 429 :
1835 381 1874 434 Α
1908 375 2318 444 apostolorum?
2356 378 2434 456 Ne
2475 378 2530 434 hi
2571 380 2794 451 quidem
2838 394 2967 439 sunt
3010 387 3269 444 omnibus
3307 390 3483 446 duxti:-

223 453 465 512 lﬁnuisti
508 472 627 511 eum
673 452 836 528 paulo
874 461 1049 515 minus
1089 461 1153 514 ab
1196 463 1419 534 angelis,
1458 473 1507 517 ct
1543 464 1714 535 gloria
1758 476 1806 521 ct

223 546 423 600 honore
455 547 722 605 coronasti
753 564 874 603 eum
896 548 960 607 '9.
994 549 1187 616 Audis,
1220 550 1484 619 insipiens
1514 553 1721 619 Judzee,
1750 565 1806 610 et

226 648 310 703 tu,
328 637 590 706 Barbare,
609 648 665 694 et
682 639 1047 706 Samaritane,
1062 644 1527 712 quemadmodum
1550 646 1804 704 universa

223 728 544 785 humanitas
566 740 798 787 vocatur
825 733 1014 792 homo.
1063 734 1265 803 Eadem
1292 751 1426 805 ergo
1454 738 1641 807 regula
1665 737 1805 793 divi-

220 824 372 878 nitas
418 840 640 896 quoque
693 842 838 882 unus
884 827 1030 883 Deus
1085 838 1171 883 est
1217 836 1274 883 et
1325 830 1695 911 appellatur:
1736 840 1804 887 .et

218 915 413 981 Israel,
435 931 560 971 cum
588 916 700 973 sint
727 924 999 975 sexcentae
1027 920 1316 975 hominum
1344 921 1636 993 myriadcs,
1660 939 1803 979 unus

216 1004 388 1062 Israel
425 1007 630 1062 dicitur
665 1026 678 1063 :
717 1019 773 1063 et
802 1000 1079 1081 Assyrius,
1109 1022 1223 1067 tota
1255 1027 1388 1081 gens
1429 1013 1483 1067 in
1524 1028 1632 1068 una
1672 1030 1801 1084 per-

215 1111 357 1152 sona
402 1099 610 1155 dicitur
648 1086 977 1171 {quomodo
1016 1111 1073 1156 et
1104 1103 1271 1159 Persa
1306 1112 1362 1159 et
1396 1105 1800 1178 Hyperboraeus

213 1198 274 1244 et
304 1191 532 1262 reliqua:
564 1203 776 1264 gentes,
806 1210 931 1249 eum
965 1194 1078 1249 sint
1110 1196 1165 1249 in
1199 1198 1454 1266 personis
1484 1199 1800 1255 innumera-

213 1281 445 1344 bilibus,
477 1276 557 1338 in'
584 1301 692 1339 una
730 1300 972 1361 persona
1013 1287 1340 1356 appellatur.
1371 1288 1508 1343 Cum
1547 1275 1690 1345 De'us
1729 1292 1798 1347 de

214 1372 379 1428 nobis
420 1373 756 1432 Christianis
800 1365 1035 1448 aliquid
1063 1381 1261 1436 melius
1306 1385 1669 1454 prospexerit,
1712 1363 1796 1454 {el

211 1465 423 1535 potius,
455 1475 516 1521 ut
559 1470 979 1537 praetermittam
1023 1472 1228 1526 multas
1273 1473 1630 1543 probationes
1674 1493 1797 1547 quas

212 1554 358 1611 ﬁunt
389 1571 489 1625 per
522 1559 861 1624 testimonia,
889 1577 954 1615 ex
990 1562 1095 1618 hoc
1130 1563 1249 1633 ipso
1280 1566 1451 1621 verbo
1485 1568 1631 1636 quod
1668 1585 1796 1639 pro-

210 1646 315 1702 bro
349 1646 597 1705 alliciunt
646 1652 818 1708 Judzei
852 1654 1214 1727 probabimus
1244 1657 1296 1712 id
1325 1660 1472 1728 quod
1506 1660 1789 1717 tradimus.

208 1739 358 1794 Dixit
387 1741 536 1795 enim
575 1760 603 1796 :.
626 1742 697 1796 Et
729 1744 859 1798 dixit
895 1744 1054 1825 Deus,
1082 1745 1207 1802 vide
1241 1748 1518 1819 singulare
1554 1751 1792 1825 {Facia-

202 1848 327 1886 mus
360 1847 379 1886 :
409 1832 534 1889 vide
566 1833 733 1889 etiam
771 1822 1013 1904 plurale,
1044 1847 1101 1893 et
1132 1839 1265 1894 illud
1297 1842 1520 1911 quidem
1550 1822 1790 1899 attribue

209 1923 433 1978 omnino
459 1934 689 1989 naturae,
716 1926 821 1981 hoc
846 1937 1033 1982 autem
1056 1932 1335 1998 personis,
1361 1943 1417 1987 et
1440 1949 1547 1988 non
1576 1944 1785 1990 contra.

190 2012 265 2077 Si
305 2015 454 2073 enim
494 2028 705 2070 naturae
742 2017 1047 2073 absurdum
1076 2038 1106 2077 .:
1157 2022 1243 2076 sin
1283 2032 1468 2078 autem
1514 2026 1785 2101 personis,

205 2105 349 2159 nihil
382 2114 469 2160 est
513 2122 700 2177 grave.
732 2108 873 2173 _Vide
905 2112 1055 2166 enim
1087 2113 1142 2166 in
1180 2113 1573 2195 innumerabili
1612 2116 1789 2170 homi-

208 2213 338 2252 num
386 2199 747 2263 multitudine
790 2217 913 2257 esse
957 2218 1120 2273 unam
1169 2214 1440 2263 naturam.
1490 2206 1616 2262 Haec
1662 2223 1784 2285 cum

198 2290 311 2359 jam
346 2289 656 2364 dixerimus
689 2294 746 2346 in
786 2294 1030 2349 secundo
1064 2295 1211 2350 libro
1248 2292 1512 2353 adversus
1544 2298 1782 2363 Iudaeos,

200 2397 269 2437 ea
298 2398 410 2437 non
440 2392 668 2453 propter
688 2385 929 2455 aliquam
962 2387 1059 2460 hic
1080 2405 1301 2459 quoque
1330 2390 1615 2459 posuimus
1644 2392 1785 2445 obli-

202 2473 448 2529 vionem.
493 2474 722 2530 Gratum
767 2478 915 2532 enim
963 2486 1135 2544 esset,
1170 2480 1214 2534 si
1266 2479 1381 2535 ﬁeri
1427 2492 1631 2552 posset,
1669 2476 1784 2539 har‘c

200 2567 335 2636 poni
370 2566 427 2620 in
461 2567 595 2621 foris
628 2577 683 2623 et
718 2567 772 2623 in
802 2571 1059 2640 compitis
1098 2588 1161 2627 ac
1201 2572 1404 2639 triviis,
1428 2575 1496 2630 ad
1532 2564 1780 2631 ﬁdelium

200 2658 572 2731 cognitionem
617 2666 674 2714 et
727 2659 1179 2732 intelligentiam,
1229 2666 1545 2722 Judzeorum
1597 2678 1778 2723 autem

178 2801 185 2810 ,
199 2747 479 2817 pudorem
516 2756 570 2802 et
603 2748 1058 2827 confutationem,
1094 2754 1307 2824 linguas
1351 2772 1498 2825 suas,
1534 2766 1595 2811 ut
1629 2758 1783 2833 prius

176 2838 348 2910 dixi,
382 2832 723 2895 moventium
760 2842 1027 2900 adversus
1068 2845 1346 2901 Christum
1387 2856 1443 2903 et
1468 2864 1633 2907 suam
1674 2848 1779 2905 Ec-

178 2929 448 2985 .clcsiam.

1907 467 2044 521 nati.
2082 468 2149 523 Et
2189 462 2341 538 quod
2386 472 2585 527 Petrus
2627 476 2851 545 quidem
2895 494 3005 534 non
3054 482 3124 535 sit
3171 481 3481 541 dominatus

1906 560 2165 615 omnibus
2197 562 2420 631 piscibus
2453 566 2648 628 maris,
2677 568 2804 636 audi
2839 584 2963 623 eum
2995 571 3270 628 dicentem
3304 590 3355 628 et
3386 593 3481 647 qu-t

1905 657 1990 702 est
2016 664 2141 703 vere
2172 650 2489 707 dominatus
2517 664 2572 709 et
2598 656 2864 724 piscibus,
2893 670 2949 714 ct
2976 663 3135 728 mari,
3160 674 3217 719 et
3243 667 3481 722 volueri-

1904 740 2008 819 bus
2051 744 2173 798 ρωιί
2219 760 2283 799 ac
2323 747 2534 803 ratione
2582 749 2849 817 praeditis,
2881 760 2939 827 et
2982 755 3253 810 universae
3296 753 3476 820 terrae.

1904 818 2101 903 nempe
2131 836 2259 905 Jesu
2292 855 2304 891 :
2333 837 2437 891 Per
2459 848 2624 894 totam
2654 852 2854 897 noctem
2886 824 3004 915 (per
3025 847 3311 903 Judaicum
3340 852 3479 906 forte

1903 926 2147 999 cultum)
2194 929 2498 985 laborantes
2543 931 2676 985 nihil
2717 936 2978 1004 cepimus,
3016 948 3231 1009 promer
3267 943 3477 997 verbum

1903 1026 2078 1083 autem
2130 1028 2280 1074 tuum
2332 1021 2559 1094 (nempe
2607 1023 2768 1079 ﬁdem
2817 1025 2872 1080 in
2926 1030 3006 1097 te)
3061 1029 3251 1085 laxabo
3302 1033 3479 1087 rate”

1901 1108 2182 1179 Evangelii
2241 1110 2297 1165 in
2355 1127 2506 1166 mare
2564 1112 2755 1167 mundi
2812 1115 3081 1183 gentium.
3134 1117 3210 1171 De
3266 1120 3475 1178 Joanne

1899 1207 2107 1264 autem,
2134 1200 2181 1255 is
2211 1203 2305 1275 qui
2337 1211 2421 1257 est
2447 1192 2693 1274 ejusdem
2724 1206 2881 1275 cujus
2913 1207 3028 1276 ipse
3055 1211 3316 1277 nominis,
3342 1214 3476 1270 dicit

1900 1289 1955 1343 in
1998 1291 2295 1362 Evangelio
2336 1296 2642 1350 secundum
2678 1297 2964 1364 Joannem,
2995 1301 3229 1358 Joannes
3267 1308 3474 1376 quidem

1899 1380 2109 1435 nullum
2136 1385 2347 1455 signum
2372 1387 2509 1456 fecit.
2531 1387 2818 1454 Quomodo
2845 1407 2977 1462 ergo
3002 1396 3094 1463 qui
3121 1388 3347 1466 signum
3364 1416 3473 1456 non

1870 1466 2058 1533 iecit,
2095 1483 2151 1537 et
2190 1473 2387 1527 Petrus
2425 1476 2517 1544 qui
2561 1493 2671 1530 non
2711 1486 2797 1532 est
2840 1480 3156 1539 dominatus
3195 1482 3489 1556 piscibus,-

1897 1560 2005 1615 diei
2040 1570 2220 1631 potest
2250 1565 2321 1617 ad
2351 1567 2636 1636 imaginem
2673 1579 2720 1623 et
2749 1570 3149 1630 similitudinem
3179 1578 3305 1632 Dei?
3337 1582 3469 1653 Nam

1895 1650 1989 1720 qui
2018 1651 2335 1707 dominatur
2363 1655 2695 1713 animalibus
2723 1668 2779 1714 et
2803 1662 3052 1731 piscibus
3077 1675 3133 1720 et
3158 1650 3472 1727 volucribus

1894 1743 2049 1812 jussu
2084 1743 2205 1808 Dei,
2239 1745 2374 1799 dicit
2410 1748 2556 1801 leoni
2585 1766 2597 1801 :
2627 1749 2782 1815 Veni,
2820 1760 2878 1807 et
2910 1756 3097 1822 venit;
3136 1767 3192 1813 et
3222 1763 3419 1830 aquila),
3454 1783 3466 1817 :

1894 1832 2209 1902 Ingredere,
2240 1845 2293 1890 et
2316 1837 2659 1908 ingreditur;
2685 1851 2740 1895 et
2763 1842 2900 1911 pisci
2930 1862 2942 1898 :
2971 1846 3386 1922 Appropinqua,
3416 1866 3471 1910 ct

1892 1916 2112 1991 Olredit;
2142 1935 2197 2003 et
2221 1922 2483 1983 draconi:
2516 1930 2740 1997 Percas,
2773 1945 2830 1988 et
2854 1937 3036 1990 statim
3058 1916 3322 2011 exspirat.
3356 1916 3468 2000 Ad-

1893 2005 2044 2069 vert’c
2072 2027 2252 2071 autem
2296 2020 2444 2088 quod
2472 2037 2582 2075 non
2615 2023 2792 2079 solum
2819 2026 3054 2096 piscium
3083 2040 3139 2085 et
3164 2033 3466 2091 bestiarum

1889 2113 1944 2182 et
1969 2106 2243 2175 reptilium
2269 2109 2571 2167 dominium
2599 2115 2751 2173 dedit
2770 2119 2916 2176 Deus
2940 2122 3147 2179 homini
3175 2129 3267 2198 qui
3294 2129 3468 2187 factus

1888 2205 1974 2251 est
2005 2199 2074 2251 ad
2100 2202 2387 2271 imaginem
2415 2213 2464 2257 et
2488 2207 2891 2267 similitudinem
2922 2215 3038 2280 Dei,
3067 2219 3163 2273 sed
3195 2220 3467 2279 universa:

1891 2295 2067 2342 terrm.
2123 2290 2278 2347 Unde
2339 2294 2505 2349 etiam
2569 2300 2836 2370 scriptum
2899 2315 2984 2361 est
3039 2324 3136 2364 eos
3193 2312 3465 2383 imperare

1886 2380 2111 2447 piscibus
2136 2385 2319 2447 maris,
2348 2394 2395 2438 et
2421 2387 2714 2445 volucribus
2743 2393 2860 2448 caeli
2886 2399 3128 2453 secundo
3155 2380 3379 2472 ordine;
3409 2418 3465 2462 et

1885 2474 2085 2530 deinde
2126 2478 2291 2551 835
2334 2480 2437 2547 sic,
2475 2482 2681 2551 Bestiis,
2718 2497 2766 2540 et
2802 2490 3081 2560 jnmentis,
3118 2504 3166 2548 et
3209 2500 3465 2555 universa?

1886 2575 2039 2621 terra:
2066 2587 2084 2622 :
2109 2569 2213 2624 hoc
2238 2580 2342 2636 est,
2368 2575 2627 2631 omnibus
2650 2596 2779 2659 quae
2798 2591 2927 2637 sunt
2948 2594 3003 2639 et
3026 2584 3276 2643 habitant
3300 2607 3463 2662 super

1885 2667 2116 2727 terram;
2173 2667 2745 2734 nempe‘bominibus
2796 2684 2854 2729 et
2894 2677 3173 2745 gentibus.
3223 2680 3279 2735 Si
3330 2699 3462 2753 ergo

1882 2753 2068 2807 omnia
2112 2755 2347 2826 subjecit
2389 2759 2491 2813 sub
2531 2762 2766 2831 pedibus
2809 2766 2928 2835 ejus
2963 2769 3058 2838 qui
3101 2781 3184 2825 est
3223 2789 3354 2829 vere
3391 2777 3458 2830 ad

1882 2842 2176 2915 imaginem
2222 2848 2338 2911 Dei,
2373 2862 2459 2915 est
2508 2856 2863 2925 perspicuum
2912 2861 3059 2931 quod
3094 2863 3140 2918 is
3181 2864 3348 2921 homo
3377 2881 3461 2924 est

1881 2932 2136 2991 dominus
2192 2940 2437 2995 omnium
2493 2959 2616 3013 qua:
2672 2956 2801 3000 sunt
2858 2948 2909 3002 in
2964 2954 3198 3019 mundo,
3248 2968 3308 3012 ut
3363 2962 3456 3029 qui

271 3021 548 3080 Faciamus
581 3028 844 3104 hominem
877 3029 947 3084 ad
978 3030 1265 3099 imaginem
1301 3038 1350 3083 et
1379 3031 1774 3087 similitmlinem
1805 3047 1846 3103 ο
1881 3022 2077 3079 habent
2109 3027 2211 3079 SUb
2244 3030 2478 3098 DCdibUS
2510 3033 2751 3091 hominis
2788 3044 3044 3109 tauquam
3088 3046 3357 3116 mancipia
3401 3058 3459 3103 ct

200 3124 456 3180 nostram,
486 3119 702 3190 imperet
743 3122 970 3192 piscibus
1009 3123 1194 3184 maris,
1225 3129 1272 3173 et
1312 3121 1602 3177 volucribus
1638 3123 1775 3188 'rosli,

198 3215 248 3258 et
275 3207 556 3276 jumentis,
591 3220 639 3264 et
669 3214 925 3267 universa:
958 3222 1135 3275 terrai,
1161 3221 1207 3263 et
1239 3213 1474 3268 omnibus
1509 3215 1777 3285 reptilibus

200 3300 495 3368 repentibus
523 3319 686 3374 supra
717 3315 938 3358 terram.
965 3305 1077 3358 Nos
1103 3304 1325 3374 quidem
1355 3304 1485 3360 facit
1510 3307 1777 3376 pigriores

198 3389 265 3443 ad
301 3391 492 3446 eadem
523 3409 717 3450 rursus
748 3376 982 3450 dicenda
1019 3394 1164 3463 quod
1200 3410 1262 3448 ea
1294 3394 1429 3448 alibi
1457 3397 1777 3464 exposueri-

197 3498 340 3537 mus.
391 3484 557 3540 Miror
597 3496 781 3551 autem
827 3488 885 3542 in
929 3489 1223 3559 praesentia
1270 3503 1368 3541 eos
1414 3489 1507 3558 qui
1556 3486 1610 3540 in
1660 3488 1774 3543 sola

193 3585 519 3637 manserunt
551 3579 755 3646 littera,
787 3588 844 3633 et
875 3579 1134 3633 dixerunt
1164 3571 1503 3647 coiporalcm
1542 3579 1773 3648 piscium

186 3655 250 3720 et
275 3648 562 3723 volucrum
595 3679 653 3722 et
684 3668 986 3724 bestiarum
1020 3670 1267 3723 omnium
1300 3662 1681 3743 auctoritatem
1716 3677 1772 3724 et

190 3756 559 3823 dominatum,
590 3774 715 3813 esse
753 3748 914 3823 illud,
948 3760 1018 3813 ad
1060 3760 1346 3830 imaginem
1387 3771 1437 3814 et
1470 3759 1773 3816 similitudi-

190 3826 332 3910 nem,
365 3830 463 3919 Dei
501 3849 556 3901 in
591 3849 835 3904 homine.
869 3851 1059 3920 Neque
1092 3851 1238 3905 enim
1276 3851 1589 3907 invenimus
1620 3854 1767 3923 quod

189 3939 304 4008 ipse
328 3936 706 4011 pro'tOplastus
730 3941 1048 3997 dominatus
1073 3943 1149 3997 sit
1171 3942 1422 4013 piscibus
1445 3945 1638 4012 maris;
1671 3946 1766 4019 sed

186 4042 290 4083 nec
336 4030 483 4086 ullus
533 4033 680 4088 alius
724 4049 792 4088 ex
834 4035 1004 4107 justis
1053 4034 1149 4105 qui
1195 4033 1422 4090 fuerunt
1464 4051 1495 4090 a
1541 4035 1761 4091 saeculo.

185 4122 537 4179 Dominatum
570 4125 717 4199 dico,
746 4143 861 4199 non
891 4142 1018 4182 eum
1052 4112 1148 4198 qui
1182 4128 1436 4182 consistit
1467 4144 1567 4198 per
1595 4127 1766 4205 artiﬁ-

185 4212 390 4268 ciosam
419 4217 659 4287 aliquam
689 4219 1173 4289 excogitationem,
1200 4219 1676 4290 instrumentaque
1700 4228 1762 4275 .et

184 4305 365 4361 studia
400 4310 707 4381 venatoria,
738 4319 799 4364 ut
835 4310 1168 4380 quibusdam
1207 4311 1387 4365 visum
1424 4320 1511 4366 est
1551 4311 1755 4374 dicere,

1880 3129 2091 3169 servos.
2126 3117 2222 3171 Dic
2272 3121 2404 3175 mihi
2448 3139 2580 3195 ergo
2623 3130 2901 3196 quomodo
2951 3133 3157 3202 Moses,
3193 3140 3287 3207 qui
3337 3152 3457 3197 erat

1879 3208 2004 3263 talis
2025 3220 2082 3263 et
2108 3214 2312 3277 tan‘tus,
2338 3231 2449 3270 non
2478 3226 2598 3272 erat
2621 3221 2687 3274 ad
2716 3222 3004 3295 imaginem
3033 3228 3129 3284 Dei
3163 3249 3175 3284 :
3204 3230 3454 3304 Fugiebet

1877 3300 2024 3352 enim
2057 3319 2089 3355 a
2120 3304 2253 3373 facie
2280 3305 2598 3393 PharaonisC
2624 3310 2909 3379 Quomodo
2936 3318 3083 3376 Elias
3112 3325 3205 3393 qui
3238 3343 3452 3382 assum-

1877 3398 2005 3456 ptus
2036 3392 2147 3474 iuit
2189 3394 2242 3446 in
2284 3412 2449 3453 curru
2493 3399 2687 3470 igneo,
2724 3407 2915 3474 procul
2955 3408 3054 3465 fuit
3085 3392 3386 3471 absconsus
3421 3435 3450 3473 a

1873 3468 2293 3539 faciedczabel?
2320 3468 2606 3552 Quomodo
2632 3468 2823 3550 omnes
2848 3495 2961 3551 fere
2990 3502 3293 3571 prophetae,
3315 3507 3449 3576 justi

1873 3574 2202 3639 etapostoli,
2237 3576 2304 3628 ab
2330 3578 2628 3646 impiorum
2662 3586 2915 3642 manibus
2938 3601 3067 3646 sunt
3096 3574 3446 3666 interempti;

1872 3677 1981 3715 non
2040 3664 2145 3719 hoc
2207 3670 2459 3736 passuri,
2505 3672 2550 3726 si
2613 3665 2878 3733 dominati
2939 3694 3123 3739 essent
3179 3689 3450 3747 universas

1871 3760 2062 3821 terrae,
2097 3766 2153 3812 et
2189 3759 2237 3813 si
2279 3761 2604 3833 subjecisset
2641 3771 2820 3823 omnia
2862 3772 2954 3826 sub
2994 3777 3209 3844 pedibus
3246 3783 3355 3850 ejus
3380 3784 3443 3841 δ’.

1870 3845 2005 3901 Cum
2038 3847 2106 3904 dc
2137 3849 2241 3905 hoc
2273 3851 2421 3909 dicto
2456 3862 2603 3910 tanta
2635 3869 2781 3914 esset
2808 3871 2864 3915 et
2912 3872 3019 3918 tam
3051 3845 3305 3939 perplexa
3341 3873 3445 3927 du~

1865 3937 2089 4006 bitatio,
2133 3957 2286 3998 suam
2321 3945 2387 4001 ad
2421 3944 2679 4005 Hebraeos
2716 3953 3015 4024 Epistulam
3053 3937 3256 4025 ferens,
3299 3963 3447 4019 illico

1865 4029 2041 4085 astitit
2080 4032 2284 4089 Paulus
2336 4046 2510 4107 mysta
2557 4054 2884 4096 arcanorum
2934 4045 3332 4118 ineﬂ’abilium;
3387 4052 3441 4107 in

1863 4137 2026 4191 quam
2062 4140 2164 4179 nos
2200 4125 2478 4183 intuentes
2509 4129 2765 4187 liberavit
2793 4134 2863 4189 ab
2895 4136 3131 4192 obscura
3163 4149 3219 4194 et
3249 4141 3439 4198 admo‘

1861 4210 1992 4267 dum
2032 4216 2306 4284 profunda
2343 4217 2721 4285 dubitatione,
2760 4224 2952 4281 dicens
2992 4224 3274 4286 Christum
3319 4249 3440 4289 esse

1858 4301 2153 4374 imaginem
2206 4306 2300 4361 Dei
2348 4307 2678 4376 invisibilis,
2725 4321 2780 4367 et
2831 4317 3009 4386 ipsum
3062 4318 3338 4389 imperare
3385 4336 3441 4381 ct

183 4410 249 4451 ex
274 4398 474 4467 quibus
502 4410 587 4454 est
612 4400 1000 4467 Gabalemhes.
1029 4402 1124 4457 ma
1154 4402 1417 4457 enim'csl
1442 4384 1550 4457 ηοῇι
1581 4403 1757 4458 domi-
1782 4384 1833 4442 υ
1860 4393 2129 4449 dominari
2171 4399 2428 4454 omnibus
2468 4410 2730 4472 tanquam
2772 4384 3043 4463 hiurcdetn
3086 4384 3353 4480 omnium,
3384 4425 3441 4471 et

182 4499 366 4555 natus,
393 4490 489 4546 sed
523 4492 794 4553 calliditas
825 4500 881 4549 et
911 4494 1094 4548 dolus.
1124 4494 1244 4548 Non
1274 4495 1421 4550 enim
1456 4496 1550 4566 qui
1582 4498 1760 4552 domi-

182 4588 345 4639 natur
372 4581 562 4646 alicui,
588 4591 644 4637 et
677 4583 911 4639 maxime
940 4585 1099 4655 jussu
1133 4585 1253 4650 Dei,
1281 4584 1599 4642 dominatur
1628 4605 1754 4644 cum

132 4706 141 4709 -
181 4668 367 4725 subtili
400 4671 601 4731 mentis
632 4673 1058 4743 excogitatione,
1084 4674 1179 4729 sed
1213 4683 1402 4745 aperte
1436 4676 1757 4734 dominatur

181 4778 302 4817 cum
340 4771 608 4837 potestate
640 4773 697 4818 et
729 4767 1089 4850 auctOritate.
1111 4765 1267 4834 Quod
1306 4768 1373 4834 si,
1406 4756 1465 4823 ut
1493 4779 1578 4825 est
1605 4772 1754 4827 veri-

148 4928 151 4931 γ
179 4855 376 4921 simile,
400 4857 572 4927 aliqui
598 4859 977 4925 adhucjnvidi
1009 4848 1418 4928 contradicunt,
1440 4881 1506 4919 ex
1536 4848 1760 4922 duobus
1812 4919 1817 4923 _

178 4946 381 5025 sanctis
419 4947 694 5009 Ecclesiae
746 4953 1010 5018 summis,
1046 4944 1177 5024 ejus
1223 4955 1371 5029 quod
1423 4955 1548 5011 dico
1593 4958 1752 5013 iidem

178 5037 392 5094 faciam.
426 5040 607 5096 Velim
652 5053 857 5103 autem.
897 5044 995 5100 tibi
1037 5060 1253 5110 rursus,
1288 5061 1321 5099 ο
1363 5046 1572 5114 Judaee,
1604 5048 1751 5115 dico,

177 5128 369 5192 velim,
406 5128 753 5213 inquamnte
797 5134 983 5191 dicere
1026 5151 1094 5190 an
1151 5136 1320 5191 fuerit
1346 5126 1562 5208 'aliquis
1609 5139 1756 5195 inter

175 5222 425 5278 homines
457 5224 526 5279 ad
559 5225 656 5281 Dei
695 5227 986 5298 imaginem
1043 5238 1103 5283 et
1154 5229 1595 5285 similitudinem.
1631 5232 1751 5289 Isne

173 5323 254 5367 est
298 5327 455 5369 sacer
501 5314 594 5370 ille
636 5331 948 5387 praeursor
988 5320 1254 5385 Joannes,
1298 5320 1392 5389 qui
1440 5329 1524 5375 est
1573 5324 1752 5394 major

172 5404 427 5460 omnibus
458 5407 599 5460 inter
628 5417 784 5463 natos
818 5408 1141 5463 mulierum?
1168 5426 1235 5464 an
1270 5409 1524 5466 similiter
1552 5412 1750 5469 Petrus
1788 5444 1796 5458 κ

169 5492 258 5549 ille
306 5507 558 5551 summus
604 5504 662 5553 et
714 5498 1137 5568 antiquissimus
1184 5508 1374 5555 vertex
1429 5509 1741 5557 sanctorum

1854 4486 1906 4539 ei
1947 4487 2195 4557 subjecta
2236 4500 2357 4545 esse
2400 4494 2585 4548 omnia
2631 4496 2851 4566 (praeter
2888 4500 3081 4567 Deum,
3112 4505 3356 4574 inquam,
3384 4518 3440 4564 et

1856 4576 2122 4652 Patrem),
2142 4591 2198 4635 et
2224 4583 2275 4636 ei
2305 4599 2447 4653 genu
2476 4584 2697 4643 ﬂectere
2724 4593 2970 4647 erelestia
2988 4605 3043 4649 et
3069 4599 3352 4654 terrestria
3382 4609 3439 4655 et

1858 4669 2241 4727 subterranea.
2270 4673 2387 4730 Hoc
2426 4686 2509 4732 est
2545 4681 2695 4734 cnim
2738 4682 3012 4753 imperare
3055 4688 3188 4757 ipsis
3226 4692 3435 4747 ratione

1855 4759 2102 4827 praeditis
2149 4762 2400 4832 piscibus
2453 4768 2657 4835 maris,
2710 4778 2766 4825 et
2818 4772 3257 4846 intelligentibus
3311 4780 3435 4836 coeli

1854 4849 2199 4919 volucribus,
2226 4861 2282 4908 et
2315 4854 2635 4912 hominibus
2673 4860 2768 4930 qui
2813 4871 2941 4917 sunt
2971 4863 3146 4919 instar
3172 4882 3432 4936 pecorqu

1853 4949 1910 4997 et
1950 4942 2362 5013 jumentorum,
2398 4956 2455 5002 et
2503 4950 2775 5007 universae
2824 4962 3005 5010 terrae.
3045 4957 3206 5014 Ponit
3250 4970 3433 5015 autem

1852 5033 2086 5103 piscium
2109 5036 2536 5107 subjectionem,
2569 5042 2828 5119 quoniam
2865 5056 2992 5101 ante
3028 5064 3221 5104 omnes
3250 5050 3433 5106 domi-

1852 5133 2013 5181 natus
2042 5134 2128 5182 est
2154 5127 2222 5184 iis
2251 5130 2344 5198 qui
2377 5146 2476 5201 per
2501 5147 2699 5203 aquam
2731 5144 2788 5190 et
2812 5138 3069 5207 spiritum
3101 5157 3434 5212 regeneran-

1852 5226 1973 5282 tur,
2020 5233 2221 5289 nempe
2263 5221 2426 5277 nobis
2466 5227 2753 5295 gentibus,
2797 5238 2854 5284 et
2905 5231 3015 5287 illis
3055 5234 3149 5302 qui
3189 5244 3321 5291 sunt
3375 5237 3428 5293 in

1850 5310 2048 5382 abysso
2083 5311 2385 5368 inferorum
2424 5317 2477 5371 in
2512 5319 2769 5376 obscuris
2801 5329 2857 5377 'et
2894 5323 2946 5378 in
2986 5327 3178 5382 umbra
3211 5310 3425 5386 mortis.

1848 5404 2057 5461 Deinde
2096 5409 2370 5462 secundas
2401 5408 2543 5465 dicit
2579 5412 2835 5469 volucres
2874 5416 3022 5485 coeli,
3057 5418 3430 5493 intelligemes

1848 5499 2159 5557 Potestates
2185 5502 2254 5557 de
2284 5504 2488 5573 quibus
2514 5505 2649 5560 dicit
2680 5526 2693 5559 :
2724 5506 2957 5579 Cognovi
2986 5528 3164 5570 omnes
3194 5513 3428 5572 uolucres

237 5679 277 5711 "
303 5687 442 5744 Psal.
468 5706 556 5757 cu,
587 5691 673 5748 15.
753 5695 796 5727 ³³
824 5695 965 5787 Ρέίιέ.
992 5697 1189 5762 vtn,_3.
1270 5698 1311 5730 ³⁸
1336 5698 1469 5754 ibid.
1493 5699 1544 5754 6.
1627 5701 1669 5730 ³⁷
1691 5700 1778 5755 Lu

1878 5722 1900 5768 η,
1931 5705 1980 5757 5.
2066 5706 2107 5737 ³⁹
2134 5707 2271 5760 l‘sal.
2299 5679 2406 5775 vui,
2432 5710 2490 5773 8;
2522 5709 2693 5766 llebr.
2738 5729 2777 5777 ι,
2803 5712 2856 5768 8.

400 5857 428 5895 η
