4082 6290
597 235 702 301 935

1819 233 1880 292 S.
1907 232 2306 294 ANASTASII
2345 233 2671 302 ΞΙΝΛΙΤᾸΕ

3759 230 3854 296 936

597 345 712 398 casti
733 341 798 394 ”.
830 338 870 395 Α
917 348 1066 395 terra
1107 336 1256 393 enim
1305 351 1428 393 cum
1474 350 1643 391 carne
1687 337 2031 403 ascendens,
2075 337 2182 392 fuit
2211 347 2250 400 Α
2281 353 2440 408 super
2466 347 2684 392 terram.
2727 336 2898 391 Paulo
2951 343 3080 391 ante
3111 335 3336 406 quidem
3372 337 3643 392 Joannem
3675 349 3732 393 et
3759 338 3855 394 Pc-

559 489 570 507 ,
595 435 854 506 cognitus
877 441 936 488 et
958 440 1290 502 conspectus
1315 446 1346 484 a
1369 429 1778 500 Principatibus
1803 436 1856 483 et
1885 428 2182 502 Potestali-

593 525 700 580 bus
727 539 826 594 per
853 521 1180 578 Ecclesium.
1205 518 1431 584 Quando
1455 529 1641 572 autem
1667 520 1884 572 intrarit
1911 518 2179 590 plenitudo

593 614 852 685 gentium,
881 610 1227 679 subjicientur
1245 608 1291 638 ⁸⁸
1319 609 1547 661 omnino
1588 606 1798 662 Christi
1839 606 2088 662 dominio
2125 617 2181 662 et

589 707 840 776 jumenta
901 703 1116 767 illa,et
1171 699 1362 755 bestia:
1418 715 1450 755 e
1506 710 1656 756 terra
1703 701 1904 772 genitae
1958 709 2016 756 et
2059 700 2180 772 ejus

594 803 860 866 cognatae,
885 808 1086 862 nempe
1107 792 1300 858 Israel,
1333 790 1402 846 de
1437 806 1547 861 quo
1583 791 1803 846 dicebat
1832 809 1844 844 :
1878 789 2026 846 Alias
2063 808 2178 845 oves

596 887 756 942 habeo
787 902 904 957 qua:
937 902 1042 939 non
1073 894 1195 939 sunt
1229 888 1292 938 de
1327 885 1421 939 hoc
1453 884 1598 948 ovili,
1629 893 1678 938 et
1709 883 1834 938 illas
1865 899 1948 937 me
1979 891 2181 954 Oportet

593 980 876 1045 adducere,
905 987 956 1033 et
985 995 1158 1033 vocem
1186 995 1360 1032 meam
1392 977 1638 1042 audient;
1667 986 1715 1030 et
1740 975 1832 1045 ﬁet
1861 991 1998 1029 unus
2027 991 2176 1046 grex,

591 1088 731 1126 unus
763 1082 948 1144 pastor
971 1071 1034 1126 “.
1063 1052 1242 1126 Etsic
1271 1071 1326 1125 in
1359 1069 1580 1125 Christo
1609 1069 1852 1133 eveniet,
1883 1079 1940 1123 et
1973 1067 2180 1122 intelli-

592 1170 754 1234 getur
781 1163 850 1217 de
888 1163 1011 1232 ipso
1042 1172 1100 1216 et
1127 1163 1195 1217 de
1228 1162 1350 1232 ejus
1377 1162 1612 1232 conjuge
1644 1160 1914 1225 Ecclesia,
1946 1161 2003 1216 id
2031 1161 2179 1230 quod

592 1266 624 1305 a
654 1251 767 1306 Deo
793 1253 1089 1308 dicebatur
1117 1253 1184 1308 de
1211 1252 1431 1307 duobus
1465 1272 1478 1305 :
1509 1251 1781 1322 Imperent
1805 1252 2029 1323 piscibus
2061 1269 2180 1307 ma.-

593 1344 688 1411 ris,
711 1353 760 1398 et
787 1345 1084 1400 volucribus
1110 1344 1247 1410 caeli,
1274 1353 1323 1398 et
1342 1345 1624 1416 jumentis,
1648 1351 1698 1396 et
1721 1345 1979 1398 universa:
2000 1351 2176 1408 terrm,

591 1464 662 1476 —
687 1453 721 1490 α
752 1437 890 1490 ntari
922 1453 1084 1508 usque
1111 1437 1180 1490 ad
1212 1451 1380 1502 mare,
1407 1443 1460 1488 et
1490 1452 1522 1488 a
1546 1434 1719 1506 ﬂuviis
1749 1450 1913 1505 usque
1943 1433 2179 1503 adﬁnes

591 1529 730 1583 orbis
752 1538 914 1584 terra:
939 1529 1004 1584 δ’.

661 1619 922 1676 Carnales
949 1629 1134 1676 autem
1181 1619 1278 1691 qui
1335 1619 1679 1690 corporalem
1716 1619 1960 1676 hominis
1987 1616 2178 1691 'pote-

2283 436 2431 482 trum
2477 428 2723 482 medium
2754 427 2988 483 adduxit
3041 428 3246 492 oratio,
3292 418 3854 498 ad_‘p'ersuadeudum

2281 518 2522 574 auditori
2560 530 2622 574 ut
2667 521 3012 590 Scripturam
3047 520 3290 582 divinam
3322 521 3664 591 intelligeret
3695 521 3854 591 spiri-

2284 610 2529 676 tualiter,
2568 621 2697 682 post
2729 612 3258 682 contemplationem
3305 627 3429 682 qua:
3480 614 3681 685 litterae
3728 628 3856 668 con-

2282 699 2457 753 venit.
2948 707 2954 711 ’

2370 790 2528 858 Quod
2562 792 2607 848 si
2650 792 2719 848 ad
2765 793 3008 849 litteram
3052 795 3329 864 progressi
3387 793 3505 848 ‘rllic
3537 809 3854 861 maneanns,

2280 885 2560 952 quomodo
2595 886 2808 956 poteris
2855 886 3151 944 ostendere
3201 881 3662 958 gloriosissimam
3717 889 3858 942 illam

2280 975 2378 1030 Dei
2410 985 2657 1038 matrem,
2685 993 2811 1033 esse
2847 976 2917 1032 ad
2951 977 3051 1032 Dei
3081 977 3377 1048 imaginem
3431 989 3489 1034 et
3539 981 3858 1036 similitudi-

2279 1068 2442 1122 nem?
2477 1068 2583 1125 Ubi
2612 1069 2764 1123 enim
2823 1069 3118 1140 imperavit
3150 1068 3266 1137 illa,
3299 1079 3402 1126 aut
3449 1080 3534 1126 est
3583 1071 3859 1128 dominata

2279 1159 2480 1216 bestiis
2511 1161 2834 1226 sensilibus,
2890 1172 2989 1217 aut
3039 1162 3310 1234 piscibus.
3379 1172 3476 1218 aut
3521 1163 3857 1230 volucribus,

2280 1263 2376 1308 aut
2407 1253 2679 1309 universa
2711 1262 2904 1319 terrae,
2944 1269 3066 1325 quae
3103 1270 3135 1308 a
3161 1253 3302 1310 facie
3339 1253 3577 1310 Herodis
3612 1257 3860 1326 migravit

2281 1343 2336 1399 in
2359 1343 2695 1416 Egyptum?
2727 1347 2796 1400 Et
2823 1345 2950 1416 quis
2975 1345 3134 1416 (mihi
3169 1345 3280 1411 dic,
3307 1344 3518 1416 quaso)
3543 1355 3643 1400 aut
3670 1362 3738 1402 ex
3770 1347 3863 1402 ho-

2277 1436 2526 1492 minibus
2550 1446 2648 1492 aut
2668 1453 2736 1492 ex
2761 1437 3110 1493 dazmonibus
3147 1432 3378 1492 audebit
3403 1435 3596 1494 dicere
3625 1439 3773 1508 quod
3800 1454 3862 1493 ea

2279 1543 2405 1598 quae
2441 1536 2529 1583 est
2549 1528 2800 1599 ejusdem
2823 1527 2990 1583 simul
3020 1543 3149 1584 cum
3173 1528 3288 1583 Deo
3315 1529 3595 1592 essentne,
3625 1528 3776 1596 quod
3795 1529 3890 1583 ωι-

2281 1634 2504 1676 carnem
2536 1620 2757 1686 attinet,
2792 1635 2904 1676 non
2934 1621 3013 1676 sit
3043 1620 3111 1676 ad
3135 1619 3432 1691 imaginem
3461 1628 3521 1674 et
3545 1619 3864 1676 similitudi-

592 1721 791 1769 statem
826 1712 1144 1783 intelligunt
1173 1711 1243 1766 de
1280 1711 1602 1766 carnalibus
1649 1711 1900 1782 piscibus
1930 1718 1988 1766 et
2028 1711 2182 1766 volu-
2213 1696 2254 1750 Β
2281 1727 2411 1768 nem
2441 1714 2564 1786 ejus
2597 1713 2694 1784 qui
2724 1721 2810 1770 est
2846 1714 2964 1785 ipsa
3009 1723 3208 1778 natus;
3273 1712 3555 1781 quomodo
3583 1720 3675 1767 est
3719 1711 3862 1766 enim

592 1803 806 1868 cribus,
830 1787 891 1858 et
917 1803 1178 1858 omnibus
1207 1802 1498 1874 jumentis,
1539 1811 1597 1857 et
1623 1801 1840 1866 bestiis,
1875 1809 1933 1857 et
1964 1800 2180 1872 reptili-

591 1896 717 1962 bus,
753 1905 810 1951 et
835 1896 1099 1951 omnibus
1121 1911 1244 1966 qua:
1268 1903 1402 1950 sunt
1434 1909 1605 1964 supra
1637 1903 1841 1949 terram
1867 1934 1882 1961 ,
1919 1909 2033 1948 non
2081 1909 2180 1964 po-

594 1996 785 2044 terunt
843 1989 1010 2043 nobis
1057 1987 1358 2048 ostendere
1406 1987 1582 2044 ullum
1633 1971 1938 2052 hominem,
1977 1996 2180 2057 praeter

589 2081 894 2148 Christum,
927 2082 1024 2151 qui
1055 2082 1131 2137 sit
1155 2081 1222 2136 ad
1261 2081 1555 2150 imaginem
1613 2079 1734 2134 Dei.
1782 2078 1980 2134 Nullus
2029 2079 2178 2134 enim

591 2188 661 2227 ex
692 2172 760 2227 iis
787 2173 882 2242 qui
913 2188 943 2228 a
969 2173 1172 2228 smculo
1204 2171 1320 2226 nati
1350 2178 1480 2226 sunt
1503 2181 1637 2241 (non
1671 2169 1798 2225 dico
1829 2184 1898 2224 ex
1931 2168 2176 2239 regibus,

591 2265 687 2320 sed
723 2279 828 2319 nec
850 2281 918 2320 ex
939 2265 1133 2336 justis)
1167 2273 1253 2319 est
1300 2263 1647 2328 dominatus,
1696 2271 1975 2334 potestate
2002 2262 2179 2332 impe-

591 2357 736 2410 rium
777 2355 1040 2419 habente,
1071 2355 1335 2410 omnibus
1369 2371 1492 2426 qua:
1519 2363 1650 2410 sunt
1672 2369 1843 2425 super
1869 2363 2092 2420 terram,
2124 2363 2182 2408 et

588 2445 729 2502 mari
757 2464 770 2510 ;
791 2447 1012 2501 etiamsi
1033 2440 1272 2501 faciendi
1296 2445 1584 2510 miracula,
1603 2445 2090 2517 perspiciendique
2115 2461 2180 2502 ac

589 2539 926 2609 praedicendi
966 2538 1292 2610 prophetica
1322 2538 1552 2594 omnino
1583 2522 1730 2594 esset
1761 2539 2030 2610 przeditus
2054 2555 2180 2611 gra-

589 2631 688 2686 tia.
720 2631 1146 2687 Carterum'non
1199 2631 1254 2686 in
1309 2630 1602 2701 ejiciendis
1625 2631 1936 2696 daemoniis,
1971 2647 2076 2687 nec
2121 2632 2180 2687 in

589 2723 762 2794 signis
787 2722 1059 2778 faciendis
1093 2723 1360 2776 Dominus
1393 2722 1590 2778 deﬁnit
1621 2723 2024 2792 perfectionem
2077 2723 2180 2778 ho-

590 2811 757 2866 minis
787 2811 881 2880 qui
906 2811 1082 2866 estad
1127 2809 1225 2864 Dei
1250 2811 1540 2880 imaginem
1575 2818 1623 2864 et
1656 2810 2082 2876 similitudinem,
2118 2818 2180 2866 ut

589 2904 814 2977 quando
840 2903 975 2959 dicit
1004 2921 1016 2957 :
1054 2905 1238 2958 Dicent
1263 2904 1393 2957 mihi
1415 2907 1471 2959 in
1499 2902 1599 2958 illa
1631 2903 1716 2958 die
1747 2920 1764 2958 :
1797 2902 2042 2968 Domine,
2075 2922 2178 2960 an-

593 3014 702 3052 non
735 2997 789 3050 in
808 3007 898 3051 tuo
929 2997 1141 3050 nomine
1165 2995 1363 3049 multas
1395 2997 1618 3050 virtutes
1645 2995 1909 3066 fecimus?
1941 3005 1990 3050 et
2003 2997 2176 3052 dicam
2203 3025 2246 3084 α

588 3089 662 3142 eis
696 3103 716 3140 .'
769 3085 939 3154 Amen
999 3085 1113 3140 dico
1184 3084 1327 3139 vobis
1363 3125 1377 3150 ,
1454 3100 1562 3138 non
1609 3085 1731 3139 novi
1785 3101 1875 3139 vos
1905 3085 1973 3140 ".
2040 3085 2171 3151 Sed,

587 3181 837 3252 Diligite,
877 3181 1094 3250 inquit,
1131 3179 1374 3234 inimicos
1423 3187 1644 3242 vestros,
1699 3188 1747 3233 et
1778 3179 2060 3234 benedicite
2107 3181 2174 3236 iis

587 3275 680 3345 qui
719 3289 808 3326 vos
843 3279 1226 3336 exsecrantur;
1267 3270 1555 3340 benefacile
1591 3271 1656 3325 iis
1695 3269 1788 3342 qui
1814 3271 2038 3325 oderunt
2061 3289 2172 3338 vos,

589 3375 638 3420 et
671 3371 825 3419 orate
856 3381 952 3434 pro
981 3364 1048 3418 iis
1084 3365 1174 3434 qui
1203 3362 1345 3417 vobis
1375 3361 1663 3426 insultant,
1702 3371 1761 3416 ut
1808 3365 1923 3418 sitis
1973 3363 2174 3420 similes

587 3457 770 3512 Patris
799 3457 960 3510 vestri
993 3457 1083 3527 qui
1119 3464 1195 3510 est
1226 3457 1283 3510 in
1315 3455 1459 3510 caelis
1490 3455 1569 3522 ἐς
1609 3456 1666 3510 in
1689 3457 1897 3540 virtute
1931 3456 2173 3515 Charita-

589 3549 662 3604 tis
690 3547 965 3604 deﬁniens
991 3563 1116 3603 esse
1147 3547 1215 3602 ad
1249 3547 1348 3603 Dei
1390 3547 1839 3604 similitudinem.
1885 3548 2175 3616 Quomodo

589 3641 759 3697 etiam
805 3641 924 3710 ipse
975 3638 1234 3696 Christus
1279 3641 1515 3710 loquens
1561 3657 1663 3712 per
1694 3642 1948 3706 Paulum,
1979 3643 2174 3698 eadem

590 3747 723 3788 usus
749 3742 836 3786 est
861 3733 1048 3804 regula
1064 3741 1122 3788 et
1137 3731 1483 3798 definitione,
1507 3733 1732 3804 quando
1747 3733 1885 3789 dicit
1907 3751 1928 3787 τ
1947 3733 2176 3790 Etiamsi

589 3824 786 3896 linguis
807 3823 1080 3880 hominum
1103 3823 1316 3896 loquar,
1343 3833 1392 3878 et
1415 3826 1584 3880 sciam
1613 3827 1866 3897 mysteria
1893 3828 2096 3892 omnia,
2124 3833 2175 3880 et

586 3934 796 3972 omnem
824 3919 1200 3990 cognitionem,
1227 3925 1276 3972 et
1303 3935 1514 3972 omnem
1543 3917 1770 3972 habeam
1799 3916 1983 3986 ﬁdem,
2008 3920 2086 3974 ita
2115 3927 2174 3972 ut

587 4016 792 4063 montes
819 4008 1168 4079 transferam,
1192 4005 1487 4068 nihilmihi
1515 4007 1726 4078 prodest
1753 4007 1821 4064 “.
1852 4006 1962 4065 Sed
1993 4009 2063 4065 de
2083 4009 2173 4066 his

585 4101 815 4173 quidem
847 4103 1142 4158 hactenus.

2281 1814 2460 1860 mater
2493 1804 2813 1876 hujusmodi
2847 1804 2968 1870 lilii,
3016 1819 3129 1858 non
3179 1803 3366 1859 ferens
3411 1803 3470 1858 in
3501 1818 3561 1858 se
3595 1803 3862 1874 integram

2277 1901 2336 1948 et
2366 1887 2590 1949 illmsam
2627 1891 2774 1949 fetus
2803 1893 2889 1948 sui
2917 1880 3252 1964 imaginem?
3273 1890 3648 1959 Quamobrem
3677 1897 3864 1948 osten-

2281 1998 2404 2038 sum
2438 1991 2524 2038 est
2555 1984 2608 2038 ei
2645 1984 2739 2054 qui
2768 1991 2854 2039 est
2882 1982 3029 2038 filius
3056 1982 3209 2052 pacis
3236 1982 3372 2052 (non
3418 1991 3604 2037 autem
3635 1983 3867 2038 en‘ector

2281 2091 2594 2147 pugnarum
2645 2085 2704 2130 et
2729 2074 3127 2144 offensionum)
3166 2074 3316 2146 quod
3339 2083 3404 2138 fel
3441 2074 3741 2145 imperium
3780 2075 3866 2145 'pi-

2280 2167 2459 2224 scium
2484 2168 2579 2240 qui
2611 2168 2898 2235 dicuntur,
2932 2177 2991 2223 et
3035 2170 3354 2236 volucrum,
3392 2177 3450 2234 et
3480 2170 3865 2240 jumentorum

2281 2261 2434 2316 solus
2463 2260 2558 2317 ille
2580 2261 2830 2332 possidet
2861 2260 3055 2316 dicens
3089 2279 3103 2315 :
3138 2260 3328 2316 Omnia
3361 2262 3488 2316 mihi
3520 2261 3724 2315 tradita
3747 2273 3868 2316 sunt

2282 2373 2316 2410 a
2343 2354 2509 2409 Patre
2536 2371 2652 2409 meo
2675 2353 2723 2387 “
2764 2371 2778 2408 :
2812 2355 2884 2411 Et
2915 2372 2930 2408 :
2957 2355 3102 2410 Data
3145 2363 3220 2410 est
3252 2355 3378 2408 mihi
3415 2355 3586 2408 omnis
3637 2364 3868 2426 potestas

2281 2448 2337 2500 in
2363 2445 2493 2500 calo
2522 2453 2572 2501 et
2595 2447 2653 2500 in
2689 2455 2834 2501 terra
2848 2444 2912 2518 ";
2931 2461 3010 2508 et:
3035 2445 3201 2500 Pater
3225 2445 3398 2516 diligit
3434 2443 3658 2514 Filium,
3684 2455 3736 2500 et
3759 2447 3870 2502 om-

2281 2539 2375 2594 nia
2408 2541 2458 2594 ei
2489 2540 2712 2596 tradidit
2735 2541 2792 2594 in
2819 2556 3011 2595 manus
3043 2537 3110 2592 ‘3.
3143 2537 3362 2594 Dicitur
3397 2549 3581 2594 autem
3613 2543 3869 2611 accipere

2280 2647 2312 2686 a
2337 2631 2523 2700 Patre,
2553 2640 2617 2687 ut
2645 2632 2741 2703 qui
2771 2631 2952 2688 factus
2972 2632 3055 2688 sit
3083 2631 3291 2699 homo;
3325 2647 3521 2688 rursus
3551 2643 3738 2688 autem
3770 2635 3870 2689 ho-

2279 2731 2514 2778 noratur
2541 2733 2818 2795 quatenus
2857 2730 3088 2796 apparet
3116 2724 3262 2780 sicut
3309 2725 3496 2790 Pater,
3548 2733 3612 2780 ut
3651 2727 3749 2796 qui
3795 2727 3870 2782 sit

2280 2817 2403 2887 ejus
2441 2814 2616 2871 Filius
2649 2815 2898 2886 ejusdem
2947 2816 3112 2871 simul
3145 2817 3308 2886 cujus
3335 2816 3452 2885 ipse
3476 2825 3564 2871 est
3587 2818 3867 2874 essentia.

2355 2905 2422 2960 Et
2447 2907 2582 2960 dixit
2617 2905 2776 2972 Deus,
2815 2905 2952 2960 Ecce
2985 2905 3103 2959 dedi
3132 2905 3273 2958 vobis
3305 2920 3516 2974 omnem
3547 2906 3764 2960 herbam
3789 2923 3872 2960 se-

2279 2997 2622 3064 minabilem,
2655 2999 3005 3054 seminantem
3048 3013 3228 3052 semen
3275 2997 3415 3068 quod
3456 3005 3536 3051 est
3571 3014 3733 3070 super
3751 3015 3873 3053 om-

2281 3109 2399 3147 nem
2429 3099 2674 3147 terram:
2703 3101 2753 3146 et
2778 3107 2932 3146 omne
2959 3089 3162 3162 lignum
3195 3089 3334 3162 quod
3373 3091 3529 3145 habet
3559 3092 3615 3146 in
3661 3107 3718 3146 se
3757 3092 3874 3161 fru-

2279 3194 2424 3241 ctum
2451 3187 2692 3251 seminis,
2737 3185 2838 3238 erit
2868 3184 3010 3238 vobis
3032 3185 3086 3236 in
3117 3184 3289 3236 cibum
3326 3183 3567 3238 ontnibus
3599 3192 3649 3236 et
3689 3184 3873 3262 bestiis

2281 3285 2459 3346 terrat,
2489 3285 2540 3332 et
2561 3277 2801 3332 omnibus
2830 3275 3127 3330 volucribus
3146 3273 3284 3340 caeli,
3309 3282 3360 3328 et
3388 3277 3534 3329 omni
3567 3277 3747 3347 rcplili
3789 3294 3875 3330 re-

2281 3370 2424 3440 penti
2446 3385 2608 3441 super
2631 3378 2832 3423 terram
2859 3367 2999 3438 quod
3028 3367 3180 3423 habet
3211 3369 3266 3421 in
3299 3383 3356 3421 se
3375 3369 3615 3422 animam
3645 3372 3800 3436 vitae;
3821 3379 3874 3424 et

2280 3457 2452 3510 omnis
2481 3455 2644 3510 herba
2691 3456 2876 3510 viridis
2906 3457 3007 3509 erit
3030 3455 3171 3510 vobis
3203 3457 3260 3510 in
3301 3457 3497 3512 cibum.
3529 3457 3621 3512 'Et
3664 3460 3872 3530 factum

2281 3554 2356 3602 est
2383 3549 2481 3612 ita.
2506 3547 2577 3602 Et
2601 3549 2730 3604 vidit
2753 3547 2894 3610 Deus
2927 3549 3106 3602 omnia
3139 3563 3463 3620 quaecunque
3485 3549 3628 3620 fecit,
3659 3562 3710 3606 et
3757 3570 3874 3608 ecce

2280 3641 2435 3697 valde
2469 3641 2821 3714 pulchraJEt
2862 3642 3067 3714 factum
3106 3651 3182 3697 est
3207 3658 3390 3713 vesper
3418 3659 3438 3698 :
3464 3651 3516 3696 et
3552 3645 3756 3714 factum
3793 3659 3871 3702 est

2282 3749 2440 3790 mane
2487 3734 2598 3788 dies
2637 3743 2839 3789 sectus.
2891 3734 3193 3804 Hucusque
3242 3733 3380 3790 dicit
3431 3750 3665 3806 magnus
3719 3737 3872 3794 inter

2280 3825 2646 3896 philosophos
2667 3832 2726 3880 et
2750 3825 3006 3882 doctores
3039 3824 3493 3899 Olympiodorus,
3528 3843 3653 3884 esse
3699 3829 3870 3885 linem

2281 3915 2502 3972 sensilis
2555 3903 2880 3972 creationis.
2937 3915 3170 3983 Quando
3213 3924 3398 3971 autem
3445 3917 3602 3983 dicit,
3658 3919 3870 3990 inquit,

2281 4007 2570 4080 Scriptura
2596 4009 2652 4064 in
2687 4007 2861 4080 figura
2884 4008 3087 4080 epilogi
3105 4017 3204 4063 seu
3233 4007 3589 4080 repetitionis
3622 4027 3636 4063 :
3667 4011 3766 4066 llic
3789 4025 3869 4066 est

2279 4097 2410 4153 liber
2432 4100 2790 4172 generationis
2821 4099 2942 4154 coeli
2965 4107 3016 4153 et
3043 4107 3202 4154 terra:
3218 4141 3239 4172 ι
3286 4107 3344 4155 et
3373 4107 3574 4156 caetera
3609 4115 3738 4172 qua
3772 4117 3867 4158 se-

657 4193 958 4247 Videamus
981 4201 1178 4248 autem
1217 4191 1386 4248 etiam
1417 4190 1552 4260 quid
1589 4206 1655 4247 ea
1701 4190 2017 4264 signiﬁcent
2049 4206 2172 4264 qua:
2218 4257 2223 4263 ,
2276 4200 2528 4263 quuntur
2561 4191 2632 4248 de
2663 4207 2806 4248 nova
2833 4191 2891 4248 in
2917 4191 3142 4248 Christo
3173 4199 3454 4258 creatura,
3483 4193 3759 4250 describit
3801 4211 3869 4252 ac

587 4283 728 4338 dicit
764 4283 833 4338 de
868 4284 1262 4339 benedictione
1291 4303 1304 4338 :
1331 4285 1402 4340 Et
1429 4287 1550 4356 fecit
1583 4283 1723 4340 Deus
1764 4287 2049 4352 hominem,
2100 4285 2172 4339 ad
2275 4284 2666 4356 praesigniﬁcat
2694 4300 2761 4340 ea
2806 4299 2931 4354 quae
2955 4283 3366 4354 posterioribus
3401 4286 3754 4355 temporibus
3807 4288 3867 4342 in

585 4374 685 4429 Dei
722 4376 1012 4446 imaginem
1063 4376 1184 4446 fecit
1225 4375 1403 4442 illum,
1448 4377 1554 4432 hoc
1583 4384 1668 4431 est
1688 4416 1703 4440 ,
1734 4375 1942 4448 Christi
1973 4376 2170 4448 inlagi-
2203 4387 2246 4441 υ
2277 4377 2526 4432 Ecclesia
2555 4375 2720 4432 linem
2743 4383 3098 4446 acceperunt.
3146 4374 3320 4442 Quam
3349 4375 3528 4434 etiam,
3551 4379 3868 4433 secundum

584 4483 712 4522 nem
741 4477 796 4521 ct
824 4467 1348 4537 praeﬁgurationem.
1389 4466 1771 4538 Compositum
1819 4467 1950 4522 fecit
1987 4467 2202 4545 homi-_
2275 4469 2471 4525 orbem
2509 4478 2672 4524 terrae
2725 4468 2977 4523 nominat
3023 4469 3408 4523 sanctissimus
3440 4470 3751 4540 Apostolus
3780 4472 3869 4528 di-

583 4573 749 4613 nem:
785 4559 1076 4612 mortalem
1133 4567 1190 4613 et
1228 4559 1622 4622 immortalem,
1670 4557 2064 4626 aspectabilem
2115 4567 2174 4614 et
2271 4579 2405 4618 cens
2443 4581 2455 4616 :
2486 4561 2606 4618 Non
2641 4563 2779 4616 enim
2823 4560 3028 4632 angelis
3075 4561 3292 4632 subjecit
3325 4561 3464 4616 Deus
3496 4565 3677 4619 orbem
3699 4576 3867 4620 terra

584 4665 700 4705 non
733 4649 1152 4718 aspcctabilem,
1201 4649 1450 4704 interitui
1489 4647 1790 4704 obnoxium
1826 4658 1882 4704 et
1917 4649 1972 4704 in
2003 4667 2167 4721 quem

579 4757 694 4798 non
725 4741 876 4798 cadit
907 4741 1188 4806 interitus,
1216 4740 1516 4796 Masculum
1539 4749 1588 4795 et
1613 4741 1870 4811 feminam
1896 4743 2017 4813 fecit
2046 4760 2169 4799 eos:

579 4833 688 4890 hoc
710 4832 958 4904 quidem,
984 4841 1282 4904 propterea
1321 4828 1470 4902 quod
1500 4832 1573 4888 sit
1601 4833 1758 4888 laxus
1794 4841 1850 4889 et
1882 4817 2086 4902 mollis,
2117 4844 2175 4891 et

571 4932 648 4990 ad
675 4932 964 4989 interitum
1013 4930 1178 4987 facile
1230 4930 1596 4987 dissolubilis.
1649 4930 1718 4985 Et
1774 4931 2037 5004 benedia-it
2083 4946 2169 4984 eos

578 5027 722 5083 Deus
757 5027 936 5084 dicens
967 5041 986 5077 :
1019 5024 1269 5092 Crescite,
1319 5032 1369 5080 et
1401 5023 1854 5098 multiplicamini,
1883 5033 1933 5080 et
1973 5023 2168 5095 replete

578 5117 1075 5184 terram,videlicet
1093 5133 1192 5186 per
1215 5116 1450 5174 filiorum
1473 5117 1937 5188 procreationem,
1959 5132 2166 5174 mascu-

577 5212 618 5268 li
643 5221 699 5268 el
729 5211 968 5267 feminae.
991 5211 1062 5268 Et
1101 5211 1458 5266 dominamini
1488 5211 1554 5275 ei,
1589 5219 1641 5266 et
1663 5212 1922 5283 imperate
1941 5211 2168 5284 piscibus

579 5305 768 5371 maris,
811 5313 861 5358 et
894 5302 1192 5359 volucribus
1238 5303 1375 5369 οωιὶ,
1423 5311 1475 5356 et
1524 5303 1762 5358 omnibus
1796 5303 2083 5378 jumentis,
2109 5311 2161 5355 et

577 5395 836 5450 universa:
886 5403 1062 5459 terra,
1114 5404 1163 5448 ct
1225 5393 1465 5449 omnibus
1531 5392 1805 5464 rcptilibus
1864 5391 2161 5460 repentibus

664 5536 706 5586 ’β
735 5534 873 5588 Psal.
899 5549 1044 5600 xux,
1069 5535 1159 5588 Η.

1231 5533 1279 5568 ⁸ο
1313 5536 1473 5592 Rom.
1511 5535 1703 5602 11,25.
1783 5537 1828 5570 “
1862 5537 2019 5592 Joan.
2061 5551 2112 5596 χ.
2151 5539 2231 5591 l6.

2272 4656 2512 4726 futurum
2531 4654 2594 4708 de
2611 4671 2719 4725 quo
2735 4652 3002 4724 loquimur
3027 4652 3108 4716 “;
3141 4655 3332 4709 Orbem
3363 4663 3528 4730 terra:
3557 4659 3866 4716 nominans

2273 4745 2600 4811 Ecelesiam,
2650 4754 2944 4816 propterea
2975 4744 3122 4814 quod
3169 4759 3198 4797 a
3249 4745 3416 4800 Petro
3450 4745 3679 4815 quidem
3713 4759 3865 4805 esset

2273 4819 2578 4902 fundanda,
2608 4835 2678 4892 ab
2724 4835 2845 4905 ipso
2875 4845 3063 4890 autem
3110 4835 3446 4890 excitanda:
3493 4837 3642 4893 sicut
3687 4840 3862 4896 etiam

2271 4930 2595 4992 nominabat
2623 4944 2824 4985 novam
2855 4945 2978 4999 qua:
3016 4933 3145 4983 tunc
3178 4928 3462 4998 inceperat
3508 4932 3769 5000 produci.
3800 4932 3862 4989 Si

2271 5025 2420 5080 enim
2456 5039 2558 5094 per
2582 5037 2672 5078 res
2693 5036 2904 5076 omnes
2932 5036 3070 5091 quas
3117 5028 3176 5076 et
3220 5025 3633 5092 contemplatus
3673 5036 3766 5080 est
3806 5036 3867 5082 et

2271 5097 2580 5171 construxit
2613 5113 2792 5168 Moses
2826 5113 2882 5167 in
2923 5121 3114 5167 monte
3148 5099 3324 5177 Sinni,
3366 5112 3632 5170 Ecclesiae
3664 5123 3866 5186 typum

2269 5207 2426 5278 prius
2459 5204 2810 5260 describebat
2837 5205 3063 5275 (nempe
3079 5211 3137 5259 et
3161 5219 3262 5274 per
3289 5214 3542 5259 sanctum
3575 5205 3867 5262 Taberna-

2269 5297 2478 5364 culum,
2509 5279 2572 5352 et
2607 5293 2794 5350 omnia
2808 5309 2936 5365 quae
2964 5306 3120 5350 erant
3148 5289 3203 5348 in
3237 5293 3376 5364 ipso,
3411 5305 3468 5350 et
3490 5309 3718 5352 onmem
3741 5295 3868 5351 cnl-

2271 5398 2387 5445 tum
2427 5387 2708 5462 legalem),

2311 5537 2356 5570 δ’
2385 5539 2526 5593 Psal.
2564 5553 2710 5597 LIII,
2741 5538 2792 5592 8.
2874 5537 2919 5567 “
2947 5536 3136 5592 Matth.
3167 5551 3258 5598 vn,
3286 5535 3378 5594 22.
3407 5534 3502 5589 εδ.
3581 5537 3626 5570 ⁸⁸
3646 5535 3848 5594 Bauli.

590 5616 644 5681 γρ
676 5603 766 5681 με
799 5605 896 5669 45;
945 5605 1080 5681 l_._uc.
1127 5618 1200 5670 Vt,
1235 5605 1325 5674 27,
1363 5606 1454 5662 28.
1531 5609 1626 5681 "_l
1662 5609 1790 5663 Cor.
1839 5624 1961 5675 xm,
1991 5607 2046 5660 2.
2129 5609 2174 5641 ⁸ο

2279 5624 2342 5664 ιε.
2380 5625 2435 5676 x,
2467 5607 2561 5662 ‘22.
2641 5607 2685 5638 δ’
2719 5608 2913 5663 Matth.
2953 5624 3142 5674 nun,
3184 5608 3270 5662 l8.
3346 5606 3390 5638 "
3422 5605 3583 5664 Joan.
3641 5625 3725 5673 ιιι,
3758 5607 3850 5661 35.

591 5669 636 5703 ⁸⁸
673 5674 836 5731 llcbr.
865 5689 926 5738 ιι,
957 5674 1013 5730 5.
