  <div class='ocr_page' id='page_1' title='image "/cluster/home/n/w/nwhite01/storage/ocr_20150623/89/pst.000005712953/476.png"; bbox 0 0 4082 6290; ppageno 0'>
   <div class='ocr_carea' id='block_1_1' title="bbox 364 417 1117 495">
    <p class='ocr_par' dir='ltr' id='par_1_1' title="bbox 364 417 1117 495">
     <span class='ocr_line' id='line_1_1' title="bbox 364 417 1117 495; baseline -0.009 -19"><span class='ocrx_word' id='word_1_1' title='bbox 364 424 444 495; x_wconf 80' lang='grc' dir='ltr'><strong>μὴ</strong></span> <span class='ocrx_word' id='word_1_2' title='bbox 464 420 775 491; x_wconf 76' lang='grc' dir='ltr'><strong>θαυμάσῃς,</strong></span> <span class='ocrx_word' id='word_1_3' title='bbox 793 417 955 488; x_wconf 76' lang='grc' dir='ltr'><strong>φησὶν</strong></span> <span class='ocrx_word' id='word_1_4' title='bbox 978 418 1006 473; x_wconf 81' lang='grc' dir='ltr'><em>ὁ</em></span> <span class='ocrx_word' id='word_1_5' title='bbox 1024 418 1117 470; x_wconf 73' lang='grc' dir='ltr'><strong>αὺ-</strong></span> 
     </span>
    </p>
   </div>
   <div class='ocr_carea' id='block_1_2' title="bbox 360 508 1122 580">
    <p class='ocr_par' dir='ltr' id='par_1_2' title="bbox 360 508 1122 580">
     <span class='ocr_line' id='line_1_2' title="bbox 360 508 1122 580; baseline -0.01 -10"><span class='ocrx_word' id='word_1_6' title='bbox 360 515 457 580; x_wconf 74' lang='grc' dir='ltr'><strong>τδς</strong></span> <span class='ocrx_word' id='word_1_7' title='bbox 480 513 649 577; x_wconf 77' lang='grc' dir='ltr'>πολὺς</span> <span class='ocrx_word' id='word_1_8' title='bbox 680 511 749 565; x_wconf 80' lang='grc' dir='ltr'><strong>τὰ</strong></span> <span class='ocrx_word' id='word_1_9' title='bbox 783 511 904 564; x_wconf 82' lang='grc' dir='ltr'><strong>θεῖα</strong></span> <span class='ocrx_word' id='word_1_10' title='bbox 922 508 1122 580; x_wconf 76' lang='grc' dir='ltr'><strong>Ὀλυμ-</strong></span> 
     </span>
    </p>
   </div>
   <div class='ocr_carea' id='block_1_3' title="bbox 362 602 1120 675">
    <p class='ocr_par' dir='ltr' id='par_1_3' title="bbox 362 602 1120 675">
     <span class='ocr_line' id='line_1_3' title="bbox 362 602 1120 675; baseline -0.005 -16"><span class='ocrx_word' id='word_1_11' title='bbox 362 605 654 675; x_wconf 74' lang='grc' dir='ltr'>πιόδωρος,</span> <span class='ocrx_word' id='word_1_12' title='bbox 692 605 741 656; x_wconf 78' lang='grc' dir='ltr'><strong>εἰ</strong></span> <span class='ocrx_word' id='word_1_13' title='bbox 783 602 893 655; x_wconf 82' lang='grc' dir='ltr'><strong>τῶν</strong></span> <span class='ocrx_word' id='word_1_14' title='bbox 940 618 1120 672; x_wconf 77' lang='grc' dir='ltr'>πραγ-</span> 
     </span>
    </p>
   </div>
   <div class='ocr_carea' id='block_1_4' title="bbox 368 694 1121 769">
    <p class='ocr_par' dir='ltr' id='par_1_4' title="bbox 368 694 1121 769">
     <span class='ocr_line' id='line_1_4' title="bbox 368 694 1121 769; baseline -0.004 -18"><span class='ocrx_word' id='word_1_15' title='bbox 368 699 560 769; x_wconf 73' lang='grc' dir='ltr'><strong>μάτων</strong></span> <span class='ocrx_word' id='word_1_16' title='bbox 637 694 1121 768; x_wconf 80' lang='grc' dir='ltr'><strong>προκατεσκεύαζε</strong></span> 
     </span>
    </p>
   </div>
   <div class='ocr_carea' id='block_1_5' title="bbox 364 786 1122 860">
    <p class='ocr_par' dir='ltr' id='par_1_5' title="bbox 364 786 1122 860">
     <span class='ocr_line' id='line_1_5' title="bbox 364 786 1122 860; baseline -0.005 -16"><span class='ocrx_word' id='word_1_17' title='bbox 364 793 465 844; x_wconf 75' lang='grc' dir='ltr'><strong>καὶ</strong></span> <span class='ocrx_word' id='word_1_18' title='bbox 513 789 917 860; x_wconf 75' lang='grc' dir='ltr'><strong>προδιέγραφεν</strong></span> <span class='ocrx_word' id='word_1_19' title='bbox 934 828 949 852; x_wconf 88' lang='grc'><strong><em>,</em></strong></span> <span class='ocrx_word' id='word_1_20' title='bbox 1000 786 1092 840; x_wconf 84' lang='grc' dir='ltr'>ὀνο</span> <span class='ocrx_word' id='word_1_21' title='bbox 1104 817 1122 828; x_wconf 90' lang='grc'><strong><em>-</em></strong></span> 
     </span>
    </p>
   </div>
   <div class='ocr_carea' id='block_1_6' title="bbox 369 882 1124 956">
    <p class='ocr_par' dir='ltr' id='par_1_6' title="bbox 369 882 1124 956">
     <span class='ocr_line' id='line_1_6' title="bbox 369 882 1124 956; baseline -0.007 -17"><span class='ocrx_word' id='word_1_22' title='bbox 369 886 696 956; x_wconf 77' lang='grc' dir='ltr'><strong>μασϐέντων</strong></span> <span class='ocrx_word' id='word_1_23' title='bbox 760 884 968 937; x_wconf 78' lang='grc' dir='ltr'><strong>τούτων</strong></span> <span class='ocrx_word' id='word_1_24' title='bbox 1031 882 1124 935; x_wconf 75' lang='grc' dir='ltr'>καὶ</span> 
     </span>
    </p>
   </div>
   <div class='ocr_carea' id='block_1_7' title="bbox 364 979 1124 1053">
    <p class='ocr_par' dir='ltr' id='par_1_7' title="bbox 364 979 1124 1053">
     <span class='ocr_line' id='line_1_7' title="bbox 364 979 1124 1053; baseline -0.005 -17"><span class='ocrx_word' id='word_1_25' title='bbox 364 985 498 1046; x_wconf 74' lang='grc' dir='ltr'><strong>τοὺς</strong></span> <span class='ocrx_word' id='word_1_26' title='bbox 529 983 721 1053; x_wconf 76' lang='grc' dir='ltr'>λόγους</span> <span class='ocrx_word' id='word_1_27' title='bbox 742 982 807 1035; x_wconf 76' lang='grc' dir='ltr'><strong>ἐκ</strong></span> <span class='ocrx_word' id='word_1_28' title='bbox 838 979 973 1034; x_wconf 82' lang='grc' dir='ltr'><strong>Θεοῦ</strong></span> <span class='ocrx_word' id='word_1_29' title='bbox 1007 979 1124 1033; x_wconf 76' lang='grc' dir='ltr'><strong>ἑδέ-</strong></span> 
     </span>
    </p>
   </div>
   <div class='ocr_carea' id='block_1_8' title="bbox 368 1072 1124 1143">
    <p class='ocr_par' dir='ltr' id='par_1_8' title="bbox 368 1072 1124 1143">
     <span class='ocr_line' id='line_1_8' title="bbox 368 1072 1124 1143; baseline -0.007 -13"><span class='ocrx_word' id='word_1_30' title='bbox 368 1076 539 1142; x_wconf 79' lang='grc' dir='ltr'>ξατο,</span> <span class='ocrx_word' id='word_1_31' title='bbox 591 1072 1007 1143; x_wconf 61' lang='grc' dir='ltr'><strong>αἰνιγματώῶς</strong></span> <span class='ocrx_word' id='word_1_32' title='bbox 1064 1089 1124 1125; x_wconf 83' lang='grc' dir='ltr'><strong>τε</strong></span> 
     </span>
    </p>
   </div>
   <div class='ocr_carea' id='block_1_9' title="bbox 369 1162 1127 1228">
    <p class='ocr_par' dir='ltr' id='par_1_9' title="bbox 369 1162 1127 1228">
     <span class='ocr_line' id='line_1_9' title="bbox 369 1162 1127 1228; baseline -0.005 -7"><span class='ocrx_word' id='word_1_33' title='bbox 369 1162 470 1221; x_wconf 66' lang='grc' dir='ltr'>κὶιὶ</span> <span class='ocrx_word' id='word_1_34' title='bbox 520 1165 807 1228; x_wconf 73' lang='grc' dir='ltr'><strong>σκοτεινῶς</strong></span> <span class='ocrx_word' id='word_1_35' title='bbox 826 1167 841 1205; x_wconf 66' lang='grc' dir='ltr'><strong>’ς</strong></span> <span class='ocrx_word' id='word_1_36' title='bbox 855 1166 950 1218; x_wconf 71' lang='grc' dir='ltr'><strong>καὶ</strong></span> <span class='ocrx_word' id='word_1_37' title='bbox 990 1165 1127 1217; x_wconf 86' lang='grc' dir='ltr'><strong>ἀπο-</strong></span> 
     </span>
    </p>
   </div>
   <div class='ocr_carea' id='block_1_10' title="bbox 370 1258 1130 1333">
    <p class='ocr_par' dir='ltr' id='par_1_10' title="bbox 370 1258 1130 1333">
     <span class='ocr_line' id='line_1_10' title="bbox 370 1258 1130 1333; baseline -0.011 -17"><span class='ocrx_word' id='word_1_38' title='bbox 370 1261 623 1333; x_wconf 81' lang='grc' dir='ltr'><strong>κρύφως.</strong></span> <span class='ocrx_word' id='word_1_39' title='bbox 652 1258 825 1312; x_wconf 80' lang='grc' dir='ltr'>Τοῦτο</span> <span class='ocrx_word' id='word_1_40' title='bbox 856 1258 965 1328; x_wconf 84' lang='grc' dir='ltr'><strong>γὰρ</strong></span> <span class='ocrx_word' id='word_1_41' title='bbox 1008 1258 1130 1327; x_wconf 79' lang='grc' dir='ltr'><strong>ἐσή-</strong></span> 
     </span>
    </p>
   </div>
   <div class='ocr_carea' id='block_1_11' title="bbox 374 1351 1129 1424">
    <p class='ocr_par' dir='ltr' id='par_1_11' title="bbox 374 1351 1129 1424">
     <span class='ocr_line' id='line_1_11' title="bbox 374 1351 1129 1424; baseline -0.009 -14"><span class='ocrx_word' id='word_1_42' title='bbox 374 1373 572 1424; x_wconf 83' lang='grc' dir='ltr'>μαινεν</span> <span class='ocrx_word' id='word_1_43' title='bbox 612 1356 673 1409; x_wconf 77' lang='grc' dir='ltr'><strong>ἐν</strong></span> <span class='ocrx_word' id='word_1_44' title='bbox 699 1353 778 1423; x_wconf 82' lang='grc' dir='ltr'><strong>τῷ</strong></span> <span class='ocrx_word' id='word_1_45' title='bbox 806 1352 922 1422; x_wconf 75' lang='grc' dir='ltr'><strong>ὄρει</strong></span> <span class='ocrx_word' id='word_1_46' title='bbox 965 1351 1026 1404; x_wconf 74' lang='grc' dir='ltr'><strong>τό</strong></span> <span class='ocrx_word' id='word_1_47' title='bbox 1070 1367 1129 1403; x_wconf 86' lang='grc' dir='ltr'>τε</span> 
     </span>
    </p>
   </div>
   <div class='ocr_carea' id='block_1_12' title="bbox 370 1445 1129 1518">
    <p class='ocr_par' dir='ltr' id='par_1_12' title="bbox 370 1445 1129 1518">
     <span class='ocr_line' id='line_1_12' title="bbox 370 1445 1129 1518; baseline -0.008 -17"><span class='ocrx_word' id='word_1_48' title='bbox 370 1449 573 1518; x_wconf 81' lang='grc' dir='ltr'><strong>γνόφος</strong></span> <span class='ocrx_word' id='word_1_49' title='bbox 603 1447 697 1502; x_wconf 63' lang='grc' dir='ltr'><strong>καὶ</strong></span> <span class='ocrx_word' id='word_1_50' title='bbox 727 1449 756 1499; x_wconf 83' lang='grc' dir='ltr'><strong>ὁ</strong></span> <span class='ocrx_word' id='word_1_51' title='bbox 787 1445 945 1513; x_wconf 52' lang='grc' dir='ltr'>ζόφος</span> <span class='ocrx_word' id='word_1_52' title='bbox 979 1445 1073 1496; x_wconf 71' lang='grc' dir='ltr'><strong>καὶ</strong></span> <span class='ocrx_word' id='word_1_53' title='bbox 1095 1445 1129 1511; x_wconf 80' lang='grc' dir='ltr'>ἡ</span> 
     </span>
    </p>
   </div>
   <div class='ocr_carea' id='block_1_13' title="bbox 370 1537 1133 1608">
    <p class='ocr_par' dir='ltr' id='par_1_13' title="bbox 370 1537 1133 1608">
     <span class='ocr_line' id='line_1_13' title="bbox 370 1537 1133 1608; baseline -0.009 -13"><span class='ocrx_word' id='word_1_54' title='bbox 370 1540 613 1604; x_wconf 65' lang='grc' dir='ltr'><strong>θύελλα,</strong></span> <span class='ocrx_word' id='word_1_55' title='bbox 651 1537 760 1591; x_wconf 83' lang='grc' dir='ltr'><strong>τῶν</strong></span> <span class='ocrx_word' id='word_1_56' title='bbox 816 1537 1133 1608; x_wconf 81' lang='grc' dir='ltr'><strong>μυστηρίων</strong></span> 
     </span>
    </p>
   </div>
   <div class='ocr_carea' id='block_1_14' title="bbox 368 1627 1129 1698">
    <p class='ocr_par' dir='ltr' id='par_1_14' title="bbox 368 1627 1129 1698">
     <span class='ocr_line' id='line_1_14' title="bbox 368 1627 1129 1698; baseline -0.009 -12"><span class='ocrx_word' id='word_1_57' title='bbox 368 1631 485 1685; x_wconf 78' lang='grc' dir='ltr'><strong>τῶν</strong></span> <span class='ocrx_word' id='word_1_58' title='bbox 532 1627 879 1698; x_wconf 71' lang='grc' dir='ltr'><strong>λαλουμένων</strong></span> <span class='ocrx_word' id='word_1_59' title='bbox 928 1644 999 1683; x_wconf 58' lang='grc' dir='ltr'><strong>τε»</strong></span> <span class='ocrx_word' id='word_1_60' title='bbox 1032 1628 1129 1680; x_wconf 76' lang='grc' dir='ltr'><strong>καὶ</strong></span> 
     </span>
    </p>
   </div>
   <div class='ocr_carea' id='block_1_15' title="bbox 370 1720 1126 1794">
    <p class='ocr_par' dir='ltr' id='par_1_15' title="bbox 370 1720 1126 1794">
     <span class='ocr_line' id='line_1_15' title="bbox 370 1720 1126 1794; baseline -0.011 -14"><span class='ocrx_word' id='word_1_61' title='bbox 370 1725 638 1780; x_wconf 77' lang='grc' dir='ltr'>διατυπου</span> <span class='ocrx_word' id='word_1_62' title='bbox 644 1722 821 1794; x_wconf 81' lang='grc' dir='ltr'>μένων</span> <span class='ocrx_word' id='word_1_63' title='bbox 834 1721 898 1775; x_wconf 80' lang='grc' dir='ltr'><strong>τὸ</strong></span> <span class='ocrx_word' id='word_1_64' title='bbox 912 1720 1126 1792; x_wconf 78' lang='grc' dir='ltr'><strong>ἄδηλον,</strong></span> 
     </span>
    </p>
   </div>
   <div class='ocr_carea' id='block_1_16' title="bbox 368 1813 1134 1887">
    <p class='ocr_par' dir='ltr' id='par_1_16' title="bbox 368 1813 1134 1887">
     <span class='ocr_line' id='line_1_16' title="bbox 368 1813 1134 1887; baseline -0.01 -15"><span class='ocrx_word' id='word_1_65' title='bbox 368 1816 526 1880; x_wconf 73' lang='grc' dir='ltr'><strong>ὅπως</strong></span> <span class='ocrx_word' id='word_1_66' title='bbox 548 1817 622 1887; x_wconf 80' lang='grc' dir='ltr'><strong>μὴ</strong></span> <span class='ocrx_word' id='word_1_67' title='bbox 647 1814 910 1886; x_wconf 66' lang='grc' dir='ltr'><strong>μαθόντές</strong></span> <span class='ocrx_word' id='word_1_68' title='bbox 929 1815 980 1866; x_wconf 79' lang='grc' dir='ltr'>οἱ</span> <span class='ocrx_word' id='word_1_69' title='bbox 1005 1813 1134 1866; x_wconf 69' lang='grc' dir='ltr'>Ἰουι-</span> 
     </span>
    </p>
   </div>
   <div class='ocr_carea' id='block_1_17' title="bbox 369 1903 1136 1976">
    <p class='ocr_par' dir='ltr' id='par_1_17' title="bbox 369 1903 1136 1976">
     <span class='ocr_line' id='line_1_17' title="bbox 369 1903 1136 1976; baseline -0.008 -15"><span class='ocrx_word' id='word_1_70' title='bbox 369 1908 520 1963; x_wconf 65' lang='lat' dir='ltr'><strong>eam</strong></span> <span class='ocrx_word' id='word_1_71' title='bbox 572 1909 670 1975; x_wconf 77' lang='grc' dir='ltr'><strong>τὴν</strong></span> <span class='ocrx_word' id='word_1_72' title='bbox 730 1906 812 1970; x_wconf 82' lang='grc' dir='ltr'><strong>εἰς</strong></span> <span class='ocrx_word' id='word_1_73' title='bbox 868 1905 1020 1976; x_wconf 78' lang='grc' dir='ltr'><strong>ἡμᾶς</strong></span> <span class='ocrx_word' id='word_1_74' title='bbox 1065 1903 1136 1956; x_wconf 80' lang='grc' dir='ltr'>τὰ</span> 
     </span>
    </p>
   </div>
   <div class='ocr_carea' id='block_1_18' title="bbox 364 1992 1130 2069">
    <p class='ocr_par' dir='ltr' id='par_1_18' title="bbox 364 1992 1130 2069">
     <span class='ocr_line' id='line_1_18' title="bbox 364 1992 1130 2069; baseline -0.008 -18"><span class='ocrx_word' id='word_1_75' title='bbox 364 1998 507 2069; x_wconf 67' lang='grc' dir='ltr'><strong>ἔθνη</strong></span> <span class='ocrx_word' id='word_1_76' title='bbox 532 1997 830 2068; x_wconf 75' lang='grc' dir='ltr'><strong>μέλλουσαν</strong></span> <span class='ocrx_word' id='word_1_77' title='bbox 859 1993 964 2047; x_wconf 82' lang='grc' dir='ltr'><strong>ὑπὸ</strong></span> <span class='ocrx_word' id='word_1_78' title='bbox 994 1992 1130 2046; x_wconf 78' lang='grc' dir='ltr'><strong>Θεοῦ</strong></span> 
     </span>
    </p>
   </div>
   <div class='ocr_carea' id='block_1_19' title="bbox 371 2088 1132 2161">
    <p class='ocr_par' dir='ltr' id='par_1_19' title="bbox 371 2088 1132 2161">
     <span class='ocr_line' id='line_1_19' title="bbox 371 2088 1132 2161; baseline -0.009 -16"><span class='ocrx_word' id='word_1_79' title='bbox 371 2090 631 2161; x_wconf 63' lang='grc' dir='ltr'><strong>γινέσθαι</strong></span> <span class='ocrx_word' id='word_1_80' title='bbox 673 2090 998 2159; x_wconf 74' lang='grc' dir='ltr'><strong>ἐπισκοπὴν,</strong></span> <span class='ocrx_word' id='word_1_81' title='bbox 1031 2088 1132 2139; x_wconf 80' lang='grc' dir='ltr'><strong>αὐ-</strong></span> 
     </span>
    </p>
   </div>
   <div class='ocr_carea' id='block_1_20' title="bbox 370 2182 1131 2253">
    <p class='ocr_par' dir='ltr' id='par_1_20' title="bbox 370 2182 1131 2253">
     <span class='ocr_line' id='line_1_20' title="bbox 370 2182 1131 2253; baseline -0.005 -14"><span class='ocrx_word' id='word_1_82' title='bbox 370 2185 488 2240; x_wconf 73' lang='grc' dir='ltr'><strong>τῶν</strong></span> <span class='ocrx_word' id='word_1_83' title='bbox 516 2184 573 2240; x_wconf 71' lang='grc' dir='ltr'><strong>δὲ</strong></span> <span class='ocrx_word' id='word_1_84' title='bbox 592 2182 1002 2253; x_wconf 69' lang='grc' dir='ltr'><strong>ἑγκατάλειψιν,</strong></span> <span class='ocrx_word' id='word_1_85' title='bbox 1034 2184 1131 2253; x_wconf 77' lang='grc' dir='ltr'><strong>ἑμ-</strong></span> 
     </span>
    </p>
   </div>
   <div class='ocr_carea' id='block_1_21' title="bbox 374 2271 1136 2348">
    <p class='ocr_par' dir='ltr' id='par_1_21' title="bbox 374 2271 1136 2348">
     <span class='ocr_line' id='line_1_21' title="bbox 374 2271 1136 2348; baseline -0.009 -17"><span class='ocrx_word' id='word_1_86' title='bbox 374 2277 631 2348; x_wconf 78' lang='grc' dir='ltr'><strong>πρήσωσι</strong></span> <span class='ocrx_word' id='word_1_87' title='bbox 667 2273 868 2344; x_wconf 78' lang='grc' dir='ltr'><strong>βίσλον,</strong></span> <span class='ocrx_word' id='word_1_88' title='bbox 894 2273 989 2325; x_wconf 75' lang='grc' dir='ltr'><strong>καὶ</strong></span> <span class='ocrx_word' id='word_1_89' title='bbox 1031 2271 1136 2341; x_wconf 66' lang='grc' dir='ltr'><strong>μά.</strong></span> 
     </span>
    </p>
   </div>
   <div class='ocr_carea' id='block_1_22' title="bbox 362 2361 1141 2435">
    <p class='ocr_par' dir='ltr' id='par_1_22' title="bbox 362 2361 1141 2435">
     <span class='ocr_line' id='line_1_22' title="bbox 362 2361 1141 2435; baseline -0.009 -15"><span class='ocrx_word' id='word_1_90' title='bbox 362 2367 536 2421; x_wconf 64' lang='grc' dir='ltr'><strong>,λιστα</strong></span> <span class='ocrx_word' id='word_1_91' title='bbox 566 2363 937 2435; x_wconf 69' lang='grc' dir='ltr'><strong>προκειμένης</strong></span> <span class='ocrx_word' id='word_1_92' title='bbox 974 2361 1141 2414; x_wconf 11' lang='grc' dir='ltr'>Γενέοι</span> 
     </span>
    </p>
   </div>
   <div class='ocr_carea' id='block_1_23' title="bbox 372 2452 1134 2526">
    <p class='ocr_par' dir='ltr' id='par_1_23' title="bbox 372 2452 1134 2526">
     <span class='ocr_line' id='line_1_23' title="bbox 372 2452 1134 2526; baseline -0.008 -14"><span class='ocrx_word' id='word_1_93' title='bbox 372 2475 541 2521; x_wconf 57' lang='lat' dir='ltr'><strong>cson,</strong></span> <span class='ocrx_word' id='word_1_94' title='bbox 567 2457 660 2511; x_wconf 76' lang='grc' dir='ltr'><strong>καὶ</strong></span> <span class='ocrx_word' id='word_1_95' title='bbox 693 2456 927 2526; x_wconf 77' lang='grc' dir='ltr'><strong>μεγίστη</strong></span> <span class='ocrx_word' id='word_1_96' title='bbox 950 2452 1134 2508; x_wconf 64' lang='grc' dir='ltr'><strong>ἐνθεῦ-</strong></span> 
     </span>
    </p>
   </div>
   <div class='ocr_carea' id='block_1_24' title="bbox 370 2546 1135 2621">
    <p class='ocr_par' dir='ltr' id='par_1_24' title="bbox 370 2546 1135 2621">
     <span class='ocr_line' id='line_1_24' title="bbox 370 2546 1135 2621; baseline -0.009 -16"><span class='ocrx_word' id='word_1_97' title='bbox 370 2551 470 2605; x_wconf 81' lang='grc' dir='ltr'><strong>θεν</strong></span> <span class='ocrx_word' id='word_1_98' title='bbox 485 2553 551 2621; x_wconf 80' lang='grc' dir='ltr'><strong>τῇ</strong></span> <span class='ocrx_word' id='word_1_99' title='bbox 570 2548 809 2619; x_wconf 75' lang='grc' dir='ltr'><strong>Χριστοῦ</strong></span> <span class='ocrx_word' id='word_1_100' title='bbox 837 2546 1135 2618; x_wconf 77' lang='grc' dir='ltr'><strong>Ἐκκλησίᾳ</strong></span> 
     </span>
    </p>
   </div>
   <div class='ocr_carea' id='block_1_25' title="bbox 374 2638 1136 2714">
    <p class='ocr_par' dir='ltr' id='par_1_25' title="bbox 374 2638 1136 2714">
     <span class='ocr_line' id='line_1_25' title="bbox 374 2638 1136 2714; baseline -0.012 -16"><span class='ocrx_word' id='word_1_101' title='bbox 374 2641 554 2714; x_wconf 74' lang='grc' dir='ltr'>βλάϐη</span> <span class='ocrx_word' id='word_1_102' title='bbox 572 2658 633 2693; x_wconf 81' lang='grc' dir='ltr'><strong>τε</strong></span> <span class='ocrx_word' id='word_1_103' title='bbox 657 2642 754 2696; x_wconf 70' lang='grc' dir='ltr'><strong>καὶ</strong></span> <span class='ocrx_word' id='word_1_104' title='bbox 781 2638 848 2710; x_wconf 73' lang='grc' dir='ltr'><strong>ζη</strong></span> <span class='ocrx_word' id='word_1_105' title='bbox 858 2639 953 2710; x_wconf 80' lang='grc' dir='ltr'><strong>μία</strong></span> <span class='ocrx_word' id='word_1_106' title='bbox 974 2639 1136 2708; x_wconf 77' lang='grc' dir='ltr'><strong>γένη-</strong></span> 
     </span>
    </p>
   </div>
   <div class='ocr_carea' id='block_1_26' title="bbox 372 2734 1133 2791">
    <p class='ocr_par' dir='ltr' id='par_1_26' title="bbox 372 2734 1133 2791">
     <span class='ocr_line' id='line_1_26' title="bbox 372 2734 1133 2791; baseline 0.001 -1"><span class='ocrx_word' id='word_1_107' title='bbox 372 2754 490 2790; x_wconf 77' lang='grc' dir='ltr'><strong>ται.</strong></span> <span class='ocrx_word' id='word_1_108' title='bbox 538 2736 816 2790; x_wconf 80' lang='grc' dir='ltr'><strong>Ἀνανεύει</strong></span> <span class='ocrx_word' id='word_1_109' title='bbox 851 2735 908 2788; x_wconf 78' lang='grc' dir='ltr'><strong>δὲ</strong></span> <span class='ocrx_word' id='word_1_110' title='bbox 937 2737 965 2788; x_wconf 82' lang='grc' dir='ltr'><strong>ὁ</strong></span> <span class='ocrx_word' id='word_1_111' title='bbox 1002 2734 1133 2791; x_wconf 85' lang='grc' dir='ltr'>πολ-</span> 
     </span>
    </p>
   </div>
   <div class='ocr_carea' id='block_1_27' title="bbox 373 2826 1134 2902">
    <p class='ocr_par' dir='ltr' id='par_1_27' title="bbox 373 2826 1134 2902">
     <span class='ocr_line' id='line_1_27' title="bbox 373 2826 1134 2902; baseline -0.004 -20"><span class='ocrx_word' id='word_1_112' title='bbox 373 2829 539 2891; x_wconf 79' lang='grc' dir='ltr'>λάκις</span> <span class='ocrx_word' id='word_1_113' title='bbox 559 2829 895 2902; x_wconf 59' lang='grc' dir='ltr'><strong>προῤῥηθεὶς</strong></span> <span class='ocrx_word' id='word_1_114' title='bbox 921 2826 1134 2896; x_wconf 78' lang='grc' dir='ltr'>φιλόσο-</span> 
     </span>
    </p>
   </div>
   <div class='ocr_carea' id='block_1_28' title="bbox 374 2921 1135 2995">
    <p class='ocr_par' dir='ltr' id='par_1_28' title="bbox 374 2921 1135 2995">
     <span class='ocr_line' id='line_1_28' title="bbox 374 2921 1135 2995; baseline -0.004 -17"><span class='ocrx_word' id='word_1_115' title='bbox 374 2941 482 2995; x_wconf 83' lang='grc' dir='ltr'>φος</span> <span class='ocrx_word' id='word_1_116' title='bbox 521 2925 551 2977; x_wconf 78' lang='grc' dir='ltr'><strong>ὃ</strong></span> <span class='ocrx_word' id='word_1_117' title='bbox 593 2925 691 2994; x_wconf 78' lang='grc' dir='ltr'><strong>τὴν</strong></span> <span class='ocrx_word' id='word_1_118' title='bbox 740 2921 1135 2992; x_wconf 79' lang='grc' dir='ltr'><strong>’Δλεξανδρέων</strong></span> 
     </span>
    </p>
   </div>
   <div class='ocr_carea' id='block_1_29' title="bbox 371 3015 1132 3085">
    <p class='ocr_par' dir='ltr' id='par_1_29' title="bbox 371 3015 1132 3085">
     <span class='ocr_line' id='line_1_29' title="bbox 371 3015 1132 3085; baseline -0.007 -14"><span class='ocrx_word' id='word_1_119' title='bbox 371 3021 492 3082; x_wconf 80' lang='grc' dir='ltr'>τοῖς</span> <span class='ocrx_word' id='word_1_120' title='bbox 513 3017 693 3084; x_wconf 83' lang='grc' dir='ltr'>λόγοις</span> <span class='ocrx_word' id='word_1_121' title='bbox 720 3015 1132 3085; x_wconf 81' lang='grc' dir='ltr'><strong>καταφωτίσας,</strong></span> 
     </span>
    </p>
   </div>
   <div class='ocr_carea' id='block_1_30' title="bbox 366 3108 1136 3181">
    <p class='ocr_par' dir='ltr' id='par_1_30' title="bbox 366 3108 1136 3181">
     <span class='ocr_line' id='line_1_30' title="bbox 366 3108 1136 3181; baseline -0.006 -16"><span class='ocrx_word' id='word_1_122' title='bbox 366 3110 455 3176; x_wconf 77' lang='grc' dir='ltr'>ὡς</span> <span class='ocrx_word' id='word_1_123' title='bbox 484 3110 688 3181; x_wconf 78' lang='grc' dir='ltr'><strong>ταύτης</strong></span> <span class='ocrx_word' id='word_1_124' title='bbox 704 3110 973 3172; x_wconf 84' lang='grc' dir='ltr'>διάκονος,</span> <span class='ocrx_word' id='word_1_125' title='bbox 998 3108 1136 3178; x_wconf 81' lang='grc' dir='ltr'><strong>πρὸς</strong></span> 
     </span>
    </p>
   </div>
   <div class='ocr_carea' id='block_1_31' title="bbox 377 3265 705 3282">
    <p class='ocr_par' dir='ltr' id='par_1_31' title="bbox 377 3265 705 3282">
     <span class='ocr_line' id='line_1_31' title="bbox 377 3265 705 3282; baseline 0 -4"><span class='ocrx_word' id='word_1_126' title='bbox 377 3265 705 3282; x_wconf 59' lang='lat' dir='ltr'><em>W</em></span> 
     </span>
    </p>
   </div>
   <div class='ocr_carea' id='block_1_32' title="bbox 1428 302 2564 379">
    <p class='ocr_par' dir='ltr' id='par_1_32' title="bbox 1428 302 2564 379">
     <span class='ocr_line' id='line_1_32' title="bbox 1428 302 2564 379; baseline 0.002 -16"><span class='ocrx_word' id='word_1_127' title='bbox 1428 302 1514 365; x_wconf 74' lang='grc' dir='ltr'>ἸΝ</span> <span class='ocrx_word' id='word_1_128' title='bbox 1552 304 2105 379; x_wconf 70' lang='grc' dir='ltr'><strong>ΗΕΧΑΕΜΕἨΟΝ.</strong></span> <span class='ocrx_word' id='word_1_129' title='bbox 2140 307 2402 365; x_wconf 39' lang='lat'><strong>~61.113:</strong></span> <span class='ocrx_word' id='word_1_130' title='bbox 2424 306 2564 366; x_wconf 79' lang='lat' dir='ltr'><strong>VII.</strong></span> 
     </span>
    </p>
   </div>
   <div class='ocr_carea' id='block_1_33' title="bbox 3518 311 3626 373">
    <p class='ocr_par' dir='ltr' id='par_1_33' title="bbox 3518 311 3626 373">
     <span class='ocr_line' id='line_1_33' title="bbox 3518 311 3626 373; baseline -0.046 -1"><span class='ocrx_word' id='word_1_131' title='bbox 3518 311 3626 373; x_wconf 72' lang='lat'><strong>928</strong></span> 
     </span>
    </p>
   </div>
   <div class='ocr_carea' id='block_1_34' title="bbox 1194 415 1951 485">
    <p class='ocr_par' dir='ltr' id='par_1_34' title="bbox 1194 415 1944 485">
     <span class='ocr_line' id='line_1_34' title="bbox 1194 415 1944 485; baseline -0.003 -15"><span class='ocrx_word' id='word_1_132' title='bbox 1194 417 1552 482; x_wconf 58' lang='lat' dir='ltr'><strong>negmireris,</strong></span> <span class='ocrx_word' id='word_1_133' title='bbox 1598 415 1778 485; x_wconf 89' lang='lat' dir='ltr'><strong>inquit</strong></span> <span class='ocrx_word' id='word_1_134' title='bbox 1827 417 1944 485; x_wconf 87' lang='lat' dir='ltr'><strong>ipse</strong></span> 
     </span>
    </p>
   </div>
   <div class='ocr_carea' id='block_1_35' title="bbox 2059 415 3618 485">
    <p class='ocr_par' dir='ltr' id='par_1_35' title="bbox 2059 415 3618 485">
     <span class='ocr_line' id='line_1_35' title="bbox 2059 415 3618 485; baseline 0.003 -16"><span class='ocrx_word' id='word_1_135' title='bbox 2059 415 2105 469; x_wconf 77' lang='grc' dir='ltr'>ιδ</span> <span class='ocrx_word' id='word_1_136' title='bbox 2134 416 2298 485; x_wconf 77' lang='grc' dir='ltr'>φάναι</span> <span class='ocrx_word' id='word_1_137' title='bbox 2327 416 2386 470; x_wconf 82' lang='grc' dir='ltr'>ὲν</span> <span class='ocrx_word' id='word_1_138' title='bbox 2407 415 2656 470; x_wconf 68' lang='grc' dir='ltr'><strong>παντελεῖ</strong></span> <span class='ocrx_word' id='word_1_139' title='bbox 2674 415 2804 469; x_wconf 80' lang='grc' dir='ltr'><strong>ἀθα-</strong></span> <span class='ocrx_word' id='word_1_140' title='bbox 2875 418 2944 472; x_wconf 83' lang='lat' dir='ltr'><strong>ab</strong></span> <span class='ocrx_word' id='word_1_141' title='bbox 3024 418 3251 473; x_wconf 80' lang='lat' dir='ltr'><strong>interitu</strong></span> <span class='ocrx_word' id='word_1_142' title='bbox 3320 420 3618 473; x_wconf 79' lang='lat' dir='ltr'><strong>remotione</strong></span> 
     </span>
    </p>
   </div>
   <div class='ocr_carea' id='block_1_36' title="bbox 1193 507 1945 576">
    <p class='ocr_par' dir='ltr' id='par_1_36' title="bbox 1193 507 1945 576">
     <span class='ocr_line' id='line_1_36' title="bbox 1193 507 1945 576; baseline -0.005 -12"><span class='ocrx_word' id='word_1_143' title='bbox 1193 509 1248 564; x_wconf 93' lang='lat' dir='ltr'><strong>in</strong></span> <span class='ocrx_word' id='word_1_144' title='bbox 1286 509 1456 564; x_wconf 86' lang='lat' dir='ltr'><strong>rebus</strong></span> <span class='ocrx_word' id='word_1_145' title='bbox 1488 507 1689 563; x_wconf 81' lang='lat' dir='ltr'><strong>divinis</strong></span> <span class='ocrx_word' id='word_1_146' title='bbox 1722 507 1945 576; x_wconf 68' lang='lat' dir='ltr'><strong>praecla-</strong></span> 
     </span>
    </p>
   </div>
   <div class='ocr_carea' id='block_1_37' title="bbox 1193 602 1947 675">
    <p class='ocr_par' dir='ltr' id='par_1_37' title="bbox 1193 602 1947 675">
     <span class='ocr_line' id='line_1_37' title="bbox 1193 602 1947 675; baseline -0.001 -17"><span class='ocrx_word' id='word_1_147' title='bbox 1193 620 1290 660; x_wconf 87' lang='lat' dir='ltr'><strong>rus</strong></span> <span class='ocrx_word' id='word_1_148' title='bbox 1320 603 1765 675; x_wconf 87' lang='lat' dir='ltr'><strong>Olympiodorus,</strong></span> <span class='ocrx_word' id='word_1_149' title='bbox 1785 602 1830 656; x_wconf 89' lang='lat' dir='ltr'><strong>si</strong></span> <span class='ocrx_word' id='word_1_150' title='bbox 1856 618 1947 657; x_wconf 89' lang='lat' dir='ltr'><strong>re-</strong></span> 
     </span>
    </p>
   </div>
   <div class='ocr_carea' id='block_1_38' title="bbox 1195 695 1949 763">
    <p class='ocr_par' dir='ltr' id='par_1_38' title="bbox 1195 695 1949 763">
     <span class='ocr_line' id='line_1_38' title="bbox 1195 695 1949 763; baseline -0.004 -12"><span class='ocrx_word' id='word_1_151' title='bbox 1195 712 1314 751; x_wconf 85' lang='lat' dir='ltr'><strong>rum</strong></span> <span class='ocrx_word' id='word_1_152' title='bbox 1360 695 1764 750; x_wconf 83' lang='lat' dir='ltr'><strong>nominatarum</strong></span> <span class='ocrx_word' id='word_1_153' title='bbox 1811 708 1949 763; x_wconf 84' lang='lat' dir='ltr'><strong>quas</strong></span> 
     </span>
    </p>
   </div>
   <div class='ocr_carea' id='block_1_39' title="bbox 1193 787 1948 847">
    <p class='ocr_par' dir='ltr' id='par_1_39' title="bbox 1193 787 1948 847">
     <span class='ocr_line' id='line_1_39' title="bbox 1193 787 1948 847; baseline -0.008 -2"><span class='ocrx_word' id='word_1_154' title='bbox 1193 799 1357 845; x_wconf 81' lang='lat' dir='ltr'><strong>antea</strong></span> <span class='ocrx_word' id='word_1_155' title='bbox 1443 787 1805 847; x_wconf 73' lang='lat' dir='ltr'><strong>construebat</strong></span> <span class='ocrx_word' id='word_1_156' title='bbox 1890 793 1948 840; x_wconf 92' lang='lat' dir='ltr'><strong>et</strong></span> 
     </span>
    </p>
   </div>
   <div class='ocr_carea' id='block_1_40' title="bbox 1194 884 1950 950">
    <p class='ocr_par' dir='ltr' id='par_1_40' title="bbox 1194 884 1950 950">
     <span class='ocr_line' id='line_1_40' title="bbox 1194 884 1950 950; baseline -0.008 -8"><span class='ocrx_word' id='word_1_157' title='bbox 1194 885 1575 950; x_wconf 81' lang='lat' dir='ltr'><strong>describebat,</strong></span> <span class='ocrx_word' id='word_1_158' title='bbox 1625 899 1657 938; x_wconf 92' lang='lat' dir='ltr'><strong>a</strong></span> <span class='ocrx_word' id='word_1_159' title='bbox 1703 884 1818 938; x_wconf 91' lang='lat' dir='ltr'><strong>Deo</strong></span> <span class='ocrx_word' id='word_1_160' title='bbox 1855 896 1950 936; x_wconf 91' lang='lat' dir='ltr'><strong>ac-</strong></span> 
     </span>
    </p>
   </div>
   <div class='ocr_carea' id='block_1_41' title="bbox 1197 971 1952 1049">
    <p class='ocr_par' dir='ltr' id='par_1_41' title="bbox 1197 971 1952 1049">
     <span class='ocr_line' id='line_1_41' title="bbox 1197 971 1952 1049; baseline -0.007 -15"><span class='ocrx_word' id='word_1_161' title='bbox 1197 980 1346 1049; x_wconf 81' lang='lat' dir='ltr'><strong>cepit</strong></span> <span class='ocrx_word' id='word_1_162' title='bbox 1384 977 1629 1032; x_wconf 84' lang='lat' dir='ltr'><strong>rationes</strong></span> <span class='ocrx_word' id='word_1_163' title='bbox 1644 1017 1658 1042; x_wconf 91' lang='lat'><strong>,</strong></span> <span class='ocrx_word' id='word_1_164' title='bbox 1692 971 1952 1046; x_wconf 76' lang='lat' dir='ltr'><strong>aenigma-</strong></span> 
     </span>
    </p>
   </div>
   <div class='ocr_carea' id='block_1_42' title="bbox 1201 1072 1948 1139">
    <p class='ocr_par' dir='ltr' id='par_1_42' title="bbox 1201 1072 1948 1139">
     <span class='ocr_line' id='line_1_42' title="bbox 1201 1072 1948 1139; baseline -0.008 -10"><span class='ocrx_word' id='word_1_165' title='bbox 1201 1073 1327 1139; x_wconf 91' lang='lat' dir='ltr'><strong>tice,</strong></span> <span class='ocrx_word' id='word_1_166' title='bbox 1360 1072 1620 1136; x_wconf 81' lang='lat' dir='ltr'><strong>obscure,</strong></span> <span class='ocrx_word' id='word_1_167' title='bbox 1647 1080 1702 1126; x_wconf 87' lang='lat' dir='ltr'><strong>et</strong></span> <span class='ocrx_word' id='word_1_168' title='bbox 1722 1083 1948 1125; x_wconf 89' lang='lat' dir='ltr'><strong>arcane.</strong></span> 
     </span>
    </p>
   </div>
   <div class='ocr_carea' id='block_1_43' title="bbox 1200 1165 1957 1235">
    <p class='ocr_par' dir='ltr' id='par_1_43' title="bbox 1200 1165 1957 1235">
     <span class='ocr_line' id='line_1_43' title="bbox 1200 1165 1957 1235; baseline -0.005 -12"><span class='ocrx_word' id='word_1_169' title='bbox 1200 1168 1316 1223; x_wconf 84' lang='lat' dir='ltr'><strong>Hoc</strong></span> <span class='ocrx_word' id='word_1_170' title='bbox 1388 1166 1537 1221; x_wconf 89' lang='lat' dir='ltr'><strong>enim</strong></span> <span class='ocrx_word' id='word_1_171' title='bbox 1607 1165 1957 1235; x_wconf 84' lang='lat' dir='ltr'><strong>signiﬁcabat</strong></span> 
     </span>
    </p>
   </div>
   <div class='ocr_carea' id='block_1_44' title="bbox 1200 1258 1956 1330">
    <p class='ocr_par' dir='ltr' id='par_1_44' title="bbox 1200 1258 1956 1330">
     <span class='ocr_line' id='line_1_44' title="bbox 1200 1258 1956 1330; baseline -0.008 -14"><span class='ocrx_word' id='word_1_172' title='bbox 1200 1276 1323 1330; x_wconf 69' lang='lat' dir='ltr'><strong>qua:</strong></span> <span class='ocrx_word' id='word_1_173' title='bbox 1341 1260 1531 1316; x_wconf 83' lang='lat' dir='ltr'><strong>eratin</strong></span> <span class='ocrx_word' id='word_1_174' title='bbox 1563 1268 1751 1312; x_wconf 90' lang='lat' dir='ltr'><strong>monte</strong></span> <span class='ocrx_word' id='word_1_175' title='bbox 1779 1258 1956 1327; x_wconf 84' lang='lat' dir='ltr'><strong>caligo</strong></span> 
     </span>
    </p>
   </div>
   <div class='ocr_carea' id='block_1_45' title="bbox 1201 1351 1952 1422">
    <p class='ocr_par' dir='ltr' id='par_1_45' title="bbox 1201 1351 1952 1422">
     <span class='ocr_line' id='line_1_45' title="bbox 1201 1351 1952 1422; baseline -0.005 -15"><span class='ocrx_word' id='word_1_176' title='bbox 1201 1363 1258 1408; x_wconf 89' lang='lat' dir='ltr'><strong>et</strong></span> <span class='ocrx_word' id='word_1_177' title='bbox 1281 1351 1523 1422; x_wconf 90' lang='lat' dir='ltr'><strong>procella</strong></span> <span class='ocrx_word' id='word_1_178' title='bbox 1546 1395 1558 1414; x_wconf 85' lang='lat'><strong>,</strong></span> <span class='ocrx_word' id='word_1_179' title='bbox 1602 1366 1800 1419; x_wconf 88' lang='lat' dir='ltr'><strong>nempe</strong></span> <span class='ocrx_word' id='word_1_180' title='bbox 1840 1365 1952 1403; x_wconf 91' lang='lat' dir='ltr'><strong>non</strong></span> 
     </span>
    </p>
   </div>
   <div class='ocr_carea' id='block_1_46' title="bbox 1201 1440 1959 1512">
    <p class='ocr_par' dir='ltr' id='par_1_46' title="bbox 1201 1440 1959 1512">
     <span class='ocr_line' id='line_1_46' title="bbox 1201 1440 1959 1512; baseline -0.005 -15"><span class='ocrx_word' id='word_1_181' title='bbox 1201 1458 1324 1497; x_wconf 86' lang='lat' dir='ltr'><strong>esse</strong></span> <span class='ocrx_word' id='word_1_182' title='bbox 1361 1443 1650 1496; x_wconf 76' lang='lat' dir='ltr'><strong>manifesta</strong></span> <span class='ocrx_word' id='word_1_183' title='bbox 1698 1440 1959 1512; x_wconf 86' lang='lat' dir='ltr'><strong>mysteria</strong></span> 
     </span>
    </p>
   </div>
   <div class='ocr_carea' id='block_1_47' title="bbox 1204 1532 1963 1604">
    <p class='ocr_par' dir='ltr' id='par_1_47' title="bbox 1204 1532 1963 1604">
     <span class='ocr_line' id='line_1_47' title="bbox 1204 1532 1963 1604; baseline -0.007 -15"><span class='ocrx_word' id='word_1_184' title='bbox 1204 1550 1328 1604; x_wconf 63' lang='lat' dir='ltr'><strong>quae</strong></span> <span class='ocrx_word' id='word_1_185' title='bbox 1369 1534 1699 1588; x_wconf 73' lang='lat' dir='ltr'><strong>dicebautur</strong></span> <span class='ocrx_word' id='word_1_186' title='bbox 1729 1541 1786 1586; x_wconf 90' lang='lat' dir='ltr'><strong>et</strong></span> <span class='ocrx_word' id='word_1_187' title='bbox 1827 1532 1963 1601; x_wconf 83' lang='lat' dir='ltr'><strong>ligu-</strong></span> 
     </span>
    </p>
   </div>
   <div class='ocr_carea' id='block_1_48' title="bbox 1200 1621 1954 1690">
    <p class='ocr_par' dir='ltr' id='par_1_48' title="bbox 1200 1621 1954 1690">
     <span class='ocr_line' id='line_1_48' title="bbox 1200 1621 1954 1690; baseline -0.008 -10"><span class='ocrx_word' id='word_1_188' title='bbox 1200 1625 1485 1690; x_wconf 89' lang='lat' dir='ltr'><strong>rabantur,</strong></span> <span class='ocrx_word' id='word_1_189' title='bbox 1516 1639 1589 1678; x_wconf 88' lang='lat' dir='ltr'><strong>ne</strong></span> <span class='ocrx_word' id='word_1_190' title='bbox 1615 1625 1660 1677; x_wconf 92' lang='lat' dir='ltr'><strong>si</strong></span> <span class='ocrx_word' id='word_1_191' title='bbox 1695 1621 1954 1677; x_wconf 81' lang='lat' dir='ltr'><strong>rescivis—</strong></span> 
     </span>
    </p>
   </div>
   <div class='ocr_carea' id='block_1_49' title="bbox 1201 1714 1956 1786">
    <p class='ocr_par' dir='ltr' id='par_1_49' title="bbox 1201 1714 1956 1786">
     <span class='ocr_line' id='line_1_49' title="bbox 1201 1714 1956 1786; baseline -0.008 -12"><span class='ocrx_word' id='word_1_192' title='bbox 1201 1726 1325 1774; x_wconf 90' lang='lat' dir='ltr'><strong>scnt</strong></span> <span class='ocrx_word' id='word_1_193' title='bbox 1338 1717 1365 1774; x_wconf 82' lang='lat' dir='ltr'><strong>J</strong></span> <span class='ocrx_word' id='word_1_194' title='bbox 1373 1716 1534 1783; x_wconf 72' lang='lat' dir='ltr'><strong>udaai,</strong></span> <span class='ocrx_word' id='word_1_195' title='bbox 1553 1715 1722 1770; x_wconf 84' lang='lat' dir='ltr'><strong>nostri</strong></span> <span class='ocrx_word' id='word_1_196' title='bbox 1736 1714 1956 1786; x_wconf 90' lang='lat' dir='ltr'><strong>(nempe</strong></span> 
     </span>
    </p>
   </div>
   <div class='ocr_carea' id='block_1_50' title="bbox 1203 1802 1989 1882">
    <p class='ocr_par' dir='ltr' id='par_1_50' title="bbox 1203 1802 1989 1882">
     <span class='ocr_line' id='line_1_50' title="bbox 1203 1802 1989 1882; baseline -0.008 -17"><span class='ocrx_word' id='word_1_197' title='bbox 1203 1810 1481 1882; x_wconf 78' lang='lat' dir='ltr'><strong>gentium)</strong></span> <span class='ocrx_word' id='word_1_198' title='bbox 1538 1807 1909 1862; x_wconf 84' lang='lat' dir='ltr'><strong>visitationem</strong></span> <span class='ocrx_word' id='word_1_199' title='bbox 1938 1846 1953 1871; x_wconf 95' lang='lat'><strong>,</strong></span> <span class='ocrx_word' id='word_1_200' title='bbox 1986 1802 1989 1805; x_wconf 35' lang='grc' dir='ltr'>λ</span> 
     </span>
    </p>
   </div>
   <div class='ocr_carea' id='block_1_51' title="bbox 1206 1898 1958 1962">
    <p class='ocr_par' dir='ltr' id='par_1_51' title="bbox 1206 1898 1958 1962">
     <span class='ocr_line' id='line_1_51' title="bbox 1206 1898 1958 1962; baseline -0.009 -5"><span class='ocrx_word' id='word_1_201' title='bbox 1206 1903 1294 1957; x_wconf 78' lang='lat' dir='ltr'><strong>sui</strong></span> <span class='ocrx_word' id='word_1_202' title='bbox 1330 1910 1513 1956; x_wconf 86' lang='lat' dir='ltr'><strong>autem</strong></span> <span class='ocrx_word' id='word_1_203' title='bbox 1550 1898 1922 1955; x_wconf 84' lang='lat' dir='ltr'><strong>desertionem</strong></span> <span class='ocrx_word' id='word_1_204' title='bbox 1942 1937 1958 1962; x_wconf 93' lang='lat'><strong>,</strong></span> 
     </span>
    </p>
   </div>
   <div class='ocr_carea' id='block_1_52' title="bbox 2050 506 3621 578">
    <p class='ocr_par' dir='ltr' id='par_1_52' title="bbox 2050 506 3621 578">
     <span class='ocr_line' id='line_1_52' title="bbox 2050 506 3621 578; baseline 0.004 -15"><span class='ocrx_word' id='word_1_205' title='bbox 2050 507 2212 578; x_wconf 73' lang='grc' dir='ltr'>νασίᾳ</span> <span class='ocrx_word' id='word_1_206' title='bbox 2263 524 2322 560; x_wconf 89' lang='grc' dir='ltr'><strong>τε</strong></span> <span class='ocrx_word' id='word_1_207' title='bbox 2378 508 2472 561; x_wconf 79' lang='grc' dir='ltr'><strong>καὶ</strong></span> <span class='ocrx_word' id='word_1_208' title='bbox 2520 506 2802 578; x_wconf 81' lang='grc' dir='ltr'><strong>ἀφθαρσίᾳ</strong></span> <span class='ocrx_word' id='word_1_209' title='bbox 2875 521 3120 567; x_wconf 87' lang='lat' dir='ltr'><strong>creatum</strong></span> <span class='ocrx_word' id='word_1_210' title='bbox 3163 527 3283 569; x_wconf 89' lang='lat' dir='ltr'><strong>esse</strong></span> <span class='ocrx_word' id='word_1_211' title='bbox 3312 513 3621 571; x_wconf 79' lang='lat' dir='ltr'><strong>hominem.</strong></span> 
     </span>
    </p>
   </div>
   <div class='ocr_carea' id='block_1_53' title="bbox 2049 598 2800 670">
    <p class='ocr_par' dir='ltr' id='par_1_53' title="bbox 2049 598 2800 670">
     <span class='ocr_line' id='line_1_53' title="bbox 2049 598 2800 670; baseline -0.001 -17"><span class='ocrx_word' id='word_1_212' title='bbox 2049 601 2331 667; x_wconf 77' lang='grc' dir='ltr'>γεγονέναι</span> <span class='ocrx_word' id='word_1_213' title='bbox 2408 598 2498 652; x_wconf 65' lang='grc' dir='ltr'><strong>τὸν</strong></span> <span class='ocrx_word' id='word_1_214' title='bbox 2577 598 2757 670; x_wconf 80' lang='grc' dir='ltr'><strong>ἄνθρω</strong></span> <span class='ocrx_word' id='word_1_215' title='bbox 2773 628 2800 639; x_wconf 90' lang='grc'><strong>-</strong></span> 
     </span>
    </p>
   </div>
   <div class='ocr_carea' id='block_1_54' title="bbox 2051 696 2291 767">
    <p class='ocr_par' dir='ltr' id='par_1_54' title="bbox 2051 696 2291 767">
     <span class='ocr_line' id='line_1_54' title="bbox 2051 696 2291 767; baseline 0.004 -18"><span class='ocrx_word' id='word_1_216' title='bbox 2051 713 2150 750; x_wconf 85' lang='grc' dir='ltr'>πον</span> <span class='ocrx_word' id='word_1_217' title='bbox 2174 698 2230 767; x_wconf 75' lang='grc' dir='ltr'>(ι</span> <span class='ocrx_word' id='word_1_218' title='bbox 2253 696 2291 766; x_wconf 31' lang='grc' dir='ltr'><strong>)γ.</strong></span> 
     </span>
    </p>
   </div>
   <div class='ocr_carea' id='block_1_55' title="bbox 2050 805 3632 874">
    <p class='ocr_par' dir='ltr' id='par_1_55' title="bbox 2050 805 3632 874">
     <span class='ocr_line' id='line_1_55' title="bbox 2050 805 3632 874; baseline -0.002 -9"><span class='ocrx_word' id='word_1_219' title='bbox 2050 809 2493 865; x_wconf 85' lang='lat' dir='ltr'><strong>benedictionem</strong></span> <span class='ocrx_word' id='word_1_220' title='bbox 2516 850 2530 874; x_wconf 95' lang='lat'><strong>,</strong></span> <span class='ocrx_word' id='word_1_221' title='bbox 2566 817 2623 864; x_wconf 86' lang='lat' dir='ltr'><strong>et</strong></span> <span class='ocrx_word' id='word_1_222' title='bbox 2658 808 2964 863; x_wconf 85' lang='lat' dir='ltr'><strong>masculum</strong></span> <span class='ocrx_word' id='word_1_223' title='bbox 3000 816 3056 863; x_wconf 90' lang='lat' dir='ltr'><strong>et</strong></span> <span class='ocrx_word' id='word_1_224' title='bbox 3085 807 3346 862; x_wconf 77' lang='lat' dir='ltr'><strong>feminam</strong></span> <span class='ocrx_word' id='word_1_225' title='bbox 3371 849 3383 871; x_wconf 94' lang='lat'><strong>,</strong></span> <span class='ocrx_word' id='word_1_226' title='bbox 3435 815 3491 862; x_wconf 90' lang='lat' dir='ltr'><strong>et</strong></span> <span class='ocrx_word' id='word_1_227' title='bbox 3540 805 3632 862; x_wconf 85' lang='lat' dir='ltr'><strong>be—</strong></span> 
     </span>
    </p>
   </div>
   <div class='ocr_carea' id='block_1_56' title="bbox 2049 900 3634 972">
    <p class='ocr_par' dir='ltr' id='par_1_56' title="bbox 2049 900 3634 972">
     <span class='ocr_line' id='line_1_56' title="bbox 2049 900 3634 972; baseline -0.002 -14"><span class='ocrx_word' id='word_1_228' title='bbox 2049 903 2282 959; x_wconf 86' lang='lat' dir='ltr'><strong>stiarum</strong></span> <span class='ocrx_word' id='word_1_229' title='bbox 2337 902 2751 972; x_wconf 77' lang='lat' dir='ltr'><strong>generationem</strong></span> <span class='ocrx_word' id='word_1_230' title='bbox 2774 943 2789 966; x_wconf 90' lang='lat'><strong>,</strong></span> <span class='ocrx_word' id='word_1_231' title='bbox 2834 914 3134 971; x_wconf 82' lang='lat' dir='ltr'><strong>earumque</strong></span> <span class='ocrx_word' id='word_1_232' title='bbox 3165 917 3320 956; x_wconf 91' lang='lat' dir='ltr'><strong>csum</strong></span> <span class='ocrx_word' id='word_1_233' title='bbox 3351 900 3634 971; x_wconf 86' lang='lat' dir='ltr'><strong>proferens</strong></span> 
     </span>
    </p>
   </div>
   <div class='ocr_carea' id='block_1_57' title="bbox 2058 980 3637 1059">
    <p class='ocr_par' dir='ltr' id='par_1_57' title="bbox 2058 980 3637 1059">
     <span class='ocr_line' id='line_1_57' title="bbox 2058 980 3637 1059; baseline 0 -9"><span class='ocrx_word' id='word_1_234' title='bbox 2058 996 2127 1050; x_wconf 90' lang='lat' dir='ltr'><strong>ad</strong></span> <span class='ocrx_word' id='word_1_235' title='bbox 2156 980 2562 1050; x_wconf 85' lang='lat' dir='ltr'><strong>ostendendum</strong></span> <span class='ocrx_word' id='word_1_236' title='bbox 2592 995 2898 1049; x_wconf 83' lang='lat' dir='ltr'><strong>interitum.</strong></span> <span class='ocrx_word' id='word_1_237' title='bbox 2950 994 3173 1049; x_wconf 82' lang='lat' dir='ltr'><strong>Etenim</strong></span> <span class='ocrx_word' id='word_1_238' title='bbox 3224 995 3526 1059; x_wconf 81' lang='lat' dir='ltr'><strong>lavacrum,</strong></span> <span class='ocrx_word' id='word_1_239' title='bbox 3554 994 3637 1050; x_wconf 88' lang='lat' dir='ltr'><strong>iu-</strong></span> 
     </span>
    </p>
   </div>
   <div class='ocr_carea' id='block_1_58' title="bbox 2018 1076 3636 1158">
    <p class='ocr_par' dir='ltr' id='par_1_58' title="bbox 2018 1076 3636 1158">
     <span class='ocr_line' id='line_1_58' title="bbox 2018 1076 3636 1158; baseline -0.001 -17"><span class='ocrx_word' id='word_1_240' title='bbox 2018 1104 2026 1113; x_wconf 66' lang='grc' dir='ltr'><strong>ο</strong></span> <span class='ocrx_word' id='word_1_241' title='bbox 2057 1089 2196 1158; x_wconf 89' lang='lat' dir='ltr'><strong>quit,</strong></span> <span class='ocrx_word' id='word_1_242' title='bbox 2228 1102 2420 1143; x_wconf 87' lang='lat' dir='ltr'><strong>eorum</strong></span> <span class='ocrx_word' id='word_1_243' title='bbox 2441 1088 2535 1157; x_wconf 89' lang='lat' dir='ltr'><strong>qui</strong></span> <span class='ocrx_word' id='word_1_244' title='bbox 2561 1076 2914 1157; x_wconf 81' lang='lat' dir='ltr'><strong>baptizantur</strong></span> <span class='ocrx_word' id='word_1_245' title='bbox 2936 1087 2992 1140; x_wconf 90' lang='lat' dir='ltr'><strong>in</strong></span> <span class='ocrx_word' id='word_1_246' title='bbox 3018 1085 3240 1142; x_wconf 82' lang='lat' dir='ltr'><strong>Christo</strong></span> <span class='ocrx_word' id='word_1_247' title='bbox 3260 1087 3428 1142; x_wconf 84' lang='lat' dir='ltr'><strong>habet</strong></span> <span class='ocrx_word' id='word_1_248' title='bbox 3452 1104 3636 1142; x_wconf 83' lang='lat' dir='ltr'><strong>veram</strong></span> 
     </span>
    </p>
   </div>
   <div class='ocr_carea' id='block_1_59' title="bbox 2057 1176 3639 1248">
    <p class='ocr_par' dir='ltr' id='par_1_59' title="bbox 2057 1176 3639 1248">
     <span class='ocr_line' id='line_1_59' title="bbox 2057 1176 3639 1248; baseline -0.002 -16"><span class='ocrx_word' id='word_1_249' title='bbox 2057 1186 2113 1232; x_wconf 85' lang='lat' dir='ltr'><strong>ct</strong></span> <span class='ocrx_word' id='word_1_250' title='bbox 2145 1177 2446 1248; x_wconf 79' lang='lat' dir='ltr'><strong>perfectam</strong></span> <span class='ocrx_word' id='word_1_251' title='bbox 2471 1177 2811 1231; x_wconf 87' lang='lat' dir='ltr'><strong>ablutionem</strong></span> <span class='ocrx_word' id='word_1_252' title='bbox 2841 1176 3003 1246; x_wconf 87' lang='lat' dir='ltr'><strong>primi</strong></span> <span class='ocrx_word' id='word_1_253' title='bbox 3026 1177 3273 1246; x_wconf 89' lang='lat' dir='ltr'><strong>parentis</strong></span> <span class='ocrx_word' id='word_1_254' title='bbox 3297 1176 3468 1231; x_wconf 83' lang='lat' dir='ltr'><strong>Adam</strong></span> <span class='ocrx_word' id='word_1_255' title='bbox 3497 1189 3639 1245; x_wconf 76' lang='lat' dir='ltr'><strong>(qua:</strong></span> 
     </span>
    </p>
   </div>
   <div class='ocr_carea' id='block_1_60' title="bbox 2060 1266 3636 1337">
    <p class='ocr_par' dir='ltr' id='par_1_60' title="bbox 2060 1266 3636 1337">
     <span class='ocr_line' id='line_1_60' title="bbox 2060 1266 3636 1337; baseline -0.003 -14"><span class='ocrx_word' id='word_1_256' title='bbox 2060 1269 2125 1323; x_wconf 89' lang='lat' dir='ltr'><strong>ad</strong></span> <span class='ocrx_word' id='word_1_257' title='bbox 2158 1283 2260 1322; x_wconf 89' lang='lat' dir='ltr'><strong>nos</strong></span> <span class='ocrx_word' id='word_1_258' title='bbox 2288 1267 2564 1337; x_wconf 87' lang='lat' dir='ltr'><strong>pervenit)</strong></span> <span class='ocrx_word' id='word_1_259' title='bbox 2601 1266 2984 1337; x_wconf 82' lang='lat' dir='ltr'><strong>abnegationis</strong></span> <span class='ocrx_word' id='word_1_260' title='bbox 3017 1274 3074 1321; x_wconf 92' lang='lat' dir='ltr'><strong>et</strong></span> <span class='ocrx_word' id='word_1_261' title='bbox 3119 1266 3353 1336; x_wconf 84' lang='lat' dir='ltr'><strong>peccati.</strong></span> <span class='ocrx_word' id='word_1_262' title='bbox 3404 1266 3636 1334; x_wconf 79' lang='lat' dir='ltr'><strong>Propter</strong></span> 
     </span>
    </p>
   </div>
   <div class='ocr_carea' id='block_1_61' title="bbox 2061 1358 3637 1430">
    <p class='ocr_par' dir='ltr' id='par_1_61' title="bbox 2061 1358 3637 1430">
     <span class='ocr_line' id='line_1_61' title="bbox 2061 1358 3637 1430; baseline 0 -16"><span class='ocrx_word' id='word_1_263' title='bbox 2061 1375 2228 1430; x_wconf 91' lang='lat' dir='ltr'><strong>quam</strong></span> <span class='ocrx_word' id='word_1_264' title='bbox 2274 1367 2425 1413; x_wconf 88' lang='lat' dir='ltr'><strong>certe</strong></span> <span class='ocrx_word' id='word_1_265' title='bbox 2490 1374 2712 1415; x_wconf 87' lang='lat' dir='ltr'><strong>causam</strong></span> <span class='ocrx_word' id='word_1_266' title='bbox 2763 1358 3001 1413; x_wconf 82' lang='lat' dir='ltr'><strong>infantes</strong></span> <span class='ocrx_word' id='word_1_267' title='bbox 3047 1358 3637 1429; x_wconf 82' lang='lat' dir='ltr'><strong>quidam’illuminati,</strong></span> 
     </span>
    </p>
   </div>
   <div class='ocr_carea' id='block_1_62' title="bbox 2046 1446 3643 1520">
    <p class='ocr_par' dir='ltr' id='par_1_62' title="bbox 2046 1446 3643 1520">
     <span class='ocr_line' id='line_1_62' title="bbox 2046 1446 3643 1520; baseline -0.001 -14"><span class='ocrx_word' id='word_1_268' title='bbox 2046 1465 2189 1506; x_wconf 59' lang='lat' dir='ltr'><strong>*eum</strong></span> <span class='ocrx_word' id='word_1_269' title='bbox 2220 1450 2333 1505; x_wconf 90' lang='lat' dir='ltr'><strong>sint</strong></span> <span class='ocrx_word' id='word_1_270' title='bbox 2363 1450 2433 1504; x_wconf 88' lang='lat' dir='ltr'><strong>ab</strong></span> <span class='ocrx_word' id='word_1_271' title='bbox 2475 1450 2628 1504; x_wconf 91' lang='lat' dir='ltr'><strong>omni</strong></span> <span class='ocrx_word' id='word_1_272' title='bbox 2679 1449 3245 1520; x_wconf 88' lang='lat' dir='ltr'><strong>(eujusmodicuuque</strong></span> <span class='ocrx_word' id='word_1_273' title='bbox 3283 1466 3350 1504; x_wconf 84' lang='lat' dir='ltr'><strong>ea</strong></span> <span class='ocrx_word' id='word_1_274' title='bbox 3402 1446 3496 1519; x_wconf 85' lang='lat' dir='ltr'><strong>sit)</strong></span> <span class='ocrx_word' id='word_1_275' title='bbox 3538 1450 3643 1504; x_wconf 83' lang='lat' dir='ltr'><strong>iui-</strong></span> 
     </span>
    </p>
   </div>
   <div class='ocr_carea' id='block_1_63' title="bbox 2066 1543 3639 1614">
    <p class='ocr_par' dir='ltr' id='par_1_63' title="bbox 2066 1543 3639 1614">
     <span class='ocr_line' id='line_1_63' title="bbox 2066 1543 3639 1614; baseline -0.003 -16"><span class='ocrx_word' id='word_1_276' title='bbox 2066 1544 2276 1614; x_wconf 85' lang='lat' dir='ltr'><strong>quitate</strong></span> <span class='ocrx_word' id='word_1_277' title='bbox 2310 1551 2366 1598; x_wconf 90' lang='lat' dir='ltr'><strong>et</strong></span> <span class='ocrx_word' id='word_1_278' title='bbox 2395 1552 2622 1613; x_wconf 86' lang='lat' dir='ltr'><strong>peccato</strong></span> <span class='ocrx_word' id='word_1_279' title='bbox 2655 1543 2872 1607; x_wconf 90' lang='lat' dir='ltr'><strong>mundi,</strong></span> <span class='ocrx_word' id='word_1_280' title='bbox 2920 1551 2975 1597; x_wconf 92' lang='lat' dir='ltr'><strong>et</strong></span> <span class='ocrx_word' id='word_1_281' title='bbox 3017 1543 3271 1613; x_wconf 84' lang='lat' dir='ltr'><strong>spiritum</strong></span> <span class='ocrx_word' id='word_1_282' title='bbox 3302 1544 3639 1612; x_wconf 88' lang='lat' dir='ltr'><strong>acceperint,</strong></span> 
     </span>
    </p>
   </div>
   <div class='ocr_carea' id='block_1_64' title="bbox 2067 1631 3641 1703">
    <p class='ocr_par' dir='ltr' id='par_1_64' title="bbox 2067 1631 3641 1703">
     <span class='ocr_line' id='line_1_64' title="bbox 2067 1631 3641 1703; baseline -0.004 -12"><span class='ocrx_word' id='word_1_283' title='bbox 2067 1647 2125 1691; x_wconf 91' lang='lat' dir='ltr'><strong>et</strong></span> <span class='ocrx_word' id='word_1_284' title='bbox 2149 1634 2431 1691; x_wconf 85' lang='lat' dir='ltr'><strong>Christum</strong></span> <span class='ocrx_word' id='word_1_285' title='bbox 2478 1634 2590 1688; x_wconf 92' lang='lat' dir='ltr'><strong>sint</strong></span> <span class='ocrx_word' id='word_1_286' title='bbox 2638 1633 2857 1699; x_wconf 90' lang='lat' dir='ltr'><strong>induti;</strong></span> <span class='ocrx_word' id='word_1_287' title='bbox 2893 1648 3037 1703; x_wconf 72' lang='lat' dir='ltr'><strong>saepe</strong></span> <span class='ocrx_word' id='word_1_288' title='bbox 3086 1633 3142 1687; x_wconf 91' lang='lat' dir='ltr'><strong>in</strong></span> <span class='ocrx_word' id='word_1_289' title='bbox 3191 1631 3307 1703; x_wconf 89' lang='lat' dir='ltr'><strong>ipsa</strong></span> <span class='ocrx_word' id='word_1_290' title='bbox 3362 1632 3495 1686; x_wconf 80' lang='lat' dir='ltr'><strong>hora</strong></span> <span class='ocrx_word' id='word_1_291' title='bbox 3548 1640 3641 1685; x_wconf 88' lang='lat' dir='ltr'><strong>aut</strong></span> 
     </span>
    </p>
   </div>
   <div class='ocr_carea' id='block_1_65' title="bbox 2065 1715 3640 1798">
    <p class='ocr_par' dir='ltr' id='par_1_65' title="bbox 2065 1715 3640 1798">
     <span class='ocr_line' id='line_1_65' title="bbox 2065 1715 3640 1798; baseline -0.004 -15"><span class='ocrx_word' id='word_1_292' title='bbox 2065 1737 2191 1798; x_wconf 86' lang='lat' dir='ltr'><strong>post</strong></span> <span class='ocrx_word' id='word_1_293' title='bbox 2240 1727 2595 1797; x_wconf 73' lang='lat' dir='ltr'><strong>baptismum</strong></span> <span class='ocrx_word' id='word_1_294' title='bbox 2627 1724 2907 1781; x_wconf 87' lang='lat' dir='ltr'><strong>decedunt</strong></span> <span class='ocrx_word' id='word_1_295' title='bbox 2952 1715 3095 1779; x_wconf 83' lang='lat' dir='ltr'><strong>nulli</strong></span> <span class='ocrx_word' id='word_1_296' title='bbox 3144 1725 3317 1796; x_wconf 70' lang='lat' dir='ltr'><strong>culpae</strong></span> <span class='ocrx_word' id='word_1_297' title='bbox 3366 1733 3462 1779; x_wconf 89' lang='lat' dir='ltr'><strong>aut</strong></span> <span class='ocrx_word' id='word_1_298' title='bbox 3507 1723 3640 1779; x_wconf 87' lang='lat' dir='ltr'><strong>vitic</strong></span> 
     </span>
    </p>
   </div>
   <div class='ocr_carea' id='block_1_66' title="bbox 2068 1816 3639 1885">
    <p class='ocr_par' dir='ltr' id='par_1_66' title="bbox 2068 1816 3639 1885">
     <span class='ocr_line' id='line_1_66' title="bbox 2068 1816 3639 1885; baseline -0.003 -12"><span class='ocrx_word' id='word_1_299' title='bbox 2068 1818 2279 1885; x_wconf 75' lang='lat' dir='ltr'><strong>aﬂines,</strong></span> <span class='ocrx_word' id='word_1_300' title='bbox 2312 1817 2409 1873; x_wconf 89' lang='lat' dir='ltr'><strong>sed</strong></span> <span class='ocrx_word' id='word_1_301' title='bbox 2436 1816 2635 1881; x_wconf 88' lang='lat' dir='ltr'><strong>sancti,</strong></span> <span class='ocrx_word' id='word_1_302' title='bbox 2672 1826 2734 1872; x_wconf 94' lang='lat' dir='ltr'><strong>ut</strong></span> <span class='ocrx_word' id='word_1_303' title='bbox 2771 1823 3007 1871; x_wconf 88' lang='lat' dir='ltr'><strong>testatur</strong></span> <span class='ocrx_word' id='word_1_304' title='bbox 3036 1816 3259 1871; x_wconf 82' lang='lat' dir='ltr'><strong>Paulus.</strong></span> <span class='ocrx_word' id='word_1_305' title='bbox 3293 1816 3531 1871; x_wconf 82' lang='lat' dir='ltr'><strong>Necesse</strong></span> <span class='ocrx_word' id='word_1_306' title='bbox 3560 1824 3639 1870; x_wconf 86' lang='lat' dir='ltr'><strong>est</strong></span> 
     </span>
    </p>
   </div>
   <div class='ocr_carea' id='block_1_67' title="bbox 2067 1907 3647 1977">
    <p class='ocr_par' dir='ltr' id='par_1_67' title="bbox 2067 1907 3647 1977">
     <span class='ocr_line' id='line_1_67' title="bbox 2067 1907 3647 1977; baseline -0.004 -10"><span class='ocrx_word' id='word_1_307' title='bbox 2067 1911 2218 1967; x_wconf 89' lang='lat' dir='ltr'><strong>enim</strong></span> <span class='ocrx_word' id='word_1_308' title='bbox 2249 1911 2306 1965; x_wconf 92' lang='lat' dir='ltr'><strong>in</strong></span> <span class='ocrx_word' id='word_1_309' title='bbox 2334 1910 2422 1964; x_wconf 90' lang='lat' dir='ltr'><strong>his</strong></span> <span class='ocrx_word' id='word_1_310' title='bbox 2451 1911 2687 1971; x_wconf 87' lang='lat' dir='ltr'><strong>alterum</strong></span> <span class='ocrx_word' id='word_1_311' title='bbox 2720 1908 2909 1964; x_wconf 88' lang='lat' dir='ltr'><strong>dicere</strong></span> <span class='ocrx_word' id='word_1_312' title='bbox 2951 1923 3018 1962; x_wconf 80' lang='lat' dir='ltr'><strong>ex</strong></span> <span class='ocrx_word' id='word_1_313' title='bbox 3057 1907 3275 1962; x_wconf 85' lang='lat' dir='ltr'><strong>duobus</strong></span> <span class='ocrx_word' id='word_1_314' title='bbox 3306 1925 3319 1960; x_wconf 88' lang='lat'><strong>:</strong></span> <span class='ocrx_word' id='word_1_315' title='bbox 3362 1915 3458 1961; x_wconf 89' lang='lat' dir='ltr'><strong>aut</strong></span> <span class='ocrx_word' id='word_1_316' title='bbox 3497 1907 3647 1977; x_wconf 78' lang='lat' dir='ltr'><strong>quod</strong></span> 
     </span>
    </p>
   </div>
   <div class='ocr_carea' id='block_1_68' title="bbox 1199 1989 1951 2074">
    <p class='ocr_par' dir='ltr' id='par_1_68' title="bbox 1199 1989 1951 2062">
     <span class='ocr_line' id='line_1_68' title="bbox 1199 1989 1951 2062; baseline -0.004 -16"><span class='ocrx_word' id='word_1_317' title='bbox 1199 1992 1407 2046; x_wconf 86' lang='lat' dir='ltr'><strong>librum</strong></span> <span class='ocrx_word' id='word_1_318' title='bbox 1459 1991 1599 2062; x_wconf 82' lang='lat' dir='ltr'><strong>legis</strong></span> <span class='ocrx_word' id='word_1_319' title='bbox 1664 1989 1951 2045; x_wconf 88' lang='lat' dir='ltr'><strong>combure-</strong></span> 
     </span>
    </p>
   </div>
   <div class='ocr_carea' id='block_1_69' title="bbox 2059 1989 3645 2074">
    <p class='ocr_par' dir='ltr' id='par_1_69' title="bbox 2062 2000 3645 2074">
     <span class='ocr_line' id='line_1_69' title="bbox 2062 2000 3645 2074; baseline -0.003 -14"><span class='ocrx_word' id='word_1_320' title='bbox 2062 2012 2355 2060; x_wconf 16' lang='lat' dir='ltr'><strong>nonvsunt</strong></span> <span class='ocrx_word' id='word_1_321' title='bbox 2408 2003 2628 2059; x_wconf 83' lang='lat' dir='ltr'><strong>liberati</strong></span> <span class='ocrx_word' id='word_1_322' title='bbox 2662 2018 2764 2074; x_wconf 90' lang='lat' dir='ltr'><strong>per</strong></span> <span class='ocrx_word' id='word_1_323' title='bbox 2818 2002 3158 2072; x_wconf 88' lang='lat' dir='ltr'><strong>baptismum</strong></span> <span class='ocrx_word' id='word_1_324' title='bbox 3214 2010 3271 2056; x_wconf 88' lang='lat' dir='ltr'><strong>et</strong></span> <span class='ocrx_word' id='word_1_325' title='bbox 3312 2000 3579 2071; x_wconf 85' lang='lat' dir='ltr'><strong>Spiritum</strong></span> <span class='ocrx_word' id='word_1_326' title='bbox 3615 2018 3645 2056; x_wconf 68' lang='grc' dir='ltr'><strong>θ</strong></span> 
     </span>
    </p>
   </div>
   <div class='ocr_carea' id='block_1_70' title="bbox 1203 2081 1955 2150">
    <p class='ocr_par' dir='ltr' id='par_1_70' title="bbox 1203 2081 1955 2150">
     <span class='ocr_line' id='line_1_70' title="bbox 1203 2081 1955 2150; baseline -0.004 -14"><span class='ocrx_word' id='word_1_327' title='bbox 1203 2084 1360 2146; x_wconf 88' lang='lat' dir='ltr'><strong>rent,</strong></span> <span class='ocrx_word' id='word_1_328' title='bbox 1390 2088 1448 2137; x_wconf 88' lang='lat' dir='ltr'><strong>et</strong></span> <span class='ocrx_word' id='word_1_329' title='bbox 1481 2081 1717 2136; x_wconf 76' lang='lat' dir='ltr'><strong>maxime</strong></span> <span class='ocrx_word' id='word_1_330' title='bbox 1749 2094 1955 2150; x_wconf 89' lang='lat' dir='ltr'><strong>propo-</strong></span> 
     </span>
    </p>
   </div>
   <div class='ocr_carea' id='block_1_71' title="bbox 1204 2175 1957 2242">
    <p class='ocr_par' dir='ltr' id='par_1_71' title="bbox 1204 2175 1957 2242">
     <span class='ocr_line' id='line_1_71' title="bbox 1204 2175 1957 2242; baseline -0.008 -9"><span class='ocrx_word' id='word_1_331' title='bbox 1204 2177 1323 2233; x_wconf 61' lang='lat' dir='ltr'><strong>sita</strong></span> <span class='ocrx_word' id='word_1_332' title='bbox 1391 2176 1655 2242; x_wconf 85' lang='lat' dir='ltr'><strong>Genesis,</strong></span> <span class='ocrx_word' id='word_1_333' title='bbox 1715 2185 1772 2231; x_wconf 90' lang='lat' dir='ltr'><strong>et</strong></span> <span class='ocrx_word' id='word_1_334' title='bbox 1821 2175 1957 2228; x_wconf 82' lang='lat' dir='ltr'><strong>hinc</strong></span> 
     </span>
    </p>
   </div>
   <div class='ocr_carea' id='block_1_72' title="bbox 1204 2270 1958 2326">
    <p class='ocr_par' dir='ltr' id='par_1_72' title="bbox 1204 2270 1958 2326">
     <span class='ocr_line' id='line_1_72' title="bbox 1204 2270 1958 2326; baseline -0.005 0"><span class='ocrx_word' id='word_1_335' title='bbox 1204 2272 1502 2326; x_wconf 78' lang='lat' dir='ltr'><strong>maximum</strong></span> <span class='ocrx_word' id='word_1_336' title='bbox 1564 2270 1826 2325; x_wconf 84' lang='lat' dir='ltr'><strong>damnum</strong></span> <span class='ocrx_word' id='word_1_337' title='bbox 1894 2277 1958 2323; x_wconf 85' lang='lat' dir='ltr'><strong>et</strong></span> 
     </span>
    </p>
   </div>
   <div class='ocr_carea' id='block_1_73' title="bbox 1196 2364 1956 2434">
    <p class='ocr_par' dir='ltr' id='par_1_73' title="bbox 1196 2364 1956 2434">
     <span class='ocr_line' id='line_1_73' title="bbox 1196 2364 1956 2434; baseline -0.008 -12"><span class='ocrx_word' id='word_1_338' title='bbox 1196 2366 1599 2431; x_wconf 75' lang='lat' dir='ltr'><strong>detrimentum</strong></span> <span class='ocrx_word' id='word_1_339' title='bbox 1677 2364 1956 2434; x_wconf 87' lang='lat' dir='ltr'><strong>acciperet</strong></span> 
     </span>
    </p>
   </div>
   <div class='ocr_carea' id='block_1_74' title="bbox 1204 2460 1956 2531">
    <p class='ocr_par' dir='ltr' id='par_1_74' title="bbox 1204 2460 1956 2531">
     <span class='ocr_line' id='line_1_74' title="bbox 1204 2460 1956 2531; baseline -0.005 -14"><span class='ocrx_word' id='word_1_340' title='bbox 1204 2463 1469 2518; x_wconf 90' lang='lat' dir='ltr'><strong>Ecclesia.</strong></span> <span class='ocrx_word' id='word_1_341' title='bbox 1519 2460 1956 2531; x_wconf 85' lang='lat' dir='ltr'><strong>Contemplando</strong></span> 
     </span>
    </p>
   </div>
   <div class='ocr_carea' id='block_1_75' title="bbox 1204 2551 1960 2623">
    <p class='ocr_par' dir='ltr' id='par_1_75' title="bbox 1204 2551 1960 2623">
     <span class='ocr_line' id='line_1_75' title="bbox 1204 2551 1960 2623; baseline -0.007 -14"><span class='ocrx_word' id='word_1_342' title='bbox 1204 2564 1389 2609; x_wconf 88' lang='lat' dir='ltr'><strong>autem</strong></span> <span class='ocrx_word' id='word_1_343' title='bbox 1464 2568 1608 2623; x_wconf 56' lang='lat' dir='ltr'><strong>sape</strong></span> <span class='ocrx_word' id='word_1_344' title='bbox 1678 2566 1747 2606; x_wconf 92' lang='lat' dir='ltr'><strong>eo</strong></span> <span class='ocrx_word' id='word_1_345' title='bbox 1816 2551 1960 2606; x_wconf 82' lang='lat' dir='ltr'><strong>redit</strong></span> 
     </span>
    </p>
   </div>
   <div class='ocr_carea' id='block_1_76' title="bbox 1206 2644 1962 2714">
    <p class='ocr_par' dir='ltr' id='par_1_76' title="bbox 1206 2644 1962 2714">
     <span class='ocr_line' id='line_1_76' title="bbox 1206 2644 1962 2714; baseline -0.001 -15"><span class='ocrx_word' id='word_1_346' title='bbox 1206 2645 1503 2714; x_wconf 68' lang='lat' dir='ltr'><strong>praedictus</strong></span> <span class='ocrx_word' id='word_1_347' title='bbox 1597 2644 1962 2714; x_wconf 85' lang='lat' dir='ltr'><strong>philosophus</strong></span> 
     </span>
    </p>
   </div>
   <div class='ocr_carea' id='block_1_77' title="bbox 1205 2735 1962 2806">
    <p class='ocr_par' dir='ltr' id='par_1_77' title="bbox 1205 2735 1962 2806">
     <span class='ocr_line' id='line_1_77' title="bbox 1205 2735 1962 2806; baseline -0.003 -14"><span class='ocrx_word' id='word_1_348' title='bbox 1205 2737 1301 2806; x_wconf 84' lang='lat' dir='ltr'><strong>qui</strong></span> <span class='ocrx_word' id='word_1_349' title='bbox 1377 2735 1770 2792; x_wconf 81' lang='lat' dir='ltr'><strong>Alexandriam</strong></span> <span class='ocrx_word' id='word_1_350' title='bbox 1845 2737 1962 2790; x_wconf 91' lang='lat' dir='ltr'><strong>suis</strong></span> 
     </span>
    </p>
   </div>
   <div class='ocr_carea' id='block_1_78' title="bbox 1207 2824 1962 2897">
    <p class='ocr_par' dir='ltr' id='par_1_78' title="bbox 1207 2824 1962 2897">
     <span class='ocr_line' id='line_1_78' title="bbox 1207 2824 1962 2897; baseline -0.003 -16"><span class='ocrx_word' id='word_1_351' title='bbox 1207 2828 1504 2883; x_wconf 85' lang='lat' dir='ltr'><strong>illustravit</strong></span> <span class='ocrx_word' id='word_1_352' title='bbox 1542 2826 1699 2882; x_wconf 89' lang='lat' dir='ltr'><strong>libris</strong></span> <span class='ocrx_word' id='word_1_353' title='bbox 1742 2824 1962 2897; x_wconf 86' lang='lat' dir='ltr'><strong>(utqui</strong></span> 
     </span>
    </p>
   </div>
   <div class='ocr_carea' id='block_1_79' title="bbox 1204 2910 1961 2989">
    <p class='ocr_par' dir='ltr' id='par_1_79' title="bbox 1204 2910 1961 2989">
     <span class='ocr_line' id='line_1_79' title="bbox 1204 2910 1961 2989; baseline -0.004 -16"><span class='ocrx_word' id='word_1_354' title='bbox 1204 2925 1354 2974; x_wconf 75' lang='lat' dir='ltr'><strong>esset</strong></span> <span class='ocrx_word' id='word_1_355' title='bbox 1379 2919 1499 2989; x_wconf 87' lang='lat' dir='ltr'><strong>ejus</strong></span> <span class='ocrx_word' id='word_1_356' title='bbox 1537 2910 1858 2988; x_wconf 84' lang='lat' dir='ltr'><strong>diaconus),</strong></span> <span class='ocrx_word' id='word_1_357' title='bbox 1897 2926 1961 2971; x_wconf 81' lang='lat' dir='ltr'><strong>ut</strong></span> 
     </span>
    </p>
   </div>
   <div class='ocr_carea' id='block_1_80' title="bbox 1207 3012 1960 3083">
    <p class='ocr_par' dir='ltr' id='par_1_80' title="bbox 1207 3012 1960 3083">
     <span class='ocr_line' id='line_1_80' title="bbox 1207 3012 1960 3083; baseline -0.003 -16"><span class='ocrx_word' id='word_1_358' title='bbox 1207 3013 1354 3068; x_wconf 88' lang='lat' dir='ltr'><strong>dicat</strong></span> <span class='ocrx_word' id='word_1_359' title='bbox 1396 3013 1452 3067; x_wconf 92' lang='lat' dir='ltr'><strong>in</strong></span> <span class='ocrx_word' id='word_1_360' title='bbox 1488 3012 1730 3083; x_wconf 88' lang='lat' dir='ltr'><strong>perfecta</strong></span> <span class='ocrx_word' id='word_1_361' title='bbox 1765 3022 1822 3067; x_wconf 92' lang='lat' dir='ltr'><strong>et</strong></span> <span class='ocrx_word' id='word_1_362' title='bbox 1858 3012 1960 3065; x_wconf 90' lang='lat' dir='ltr'><strong>ab-</strong></span> 
     </span>
    </p>
   </div>
   <div class='ocr_carea' id='block_1_81' title="bbox 1208 3108 1962 3162">
    <p class='ocr_par' dir='ltr' id='par_1_81' title="bbox 1208 3108 1962 3162">
     <span class='ocr_line' id='line_1_81' title="bbox 1208 3108 1962 3162; baseline -0.005 0"><span class='ocrx_word' id='word_1_363' title='bbox 1208 3108 1386 3162; x_wconf 86' lang='lat' dir='ltr'><strong>soluta</strong></span> <span class='ocrx_word' id='word_1_364' title='bbox 1440 3108 1854 3162; x_wconf 79' lang='lat' dir='ltr'><strong>immortalitate</strong></span> <span class='ocrx_word' id='word_1_365' title='bbox 1905 3116 1962 3160; x_wconf 89' lang='lat' dir='ltr'><strong>et</strong></span> 
     </span>
    </p>
   </div>
   <div class='ocr_carea' id='block_1_82' title="bbox 2064 2091 3635 2167">
    <p class='ocr_par' dir='ltr' id='par_1_82' title="bbox 2064 2091 3635 2167">
     <span class='ocr_line' id='line_1_82' title="bbox 2064 2091 3635 2167; baseline -0.003 -17"><span class='ocrx_word' id='word_1_366' title='bbox 2064 2096 2226 2167; x_wconf 90' lang='lat' dir='ltr'><strong>primi</strong></span> <span class='ocrx_word' id='word_1_367' title='bbox 2252 2095 2498 2166; x_wconf 90' lang='lat' dir='ltr'><strong>parentis</strong></span> <span class='ocrx_word' id='word_1_368' title='bbox 2525 2094 2657 2149; x_wconf 63' lang='lat' dir='ltr'><strong>Adae</strong></span> <span class='ocrx_word' id='word_1_369' title='bbox 2700 2102 2929 2164; x_wconf 88' lang='lat' dir='ltr'><strong>peccato</strong></span> <span class='ocrx_word' id='word_1_370' title='bbox 2973 2102 3030 2149; x_wconf 89' lang='lat' dir='ltr'><strong>et</strong></span> <span class='ocrx_word' id='word_1_371' title='bbox 3062 2092 3429 2163; x_wconf 84' lang='lat' dir='ltr'><strong>abnegationc</strong></span> <span class='ocrx_word' id='word_1_372' title='bbox 3465 2091 3635 2163; x_wconf 84' lang='lat' dir='ltr'><strong>(quod</strong></span> 
     </span>
    </p>
   </div>
   <div class='ocr_carea' id='block_1_83' title="bbox 2062 2185 3641 2266">
    <p class='ocr_par' dir='ltr' id='par_1_83' title="bbox 2062 2185 3641 2266">
     <span class='ocr_line' id='line_1_83' title="bbox 2062 2185 3641 2266; baseline 0 -24"><span class='ocrx_word' id='word_1_373' title='bbox 2062 2189 2199 2243; x_wconf 92' lang='lat' dir='ltr'><strong>nulli</strong></span> <span class='ocrx_word' id='word_1_374' title='bbox 2239 2203 2481 2258; x_wconf 89' lang='lat' dir='ltr'><strong>unquam</strong></span> <span class='ocrx_word' id='word_1_375' title='bbox 2518 2187 2737 2243; x_wconf 85' lang='lat' dir='ltr'><strong>venerit</strong></span> <span class='ocrx_word' id='word_1_376' title='bbox 2768 2187 2830 2241; x_wconf 89' lang='lat' dir='ltr'><strong>in</strong></span> <span class='ocrx_word' id='word_1_377' title='bbox 2860 2188 3163 2266; x_wconf 46' lang='lat' dir='ltr'><strong>mentem),‘</strong></span> <span class='ocrx_word' id='word_1_378' title='bbox 3186 2194 3282 2241; x_wconf 91' lang='lat' dir='ltr'><strong>aut</strong></span> <span class='ocrx_word' id='word_1_379' title='bbox 3305 2185 3455 2258; x_wconf 89' lang='lat' dir='ltr'><strong>quod</strong></span> <span class='ocrx_word' id='word_1_380' title='bbox 3501 2186 3641 2242; x_wconf 90' lang='lat' dir='ltr'><strong>libe-</strong></span> 
     </span>
    </p>
   </div>
   <div class='ocr_carea' id='block_1_84' title="bbox 2062 2279 3641 2352">
    <p class='ocr_par' dir='ltr' id='par_1_84' title="bbox 2062 2279 3641 2352">
     <span class='ocr_line' id='line_1_84' title="bbox 2062 2279 3641 2352; baseline -0.001 -17"><span class='ocrx_word' id='word_1_381' title='bbox 2062 2283 2188 2348; x_wconf 86' lang='lat' dir='ltr'><strong>rati,</strong></span> <span class='ocrx_word' id='word_1_382' title='bbox 2225 2281 2508 2352; x_wconf 85' lang='lat' dir='ltr'><strong>injustein</strong></span> <span class='ocrx_word' id='word_1_383' title='bbox 2538 2288 2775 2336; x_wconf 89' lang='lat' dir='ltr'><strong>mortem</strong></span> <span class='ocrx_word' id='word_1_384' title='bbox 2812 2280 3169 2344; x_wconf 85' lang='lat' dir='ltr'><strong>reciderunt;</strong></span> <span class='ocrx_word' id='word_1_385' title='bbox 3214 2280 3488 2351; x_wconf 88' lang='lat' dir='ltr'><strong>autquod</strong></span> <span class='ocrx_word' id='word_1_386' title='bbox 3522 2279 3641 2335; x_wconf 88' lang='lat' dir='ltr'><strong>fue-</strong></span> 
     </span>
    </p>
   </div>
   <div class='ocr_carea' id='block_1_85' title="bbox 2064 2355 3638 2444">
    <p class='ocr_par' dir='ltr' id='par_1_85' title="bbox 2064 2355 3638 2444">
     <span class='ocr_line' id='line_1_85' title="bbox 2064 2355 3638 2444; baseline -0.001 -17"><span class='ocrx_word' id='word_1_387' title='bbox 2064 2385 2194 2429; x_wconf 90' lang='lat' dir='ltr'><strong>runt</strong></span> <span class='ocrx_word' id='word_1_388' title='bbox 2220 2373 2444 2444; x_wconf 87' lang='lat' dir='ltr'><strong>quidem</strong></span> <span class='ocrx_word' id='word_1_389' title='bbox 2486 2373 2733 2437; x_wconf 85' lang='lat' dir='ltr'><strong>liberati,</strong></span> <span class='ocrx_word' id='word_1_390' title='bbox 2769 2371 2865 2427; x_wconf 84' lang='lat' dir='ltr'><strong>&#39;sed</strong></span> <span class='ocrx_word' id='word_1_391' title='bbox 2908 2355 2979 2426; x_wconf 86' lang='lat' dir='ltr'><strong>ad</strong></span> <span class='ocrx_word' id='word_1_392' title='bbox 3016 2371 3444 2427; x_wconf 85' lang='lat' dir='ltr'><strong>similitudinem</strong></span> <span class='ocrx_word' id='word_1_393' title='bbox 3472 2370 3638 2441; x_wconf 87' lang='lat' dir='ltr'><strong>primi</strong></span> 
     </span>
    </p>
   </div>
   <div class='ocr_carea' id='block_1_86' title="bbox 2062 2460 3636 2534">
    <p class='ocr_par' dir='ltr' id='par_1_86' title="bbox 2062 2460 3636 2534">
     <span class='ocr_line' id='line_1_86' title="bbox 2062 2460 3636 2534; baseline -0.003 -16"><span class='ocrx_word' id='word_1_394' title='bbox 2062 2464 2147 2519; x_wconf 90' lang='lat' dir='ltr'><strong>sui</strong></span> <span class='ocrx_word' id='word_1_395' title='bbox 2175 2463 2421 2534; x_wconf 89' lang='lat' dir='ltr'><strong>parentis</strong></span> <span class='ocrx_word' id='word_1_396' title='bbox 2439 2462 2634 2517; x_wconf 85' lang='lat' dir='ltr'><strong>Adami</strong></span> <span class='ocrx_word' id='word_1_397' title='bbox 2661 2471 2717 2517; x_wconf 91' lang='lat' dir='ltr'><strong>et</strong></span> <span class='ocrx_word' id='word_1_398' title='bbox 2742 2462 2892 2525; x_wconf 70' lang='lat' dir='ltr'><strong>Evre,</strong></span> <span class='ocrx_word' id='word_1_399' title='bbox 2920 2460 3099 2516; x_wconf 89' lang='lat' dir='ltr'><strong>induti</strong></span> <span class='ocrx_word' id='word_1_400' title='bbox 3127 2476 3365 2532; x_wconf 86' lang='lat' dir='ltr'><strong>corpore</strong></span> <span class='ocrx_word' id='word_1_401' title='bbox 3393 2460 3636 2525; x_wconf 89' lang='lat' dir='ltr'><strong>mortali,</strong></span> 
     </span>
    </p>
   </div>
   <div class='ocr_carea' id='block_1_87' title="bbox 2061 2552 3635 2625">
    <p class='ocr_par' dir='ltr' id='par_1_87' title="bbox 2061 2552 3635 2625">
     <span class='ocr_line' id='line_1_87' title="bbox 2061 2552 3635 2625; baseline -0.003 -16"><span class='ocrx_word' id='word_1_402' title='bbox 2061 2571 2187 2609; x_wconf 85' lang='lat' dir='ltr'><strong>cum</strong></span> <span class='ocrx_word' id='word_1_403' title='bbox 2215 2570 2317 2625; x_wconf 86' lang='lat' dir='ltr'><strong>per</strong></span> <span class='ocrx_word' id='word_1_404' title='bbox 2348 2564 2582 2609; x_wconf 91' lang='lat' dir='ltr'><strong>mortem</strong></span> <span class='ocrx_word' id='word_1_405' title='bbox 2631 2552 2700 2607; x_wconf 90' lang='lat' dir='ltr'><strong>ad</strong></span> <span class='ocrx_word' id='word_1_406' title='bbox 2740 2553 2908 2607; x_wconf 89' lang='lat' dir='ltr'><strong>vitam</strong></span> <span class='ocrx_word' id='word_1_407' title='bbox 2961 2553 3244 2607; x_wconf 87' lang='lat' dir='ltr'><strong>meliorem</strong></span> <span class='ocrx_word' id='word_1_408' title='bbox 3277 2552 3635 2616; x_wconf 89' lang='lat' dir='ltr'><strong>accesserint,</strong></span> 
     </span>
    </p>
   </div>
   <div class='ocr_carea' id='block_1_88' title="bbox 2063 2643 3641 2701">
    <p class='ocr_par' dir='ltr' id='par_1_88' title="bbox 2063 2643 3641 2701">
     <span class='ocr_line' id='line_1_88' title="bbox 2063 2643 3641 2701; baseline -0.001 0"><span class='ocrx_word' id='word_1_409' title='bbox 2063 2647 2317 2701; x_wconf 86' lang='lat' dir='ltr'><strong>interitui</strong></span> <span class='ocrx_word' id='word_1_410' title='bbox 2371 2661 2481 2700; x_wconf 89' lang='lat' dir='ltr'><strong>non</strong></span> <span class='ocrx_word' id='word_1_411' title='bbox 2520 2645 2760 2700; x_wconf 79' lang='lat' dir='ltr'><strong>obnoxia</strong></span> <span class='ocrx_word' id='word_1_412' title='bbox 2787 2653 2845 2699; x_wconf 89' lang='lat' dir='ltr'><strong>et</strong></span> <span class='ocrx_word' id='word_1_413' title='bbox 2888 2643 3220 2698; x_wconf 87' lang='lat' dir='ltr'><strong>immortalia</strong></span> <span class='ocrx_word' id='word_1_414' title='bbox 3254 2653 3389 2699; x_wconf 92' lang='lat' dir='ltr'><strong>tunc</strong></span> <span class='ocrx_word' id='word_1_415' title='bbox 3439 2661 3496 2698; x_wconf 81' lang='lat' dir='ltr'><strong>In</strong></span> <span class='ocrx_word' id='word_1_416' title='bbox 3551 2660 3641 2700; x_wconf 91' lang='lat' dir='ltr'><strong>re-</strong></span> 
     </span>
    </p>
   </div>
   <div class='ocr_carea' id='block_1_89' title="bbox 2063 2733 3643 2803">
    <p class='ocr_par' dir='ltr' id='par_1_89' title="bbox 2063 2733 3643 2803">
     <span class='ocr_line' id='line_1_89' title="bbox 2063 2733 3643 2803; baseline -0.003 -12"><span class='ocrx_word' id='word_1_417' title='bbox 2063 2736 2411 2791; x_wconf 85' lang='lat' dir='ltr'><strong>surrectione</strong></span> <span class='ocrx_word' id='word_1_418' title='bbox 2432 2750 2534 2790; x_wconf 88' lang='lat' dir='ltr'><strong>sua</strong></span> <span class='ocrx_word' id='word_1_419' title='bbox 2557 2734 2829 2803; x_wconf 80' lang='lat' dir='ltr'><strong>recipient</strong></span> <span class='ocrx_word' id='word_1_420' title='bbox 2855 2747 3109 2802; x_wconf 87' lang='lat' dir='ltr'><strong>corpora,</strong></span> <span class='ocrx_word' id='word_1_421' title='bbox 3139 2750 3291 2788; x_wconf 89' lang='lat' dir='ltr'><strong>nunc</strong></span> <span class='ocrx_word' id='word_1_422' title='bbox 3315 2733 3541 2797; x_wconf 91' lang='lat' dir='ltr'><strong>mortui,</strong></span> <span class='ocrx_word' id='word_1_423' title='bbox 3572 2749 3643 2787; x_wconf 89' lang='lat' dir='ltr'><strong>ne</strong></span> 
     </span>
    </p>
   </div>
   <div class='ocr_carea' id='block_1_90' title="bbox 2066 2824 3643 2893">
    <p class='ocr_par' dir='ltr' id='par_1_90' title="bbox 2066 2824 3643 2893">
     <span class='ocr_line' id='line_1_90' title="bbox 2066 2824 3643 2893; baseline -0.003 -10"><span class='ocrx_word' id='word_1_424' title='bbox 2066 2829 2378 2884; x_wconf 85' lang='lat' dir='ltr'><strong>immortale</strong></span> <span class='ocrx_word' id='word_1_425' title='bbox 2412 2837 2471 2882; x_wconf 89' lang='lat' dir='ltr'><strong>et</strong></span> <span class='ocrx_word' id='word_1_426' title='bbox 2496 2835 2764 2883; x_wconf 72' lang='lat' dir='ltr'><strong>aeternum</strong></span> <span class='ocrx_word' id='word_1_427' title='bbox 2788 2826 2861 2881; x_wconf 90' lang='lat' dir='ltr'><strong>sit</strong></span> <span class='ocrx_word' id='word_1_428' title='bbox 2891 2836 2948 2881; x_wconf 92' lang='lat' dir='ltr'><strong>et</strong></span> <span class='ocrx_word' id='word_1_429' title='bbox 2984 2826 3211 2893; x_wconf 87' lang='lat' dir='ltr'><strong>malum,</strong></span> <span class='ocrx_word' id='word_1_430' title='bbox 3249 2834 3310 2879; x_wconf 93' lang='lat' dir='ltr'><strong>ut</strong></span> <span class='ocrx_word' id='word_1_431' title='bbox 3341 2825 3475 2882; x_wconf 86' lang='lat' dir='ltr'><strong>dicit</strong></span> <span class='ocrx_word' id='word_1_432' title='bbox 3501 2824 3643 2880; x_wconf 88' lang='lat' dir='ltr'><strong>divi-</strong></span> 
     </span>
    </p>
   </div>
   <div class='ocr_carea' id='block_1_91' title="bbox 2067 2916 3643 2989">
    <p class='ocr_par' dir='ltr' id='par_1_91' title="bbox 2067 2916 3643 2989">
     <span class='ocr_line' id='line_1_91' title="bbox 2067 2916 3643 2989; baseline -0.003 -15"><span class='ocrx_word' id='word_1_433' title='bbox 2067 2934 2174 2975; x_wconf 90' lang='lat' dir='ltr'><strong>nus</strong></span> <span class='ocrx_word' id='word_1_434' title='bbox 2192 2918 2500 2989; x_wconf 85' lang='lat' dir='ltr'><strong>Gregorius</strong></span> <span class='ocrx_word' id='word_1_435' title='bbox 2534 2936 2547 2970; x_wconf 90' lang='lat'><strong>:</strong></span> <span class='ocrx_word' id='word_1_436' title='bbox 2585 2917 2692 2972; x_wconf 89' lang='lat' dir='ltr'><strong>hoc</strong></span> <span class='ocrx_word' id='word_1_437' title='bbox 2727 2924 2832 2983; x_wconf 90' lang='lat' dir='ltr'><strong>est,</strong></span> <span class='ocrx_word' id='word_1_438' title='bbox 2863 2932 2933 2971; x_wconf 89' lang='lat' dir='ltr'><strong>ne</strong></span> <span class='ocrx_word' id='word_1_439' title='bbox 2967 2925 3235 2986; x_wconf 90' lang='lat' dir='ltr'><strong>perpetuo</strong></span> <span class='ocrx_word' id='word_1_440' title='bbox 3264 2917 3438 2972; x_wconf 89' lang='lat' dir='ltr'><strong>simus</strong></span> <span class='ocrx_word' id='word_1_441' title='bbox 3468 2916 3524 2971; x_wconf 93' lang='lat' dir='ltr'><strong>in</strong></span> <span class='ocrx_word' id='word_1_442' title='bbox 3554 2917 3643 2971; x_wconf 86' lang='lat' dir='ltr'><strong>in-</strong></span> 
     </span>
    </p>
   </div>
   <div class='ocr_carea' id='block_1_92' title="bbox 2071 3009 3643 3079">
    <p class='ocr_par' dir='ltr' id='par_1_92' title="bbox 2071 3009 3643 3079">
     <span class='ocr_line' id='line_1_92' title="bbox 2071 3009 3643 3079; baseline -0.003 -13"><span class='ocrx_word' id='word_1_443' title='bbox 2071 3011 2236 3067; x_wconf 88' lang='lat' dir='ltr'><strong>teritu</strong></span> <span class='ocrx_word' id='word_1_444' title='bbox 2265 3029 2280 3077; x_wconf 89' lang='lat'><strong>;</strong></span> <span class='ocrx_word' id='word_1_445' title='bbox 2335 3010 2432 3066; x_wconf 89' lang='lat' dir='ltr'><strong>sed</strong></span> <span class='ocrx_word' id='word_1_446' title='bbox 2466 3010 2521 3064; x_wconf 93' lang='lat' dir='ltr'><strong>in</strong></span> <span class='ocrx_word' id='word_1_447' title='bbox 2552 3009 2776 3065; x_wconf 85' lang='lat' dir='ltr'><strong>Christo</strong></span> <span class='ocrx_word' id='word_1_448' title='bbox 2811 3009 3111 3064; x_wconf 88' lang='lat' dir='ltr'><strong>induamur</strong></span> <span class='ocrx_word' id='word_1_449' title='bbox 3143 3009 3643 3079; x_wconf 88' lang='lat' dir='ltr'><strong>incorruptionem,</strong></span> 
     </span>
    </p>
   </div>
   <div class='ocr_carea' id='block_1_93' title="bbox 2070 3101 3643 3172">
    <p class='ocr_par' dir='ltr' id='par_1_93' title="bbox 2070 3101 3643 3172">
     <span class='ocr_line' id='line_1_93' title="bbox 2070 3101 3643 3172; baseline -0.003 -15"><span class='ocrx_word' id='word_1_450' title='bbox 2070 3103 2157 3158; x_wconf 89' lang='lat' dir='ltr'><strong>cui</strong></span> <span class='ocrx_word' id='word_1_451' title='bbox 2184 3103 2357 3172; x_wconf 78' lang='lat' dir='ltr'><strong>gloria</strong></span> <span class='ocrx_word' id='word_1_452' title='bbox 2384 3111 2440 3156; x_wconf 87' lang='lat' dir='ltr'><strong>et</strong></span> <span class='ocrx_word' id='word_1_453' title='bbox 2464 3102 2711 3172; x_wconf 90' lang='lat' dir='ltr'><strong>potentia</strong></span> <span class='ocrx_word' id='word_1_454' title='bbox 2730 3102 2790 3156; x_wconf 89' lang='lat' dir='ltr'><strong>in</strong></span> <span class='ocrx_word' id='word_1_455' title='bbox 2827 3102 3025 3157; x_wconf 63' lang='lat' dir='ltr'><strong>saecula</strong></span> <span class='ocrx_word' id='word_1_456' title='bbox 3056 3101 3403 3156; x_wconf 70' lang='lat' dir='ltr'><strong>saeculorum.</strong></span> <span class='ocrx_word' id='word_1_457' title='bbox 3446 3101 3643 3154; x_wconf 85' lang='lat' dir='ltr'><strong>Amen.</strong></span> 
     </span>
    </p>
   </div>
   <div class='ocr_carea' id='block_1_94' title="bbox 1779 3240 3608 3275">
    <p class='ocr_par' dir='ltr' id='par_1_94' title="bbox 1779 3240 3608 3275">
     <span class='ocr_line' id='line_1_94' title="bbox 1779 3240 3608 3275; baseline -0.003 0"><span class='ocrx_word' id='word_1_458' title='bbox 1779 3240 3608 3275; x_wconf 47' lang='lat' dir='ltr'><strong>ww</strong></span> 
     </span>
    </p>
   </div>
   <div class='ocr_carea' id='block_1_95' title="bbox 1463 3363 2526 3454">
    <p class='ocr_par' dir='ltr' id='par_1_95' title="bbox 1463 3363 2526 3454">
     <span class='ocr_line' id='line_1_95' title="bbox 1463 3363 2526 3454; baseline -0.003 -2"><span class='ocrx_word' id='word_1_459' title='bbox 1463 3367 1574 3454; x_wconf 88' lang='lat' dir='ltr'><strong>LI</strong></span> <span class='ocrx_word' id='word_1_460' title='bbox 1599 3364 1734 3453; x_wconf 88' lang='lat' dir='ltr'><strong>BE</strong></span> <span class='ocrx_word' id='word_1_461' title='bbox 1759 3367 1819 3452; x_wconf 74' lang='grc' dir='ltr'><strong>Β</strong></span> <span class='ocrx_word' id='word_1_462' title='bbox 1895 3363 2526 3452; x_wconf 87' lang='lat' dir='ltr'><strong>SEPTIMUS.</strong></span> 
     </span>
    </p>
   </div>
   <div class='ocr_carea' id='block_1_96' title="bbox 1309 3512 2716 3604">
    <p class='ocr_par' dir='ltr' id='par_1_96' title="bbox 1309 3547 2716 3604">
     <span class='ocr_line' id='line_1_96' title="bbox 1309 3547 2716 3604; baseline -0.002 -10"><span class='ocrx_word' id='word_1_463' title='bbox 1309 3552 1394 3594; x_wconf 76' lang='lat' dir='ltr'><strong>DE</strong></span> <span class='ocrx_word' id='word_1_464' title='bbox 1429 3553 1508 3595; x_wconf 81' lang='lat' dir='ltr'><strong>I&#39;S</strong></span> <span class='ocrx_word' id='word_1_465' title='bbox 1538 3552 1682 3604; x_wconf 66' lang='grc' dir='ltr'><strong>ρυλε</strong></span> <span class='ocrx_word' id='word_1_466' title='bbox 1710 3549 2012 3594; x_wconf 73' lang='lat' dir='ltr'><strong>FUERUNT</strong></span> <span class='ocrx_word' id='word_1_467' title='bbox 2041 3549 2192 3591; x_wconf 85' lang='lat' dir='ltr'><strong>POST</strong></span> <span class='ocrx_word' id='word_1_468' title='bbox 2240 3548 2495 3591; x_wconf 69' lang='lat' dir='ltr'><strong>SEXTUM</strong></span> <span class='ocrx_word' id='word_1_469' title='bbox 2534 3547 2716 3591; x_wconf 69' lang='lat' dir='ltr'><strong>DIEM.</strong></span> 
     </span>
    </p>
   </div>
   <div class='ocr_carea' id='block_1_97' title="bbox 446 3722 3641 3795">
    <p class='ocr_par' dir='ltr' id='par_1_97' title="bbox 446 3722 3641 3795">
     <span class='ocr_line' id='line_1_97' title="bbox 446 3722 3641 3795; baseline 0.002 -16"><span class='ocrx_word' id='word_1_470' title='bbox 446 3723 518 3779; x_wconf 82' lang='lat' dir='ltr'><strong>Et</strong></span> <span class='ocrx_word' id='word_1_471' title='bbox 547 3726 834 3795; x_wconf 76' lang='lat' dir='ltr'><strong>perfectum</strong></span> <span class='ocrx_word' id='word_1_472' title='bbox 875 3725 974 3795; x_wconf 76' lang='lat' dir='ltr'><strong>fuit</strong></span> <span class='ocrx_word' id='word_1_473' title='bbox 1004 3724 1193 3779; x_wconf 77' lang='lat' dir='ltr'><strong>caelum</strong></span> <span class='ocrx_word' id='word_1_474' title='bbox 1237 3733 1287 3777; x_wconf 81' lang='lat' dir='ltr'><strong>et</strong></span> <span class='ocrx_word' id='word_1_475' title='bbox 1314 3732 1460 3779; x_wconf 84' lang='lat' dir='ltr'><strong>terra</strong></span> <span class='ocrx_word' id='word_1_476' title='bbox 1486 3733 1533 3777; x_wconf 81' lang='lat' dir='ltr'><strong>et</strong></span> <span class='ocrx_word' id='word_1_477' title='bbox 1562 3724 1838 3777; x_wconf 76' lang='lat' dir='ltr'><strong>universus</strong></span> <span class='ocrx_word' id='word_1_478' title='bbox 1874 3740 1962 3776; x_wconf 91' lang='lat' dir='ltr'><strong>or-</strong></span> <span class='ocrx_word' id='word_1_479' title='bbox 1988 3735 2028 3791; x_wconf 66' lang='grc' dir='ltr'><strong>(ς</strong></span> <span class='ocrx_word' id='word_1_480' title='bbox 2065 3722 2339 3785; x_wconf 77' lang='lat' dir='ltr'><strong>volucrvs,</strong></span> <span class='ocrx_word' id='word_1_481' title='bbox 2364 3731 2423 3777; x_wconf 89' lang='lat' dir='ltr'><strong>et</strong></span> <span class='ocrx_word' id='word_1_482' title='bbox 2456 3737 2579 3792; x_wconf 68' lang='lat' dir='ltr'><strong>qure</strong></span> <span class='ocrx_word' id='word_1_483' title='bbox 2627 3724 2682 3777; x_wconf 88' lang='lat' dir='ltr'><strong>in</strong></span> <span class='ocrx_word' id='word_1_484' title='bbox 2727 3724 2811 3779; x_wconf 90' lang='lat' dir='ltr'><strong>eis</strong></span> <span class='ocrx_word' id='word_1_485' title='bbox 2860 3723 3003 3779; x_wconf 86' lang='lat' dir='ltr'><strong>facta</strong></span> <span class='ocrx_word' id='word_1_486' title='bbox 3029 3733 3116 3781; x_wconf 90' lang='lat' dir='ltr'><strong>est</strong></span> <span class='ocrx_word' id='word_1_487' title='bbox 3171 3726 3641 3784; x_wconf 86' lang='lat' dir='ltr'><strong>benedictionem.</strong></span> 
     </span>
    </p>
   </div>
   <div class='ocr_carea' id='block_1_98' title="bbox 377 3813 3641 3901">
    <p class='ocr_par' dir='ltr' id='par_1_98' title="bbox 377 3813 3641 3901">
     <span class='ocr_line' id='line_1_98' title="bbox 377 3813 3641 3901; baseline 0.002 -29"><span class='ocrx_word' id='word_1_488' title='bbox 377 3825 538 3872; x_wconf 74' lang='lat' dir='ltr'><strong>nutus</strong></span> <span class='ocrx_word' id='word_1_489' title='bbox 562 3832 765 3887; x_wconf 77' lang='lat' dir='ltr'><strong>eorum,</strong></span> <span class='ocrx_word' id='word_1_490' title='bbox 792 3824 841 3869; x_wconf 85' lang='lat' dir='ltr'><strong>et</strong></span> <span class='ocrx_word' id='word_1_491' title='bbox 867 3815 1082 3887; x_wconf 73' lang='lat' dir='ltr'><strong>perfecit</strong></span> <span class='ocrx_word' id='word_1_492' title='bbox 1109 3815 1246 3869; x_wconf 80' lang='lat' dir='ltr'><strong>Deus</strong></span> <span class='ocrx_word' id='word_1_493' title='bbox 1270 3819 1327 3869; x_wconf 83' lang='lat' dir='ltr'><strong>in</strong></span> <span class='ocrx_word' id='word_1_494' title='bbox 1350 3816 1434 3868; x_wconf 80' lang='lat' dir='ltr'><strong>die</strong></span> <span class='ocrx_word' id='word_1_495' title='bbox 1461 3822 1607 3869; x_wconf 68' lang='lat' dir='ltr'><strong>sexto</strong></span> <span class='ocrx_word' id='word_1_496' title='bbox 1645 3830 1806 3884; x_wconf 85' lang='lat' dir='ltr'><strong>opera</strong></span> <span class='ocrx_word' id='word_1_497' title='bbox 1841 3830 1959 3885; x_wconf 73' lang='lat' dir='ltr'><strong>qua:</strong></span> <span class='ocrx_word' id='word_1_498' title='bbox 2062 3813 2229 3869; x_wconf 81' lang='lat' dir='ltr'><strong>Sexto</strong></span> <span class='ocrx_word' id='word_1_499' title='bbox 2251 3813 2363 3901; x_wconf 75' lang='lat' dir='ltr'><strong>die,</strong></span> <span class='ocrx_word' id='word_1_500' title='bbox 2397 3829 2493 3868; x_wconf 84' lang='lat' dir='ltr'><strong>sex</strong></span> <span class='ocrx_word' id='word_1_501' title='bbox 2536 3832 2548 3867; x_wconf 91' lang='lat'>:</span> <span class='ocrx_word' id='word_1_502' title='bbox 2576 3830 2699 3884; x_wconf 64' lang='lat' dir='ltr'><strong>quae</strong></span> <span class='ocrx_word' id='word_1_503' title='bbox 2740 3825 2889 3880; x_wconf 91' lang='lat' dir='ltr'><strong>sunt,</strong></span> <span class='ocrx_word' id='word_1_504' title='bbox 2920 3830 2988 3870; x_wconf 76' lang='lat' dir='ltr'><strong>ex</strong></span> <span class='ocrx_word' id='word_1_505' title='bbox 3048 3826 3193 3872; x_wconf 86' lang='lat' dir='ltr'><strong>terra</strong></span> <span class='ocrx_word' id='word_1_506' title='bbox 3224 3819 3550 3886; x_wconf 86' lang='lat' dir='ltr'><strong>animantia,</strong></span> <span class='ocrx_word' id='word_1_507' title='bbox 3582 3834 3641 3878; x_wconf 82' lang='lat' dir='ltr'><strong>ct</strong></span> 
     </span>
    </p>
   </div>
   <div class='ocr_carea' id='block_1_99' title="bbox 371 3901 3638 3981">
    <p class='ocr_par' dir='ltr' id='par_1_99' title="bbox 371 3901 3638 3981">
     <span class='ocr_line' id='line_1_99' title="bbox 371 3901 3638 3981; baseline 0.001 -20"><span class='ocrx_word' id='word_1_508' title='bbox 371 3909 521 3978; x_wconf 76' lang='lat' dir='ltr'><strong>fecit,</strong></span> <span class='ocrx_word' id='word_1_509' title='bbox 558 3915 607 3960; x_wconf 85' lang='lat' dir='ltr'><strong>et</strong></span> <span class='ocrx_word' id='word_1_510' title='bbox 634 3908 825 3978; x_wconf 73' lang='lat' dir='ltr'><strong>quierit</strong></span> <span class='ocrx_word' id='word_1_511' title='bbox 850 3907 934 3960; x_wconf 77' lang='lat' dir='ltr'><strong>die</strong></span> <span class='ocrx_word' id='word_1_512' title='bbox 957 3908 1177 3975; x_wconf 76' lang='lat' dir='ltr'><strong>septimo</strong></span> <span class='ocrx_word' id='word_1_513' title='bbox 1212 3906 1276 3960; x_wconf 83' lang='lat' dir='ltr'><strong>ab</strong></span> <span class='ocrx_word' id='word_1_514' title='bbox 1308 3905 1816 3981; x_wconf 67' lang='lat' dir='ltr'><strong>omnibusoperibu:</strong></span> <span class='ocrx_word' id='word_1_515' title='bbox 1841 3921 1959 3976; x_wconf 71' lang='lat' dir='ltr'><strong>qm</strong></span> <span class='ocrx_word' id='word_1_516' title='bbox 2061 3905 2229 3958; x_wconf 87' lang='lat' dir='ltr'><strong>homo</strong></span> <span class='ocrx_word' id='word_1_517' title='bbox 2251 3913 2310 3959; x_wconf 91' lang='lat' dir='ltr'><strong>et</strong></span> <span class='ocrx_word' id='word_1_518' title='bbox 2336 3904 2559 3965; x_wconf 87' lang='lat' dir='ltr'><strong>femina,</strong></span> <span class='ocrx_word' id='word_1_519' title='bbox 2592 3914 2649 3958; x_wconf 91' lang='lat' dir='ltr'><strong>et</strong></span> <span class='ocrx_word' id='word_1_520' title='bbox 2684 3922 2805 3975; x_wconf 67' lang='lat' dir='ltr'><strong>quae</strong></span> <span class='ocrx_word' id='word_1_521' title='bbox 2830 3915 2916 3960; x_wconf 91' lang='lat' dir='ltr'><strong>est</strong></span> <span class='ocrx_word' id='word_1_522' title='bbox 2944 3906 2994 3961; x_wconf 89' lang='lat' dir='ltr'><strong>ei</strong></span> <span class='ocrx_word' id='word_1_523' title='bbox 3025 3908 3271 3966; x_wconf 81' lang='lat' dir='ltr'><strong>exhibita</strong></span> <span class='ocrx_word' id='word_1_524' title='bbox 3292 3901 3638 3977; x_wconf 80' lang='lat' dir='ltr'><strong>benedictio,</strong></span> 
     </span>
    </p>
   </div>
   <div class='ocr_carea' id='block_1_100' title="bbox 369 3997 1959 4068">
    <p class='ocr_par' dir='ltr' id='par_1_100' title="bbox 369 3997 1959 4068">
     <span class='ocr_line' id='line_1_100' title="bbox 369 3997 1959 4068; baseline -0.001 -16"><span class='ocrx_word' id='word_1_525' title='bbox 369 3999 523 4068; x_wconf 77' lang='lat' dir='ltr'><strong>fecit.</strong></span> <span class='ocrx_word' id='word_1_526' title='bbox 555 3999 659 4053; x_wconf 86' lang='lat' dir='ltr'><strong>Per</strong></span> <span class='ocrx_word' id='word_1_527' title='bbox 693 3998 812 4053; x_wconf 78' lang='lat' dir='ltr'><strong>haec</strong></span> <span class='ocrx_word' id='word_1_528' title='bbox 853 3997 1002 4053; x_wconf 87' lang='lat' dir='ltr'><strong>enim</strong></span> <span class='ocrx_word' id='word_1_529' title='bbox 1051 3997 1314 4063; x_wconf 87' lang='lat' dir='ltr'><strong>ostendit,</strong></span> <span class='ocrx_word' id='word_1_530' title='bbox 1363 4005 1420 4052; x_wconf 92' lang='lat' dir='ltr'><strong>et</strong></span> <span class='ocrx_word' id='word_1_531' title='bbox 1463 4014 1567 4053; x_wconf 87' lang='lat' dir='ltr'><strong>nos</strong></span> <span class='ocrx_word' id='word_1_532' title='bbox 1598 3998 1760 4053; x_wconf 87' lang='lat' dir='ltr'><strong>docet</strong></span> <span class='ocrx_word' id='word_1_533' title='bbox 1808 3997 1959 4053; x_wconf 89' lang='lat' dir='ltr'><strong>Scri-</strong></span> 
     </span>
    </p>
   </div>
   <div class='ocr_carea' id='block_1_101' title="bbox 374 4088 1952 4167">
    <p class='ocr_par' dir='ltr' id='par_1_101' title="bbox 374 4088 1952 4167">
     <span class='ocr_line' id='line_1_101' title="bbox 374 4088 1952 4167; baseline 0 -23"><span class='ocrx_word' id='word_1_534' title='bbox 374 4099 565 4167; x_wconf 82' lang='lat' dir='ltr'><strong>ptura,</strong></span> <span class='ocrx_word' id='word_1_535' title='bbox 598 4089 749 4160; x_wconf 84' lang='lat' dir='ltr'><strong>quod</strong></span> <span class='ocrx_word' id='word_1_536' title='bbox 781 4089 1030 4159; x_wconf 68' lang='lat' dir='ltr'><strong>quaedam</strong></span> <span class='ocrx_word' id='word_1_537' title='bbox 1060 4089 1164 4161; x_wconf 83' lang='lat' dir='ltr'><strong>alia</strong></span> <span class='ocrx_word' id='word_1_538' title='bbox 1199 4089 1444 4159; x_wconf 59' lang='lat' dir='ltr'><strong>posthac</strong></span> <span class='ocrx_word' id='word_1_539' title='bbox 1464 4098 1523 4145; x_wconf 90' lang='lat' dir='ltr'><strong>et</strong></span> <span class='ocrx_word' id='word_1_540' title='bbox 1549 4089 1683 4144; x_wconf 82' lang='lat' dir='ltr'><strong>fecit</strong></span> <span class='ocrx_word' id='word_1_541' title='bbox 1707 4099 1763 4145; x_wconf 91' lang='lat' dir='ltr'><strong>et</strong></span> <span class='ocrx_word' id='word_1_542' title='bbox 1802 4088 1952 4156; x_wconf 85' lang='lat' dir='ltr'><strong>facit,</strong></span> 
     </span>
    </p>
   </div>
   <div class='ocr_carea' id='block_1_102' title="bbox 370 4179 1955 4251">
    <p class='ocr_par' dir='ltr' id='par_1_102' title="bbox 370 4179 1955 4251">
     <span class='ocr_line' id='line_1_102' title="bbox 370 4179 1955 4251; baseline -0.003 -13"><span class='ocrx_word' id='word_1_543' title='bbox 370 4181 523 4238; x_wconf 77' lang='lat' dir='ltr'><strong>sicut</strong></span> <span class='ocrx_word' id='word_1_544' title='bbox 547 4189 781 4237; x_wconf 84' lang='lat' dir='ltr'><strong>testatur</strong></span> <span class='ocrx_word' id='word_1_545' title='bbox 808 4180 1026 4245; x_wconf 80' lang='lat' dir='ltr'><strong>dicens,</strong></span> <span class='ocrx_word' id='word_1_546' title='bbox 1059 4179 1224 4235; x_wconf 84' lang='lat' dir='ltr'><strong>Pater</strong></span> <span class='ocrx_word' id='word_1_547' title='bbox 1249 4196 1399 4235; x_wconf 72' lang='lat' dir='ltr'><strong>meus</strong></span> <span class='ocrx_word' id='word_1_548' title='bbox 1426 4180 1579 4234; x_wconf 87' lang='lat' dir='ltr'><strong>modo</strong></span> <span class='ocrx_word' id='word_1_549' title='bbox 1600 4189 1877 4251; x_wconf 78' lang='lat' dir='ltr'><strong>operatur,</strong></span> <span class='ocrx_word' id='word_1_550' title='bbox 1905 4190 1955 4234; x_wconf 83' lang='lat' dir='ltr'><strong>et</strong></span> 
     </span>
    </p>
   </div>
   <div class='ocr_carea' id='block_1_103' title="bbox 368 4271 1956 4343">
    <p class='ocr_par' dir='ltr' id='par_1_103' title="bbox 368 4271 1956 4343">
     <span class='ocr_line' id='line_1_103' title="bbox 368 4271 1956 4343; baseline -0.001 -17"><span class='ocrx_word' id='word_1_551' title='bbox 368 4289 472 4343; x_wconf 80' lang='lat' dir='ltr'><strong>ego</strong></span> <span class='ocrx_word' id='word_1_552' title='bbox 503 4289 712 4343; x_wconf 85' lang='lat' dir='ltr'><strong>operor.</strong></span> <span class='ocrx_word' id='word_1_553' title='bbox 742 4273 888 4327; x_wconf 82' lang='lat' dir='ltr'><strong>Hinc</strong></span> <span class='ocrx_word' id='word_1_554' title='bbox 936 4271 1073 4326; x_wconf 90' lang='lat' dir='ltr'><strong>moti</strong></span> <span class='ocrx_word' id='word_1_555' title='bbox 1103 4271 1329 4341; x_wconf 87' lang='lat' dir='ltr'><strong>quidam</strong></span> <span class='ocrx_word' id='word_1_556' title='bbox 1370 4287 1439 4327; x_wconf 78' lang='lat' dir='ltr'><strong>ex</strong></span> <span class='ocrx_word' id='word_1_557' title='bbox 1470 4271 1714 4342; x_wconf 87' lang='lat' dir='ltr'><strong>antiquis</strong></span> <span class='ocrx_word' id='word_1_558' title='bbox 1736 4272 1956 4342; x_wconf 84' lang='lat' dir='ltr'><strong>exposi-</strong></span> 
     </span>
    </p>
   </div>
   <div class='ocr_carea' id='block_1_104' title="bbox 372 4364 1953 4435">
    <p class='ocr_par' dir='ltr' id='par_1_104' title="bbox 372 4364 1953 4435">
     <span class='ocr_line' id='line_1_104' title="bbox 372 4364 1953 4435; baseline 0.001 -17"><span class='ocrx_word' id='word_1_559' title='bbox 372 4365 618 4429; x_wconf 83' lang='lat' dir='ltr'><strong>toribus,</strong></span> <span class='ocrx_word' id='word_1_560' title='bbox 647 4379 851 4435; x_wconf 85' lang='lat' dir='ltr'><strong>nempe</strong></span> <span class='ocrx_word' id='word_1_561' title='bbox 878 4381 948 4421; x_wconf 80' lang='lat' dir='ltr'><strong>ex</strong></span> <span class='ocrx_word' id='word_1_562' title='bbox 971 4380 1041 4420; x_wconf 90' lang='lat' dir='ltr'><strong>eo</strong></span> <span class='ocrx_word' id='word_1_563' title='bbox 1070 4365 1218 4435; x_wconf 88' lang='lat' dir='ltr'><strong>quod</strong></span> <span class='ocrx_word' id='word_1_564' title='bbox 1246 4364 1487 4420; x_wconf 77' lang='lat' dir='ltr'><strong>dixerint</strong></span> <span class='ocrx_word' id='word_1_565' title='bbox 1509 4366 1682 4421; x_wconf 89' lang='lat' dir='ltr'><strong>Deum</strong></span> <span class='ocrx_word' id='word_1_566' title='bbox 1705 4380 1953 4421; x_wconf 80' lang='lat' dir='ltr'><strong>cessasse</strong></span> 
     </span>
    </p>
   </div>
   <div class='ocr_carea' id='block_1_105' title="bbox 369 4452 1954 4524">
    <p class='ocr_par' dir='ltr' id='par_1_105' title="bbox 369 4452 1954 4524">
     <span class='ocr_line' id='line_1_105' title="bbox 369 4452 1954 4524; baseline 0 -17"><span class='ocrx_word' id='word_1_567' title='bbox 369 4452 468 4508; x_wconf 89' lang='lat' dir='ltr'><strong>die</strong></span> <span class='ocrx_word' id='word_1_568' title='bbox 499 4455 758 4524; x_wconf 85' lang='lat' dir='ltr'><strong>septimo,</strong></span> <span class='ocrx_word' id='word_1_569' title='bbox 793 4463 1254 4524; x_wconf 63' lang='lat' dir='ltr'><strong>praaoccuparunt</strong></span> <span class='ocrx_word' id='word_1_570' title='bbox 1298 4453 1485 4510; x_wconf 89' lang='lat' dir='ltr'><strong>dicere</strong></span> <span class='ocrx_word' id='word_1_571' title='bbox 1508 4453 1657 4523; x_wconf 89' lang='lat' dir='ltr'><strong>quod</strong></span> <span class='ocrx_word' id='word_1_572' title='bbox 1711 4452 1954 4509; x_wconf 86' lang='lat' dir='ltr'><strong>ostendit</strong></span> 
     </span>
    </p>
   </div>
   <div class='ocr_carea' id='block_1_106' title="bbox 369 4532 1949 4617">
    <p class='ocr_par' dir='ltr' id='par_1_106' title="bbox 369 4532 1949 4617">
     <span class='ocr_line' id='line_1_106' title="bbox 369 4532 1949 4617; baseline -0.001 -17"><span class='ocrx_word' id='word_1_573' title='bbox 369 4544 497 4600; x_wconf 78' lang='lat' dir='ltr'><strong>fore</strong></span> <span class='ocrx_word' id='word_1_574' title='bbox 524 4552 587 4598; x_wconf 89' lang='lat' dir='ltr'><strong>ut</strong></span> <span class='ocrx_word' id='word_1_575' title='bbox 619 4532 686 4600; x_wconf 25' lang='lat' dir='ltr'><strong>in.</strong></span> <span class='ocrx_word' id='word_1_576' title='bbox 705 4545 943 4615; x_wconf 86' lang='lat' dir='ltr'><strong>septimo</strong></span> <span class='ocrx_word' id='word_1_577' title='bbox 974 4544 1176 4600; x_wconf 63' lang='lat' dir='ltr'><strong>saeculo</strong></span> <span class='ocrx_word' id='word_1_578' title='bbox 1203 4547 1332 4616; x_wconf 76' lang='lat' dir='ltr'><strong>(hoc</strong></span> <span class='ocrx_word' id='word_1_579' title='bbox 1361 4554 1467 4611; x_wconf 90' lang='lat' dir='ltr'><strong>est,</strong></span> <span class='ocrx_word' id='word_1_580' title='bbox 1504 4545 1561 4599; x_wconf 90' lang='lat' dir='ltr'><strong>in</strong></span> <span class='ocrx_word' id='word_1_581' title='bbox 1589 4547 1824 4617; x_wconf 88' lang='lat' dir='ltr'><strong>septimo</strong></span> <span class='ocrx_word' id='word_1_582' title='bbox 1848 4560 1949 4599; x_wconf 86' lang='lat' dir='ltr'><strong>an-</strong></span> 
     </span>
    </p>
   </div>
   <div class='ocr_carea' id='block_1_107' title="bbox 352 4636 1836 4707">
    <p class='ocr_par' dir='ltr' id='par_1_107' title="bbox 352 4636 1836 4707">
     <span class='ocr_line' id='line_1_107' title="bbox 352 4636 1836 4707; baseline -0.001 -17"><span class='ocrx_word' id='word_1_583' title='bbox 352 4649 575 4690; x_wconf 77' lang='lat' dir='ltr'><strong>norum</strong></span> <span class='ocrx_word' id='word_1_584' title='bbox 628 4636 959 4707; x_wconf 80' lang='lat' dir='ltr'><strong>millenario)</strong></span> <span class='ocrx_word' id='word_1_585' title='bbox 1006 4636 1119 4691; x_wconf 32' lang='lat' dir='ltr'><strong>ﬂat-</strong></span> <span class='ocrx_word' id='word_1_586' title='bbox 1150 4637 1344 4693; x_wconf 90' lang='lat' dir='ltr'><strong>mundi</strong></span> <span class='ocrx_word' id='word_1_587' title='bbox 1375 4637 1783 4693; x_wconf 84' lang='lat' dir='ltr'><strong>consummatio</strong></span> <span class='ocrx_word' id='word_1_588' title='bbox 1823 4653 1836 4688; x_wconf 90' lang='lat'><strong>:</strong></span> 
     </span>
    </p>
   </div>
   <div class='ocr_carea' id='block_1_108' title="bbox 369 4817 1947 4889">
    <p class='ocr_par' dir='ltr' id='par_1_108' title="bbox 369 4817 1947 4889">
     <span class='ocr_line' id='line_1_108' title="bbox 369 4817 1947 4889; baseline 0.002 -19"><span class='ocrx_word' id='word_1_589' title='bbox 369 4830 500 4870; x_wconf 86' lang='lat' dir='ltr'><strong>rum</strong></span> <span class='ocrx_word' id='word_1_590' title='bbox 524 4831 756 4872; x_wconf 88' lang='lat' dir='ltr'><strong>numero</strong></span> <span class='ocrx_word' id='word_1_591' title='bbox 780 4818 968 4886; x_wconf 83' lang='lat' dir='ltr'><strong>paria:</strong></span> <span class='ocrx_word' id='word_1_592' title='bbox 1008 4833 1215 4889; x_wconf 86' lang='lat' dir='ltr'><strong>nempe</strong></span> <span class='ocrx_word' id='word_1_593' title='bbox 1251 4818 1308 4874; x_wconf 90' lang='lat' dir='ltr'><strong>in</strong></span> <span class='ocrx_word' id='word_1_594' title='bbox 1363 4819 1549 4889; x_wconf 90' lang='lat' dir='ltr'><strong>primo</strong></span> <span class='ocrx_word' id='word_1_595' title='bbox 1579 4817 1804 4888; x_wconf 90' lang='lat' dir='ltr'><strong>quidem</strong></span> <span class='ocrx_word' id='word_1_596' title='bbox 1855 4817 1947 4873; x_wconf 89' lang='lat' dir='ltr'><strong>die</strong></span> 
     </span>
    </p>
   </div>
   <div class='ocr_carea' id='block_1_109' title="bbox 364 4906 1943 4981">
    <p class='ocr_par' dir='ltr' id='par_1_109' title="bbox 364 4906 1943 4981">
     <span class='ocr_line' id='line_1_109' title="bbox 364 4906 1943 4981; baseline 0.001 -20"><span class='ocrx_word' id='word_1_597' title='bbox 364 4915 501 4980; x_wconf 86' lang='lat' dir='ltr'><strong>post</strong></span> <span class='ocrx_word' id='word_1_598' title='bbox 531 4906 807 4978; x_wconf 81' lang='lat' dir='ltr'><strong>simplicia</strong></span> <span class='ocrx_word' id='word_1_599' title='bbox 840 4910 1116 4964; x_wconf 88' lang='lat' dir='ltr'><strong>elementa</strong></span> <span class='ocrx_word' id='word_1_600' title='bbox 1135 4949 1152 4974; x_wconf 90' lang='lat'><strong>,</strong></span> <span class='ocrx_word' id='word_1_601' title='bbox 1187 4925 1328 4981; x_wconf 86' lang='lat' dir='ltr'><strong>opus</strong></span> <span class='ocrx_word' id='word_1_602' title='bbox 1350 4926 1521 4966; x_wconf 89' lang='lat' dir='ltr'><strong>unum</strong></span> <span class='ocrx_word' id='word_1_603' title='bbox 1540 4910 1696 4981; x_wconf 84' lang='lat' dir='ltr'><strong>quod</strong></span> <span class='ocrx_word' id='word_1_604' title='bbox 1717 4919 1805 4965; x_wconf 81' lang='lat' dir='ltr'><strong>est</strong></span> <span class='ocrx_word' id='word_1_605' title='bbox 1828 4909 1943 4964; x_wconf 82' lang='lat' dir='ltr'><strong>lux.</strong></span> 
     </span>
    </p>
   </div>
   <div class='ocr_carea' id='block_1_110' title="bbox 367 4997 1946 5072">
    <p class='ocr_par' dir='ltr' id='par_1_110' title="bbox 367 4997 1946 5072">
     <span class='ocr_line' id='line_1_110' title="bbox 367 4997 1946 5072; baseline 0.001 -19"><span class='ocrx_word' id='word_1_606' title='bbox 367 4997 434 5053; x_wconf 83' lang='lat' dir='ltr'><strong>In</strong></span> <span class='ocrx_word' id='word_1_607' title='bbox 460 4999 710 5063; x_wconf 84' lang='lat' dir='ltr'><strong>secundo</strong></span> <span class='ocrx_word' id='word_1_608' title='bbox 739 5010 950 5065; x_wconf 88' lang='lat' dir='ltr'><strong>autem,</strong></span> <span class='ocrx_word' id='word_1_609' title='bbox 985 5000 1099 5058; x_wconf 93' lang='lat' dir='ltr'><strong>duo</strong></span> <span class='ocrx_word' id='word_1_610' title='bbox 1144 5018 1157 5053; x_wconf 90' lang='lat'><strong>:</strong></span> <span class='ocrx_word' id='word_1_611' title='bbox 1185 5017 1385 5072; x_wconf 87' lang='lat' dir='ltr'><strong>nempe</strong></span> <span class='ocrx_word' id='word_1_612' title='bbox 1431 5002 1866 5065; x_wconf 77' lang='lat' dir='ltr'><strong>ﬁrmamentum,</strong></span> <span class='ocrx_word' id='word_1_613' title='bbox 1889 5008 1946 5055; x_wconf 90' lang='lat' dir='ltr'><strong>et</strong></span> 
     </span>
    </p>
   </div>
   <div class='ocr_carea' id='block_1_111' title="bbox 2058 3995 3209 4066">
    <p class='ocr_par' dir='ltr' id='par_1_111' title="bbox 2058 3995 3209 4066">
     <span class='ocr_line' id='line_1_111' title="bbox 2058 3995 3209 4066; baseline 0.003 -15"><span class='ocrx_word' id='word_1_614' title='bbox 2058 4005 2250 4066; x_wconf 66' lang='lat' dir='ltr'><strong>etque:</strong></span> <span class='ocrx_word' id='word_1_615' title='bbox 2276 3995 2380 4050; x_wconf 90' lang='lat' dir='ltr'><strong>fuit</strong></span> <span class='ocrx_word' id='word_1_616' title='bbox 2412 3997 2495 4050; x_wconf 88' lang='lat' dir='ltr'><strong>eis</strong></span> <span class='ocrx_word' id='word_1_617' title='bbox 2518 3995 2646 4051; x_wconf 88' lang='lat' dir='ltr'><strong>data</strong></span> <span class='ocrx_word' id='word_1_618' title='bbox 2665 4005 2928 4066; x_wconf 89' lang='lat' dir='ltr'><strong>potestas,</strong></span> <span class='ocrx_word' id='word_1_619' title='bbox 2956 4010 3011 4053; x_wconf 90' lang='lat' dir='ltr'><strong>et</strong></span> <span class='ocrx_word' id='word_1_620' title='bbox 3033 3999 3209 4056; x_wconf 90' lang='lat' dir='ltr'><strong>cibus.</strong></span> 
     </span>
    </p>
   </div>
   <div class='ocr_carea' id='block_1_112' title="bbox 2128 4088 3664 4165">
    <p class='ocr_par' dir='ltr' id='par_1_112' title="bbox 2128 4088 3664 4165">
     <span class='ocr_line' id='line_1_112' title="bbox 2128 4088 3664 4165; baseline 0.007 -23"><span class='ocrx_word' id='word_1_621' title='bbox 2128 4088 2188 4142; x_wconf 89' lang='lat' dir='ltr'><strong>ln</strong></span> <span class='ocrx_word' id='word_1_622' title='bbox 2212 4088 2299 4142; x_wconf 86' lang='lat' dir='ltr'><strong>his</strong></span> <span class='ocrx_word' id='word_1_623' title='bbox 2329 4088 2499 4153; x_wconf 88' lang='lat' dir='ltr'><strong>enim,</strong></span> <span class='ocrx_word' id='word_1_624' title='bbox 2549 4089 2809 4159; x_wconf 89' lang='lat' dir='ltr'><strong>inquiunt</strong></span> <span class='ocrx_word' id='word_1_625' title='bbox 2855 4091 3226 4160; x_wconf 81' lang='lat' dir='ltr'><strong>expositores,</strong></span> <span class='ocrx_word' id='word_1_626' title='bbox 3277 4093 3375 4165; x_wconf 77' lang='lat' dir='ltr'><strong>sex</strong></span> <span class='ocrx_word' id='word_1_627' title='bbox 3414 4095 3664 4163; x_wconf 29' lang='lat' dir='ltr'><strong>dicbust</strong></span> 
     </span>
    </p>
   </div>
   <div class='ocr_carea' id='block_1_113' title="bbox 2056 4176 3635 4258">
    <p class='ocr_par' dir='ltr' id='par_1_113' title="bbox 2056 4176 3635 4258">
     <span class='ocr_line' id='line_1_113' title="bbox 2056 4176 3635 4258; baseline 0.008 -27"><span class='ocrx_word' id='word_1_628' title='bbox 2056 4176 2186 4232; x_wconf 88' lang='lat' dir='ltr'><strong>licet</strong></span> <span class='ocrx_word' id='word_1_629' title='bbox 2208 4177 2399 4232; x_wconf 84' lang='lat' dir='ltr'><strong>videre</strong></span> <span class='ocrx_word' id='word_1_630' title='bbox 2424 4176 2480 4230; x_wconf 90' lang='lat' dir='ltr'><strong>in</strong></span> <span class='ocrx_word' id='word_1_631' title='bbox 2510 4191 2706 4231; x_wconf 90' lang='lat' dir='ltr'><strong>eorum</strong></span> <span class='ocrx_word' id='word_1_632' title='bbox 2737 4178 2971 4248; x_wconf 86' lang='lat' dir='ltr'><strong>singulis</strong></span> <span class='ocrx_word' id='word_1_633' title='bbox 3008 4182 3635 4258; x_wconf 77' lang='lat' dir='ltr'><strong>symbolicum&#39;aliquod</strong></span> 
     </span>
    </p>
   </div>
   <div class='ocr_carea' id='block_1_114' title="bbox 2056 4267 3630 4340">
    <p class='ocr_par' dir='ltr' id='par_1_114' title="bbox 2056 4267 3630 4340">
     <span class='ocr_line' id='line_1_114' title="bbox 2056 4267 3630 4340; baseline 0.008 -17"><span class='ocrx_word' id='word_1_634' title='bbox 2056 4268 2287 4323; x_wconf 90' lang='lat' dir='ltr'><strong>evidens</strong></span> <span class='ocrx_word' id='word_1_635' title='bbox 2335 4267 2604 4323; x_wconf 88' lang='lat' dir='ltr'><strong>indicium</strong></span> <span class='ocrx_word' id='word_1_636' title='bbox 2655 4284 2838 4323; x_wconf 90' lang='lat' dir='ltr'><strong>rerum</strong></span> <span class='ocrx_word' id='word_1_637' title='bbox 2882 4282 3007 4340; x_wconf 79' lang='lat' dir='ltr'><strong>quae</strong></span> <span class='ocrx_word' id='word_1_638' title='bbox 3044 4288 3076 4327; x_wconf 91' lang='lat' dir='ltr'><strong>a</strong></span> <span class='ocrx_word' id='word_1_639' title='bbox 3120 4274 3232 4331; x_wconf 87' lang='lat' dir='ltr'><strong>Deo</strong></span> <span class='ocrx_word' id='word_1_640' title='bbox 3279 4274 3435 4335; x_wconf 80' lang='lat' dir='ltr'><strong>facta:</strong></span> <span class='ocrx_word' id='word_1_641' title='bbox 3482 4289 3630 4335; x_wconf 88' lang='lat' dir='ltr'><strong>sunt.</strong></span> 
     </span>
    </p>
   </div>
   <div class='ocr_carea' id='block_1_115' title="bbox 2062 4359 3635 4435">
    <p class='ocr_par' dir='ltr' id='par_1_115' title="bbox 2062 4359 3635 4435">
     <span class='ocr_line' id='line_1_115' title="bbox 2062 4359 3635 4435; baseline 0.006 -21"><span class='ocrx_word' id='word_1_642' title='bbox 2062 4359 2198 4414; x_wconf 86' lang='lat' dir='ltr'><strong>Nam</strong></span> <span class='ocrx_word' id='word_1_643' title='bbox 2247 4359 2305 4413; x_wconf 88' lang='lat' dir='ltr'><strong>in</strong></span> <span class='ocrx_word' id='word_1_644' title='bbox 2330 4359 2511 4430; x_wconf 89' lang='lat' dir='ltr'><strong>primo</strong></span> <span class='ocrx_word' id='word_1_645' title='bbox 2551 4359 2664 4426; x_wconf 93' lang='lat' dir='ltr'><strong>die,</strong></span> <span class='ocrx_word' id='word_1_646' title='bbox 2707 4360 2985 4435; x_wconf 83' lang='lat' dir='ltr'><strong>separatio</strong></span> <span class='ocrx_word' id='word_1_647' title='bbox 3020 4363 3162 4418; x_wconf 87' lang='lat' dir='ltr'><strong>lucis</strong></span> <span class='ocrx_word' id='word_1_648' title='bbox 3190 4372 3246 4419; x_wconf 89' lang='lat' dir='ltr'><strong>et</strong></span> <span class='ocrx_word' id='word_1_649' title='bbox 3280 4369 3635 4424; x_wconf 70' lang='lat' dir='ltr'><strong>tenebrarum</strong></span> 
     </span>
    </p>
   </div>
   <div class='ocr_carea' id='block_1_116' title="bbox 2054 4448 3632 4527">
    <p class='ocr_par' dir='ltr' id='par_1_116' title="bbox 2054 4448 3632 4527">
     <span class='ocr_line' id='line_1_116' title="bbox 2054 4448 3632 4527; baseline 0.007 -22"><span class='ocrx_word' id='word_1_650' title='bbox 2054 4448 2329 4521; x_wconf 81' lang='lat' dir='ltr'><strong>signiﬁcat</strong></span> <span class='ocrx_word' id='word_1_651' title='bbox 2377 4451 2528 4505; x_wconf 86' lang='lat' dir='ltr'><strong>illam</strong></span> <span class='ocrx_word' id='word_1_652' title='bbox 2588 4451 2998 4521; x_wconf 84' lang='lat' dir='ltr'><strong>separationcm</strong></span> <span class='ocrx_word' id='word_1_653' title='bbox 3033 4464 3228 4510; x_wconf 83' lang='lat' dir='ltr'><strong>eorum</strong></span> <span class='ocrx_word' id='word_1_654' title='bbox 3271 4458 3366 4527; x_wconf 88' lang='lat' dir='ltr'><strong>qui</strong></span> <span class='ocrx_word' id='word_1_655' title='bbox 3398 4470 3558 4515; x_wconf 79' lang='lat' dir='ltr'><strong>erant</strong></span> <span class='ocrx_word' id='word_1_656' title='bbox 3599 4479 3632 4515; x_wconf 88' lang='lat' dir='ltr'><strong>a</strong></span> 
     </span>
    </p>
   </div>
   <div class='ocr_carea' id='block_1_117' title="bbox 2055 4543 3631 4619">
    <p class='ocr_par' dir='ltr' id='par_1_117' title="bbox 2055 4543 3631 4619">
     <span class='ocr_line' id='line_1_117' title="bbox 2055 4543 3631 4619; baseline 0.009 -23"><span class='ocrx_word' id='word_1_657' title='bbox 2055 4544 2255 4597; x_wconf 68' lang='lat' dir='ltr'><strong>dextris</strong></span> <span class='ocrx_word' id='word_1_658' title='bbox 2297 4552 2349 4597; x_wconf 77' lang='lat' dir='ltr'><strong>et</strong></span> <span class='ocrx_word' id='word_1_659' title='bbox 2383 4545 2612 4598; x_wconf 73' lang='lat' dir='ltr'><strong>sinistris</strong></span> <span class='ocrx_word' id='word_1_660' title='bbox 2648 4543 2878 4611; x_wconf 83' lang='lat' dir='ltr'><strong>Christi,</strong></span> <span class='ocrx_word' id='word_1_661' title='bbox 2927 4563 3125 4619; x_wconf 90' lang='lat' dir='ltr'><strong>nempe</strong></span> <span class='ocrx_word' id='word_1_662' title='bbox 3176 4561 3532 4619; x_wconf 82' lang='lat' dir='ltr'><strong>peccatorum</strong></span> <span class='ocrx_word' id='word_1_663' title='bbox 3575 4564 3631 4610; x_wconf 89' lang='lat' dir='ltr'><strong>et</strong></span> 
     </span>
    </p>
   </div>
   <div class='ocr_carea' id='block_1_118' title="bbox 1889 4635 3630 4716">
    <p class='ocr_par' dir='ltr' id='par_1_118' title="bbox 1889 4635 3630 4716">
     <span class='ocr_line' id='line_1_118' title="bbox 1889 4635 3630 4716; baseline 0.006 -25"><span class='ocrx_word' id='word_1_664' title='bbox 1889 4637 1947 4691; x_wconf 84' lang='lat' dir='ltr'><strong>In</strong></span> <span class='ocrx_word' id='word_1_665' title='bbox 2048 4635 2364 4705; x_wconf 86' lang='lat' dir='ltr'><strong>justorum:</strong></span> <span class='ocrx_word' id='word_1_666' title='bbox 2404 4636 2551 4691; x_wconf 91' lang='lat' dir='ltr'><strong>unde</strong></span> <span class='ocrx_word' id='word_1_667' title='bbox 2588 4636 2754 4691; x_wconf 88' lang='lat' dir='ltr'><strong>etiam</strong></span> <span class='ocrx_word' id='word_1_668' title='bbox 2784 4638 2838 4692; x_wconf 90' lang='lat' dir='ltr'><strong>in</strong></span> <span class='ocrx_word' id='word_1_669' title='bbox 2870 4635 3128 4696; x_wconf 71' lang='lat' dir='ltr'><strong>tenebras</strong></span> <span class='ocrx_word' id='word_1_670' title='bbox 3148 4644 3451 4700; x_wconf 73' lang='lat' dir='ltr'><strong>exteriores</strong></span> <span class='ocrx_word' id='word_1_671' title='bbox 3474 4646 3630 4716; x_wconf 85' lang='lat' dir='ltr'><strong>jubet</strong></span> 
     </span>
    </p>
   </div>
   <div class='ocr_carea' id='block_1_119' title="bbox 368 4725 1985 4805">
    <p class='ocr_par' dir='ltr' id='par_1_119' title="bbox 368 4725 1985 4805">
     <span class='ocr_line' id='line_1_119' title="bbox 368 4725 1985 4805; baseline -0.001 -22"><span class='ocrx_word' id='word_1_672' title='bbox 368 4725 633 4796; x_wconf 74' lang='lat' dir='ltr'><strong>singulis,</strong></span> <span class='ocrx_word' id='word_1_673' title='bbox 663 4727 863 4797; x_wconf 90' lang='lat' dir='ltr'><strong>inquit,</strong></span> <span class='ocrx_word' id='word_1_674' title='bbox 889 4727 1091 4783; x_wconf 88' lang='lat' dir='ltr'><strong>diebus</strong></span> <span class='ocrx_word' id='word_1_675' title='bbox 1107 4729 1409 4785; x_wconf 87' lang='lat' dir='ltr'><strong>creationis</strong></span> <span class='ocrx_word' id='word_1_676' title='bbox 1445 4729 1587 4805; x_wconf 65' lang='lat' dir='ltr'><strong>fecit</strong></span> <span class='ocrx_word' id='word_1_677' title='bbox 1598 4743 1788 4799; x_wconf 79' lang='lat' dir='ltr'><strong>opera,</strong></span> <span class='ocrx_word' id='word_1_678' title='bbox 1822 4727 1945 4782; x_wconf 92' lang='lat' dir='ltr'><strong>die-</strong></span> <span class='ocrx_word' id='word_1_679' title='bbox 1982 4770 1985 4773; x_wconf 90' lang='lat'><strong>.</strong></span> 
     </span>
    </p>
   </div>
   <div class='ocr_carea' id='block_1_120' title="bbox 2056 4726 3632 4799">
    <p class='ocr_par' dir='ltr' id='par_1_120' title="bbox 2056 4726 3632 4799">
     <span class='ocr_line' id='line_1_120' title="bbox 2056 4726 3632 4799; baseline 0.008 -17"><span class='ocrx_word' id='word_1_680' title='bbox 2056 4726 2212 4783; x_wconf 87' lang='lat' dir='ltr'><strong>abire</strong></span> <span class='ocrx_word' id='word_1_681' title='bbox 2236 4744 2334 4783; x_wconf 91' lang='lat' dir='ltr'><strong>eos</strong></span> <span class='ocrx_word' id='word_1_682' title='bbox 2371 4730 2468 4799; x_wconf 90' lang='lat' dir='ltr'><strong>qui</strong></span> <span class='ocrx_word' id='word_1_683' title='bbox 2498 4739 2662 4784; x_wconf 89' lang='lat' dir='ltr'><strong>erant</strong></span> <span class='ocrx_word' id='word_1_684' title='bbox 2687 4746 2717 4784; x_wconf 91' lang='lat' dir='ltr'><strong>a</strong></span> <span class='ocrx_word' id='word_1_685' title='bbox 2742 4731 3008 4787; x_wconf 77' lang='lat' dir='ltr'><strong>sinisu&#39;is.</strong></span> <span class='ocrx_word' id='word_1_686' title='bbox 3037 4733 3311 4792; x_wconf 85' lang='lat' dir='ltr'><strong>Similiter</strong></span> <span class='ocrx_word' id='word_1_687' title='bbox 3349 4747 3406 4792; x_wconf 90' lang='lat' dir='ltr'><strong>ct</strong></span> <span class='ocrx_word' id='word_1_688' title='bbox 3431 4755 3632 4795; x_wconf 90' lang='lat' dir='ltr'><strong>secun-</strong></span> 
     </span>
    </p>
   </div>
   <div class='ocr_carea' id='block_1_121' title="bbox 2052 4818 3604 4893">
    <p class='ocr_par' dir='ltr' id='par_1_121' title="bbox 2052 4818 3604 4893">
     <span class='ocr_line' id='line_1_121' title="bbox 2052 4818 3604 4893; baseline 0.01 -21"><span class='ocrx_word' id='word_1_689' title='bbox 2052 4819 2124 4873; x_wconf 91' lang='lat' dir='ltr'><strong>do</strong></span> <span class='ocrx_word' id='word_1_690' title='bbox 2142 4818 2233 4872; x_wconf 91' lang='lat' dir='ltr'><strong>die</strong></span> <span class='ocrx_word' id='word_1_691' title='bbox 2267 4835 2467 4889; x_wconf 88' lang='lat' dir='ltr'><strong>aquam</strong></span> <span class='ocrx_word' id='word_1_692' title='bbox 2498 4821 2720 4890; x_wconf 90' lang='lat' dir='ltr'><strong>quidem</strong></span> <span class='ocrx_word' id='word_1_693' title='bbox 2783 4824 2983 4893; x_wconf 88' lang='lat' dir='ltr'><strong>partim</strong></span> <span class='ocrx_word' id='word_1_694' title='bbox 3014 4822 3071 4880; x_wconf 91' lang='lat' dir='ltr'><strong>in</strong></span> <span class='ocrx_word' id='word_1_695' title='bbox 3112 4828 3283 4882; x_wconf 80' lang='lat' dir='ltr'><strong>ccelos</strong></span> <span class='ocrx_word' id='word_1_696' title='bbox 3325 4833 3472 4885; x_wconf 86' lang='lat' dir='ltr'><strong>csse&#39;</strong></span> <span class='ocrx_word' id='word_1_697' title='bbox 3502 4833 3604 4887; x_wconf 87' lang='lat' dir='ltr'><strong>sub</strong></span> 
     </span>
    </p>
   </div>
   <div class='ocr_carea' id='block_1_122' title="bbox 2052 4909 3627 4980">
    <p class='ocr_par' dir='ltr' id='par_1_122' title="bbox 2052 4909 3627 4980">
     <span class='ocr_line' id='line_1_122' title="bbox 2052 4909 3627 4980; baseline 0.007 -15"><span class='ocrx_word' id='word_1_698' title='bbox 2052 4909 2241 4974; x_wconf 86' lang='lat' dir='ltr'><strong>latam,</strong></span> <span class='ocrx_word' id='word_1_699' title='bbox 2270 4912 2473 4980; x_wconf 87' lang='lat' dir='ltr'><strong>partim</strong></span> <span class='ocrx_word' id='word_1_700' title='bbox 2494 4921 2680 4967; x_wconf 83' lang='lat' dir='ltr'><strong>autem</strong></span> <span class='ocrx_word' id='word_1_701' title='bbox 2700 4929 2898 4969; x_wconf 89' lang='lat' dir='ltr'><strong>rursus</strong></span> <span class='ocrx_word' id='word_1_702' title='bbox 2919 4916 3267 4972; x_wconf 87' lang='lat' dir='ltr'><strong>amandatam</strong></span> <span class='ocrx_word' id='word_1_703' title='bbox 3289 4918 3345 4972; x_wconf 93' lang='lat' dir='ltr'><strong>in</strong></span> <span class='ocrx_word' id='word_1_704' title='bbox 3371 4922 3627 4977; x_wconf 87' lang='lat' dir='ltr'><strong>tenebras</strong></span> 
     </span>
    </p>
   </div>
   <div class='ocr_carea' id='block_1_123' title="bbox 2052 5003 3625 5083">
    <p class='ocr_par' dir='ltr' id='par_1_123' title="bbox 2052 5003 3625 5083">
     <span class='ocr_line' id='line_1_123' title="bbox 2052 5003 3625 5083; baseline 0.009 -27"><span class='ocrx_word' id='word_1_705' title='bbox 2052 5003 2270 5074; x_wconf 83' lang='lat' dir='ltr'><strong>abyssi;</strong></span> <span class='ocrx_word' id='word_1_706' title='bbox 2310 5003 2475 5060; x_wconf 90' lang='lat' dir='ltr'><strong>docet</strong></span> <span class='ocrx_word' id='word_1_707' title='bbox 2512 5020 2615 5060; x_wconf 88' lang='lat' dir='ltr'><strong>nos</strong></span> <span class='ocrx_word' id='word_1_708' title='bbox 2646 5021 2772 5076; x_wconf 69' lang='lat' dir='ltr'><strong>quae</strong></span> <span class='ocrx_word' id='word_1_709' title='bbox 2826 5006 3015 5063; x_wconf 87' lang='lat' dir='ltr'><strong>futura</strong></span> <span class='ocrx_word' id='word_1_710' title='bbox 3077 5010 3191 5064; x_wconf 86' lang='lat' dir='ltr'><strong>sint</strong></span> <span class='ocrx_word' id='word_1_711' title='bbox 3250 5010 3515 5083; x_wconf 84' lang='lat' dir='ltr'><strong>dejustis</strong></span> <span class='ocrx_word' id='word_1_712' title='bbox 3569 5025 3625 5070; x_wconf 88' lang='lat' dir='ltr'><strong>et</strong></span> 
     </span>
    </p>
   </div>
   <div class='ocr_carea' id='block_1_124' title="bbox 366 5076 3621 5166">
    <p class='ocr_par' dir='ltr' id='par_1_124' title="bbox 366 5076 3621 5166">
     <span class='ocr_line' id='line_1_124' title="bbox 366 5076 3621 5166; baseline 0.004 -21"><span class='ocrx_word' id='word_1_713' title='bbox 366 5089 703 5145; x_wconf 85' lang='lat' dir='ltr'><strong>divisionem</strong></span> <span class='ocrx_word' id='word_1_714' title='bbox 738 5106 1011 5166; x_wconf 79' lang='lat' dir='ltr'><strong>aquarum</strong></span> <span class='ocrx_word' id='word_1_715' title='bbox 1057 5101 1169 5147; x_wconf 90' lang='lat' dir='ltr'><strong>tam</strong></span> <span class='ocrx_word' id='word_1_716' title='bbox 1220 5108 1344 5163; x_wconf 72' lang='lat' dir='ltr'><strong>quae</strong></span> <span class='ocrx_word' id='word_1_717' title='bbox 1376 5100 1510 5149; x_wconf 84' lang='lat' dir='ltr'><strong>sunt</strong></span> <span class='ocrx_word' id='word_1_718' title='bbox 1553 5108 1744 5163; x_wconf 84' lang='lat' dir='ltr'><strong>supra,</strong></span> <span class='ocrx_word' id='word_1_719' title='bbox 1775 5108 1940 5163; x_wconf 87' lang='lat' dir='ltr'><strong>quam</strong></span> <span class='ocrx_word' id='word_1_720' title='bbox 1981 5076 2023 5130; x_wconf 77' lang='grc' dir='ltr'><strong>ί)</strong></span> <span class='ocrx_word' id='word_1_721' title='bbox 2050 5093 2442 5163; x_wconf 87' lang='lat' dir='ltr'><strong>peccatoribus</strong></span> <span class='ocrx_word' id='word_1_722' title='bbox 2499 5110 2568 5150; x_wconf 73' lang='lat' dir='ltr'><strong>ex</strong></span> <span class='ocrx_word' id='word_1_723' title='bbox 2603 5097 2767 5152; x_wconf 86' lang='lat' dir='ltr'><strong>nobis</strong></span> <span class='ocrx_word' id='word_1_724' title='bbox 2814 5098 2869 5151; x_wconf 93' lang='lat' dir='ltr'><strong>in</strong></span> <span class='ocrx_word' id='word_1_725' title='bbox 2910 5076 3412 5157; x_wconf 42' lang='lat' dir='ltr'><strong>censummation&#39;e.</strong></span> <span class='ocrx_word' id='word_1_726' title='bbox 3447 5104 3621 5158; x_wconf 79' lang='lat' dir='ltr'><strong>Mani-</strong></span> 
     </span>
    </p>
   </div>
   <div class='ocr_carea' id='block_1_125' title="bbox 363 5180 1942 5257">
    <p class='ocr_par' dir='ltr' id='par_1_125' title="bbox 363 5180 1942 5257">
     <span class='ocr_line' id='line_1_125' title="bbox 363 5180 1942 5257; baseline 0.003 -22"><span class='ocrx_word' id='word_1_727' title='bbox 363 5197 494 5251; x_wconf 76' lang='lat' dir='ltr'><strong>quze</strong></span> <span class='ocrx_word' id='word_1_728' title='bbox 518 5180 683 5235; x_wconf 82' lang='lat' dir='ltr'><strong>int&#39;ra.</strong></span> <span class='ocrx_word' id='word_1_729' title='bbox 708 5180 898 5237; x_wconf 88' lang='lat' dir='ltr'><strong>Tertio</strong></span> <span class='ocrx_word' id='word_1_730' title='bbox 928 5183 1045 5250; x_wconf 91' lang='lat' dir='ltr'><strong>die,</strong></span> <span class='ocrx_word' id='word_1_731' title='bbox 1071 5186 1177 5240; x_wconf 82' lang='lat' dir='ltr'><strong>tria</strong></span> <span class='ocrx_word' id='word_1_732' title='bbox 1205 5202 1218 5237; x_wconf 89' lang='lat'><strong>:</strong></span> <span class='ocrx_word' id='word_1_733' title='bbox 1255 5185 1739 5257; x_wconf 77' lang='lat' dir='ltr'><strong>congregationem</strong></span> <span class='ocrx_word' id='word_1_734' title='bbox 1765 5200 1942 5255; x_wconf 73' lang='lat' dir='ltr'><strong>aquze,</strong></span> 
     </span>
    </p>
   </div>
   <div class='ocr_carea' id='block_1_126' title="bbox 364 5271 1947 5346">
    <p class='ocr_par' dir='ltr' id='par_1_126' title="bbox 364 5271 1947 5346">
     <span class='ocr_line' id='line_1_126' title="bbox 364 5271 1947 5346; baseline 0.003 -20"><span class='ocrx_word' id='word_1_735' title='bbox 364 5282 427 5326; x_wconf 89' lang='lat' dir='ltr'><strong>et</strong></span> <span class='ocrx_word' id='word_1_736' title='bbox 452 5282 611 5327; x_wconf 63' lang='lat' dir='ltr'><strong>terrae</strong></span> <span class='ocrx_word' id='word_1_737' title='bbox 637 5271 1032 5339; x_wconf 83' lang='lat' dir='ltr'><strong>detectionem,</strong></span> <span class='ocrx_word' id='word_1_738' title='bbox 1066 5285 1121 5330; x_wconf 92' lang='lat' dir='ltr'><strong>et</strong></span> <span class='ocrx_word' id='word_1_739' title='bbox 1153 5277 1438 5332; x_wconf 88' lang='lat' dir='ltr'><strong>fructuum</strong></span> <span class='ocrx_word' id='word_1_740' title='bbox 1468 5292 1538 5331; x_wconf 82' lang='lat' dir='ltr'><strong>ex</strong></span> <span class='ocrx_word' id='word_1_741' title='bbox 1574 5292 1640 5332; x_wconf 86' lang='lat' dir='ltr'><strong>ea</strong></span> <span class='ocrx_word' id='word_1_742' title='bbox 1667 5277 1947 5346; x_wconf 85' lang='lat' dir='ltr'><strong>germina-</strong></span> 
     </span>
    </p>
   </div>
   <div class='ocr_carea' id='block_1_127' title="bbox 2051 5182 3626 5257">
    <p class='ocr_par' dir='ltr' id='par_1_127' title="bbox 2051 5182 3626 5257">
     <span class='ocr_line' id='line_1_127' title="bbox 2051 5182 3626 5257; baseline 0.008 -19"><span class='ocrx_word' id='word_1_743' title='bbox 2051 5183 2250 5251; x_wconf 84' lang='lat' dir='ltr'><strong>festius</strong></span> <span class='ocrx_word' id='word_1_744' title='bbox 2270 5194 2456 5239; x_wconf 89' lang='lat' dir='ltr'><strong>autem</strong></span> <span class='ocrx_word' id='word_1_745' title='bbox 2481 5200 2582 5239; x_wconf 86' lang='lat' dir='ltr'><strong>nos</strong></span> <span class='ocrx_word' id='word_1_746' title='bbox 2619 5186 2784 5242; x_wconf 88' lang='lat' dir='ltr'><strong>docet</strong></span> <span class='ocrx_word' id='word_1_747' title='bbox 2824 5182 2944 5244; x_wconf 87' lang='lat' dir='ltr'><strong>dies</strong></span> <span class='ocrx_word' id='word_1_748' title='bbox 2987 5191 3187 5246; x_wconf 89' lang='lat' dir='ltr'><strong>tertius</strong></span> <span class='ocrx_word' id='word_1_749' title='bbox 3239 5195 3508 5257; x_wconf 81' lang='lat' dir='ltr'><strong>rationem</strong></span> <span class='ocrx_word' id='word_1_750' title='bbox 3544 5211 3626 5250; x_wconf 85' lang='lat' dir='ltr'><strong>re-</strong></span> 
     </span>
    </p>
   </div>
   <div class='ocr_carea' id='block_1_128' title="bbox 2051 5274 3625 5355">
    <p class='ocr_par' dir='ltr' id='par_1_128' title="bbox 2051 5274 3625 5355">
     <span class='ocr_line' id='line_1_128' title="bbox 2051 5274 3625 5355; baseline 0.009 -25"><span class='ocrx_word' id='word_1_751' title='bbox 2051 5274 2441 5341; x_wconf 82' lang='lat' dir='ltr'><strong>surrectionis,</strong></span> <span class='ocrx_word' id='word_1_752' title='bbox 2477 5292 2576 5347; x_wconf 90' lang='lat' dir='ltr'><strong>per</strong></span> <span class='ocrx_word' id='word_1_753' title='bbox 2619 5278 2726 5334; x_wconf 90' lang='lat' dir='ltr'><strong>hoc</strong></span> <span class='ocrx_word' id='word_1_754' title='bbox 2775 5281 2922 5351; x_wconf 86' lang='lat' dir='ltr'><strong>quod</strong></span> <span class='ocrx_word' id='word_1_755' title='bbox 2976 5282 3115 5338; x_wconf 83' lang='lat' dir='ltr'><strong>dixit</strong></span> <span class='ocrx_word' id='word_1_756' title='bbox 3141 5285 3187 5339; x_wconf 84' lang='lat' dir='ltr'><strong>is</strong></span> <span class='ocrx_word' id='word_1_757' title='bbox 3217 5287 3311 5355; x_wconf 91' lang='lat' dir='ltr'><strong>qui</strong></span> <span class='ocrx_word' id='word_1_758' title='bbox 3342 5296 3472 5342; x_wconf 89' lang='lat' dir='ltr'><strong>tunc</strong></span> <span class='ocrx_word' id='word_1_759' title='bbox 3506 5300 3625 5344; x_wconf 83' lang='lat' dir='ltr'><strong>erat</strong></span> 
     </span>
    </p>
   </div>
   <div class='ocr_carea' id='block_1_129' title="bbox 368 5361 3630 5452">
    <p class='ocr_par' dir='ltr' id='par_1_129' title="bbox 368 5361 3630 5452">
     <span class='ocr_line' id='line_1_129' title="bbox 368 5361 3630 5452; baseline 0.005 -35"><span class='ocrx_word' id='word_1_760' title='bbox 368 5363 600 5419; x_wconf 85' lang='lat' dir='ltr'><strong>tionem.</strong></span> <span class='ocrx_word' id='word_1_761' title='bbox 626 5361 857 5442; x_wconf 75' lang='lat' dir='ltr'><strong>Quarto,</strong></span> <span class='ocrx_word' id='word_1_762' title='bbox 897 5376 1137 5437; x_wconf 88' lang='lat' dir='ltr'><strong>quatuor</strong></span> <span class='ocrx_word' id='word_1_763' title='bbox 1178 5385 1190 5421; x_wconf 89' lang='lat'>:</span> <span class='ocrx_word' id='word_1_764' title='bbox 1224 5370 1434 5433; x_wconf 76' lang='lat' dir='ltr'><strong>stellas,</strong></span> <span class='ocrx_word' id='word_1_765' title='bbox 1488 5378 1545 5424; x_wconf 91' lang='lat' dir='ltr'><strong>et</strong></span> <span class='ocrx_word' id='word_1_766' title='bbox 1568 5369 1836 5433; x_wconf 88' lang='lat' dir='ltr'><strong>solem,et</strong></span> <span class='ocrx_word' id='word_1_767' title='bbox 1863 5369 1950 5422; x_wconf 88' lang='lat' dir='ltr'><strong>lu-</strong></span> <span class='ocrx_word' id='word_1_768' title='bbox 2049 5365 2303 5431; x_wconf 88' lang='lat' dir='ltr'><strong>Creator,</strong></span> <span class='ocrx_word' id='word_1_769' title='bbox 2338 5380 2530 5439; x_wconf 86' lang='lat' dir='ltr'><strong>postea</strong></span> <span class='ocrx_word' id='word_1_770' title='bbox 2555 5381 2740 5425; x_wconf 78' lang='lat' dir='ltr'><strong>autem</strong></span> <span class='ocrx_word' id='word_1_771' title='bbox 2768 5374 2987 5429; x_wconf 85' lang='lat' dir='ltr'><strong>futurus</strong></span> <span class='ocrx_word' id='word_1_772' title='bbox 3010 5376 3630 5452; x_wconf 74' lang='lat' dir='ltr'><strong>estjudeszougrcge-</strong></span> 
     </span>
    </p>
   </div>
   <div class='ocr_carea' id='block_1_130' title="bbox 365 5454 1945 5530">
    <p class='ocr_par' dir='ltr' id='par_1_130' title="bbox 365 5454 1945 5530">
     <span class='ocr_line' id='line_1_130' title="bbox 365 5454 1945 5530; baseline 0.003 -22"><span class='ocrx_word' id='word_1_773' title='bbox 365 5466 521 5510; x_wconf 82' lang='lat' dir='ltr'><strong>nam.</strong></span> <span class='ocrx_word' id='word_1_774' title='bbox 547 5457 822 5506; x_wconf 88' lang='lat' dir='ltr'><strong>eteorum</strong></span> <span class='ocrx_word' id='word_1_775' title='bbox 855 5454 1186 5524; x_wconf 86' lang='lat' dir='ltr'><strong>posituram.</strong></span> <span class='ocrx_word' id='word_1_776' title='bbox 1212 5456 1440 5525; x_wconf 83' lang='lat' dir='ltr'><strong>Quinto,</strong></span> <span class='ocrx_word' id='word_1_777' title='bbox 1470 5473 1667 5513; x_wconf 90' lang='lat' dir='ltr'><strong>rursus</strong></span> <span class='ocrx_word' id='word_1_778' title='bbox 1697 5458 1945 5530; x_wconf 88' lang='lat' dir='ltr'><strong>quinque</strong></span> 
     </span>
    </p>
   </div>
   <div class='ocr_carea' id='block_1_131' title="bbox 361 5547 1943 5621">
    <p class='ocr_par' dir='ltr' id='par_1_131' title="bbox 361 5547 1943 5621">
     <span class='ocr_line' id='line_1_131' title="bbox 361 5547 1943 5621; baseline 0.004 -23"><span class='ocrx_word' id='word_1_779' title='bbox 361 5558 538 5615; x_wconf 79' lang='lat' dir='ltr'><strong>opera</strong></span> <span class='ocrx_word' id='word_1_780' title='bbox 559 5583 571 5596; x_wconf 93' lang='lat'><strong>.</strong></span> <span class='ocrx_word' id='word_1_781' title='bbox 596 5560 795 5612; x_wconf 84' lang='lat' dir='ltr'><strong>nempe</strong></span> <span class='ocrx_word' id='word_1_782' title='bbox 820 5547 1065 5618; x_wconf 82' lang='lat' dir='ltr'><strong>quinque</strong></span> <span class='ocrx_word' id='word_1_783' title='bbox 1082 5563 1301 5613; x_wconf 77' lang='lat' dir='ltr'><strong>sensus,</strong></span> <span class='ocrx_word' id='word_1_784' title='bbox 1323 5551 1575 5620; x_wconf 82' lang='lat' dir='ltr'><strong>etpisccs</strong></span> <span class='ocrx_word' id='word_1_785' title='bbox 1596 5559 1653 5605; x_wconf 73' lang='lat' dir='ltr'><strong>et</strong></span> <span class='ocrx_word' id='word_1_786' title='bbox 1668 5551 1943 5621; x_wconf 74' lang='lat' dir='ltr'><strong>iumenta,</strong></span> 
     </span>
    </p>
   </div>
   <div class='ocr_carea' id='block_1_132' title="bbox 437 5676 1413 5752">
    <p class='ocr_par' dir='ltr' id='par_1_132' title="bbox 437 5676 1413 5752">
     <span class='ocr_line' id='line_1_132' title="bbox 437 5676 1413 5752; baseline 0.005 -20"><span class='ocrx_word' id='word_1_787' title='bbox 437 5676 515 5749; x_wconf 70' lang='grc'><strong>(8)</strong></span> <span class='ocrx_word' id='word_1_788' title='bbox 544 5678 746 5742; x_wconf 84' lang='lat' dir='ltr'><strong>Grabe,</strong></span> <span class='ocrx_word' id='word_1_789' title='bbox 769 5677 1013 5752; x_wconf 76' lang='lat' dir='ltr'><strong>Spicileg.</strong></span> <span class='ocrx_word' id='word_1_790' title='bbox 1044 5689 1083 5735; x_wconf 92' lang='lat' dir='ltr'><strong>t.</strong></span> <span class='ocrx_word' id='word_1_791' title='bbox 1108 5681 1174 5748; x_wconf 90' lang='lat' dir='ltr'><strong>ll,</strong></span> <span class='ocrx_word' id='word_1_792' title='bbox 1207 5698 1260 5751; x_wconf 90' lang='lat' dir='ltr'><strong>p.</strong></span> <span class='ocrx_word' id='word_1_793' title='bbox 1288 5683 1413 5738; x_wconf 74' lang='grc'><strong>246.</strong></span> 
     </span>
    </p>
   </div>
   <div class='ocr_carea' id='block_1_133' title="bbox 661 5773 1492 5836">
    <p class='ocr_par' dir='ltr' id='par_1_133' title="bbox 661 5773 1492 5836">
     <span class='ocr_line' id='line_1_133' title="bbox 661 5773 1492 5836; baseline 0.004 -3"><span class='ocrx_word' id='word_1_794' title='bbox 661 5774 934 5833; x_wconf 74' lang='grc' dir='ltr'>ΡΑτειοι.</span> <span class='ocrx_word' id='word_1_795' title='bbox 977 5773 1093 5833; x_wconf 81' lang='lat' dir='ltr'><strong>Gn.</strong></span> <span class='ocrx_word' id='word_1_796' title='bbox 1140 5775 1492 5836; x_wconf 77' lang='lat' dir='ltr'><strong>LXXXIX.</strong></span> 
     </span>
    </p>
   </div>
   <div class='ocr_carea' id='block_1_134' title="bbox 2050 5465 3623 5540">
    <p class='ocr_par' dir='ltr' id='par_1_134' title="bbox 2050 5465 3623 5540">
     <span class='ocr_line' id='line_1_134' title="bbox 2050 5465 3623 5540; baseline 0.01 -29"><span class='ocrx_word' id='word_1_797' title='bbox 2050 5468 2139 5512; x_wconf 84' lang='lat' dir='ltr'><strong>tur</strong></span> <span class='ocrx_word' id='word_1_798' title='bbox 2161 5477 2300 5531; x_wconf 84' lang='lat' dir='ltr'><strong>aqua</strong></span> <span class='ocrx_word' id='word_1_799' title='bbox 2325 5478 2443 5530; x_wconf 67' lang='lat' dir='ltr'><strong>qua:</strong></span> <span class='ocrx_word' id='word_1_800' title='bbox 2466 5472 2539 5515; x_wconf 80' lang='lat' dir='ltr'><strong>est</strong></span> <span class='ocrx_word' id='word_1_801' title='bbox 2560 5466 2652 5516; x_wconf 78' lang='lat' dir='ltr'><strong>sub</strong></span> <span class='ocrx_word' id='word_1_802' title='bbox 2683 5465 2829 5530; x_wconf 74' lang='lat' dir='ltr'><strong>cwlo,</strong></span> <span class='ocrx_word' id='word_1_803' title='bbox 2868 5468 2924 5521; x_wconf 76' lang='lat' dir='ltr'><strong>in</strong></span> <span class='ocrx_word' id='word_1_804' title='bbox 2952 5473 3412 5540; x_wconf 79' lang='lat' dir='ltr'><strong>congregationem</strong></span> <span class='ocrx_word' id='word_1_805' title='bbox 3439 5488 3623 5536; x_wconf 77' lang='lat' dir='ltr'><strong>unam,</strong></span> 
     </span>
    </p>
   </div>
   <div class='ocr_carea' id='block_1_135' title="bbox 2051 5552 3627 5630">
    <p class='ocr_par' dir='ltr' id='par_1_135' title="bbox 2051 5552 3627 5630">
     <span class='ocr_line' id='line_1_135' title="bbox 2051 5552 3627 5630; baseline 0.01 -26"><span class='ocrx_word' id='word_1_806' title='bbox 2051 5552 2359 5622; x_wconf 84' lang='lat' dir='ltr'><strong>iujudicio.</strong></span> <span class='ocrx_word' id='word_1_807' title='bbox 2400 5555 2462 5609; x_wconf 87' lang='lat' dir='ltr'><strong>Et</strong></span> <span class='ocrx_word' id='word_1_808' title='bbox 2497 5556 2664 5611; x_wconf 81' lang='lat' dir='ltr'><strong>tertio</strong></span> <span class='ocrx_word' id='word_1_809' title='bbox 2729 5556 2839 5626; x_wconf 90' lang='lat' dir='ltr'><strong>die,</strong></span> <span class='ocrx_word' id='word_1_810' title='bbox 2868 5575 2990 5629; x_wconf 75' lang='lat' dir='ltr'><strong>qua:</strong></span> <span class='ocrx_word' id='word_1_811' title='bbox 3024 5570 3111 5616; x_wconf 88' lang='lat' dir='ltr'><strong>est</strong></span> <span class='ocrx_word' id='word_1_812' title='bbox 3141 5578 3208 5617; x_wconf 86' lang='lat' dir='ltr'><strong>ex</strong></span> <span class='ocrx_word' id='word_1_813' title='bbox 3237 5573 3403 5630; x_wconf 84' lang='lat' dir='ltr'><strong>terra,</strong></span> <span class='ocrx_word' id='word_1_814' title='bbox 3441 5565 3627 5621; x_wconf 70' lang='lat' dir='ltr'><strong>horia:</strong></span> 
     </span>
    </p>
   </div>
   <div class='ocr_carea' id='block_1_136' title="bbox 3103 5789 3179 5849">
    <p class='ocr_par' dir='ltr' id='par_1_136' title="bbox 3103 5789 3179 5849">
     <span class='ocr_line' id='line_1_136' title="bbox 3103 5789 3179 5849; baseline 0 0"><span class='ocrx_word' id='word_1_815' title='bbox 3103 5789 3179 5849; x_wconf 87' lang='lat'><strong>30</strong></span> 
     </span>
    </p>
   </div>
  </div>
