3996 6296
467 256 570 316 939

1661 251 1722 310 S.
1755 249 1856 312 ΑΝ
1867 249 2158 309 ASTASH
2198 249 2522 310 SINAITIE

3641 253 3764 318 940

467 370 524 418 ct
553 359 816 414 arborum
849 357 1184 430 germinatio
1221 374 1284 413 ac
1328 355 1646 428 productio,
1671 353 1922 412 ostendit
1955 371 2044 408 re-
2074 366 2119 419 Α
2149 371 2256 412 ι.οη
2292 357 2470 413 solum
2515 356 2585 411 de
2633 357 2922 412 vocatione
2947 356 3228 424 Gentium,
3285 359 3385 414 sed
3443 362 3631 416 etiam
3682 365 3760 422 de

467 448 900 508 surrectioncm.
953 448 1241 516 Quomodo
1310 451 1478 512 etiam
1536 446 1743 502 clamat
1803 445 2038 513 Paulus:

465 543 626 598 Tunc
655 541 806 596 enim
843 541 1062 598 fructus
1088 555 1318 611 operum
1367 548 1425 595 et
1461 539 1740 596 factorum
1777 539 2044 595 uniuscu-

461 638 664 707 jusque
713 649 838 689 cum
871 633 954 689 eis
983 640 1173 704 surget
1206 648 1237 688 e
1283 639 1450 688 terra.
1487 631 1646 699 Quod
1693 639 1880 703 autem
1908 631 2046 688 dicit

465 726 746 790 Christus,
776 723 922 794 quod
945 725 1001 779 in
1019 725 1402 780 resurrectione
1431 723 1706 795 fulgebunt
1743 725 1881 794 justi
1925 732 2046 778 tan-

466 835 628 888 quam
664 815 746 872 sol
776 816 847 878 ⁸⁰,
882 815 1252 872 ascendentes
1273 817 1331 871 in
1355 817 1505 872 nube
1531 816 1602 872 ad
1632 817 1824 881 caelos,
1856 825 2046 886 aperte

468 908 902 967 ostenditetiam
949 918 1182 978 quartus
1211 907 1332 964 dies
1363 925 1465 980 per
1522 925 1645 984 eam
1700 924 1867 980 quam
1897 908 2047 964 Deus

467 1001 522 1054 in
563 1000 684 1070 ipsa
711 999 844 1054 fecit
875 999 987 1054 diei
1019 1015 1052 1054 a
1079 1007 1242 1054 nocte
1265 1003 1640 1070 separatione.
1669 999 1778 1056 Sed
1810 1008 1867 1056 et
1895 998 2046 1071 quod

465 1108 495 1146 a
537 1091 650 1146 Deo
685 1091 894 1146 dictum
933 1099 1019 1144 est
1046 1090 1102 1144 in
1125 1091 1320 1162 quinto
1363 1091 1490 1146 die:
1533 1091 1842 1146 Producant
1894 1107 2048 1162 aqua:

467 1181 683 1255 reptilia
724 1182 1032 1236 animarum
1078 1181 1384 1246 viventium,
1435 1189 1485 1235 et
1525 1180 1764 1237 volucres
1807 1180 2047 1236 volantes

449 1290 621 1345 super
645 1282 872 1339 terram,
897 1271 1197 1328 admodum
1230 1275 1480 1346 apposite
1515 1273 1572 1328 id
1599 1273 1775 1344 magis
1797 1273 2050 1328 videmus

467 1365 584 1420 fieri
611 1365 666 1420 in
716 1365 1134 1421 resurrectione
1192 1374 1563 1431 mortuorum,
1613 1365 1839 1436 quando
1880 1365 1920 1419 ii
1955 1365 2052 1434 qui

464 1457 764 1530 aliquando
807 1457 865 1511 in
905 1457 1046 1510 mari
1074 1455 1298 1513 fuerant
1340 1456 1594 1512 suﬂ’ocati
1635 1467 1692 1512 et
1725 1456 1976 1512 devorati
2021 1471 2054 1512 a

463 1550 730 1620 piscibus,
753 1559 1056 1618 resurgunt
1075 1539 1346 1602 habentes
1371 1547 1584 1603 animas
1606 1549 1859 1604 viventes
1883 1555 1939 1602 et
1959 1547 2056 1605 im-

463 1641 721 1697 mortalia
743 1655 974 1710 corpora
995 1654 1091 1694 :ex
1116 1639 1322 1709 quibus
1351 1639 1446 1694 alii
1478 1640 1702 1710 quidem
1735 1639 2054 1696 fiuntvolu-

2141 449 2298 503 exitu
2343 463 2376 503 e
2417 447 2644 513 mundo,
2691 457 2751 504 et
2797 447 3054 518 ingressu
3095 464 3353 518 supernae
3378 452 3756 510 Jerusalem:

2143 537 2404 607 quoniam
2431 537 2632 598 rubum
2665 547 2724 593 et
2749 539 3041 609 ignescens
3068 555 3219 597 mare
3244 543 3389 612 ignis
3421 543 3756 612 ﬂuviatilis,

2151 641 2346 682 omnes
2372 627 2670 682 transimus
2699 627 2818 682 veri
2845 629 3130 698 spiritales
3151 631 3449 688 Israelita:
3479 636 3577 704 qi
3606 652 3758 692 vero

2147 717 2314 774 factis
2366 719 2659 776 imitantur
2691 719 3020 793 .Egyptios,
3073 724 3198 792 igne
3259 725 3752 796 submerguntur.

2147 811 2328 868 Habes
2377 814 2548 868 etiam
2612 813 2909 868 dimidium
2989 815 3172 884 quinti
3243 815 3358 872 diei
3398 836 3412 870 :
3455 834 3552 872 res
3584 821 3755 874 enim

2146 917 2271 972 qua:
2323 903 2546 958 suntin
2599 905 2842 970 saeculo,
2875 913 3009 959 sunt
3057 907 3402 976 exemplaria
3451 911 3756 964 constitu-

2149 996 2318 1052 tionis
2363 1012 2618 1066 superna:
2662 997 2991 1065 Jerusalem,
3045 999 3140 1054 ubi
3184 1001 3242 1052 in
3287 999 3492 1054 Sancta
3518 1011 3754 1056 saneto-

2152 1105 2273 1143 rum
2303 1091 2514 1144 introiit
2565 1091 2634 1143 ⁵¹.
2671 1090 2991 1146 Ρτωειιτεοιο
3035 1091 3314 1154 Christus,
3375 1109 3547 1163 quem
3581 1095 3754 1164 prius

2151 1181 2446 1251 descripsit
2475 1197 2541 1236 ac
2563 1181 2934 1254 praeﬁguravit
2977 1199 3106 1239 arca
3153 1186 3426 1256 templum
3461 1188 3750 1258 ingressa,

2153 1271 2375 1341 quando
2396 1273 2630 1328 chorum
2657 1273 2816 1328 duxit
2851 1283 2910 1330 et
2944 1275 3167 1329 saltavit
3219 1277 3272 1330 in
3307 1286 3500 1349 typum
3531 1278 3752 1334 Christi

2154 1363 2326 1418 David
2377 1365 2684 1420 exsultans.
2738 1365 3011 1432 Quoniam
3059 1383 3185 1438 quae
3228 1371 3475 1438 perierat
3519 1373 3751 1428 ratione

2153 1455 2384 1524 praedita
2409 1455 2654 1512 hominis
2677 1472 2828 1522 arca,
2867 1458 2923 1512 in
2953 1459 3148 1529 primis
3201 1463 3512 1531 repositum
3561 1463 3756 1520 fuerat

2152 1545 2256 1600 Dei
2287 1545 2727 1611 Testamentum,
2753 1557 2840 1604 est
2886 1550 3112 1606 inventa
3157 1559 3215 1607 et
3238 1551 3477 1608 liberata
3513 1571 3548 1608 a
3584 1555 3757 1608 maii-

2156 1637 2278 1708 gnis
2303 1639 2629 1710 alienigenis
2643 1641 2737 1710 qui
2759 1657 2884 1696 eam
2900 1642 3234 1714 redegerunt
3252 1645 3310 1699 in
3333 1647 3750 1716 captivitatem.

463 1749 591 1788 cres
612 1731 669 1786 in
687 1703 890 1786 caelum
919 1703 1190 1785 volantes.
1209 1731 1266 1785 In
1295 1731 1386 1788 die
1423 1703 1607 1786 autem
1635 1741 1794 1788 sexto
1813 1733 1907 1787 alii
1929 1733 2054 1804 qui-
2086 1703 2128 1758 Β
2158 1703 2286 1786 ilice
2317 1703 2502 1786 autem
2523 1703 2706 1787 omnia
2729 1746 2853 1802 quae
2886 1703 3208 1792 dictavsunt
3249 1703 3503 1807 quinque
3534 1738 3751 1792 indicia

464 1826 589 1880 dem
607 1823 869 1880 dixerunt
889 1823 1134 1881 hominis
1154 1839 1185 1879 e
1205 1832 1351 1880 terra
1367 1824 1754 1880 formationem
1771 1841 1892 1884 esse
1910 1841 2055 1898 sym-

463 1917 650 1972 bolum
696 1913 1125 1990 resurrectionis
1179 1925 1527 1970 mortuorum
1573 1931 1871 1986 corporum
1911 1935 1926 1970 :
1960 1917 2054 1972 alii

463 2017 648 2064 autem
681 2006 1127 2078 procreationem
1167 2005 1514 2064 diversarum
1539 2007 2053 2073 bestiarum,etvoo

462 2103 704 2165 lucrum,
723 2107 780 2154 et
799 2099 1244 2172 quadrupedum,
1258 2111 1314 2155 et
1328 2101 1710 2171 jumentorum
1731 2117 1746 2166 ;
1767 2102 1986 2172 reptilia
1998 2111 2054 2157 et

465 2193 692 2256 bestias,
713 2199 769 2246 et
798 2191 1072 2258 dicentes,
1098 2191 1303 2263 impios
1329 2193 1568 2264 gentiles
1616 2210 1630 2246 :
1659 2192 2053 2262 quadrupedes

463 2291 652 2337 autem
681 2289 736 2336 ct
761 2282 1016 2352 iumenta
1045 2297 1168 2352 quae
1203 2291 1340 2338 sunt
1389 2282 1618 2352 quidem
1663 2282 1950 2338 immunda
1996 2291 2053 2338 et

461 2371 529 2426 ad
583 2385 742 2427 esum
779 2385 892 2425 non
921 2379 1048 2442 apta
1077 2413 1092 2436 ,
1125 2387 1325 2426 eorum
1369 2372 1463 2442 qui
1515 2370 1621 2426 fide
1675 2372 1870 2428 vivunt
1923 2388 2052 2427 cum

462 2470 692 2533 peccato
731 2479 745 2492 ·
795 2463 1003 2518 munda
1051 2472 1235 2518 autem
1294 2464 1502 2519 habere
1576 2463 1810 2534 ﬁguram
1873 2464 2053 2536 justo-

463 2572 608 2611 1⁸11111.

537 2646 654 2708 llis,
698 2645 961 2716 inquiunt
1017 2647 1376 2716 interpretes,
1423 2646 1508 2702 sic
1559 2663 1622 2706 se
1693 2645 2048 2715 habentibus,

466 2747 643 2796 restat
667 2739 900 2794 omnino
926 2737 1224 2792 dicendum
1260 2737 1328 2792 de
1363 2737 1453 2792 die
1501 2738 1763 2807 septimo,
1802 2739 1950 2810 quod
2002 2741 2050 2796 is

466 2832 710 2886 latenter
739 2837 796 2886 et
817 2829 1037 2884 occulte
1087 2828 1252 2884 faciat
1303 2827 1554 2884 futurum
1595 2845 1852 2900 regnum.
1911 2831 2048 2887 Nam

467 2918 751 2989 quomodo
782 2917 839 2972 in
889 2917 1124 2989 singulis
1151 2903 1350 2973 diebus
1399 2917 1766 2976 hebdomadis
1793 2936 1889 2978 sex
1927 2923 2049 2978 die-

2158 1819 2216 1875 in
2253 1821 2500 1892 quinque
2540 1824 2882 1880 meridiebus
2922 1825 3170 1896 quinque
3198 1825 3416 1882 dierum
3447 1843 3549 1882 seu
3589 1828 3751 1883 ille

2156 1927 2430 1968 annorum
2463 1915 2674 1981 saeculi,
2699 1931 2810 1970 non
2853 1917 3032 1971 solum
3060 1926 3193 1972 sunt
3233 1919 3484 1990 symbola
3541 1921 3746 1976 mundi

2157 2004 2632 2061 translationisad
2665 2007 2884 2072 melius,
2907 2014 2965 2062 et
3009 2009 3488 2080 incorruptionem
3541 2012 3749 2068 interi-

2158 2103 2356 2165 tusque
2390 2097 2762 2153 remotiouem
2789 2114 2804 2150 :
2833 2097 2931 2154 sed
2956 2099 3124 2156 etiam
3169 2099 3344 2170 ipsius
3378 2099 3598 2155 Christi
3645 2116 3746 2171 ap-

2155 2184 2450 2254 paritionis
2503 2185 2859 2258 hominisque
2907 2191 3282 2259 susceptionis
3335 2199 3394 2246 et
3439 2191 3740 2247 Ecclesiae.

2155 2273 2385 2332 Meridie
2417 2277 2567 2335 enim
2598 2287 2657 2332 et
2683 2294 2915 2350 vespere
2957 2282 3101 2338 sexti
3137 2281 3276 2346 diei,-
3300 2297 3400 2336 seu
3435 2283 3745 2352 quinquies

2157 2367 2454 2422 millesimo
2481 2377 2544 2424 et
2565 2368 3026 2440 quingentesimo-
3044 2387 3193 2426 anno
3215 2371 3539 2426 incarnatus
3571 2388 3742 2443 appa-

2155 2459 2268 2512 ruit
2297 2476 2308 2511 :
2345 2459 2798 2530 quandoquidem
2829 2461 2899 2516 ad
2930 2477 3217 2532 vesperam
3243 2463 3394 2517 sexti
3427 2463 3542 2518 diei
3571 2465 3630 2518 in
3657 2463 3738 2519 sui

2155 2555 2343 2622 typum
2373 2549 2635 2607 formavit
2653 2551 2852 2608 Adam.
2877 2553 2945 2608 Et
2975 2553 3388 2609 ideo~nonnulli
3416 2556 3739 2626 conjectare

2154 2649 2236 2694 ter
2259 2641 2521 2700 dixerunt
2583 2642 2732 2712 quod
2762 2659 2994 2714 vespere
3041 2656 3098 2700 et
3137 2645 3368 2700 dimidio
3430 2647 3576 2702 sexti
3627 2647 3735 2702 diei

2155 2731 2215 2786 fit
2255 2734 2612 2799 resurrectio,
2681 2751 2844 2806 quam
2895 2737 3228 2808 signiﬁcant
3283 2753 3379 2792 sex
3417 2739 3734 2806 vespertina

2153 2825 2514 2894 crepuscula;
2546 2825 2722 2894 utqui
2767 2819 2920 2897 digni
2944 2828 3062 2882 sint
3093 2827 3340 2883 heredes
3374 2827 3532 2895 regni
3563 2828 3735 2882 caelo-

2153 2931 2296 2970 rum.
2331 2915 2452 2982 Quo
2482 2915 2732 2986 quidem,
2755 2917 2960 2988 inquit,
3003 2920 3240 2989 septimo
3268 2919 3382 2982 die,
3405 2929 3734 2974 extremum

469 3027 616 3075 rum,
639 3009 748 3066 fuit
769 3010 993 3081 aliquod
1019 3013 1236 3082 signum
1265 3013 1716 3079 resurrectionis,
1744 3023 1801 3068 et
1828 3015 2043 3083 mundi,
2073 3037 2117 3095 ο
2152 3007 2400 3062 omnium
2421 3024 2546 3078 quae
2565 3009 2804 3072 creavit.
2829 3009 3196 3065 .inelfabiliter
3223 3017 3280 3065 et
3323 3011 3561 3081 mystice
3595 3027 3733 3066 con-

466 3112 524 3160 ct
556 3103 844 3158 hominum
879 3102 1296 3173 generationis;
1335 3102 1409 3156 ita
1432 3103 1600 3158 etiam
1621 3103 1676 3158 in
1706 3120 2038 3174 unoquoque

468 3195 779 3250 millenario
832 3209 930 3248 sex
992 3194 1229 3247 millium
1289 3207 1561 3248 annorum
1611 3194 2050 3264 praeteritorum,

468 3286 575 3342 fuit
611 3285 834 3356 aliquod
871 3285 1183 3356 symbolum
1219 3295 1276 3340 et
1313 3295 1477 3357 typus
1519 3287 1946 3343 resurrectionis
1993 3297 2049 3344 et

472 3376 740 3432 transitus
770 3383 1040 3430 creatum
1074 3375 1143 3430 ad
1196 3375 1250 3430 id
1275 3375 1422 3446 quod
1445 3385 1530 3430 est
1563 3377 1799 3438 melius.
1847 3393 2048 3448 nempe

473 3465 538 3520 ad
567 3463 1047 3534 incorruptionem
1084 3475 1142 3518 et
1163 3464 1428 3519 interitus
1444 3465 1805 3520 emotionem.
1832 3467 2049 3522 Ducen-

471 3557 670 3614 tesimo
734 3556 960 3626 quidem
1016 3566 1075 3611 et
1139 3555 1424 3611 tricesimo
1480 3572 1627 3612 anno
1682 3557 1850 3629 primi
1901 3551 2048 3624 diei,

471 3650 692 3722 genitus
751 3647 885 3704 Seth
945 3648 1062 3718 (qui
1119 3647 1518 3718 interpretatur
1598 3649 1821 3721 positus)
1880 3652 2049 3708 habet

469 3739 766 3812 imaginem
792 3747 848 3794 et
898 3739 1324 3798 similitudinem
1369 3755 1534 3810 quam
1572 3741 1642 3795 ab
1682 3741 1840 3798 initio
1865 3759 1895 3796 a
1936 3745 2050 3801 Deo

471 3845 756 3908 acceptam
782 3830 958 3890 Adam
1008 3831 1332 3888 obscuravit
1375 3847 1476 3902 per
1523 3835 2046 3904 transgressionem,

471 3931 535 3979 ut
561 3938 755 3978 sumus
795 3921 974 3976 fusius
1021 3919 1304 3976 ostensuri
1339 3934 1466 3974 cum
1502 3917 1776 3977 fuerimus
1821 3920 2053 3996 inlocis

471 4013 568 4084 qui
589 4021 1034 4082 consequuntur.
1065 4009 1360 4066 Millesimo
1385 4017 1576 4066 autem
1601 4011 2050 4083 quingentesimo

471 4117 622 4158 anno
657 4100 746 4171 (ad
764 4115 1052 4171 vesperam
1082 4098 1344 4159 tendente
1366 4097 1602 4156 meridie
1628 4100 1844 4171 saeculi),
1869 4111 2052 4158 trans-

472 4195 620 4248 latus
646 4199 733 4248 est
761 4189 953 4262 Enoch
984 4191 1080 4263 qui
1125 4190 1231 4246 fuit
1255 4189 1517 4261 primitiae
1549 4198 1608 4246 et
1647 4191 1823 4263 figura
1865 4191 2048 4251 homi-

471 4297 610 4341 num
631 4281 701 4338 ad
726 4281 926 4340 melius
953 4282 1330 4338 translationis
1359 4291 1416 4338 et
1446 4281 1891 4342 reformationis:
1921 4299 2050 4346 nam

2149 3098 2357 3152 struxit
2402 3099 2548 3154 Deus
2603 3101 2870 3165 Verbum,
2902 3102 3050 3156 sicut
3077 3116 3178 3156 nos
3212 3101 3375 3156 docet
3421 3103 3542 3172 ipse
3589 3103 3729 3158 Deus

2148 3189 2417 3254 Verbum,
2454 3189 2688 3246 dicens:
2721 3190 2925 3255 Venite,
2959 3193 3213 3248 benedicti
3241 3193 3418 3248 Patris
3455 3195 3583 3257 mei,
3617 3211 3726 3248 esse

2151 3279 2383 3335 hwredes
2404 3283 2586 3351 parati
2623 3283 2763 3338 vobis
2789 3285 2938 3354 regni
2977 3303 3010 3339 a
3053 3287 3426 3340 constitutione
3446 3289 3632 3340 mundi
3661 3289 3724 3340 ".

2149 3371 2930 3441 Namquomodocreaturam
2965 3377 3242 3443 condidit,
3276 3385 3411 3432 tunc
3440 3377 3614 3430 etiam
3639 3393 3727 3448 pa-

2155 3469 2302 3522 ravit
2325 3483 2579 3538 regnum.

2221 3553 2337 3610 Hoc
2378 3564 2464 3611 est
2517 3557 2667 3612 enim
2699 3557 3028 3614 vicesimum
3085 3559 3391 3615 secundum
3425 3560 3522 3615 Dei
3568 3576 3722 3630 opus,

2149 3647 2346 3719 viginti
2393 3649 2540 3704 enim
2590 3649 2702 3705 duo
2729 3665 2898 3720 opera
2939 3650 3140 3706 fecisse
3187 3652 3366 3708 Deum
3410 3651 3627 3713 dicunt,
3671 3661 3726 3706 et

2149 3740 2468 3797 Judteorum
2494 3750 2552 3796 ct
2567 3741 3012 3798 Christianorum
3049 3743 3404 3814 interpretes.
3432 3743 3510 3798 Ex
3529 3743 3725 3813 quibus

2151 3831 2376 3902 quidem
2401 3832 2600 3904 viginti
2631 3842 2691 3889 et
2716 3849 2890 3888 unum
2927 3835 3042 3905 jam
3072 3835 3240 3906 paulo
3275 3844 3405 3890 ante
3433 3849 3724 3890 enumera-

2150 3925 2333 3980 vimus
2365 3923 2512 3980 facta
2537 3925 2592 3980 in
2627 3940 2725 3981 sex
2775 3925 2997 3982 diebus.
3021 3927 3364 3982 ‘Vicesimum
3413 3935 3602 3983 autem
3644 3943 3725 3982 se-

2151 4014 2398 4071 cundum
2437 4023 2527 4071 est
2571 4014 2744 4070 futuri
2793 4015 2982 4072 saeculi
3031 4026 3296 4088 paratum
3351 4031 3608 4088 regnum,
3671 4025 3724 4074 et

2153 4108 2462 4180 spiritualis
2492 4108 2912 4180 contemplatio.
2949 4109 3255 4180 Propterea
3281 4109 3480 4182 viginti
3508 4124 3724 4181 quoque

2152 4199 2376 4256 duobus
2411 4200 2566 4258 libris
2595 4208 2893 4256 enumerat
2915 4215 3081 4258 omne
3135 4201 3311 4257 Vetus
3345 4215 3510 4256 suum
3542 4200 3727 4257 Testa-

2138 4303 2426 4350 mentum.
2461 4291 2780 4365 Sedneqae
2798 4295 2970 4349 novit
2990 4291 3379 4364 quamobrem,
3415 4305 3602 4362 neque
3628 4292 3727 4348 scit

471 4377 664 4434 Enoch
699 4376 1100 4447 interpretatur
1143 4376 1437 4430 innovatio.
1489 4372 1648 4438 Unde
1673 4371 1930 4445 septimo
1956 4375 2048 4432 die
2084 4407 2128 4463 ι)
2158 4385 2486 4458 mysterium
2517 4385 2776 4442 vicesimi
2802 4385 3034 4442 secundi
3064 4385 3306 4441 numeri.
3351 4383 3542 4454 Neque
3581 4385 3727 4455 cogi-

472 4467 822 4540 significante
868 4465 1314 4533 translationem,
1355 4466 1450 4536 qui
1501 4464 1606 4522 fuit
1653 4466 1927 4536 septimus
1977 4467 2048 4524 ab

476 4561 707 4625 Adamn,
731 4559 836 4615 fuit
859 4547 1182 4614 translatus.
1219 4557 1310 4612 Bis
1343 4556 1641 4613 millesimo
1669 4566 1854 4613 autem
1887 4559 2054 4630 quin-

473 4652 782 4721 geutcsimo
837 4665 1006 4714 anno,
1061 4649 1211 4720 quod
1265 4657 1352 4704 est
1409 4647 1705 4704 dimidium
1739 4651 1906 4706 tertii
1937 4651 2053 4708 diei

475 4744 683 4811 saeculi,
718 4743 862 4801 facta
879 4751 966 4798 est
989 4741 1184 4797 mundi
1231 4740 1551 4797 reformatio
1594 4751 1722 4811 post
1775 4742 2052 4801 diluvium

474 4851 573 4907 per
595 4835 730 4891 Noe.
751 4835 888 4890 Nam
904 4834 1020 4891 Noe
1041 4847 1264 4905 quoque
1300 4833 1700 4902 interpretatur
1719 4833 2048 4906 reformatio.

479 4927 746 4983 Similiter
794 4936 852 4982 et
903 4935 986 4981 ter
1039 4924 1334 4980 millesimo
1378 4924 1826 4995 quingentesimo
1883 4942 2052 4994 anno,

475 5019 624 5087 quod
648 5019 877 5090 quidem
923 5026 1009 5072 est
1052 5015 1344 5072 dimidium
1387 5016 1567 5088 quarti
1615 5015 1748 5083 diei,
1805 5021 2056 5088 generati

479 5120 610 5167 sunt
633 5113 744 5168 duo
768 5110 980 5182 populi,
1011 5109 1177 5164 Israel
1211 5117 1268 5164 et
1298 5108 1474 5164 frater
1501 5109 1644 5180 ejus.
1667 5107 1826 5175 Quod
1865 5110 1912 5166 si
1948 5111 2056 5167 hoc

479 5221 590 5263 non
621 5205 869 5261 admittis
897 5203 954 5258 in
985 5205 1202 5274 signum
1234 5201 1686 5268 resurrectionis,
1720 5203 1864 5259 scias
1910 5205 2061 5274 quod

480 5296 676 5352 eodem
711 5305 911 5366 quarto
945 5294 1036 5350 die
1063 5308 1322 5365 egressus
1344 5302 1430 5350 est
1487 5293 1660 5349 lsrael
1703 5309 1772 5350 ex
1800 5293 2059 5366 Egypto,

481 5397 538 5442 ct
565 5389 846 5460 ingressus
876 5395 962 5443 est
1001 5387 1058 5442 in
1093 5394 1295 5440 terram
1346 5387 1751 5456 promissionis.
1775 5387 1936 5444 Nunc
1965 5403 2063 5445 au-

485 5465 592 5532 tem
623 5477 835 5533 exitum
869 5495 935 5534 ex
955 5476 1190 5548 Egypto
1221 5477 1664 5546 interpretantur
1700 5480 2056 5552 interpretes.

2155 4487 2236 4534 tat
2285 4479 2446 4550 quod.
2469 4477 2775 4534 vicesimus
2814 4479 3042 4550 quidem
3089 4492 3360 4534 numerus
3399 4485 3616 4533 constat
3664 4493 3728 4532 ex

2157 4569 2376 4625 duobus
2403 4569 2666 4640 perfectis
2685 4571 2936 4626 numeris
2971 4587 3069 4627 seu
3120 4569 3390 4636 denariis,
3415 4569 3727 4642 signiﬁcans

2153 4661 2437 4718 Christum
2469 4677 2538 4721 ex
2577 4662 2800 4718 duobus
2831 4662 3095 4734 perfectis
3135 4661 3506 4734 compositum
3531 4662 3620 4732 (ex
3647 4661 3725 4717 di-

2154 4754 2410 4819 vinitate,
2437 4755 2685 4824 inquam,
2735 4762 2793 4808 et
2831 4755 3198 4825 humanitate)
3236 4753 3349 4810 duo
3403 4761 3724 4810 testamenta

2158 4848 2478 4918 scripsisse;
2545 4847 2867 4913 Mosaicum,
2927 4848 3190 4918 inquam,
3255 4844 3625 4917 Decalogum,
3672 4853 3726 4900 et

2161 4937 2543 5009 Evangelium.
2571 4937 2664 4994 Sic
2675 4939 2826 4994 enim
2843 4939 3106 5009 impletur
3123 4935 3426 4994 vicesimus
3449 4933 3723 4992 secundus

2163 5045 2442 5087 numerus
2455 5047 2525 5086 ex
2556 5031 2779 5088 duobus
2804 5031 3088 5102 decalogis
3110 5041 3166 5086 et
3195 5030 3419 5088 duabus
3455 5030 3721 5086 essentiis.

2159 5138 2358 5193 nempe
2383 5124 2676 5180 divinitate
2714 5133 2774 5181 et
2801 5125 3170 5182 humanitate.
3216 5123 3489 5192 Quoniam
3549 5131 3722 5178 autem

2159 5213 2324 5286 887
2367 5215 2627 5284 pervenit
2653 5217 2833 5272 oratio
2862 5215 2930 5270 ad
2964 5231 3028 5270 ea
3074 5231 3200 5286 quae
3228 5223 3360 5270 sunt
3393 5211 3628 5269 dicenda
3661 5212 3723 5266 de

2159 5305 2350 5374 quiete
2384 5315 2438 5360 et
2461 5307 2948 5362 consummatione
3003 5307 3226 5378 septimi
3273 5305 3410 5370 diei,
3463 5319 3578 5360 non
3625 5303 3716 5357 erit

2159 5394 2424 5462 alienum,
2453 5395 2498 5451 si
2527 5398 2744 5468 aliquas
2767 5397 2974 5455 Christi
2999 5413 3167 5453 voces
3191 5413 3330 5468 quas
3349 5397 3489 5452 dixit
3511 5395 3580 5450 de
3598 5409 3720 5450 cono

2159 5489 2558 5556 summatione,
2587 5491 2643 5546 in
2671 5491 2915 5547 medium
2970 5489 3336 5546 adducamus.
3371 5489 3508 5546 Nam
3548 5489 3605 5542 in
3635 5502 3713 5558 pa-

2802 5616 2860 5665 .r'
2889 5635 2899 5648 η
2933 5635 2948 5660 -ε

553 5661 598 5690 ⁵⁰
633 5657 964 5721 Matth.xih',
993 5658 1083 5710 45.
1161 5659 1201 5689 "
1235 5656 1403 5712 Hebr.
1437 5673 1508 5721 Ix,
1548 5658 1633 5711 i2.
1711 5661 1754 5691 ³³
1781 5658 1974 5716 Matth.
2012 5679 2137 5730 xxv,
2166 5665 2251 5735 54,
