4042 6292
344 334 454 400 941

1449 324 1530 390 IN
1573 326 2381 391 HEXAEMERON.—LIB.
2423 330 2557 393 VII.

3510 335 3615 399 942

348 446 545 502 rabola
599 445 824 517 quidem
885 443 1076 498 decem
1115 441 1400 511 Virginum
1459 439 1599 494 dixit
1646 441 1714 471 ⁸’”
1744 438 1924 494 media
1959 444 1999 497 Α
2031 438 2358 510 annis-ques
2407 440 2548 499 dixit
2579 439 2891 504 DeusNoe,
2918 453 3043 494 cum
3078 439 3116 493 ii
3160 454 3271 493 non
3300 440 3411 496 sint
3442 442 3604 509 ﬁniti,

2030 539 2089 585 et
2118 529 2187 586 de
2214 532 2469 602 plurimis
2500 532 2624 587 aliis
2658 530 2915 586 similiter
2958 547 2975 598 ;

346 543 518 592 nocte
548 534 793 605 seipsum
814 541 1077 601 tanquam
1102 543 1367 599 sponsum
1385 542 1415 581 e
1446 528 1587 583 crelo
1611 537 1925 582 venturum.

345 626 533 680 Media
554 639 672 679 nox
713 632 897 678 autem
934 629 1195 676 censetur
1238 628 1434 688 quarta
1486 633 1614 688 pars
1652 619 1846 679 noctis
1874 627 1932 673 et

346 714 502 771 diei:
554 714 621 768 Et
653 713 851 783 factum
891 721 988 774 est,
1041 709 1242 780 inquit,
1285 725 1503 779 vesper;
1542 716 1592 761 et
1630 709 1830 779 factum
1856 718 1933 763 est

349 822 515 862 mane
537 806 646 859 dies
685 822 841 859 unus.
875 804 1005 858 Dies
1032 811 1220 857 autem
1275 801 1479 862 Christi
1512 800 1680 856 habet
1716 810 1934 871 tempus

347 897 509 955 mille
530 912 831 959 annorum,
866 904 929 950 ut
954 896 1065 965 jam
1120 895 1217 950 sit‘
1248 892 1435 947 media
1477 908 1588 947 nox
1642 892 1933 963 praesentis

348 988 471 1059 diei
519 988 740 1058 septimi
795 985 1214 1041 ducentesimus
1281 985 1776 1059 quinquagesimus
1833 1001 1932 1040 an-

349 1056 488 1137 nus.
509 1056 665 1148 Quod
701 1078 924 1149 quidem
958 1077 1229 1132 Dominus
1280 1092 1489 1132 rursus
1508 1076 1672 1133 tacite
1720 1076 1932 1147 signiﬁ-

349 1181 467 1234 cat,
489 1172 685 1228 dicens
702 1188 716 1224 :
732 1168 860 1236 Quis
882 1177 957 1223 est
974 1184 1107 1239 ergo
1116 1166 1293 1236 ﬁdelis
1323 1178 1371 1221 et
1392 1168 1621 1238 prudens
1642 1167 1734 1222 ille
1752 1184 1931 1222 servus

349 1280 513 1334 quem
543 1279 663 1317 cum
690 1263 891 1318 uenerit
918 1261 1172 1314 Dominus
1221 1261 1356 1330 ejus,
1390 1261 1651 1315 invenerit
1700 1260 1933 1330 vigilan-

351 1362 463 1409 tem
491 1353 515 1406 2
540 1354 705 1408 Amen
731 1353 845 1407 dico
872 1352 1033 1415 vobis,
1066 1351 1207 1421 quod
1230 1367 1390 1421 super
1415 1352 1598 1405 omnia
1648 1352 1785 1407 bona
1828 1369 1927 1407 sua

349 1445 635 1500 constituet
675 1459 792 1497 eum
812 1460 830 1497 :
851 1451 900 1496 et
938 1444 1069 1509 siin
1093 1442 1323 1496 secunda
1354 1451 1401 1494 et
1433 1445 1592 1496 tertia
1639 1444 1821 1516 vigilia
1846 1462 1937 1499 ve-

349 1538 496 1590 nerit
518 1537 661 1593 etsic
680 1535 961 1597 invenerit,
994 1533 1178 1590 beatus
1196 1532 1287 1586 ille
1317 1548 1498 1586 servus
1532 1533 1600 1588 ⁸³.
1636 1533 1774 1589 Cum
1824 1535 1937 1589 sint

346 1642 488 1697 ergo
542 1633 780 1696 quatuor
812 1623 996 1680 noctis
1022 1625 1249 1695 vigilia,
1288 1640 1388 1679 cur
1427 1641 1540 1679 non
1569 1624 1706 1680 dicit
1745 1624 1936 1681 Domi-

346 1734 483 1782 nus,
518 1716 668 1787 quod
701 1719 868 1772 etiam
898 1716 1078 1786 prima
1104 1716 1331 1787 vigilia;
1360 1715 1457 1772 sed
1488 1731 1614 1771 cum
1648 1718 1935 1773 nominas-

346 1815 439 1863 set
461 1806 762 1861 secundam
819 1813 878 1861 et
926 1806 1207 1872 tertiam,_
1252 1806 1523 1876 pmtcriit
1586 1809 1822 1877 primam
1879 1820 1936 1865 et

348 1907 612 1970 quartam
642 1899 666 1951 ?

424 2074 793 2142 Quamobrem
813 2068 1005 2128 mediae
1029 2075 1175 2129 nocti
1197 2089 1390 2132 rursus
1406 2076 1673 2133 convenit
1689 2078 1935 2141 secunda

348 2177 413 2221 ct
452 2166 613 2220 tertia
660 2165 845 2236 vigilia
886 2182 904 2219 ς
945 2165 1192 2235 perfecta
1238 2168 1388 2221 enim
1412 2178 1468 2224 et
1501 2171 1664 2239 plena
1695 2170 1804 2226 nes
1851 2180 1940 2227 est

347 2255 829 2326 quingentesimus
875 2271 1055 2312 annus
1103 2257 1235 2311 diei.
1291 2258 1411 2312 Nox
1476 2266 1663 2315 autem
1708 2261 1937 2319 dimidia

346 2356 440 2402 est
467 2361 646 2401 annus
675 2347 1092 2405 ducentesimus
1127 2351 1639 2421 quinquagesimus.
1670 2352 1939 2410 Similiter

345 2436 521 2492 etiam
567 2439 1035 2507 complementum
1075 2440 1335 2498 secundae
1374 2442 1595 2513 vigilia,
1635 2453 1693 2499 et
1732 2446 1939 2515 princi-

347 2528 510 2598 pium
568 2529 743 2583 tertiae
800 2529 1023 2599 vigiliae,
1072 2540 1156 2585 est
1210 2531 1359 2587 idem
1408 2532 1826 2611 ducentesimgs
1882 2544 1939 2593 et

349 2619 844 2692 quinquagesimus
905 2636 1101 2677 annus.
1178 2623 1306 2678 Haec
1358 2634 1543 2683 autem
1605 2626 1938 2697 interpretes

350 2713 620 2769 dixerunt
647 2728 746 2783 per
775 2715 1150 2785 conjecturam
1187 2717 1255 2777 ad
1306 2718 1475 2772 animi
1514 2721 1932 2788 necreationem,

348 2817 469 2859 non
506 2809 689 2857 autem
744 2801 1056 2858 deﬁniendo
1099 2822 1112 2859 :
1151 2821 1330 2875 neque
1394 2809 1542 2863 enim
1611 2810 1936 2880 ignorarunt

348 2910 484 2967 eum
512 2894 607 2964 qui
635 2895 775 2947 dixit
808 2911 821 2947 :
857 2894 931 2947 De
965 2895 1170 2950 dieillo
1204 2906 1255 2951 et
1286 2899 1420 2953 hora
1455 2916 1608 2953 nemo
1646 2903 1807 2965 novit,
1844 2918 1937 2956 nec

349 2970 536 3054 angeli
592 2984 686 3037 Dei
711 2985 777 3038 ⁵⁸.
820 2982 1093 3039 Caeterum
1126 2986 1290 3052 Deus,
1319 2988 1612 3058 inquiunt,
1644 2990 1937 3046 abscondit

349 3074 538 3145 ipsum
587 3075 731 3129 diem
771 3084 829 3129 et
864 3075 1093 3141 horam;
1161 3087 1396 3146 possunt
1437 3087 1621 3133 autem
1690 3088 1934 3149 tempora

347 3167 631 3236 conjicere
684 3166 718 3219 ii
768 3165 863 3235 qui
920 3165 1124 3220 habent
1178 3177 1428 3222 sanctum
1484 3168 1783 3239 Spiritum,
1839 3169 1933 3239 qui

346 3253 639 3324 cognoscit
669 3254 834 3308 etiam
874 3253 1137 3323 profunda
1169 3256 1262 3309 Dei
1304 3257 1370 3311 ".
1413 3255 1751 3329 Conjicimus
1777 3273 1933 3330 ergo,

349 3344 642 3414 inquiunt,
692 3360 761 3399 ex
798 3345 969 3401 rebus
1014 3355 1070 3401 et
1119 3347 1308 3409 verbis
1359 3348 1454 3402 Dei
1505 3357 1561 3404 et
1612 3350 1932 3419 Scriptura},

348 3451 479 3507 quae
507 3436 579 3491 de
618 3436 1095 3492 consummatione
1142 3436 1301 3495 dicta,
1347 3446 1485 3501 sunt,
1511 3440 1854 3511 aenigmatice
1879 3448 1936 3495 et

348 3529 610 3592 occulte;
645 3526 742 3582 sed
773 3543 968 3582 verum
1012 3528 1221 3583 exitum
1262 3538 1317 3584 et
1346 3528 1524 3593 ﬁnem
1558 3532 1745 3589 saeculi
1781 3530 1934 3586 solus

346 3618 462 3673 scit
497 3616 725 3672 Creator
746 3627 1069 3689 temporum
1109 3627 1166 3673 et
1197 3620 1610 3676 universorum.
1657 3621 1931 3689 Quoniam

347 3721 544 3764 autem
604 3708 743 3763 nihil
803 3718 890 3765 est
934 3710 1074 3765 adeo
1130 3711 1441 3782 jucundum
1497 3712 1841 3779 hominibus,
1876 3724 1935 3770 et

345 3800 591 3856 maxime
632 3799 689 3855 in
728 3800 933 3869 quibus
964 3801 1179 3857 habitat
1201 3803 1469 3859 fascinum
1495 3803 1741 3870 invidias,
1764 3814 1932 3876 atque

342 3890 682 3946 maledicere
708 3898 764 3944 et
782 3890 960 3946 aliena
984 3902 1257 3961 evertere,
1280 3895 1335 3948 in
1359 3895 1661 3964 perniciem
1687 3904 1746 3951 et
1776 3912 1933 3951 ever-

344 3984 565 4042 sionem
617 3983 936 4049 auditorum
975 3992 1079 4039 :et
1132 3992 1284 4051 sunt,
1344 3994 1408 4059 ut
1463 3994 1550 4043 est
1601 3986 1928 4054 verisimile,

343 4075 603 4131 nonnulli
634 4075 1026 4145 reprehensuri
1056 4077 1331 4132 calculum
1358 4088 1722 4161 etnumerum
1752 4094 1930 4134 anno.

345 4186 477 4225 rum
503 4185 645 4239 quos
668 4169 909 4225 diximus
928 4168 986 4223 in
1021 4184 1118 4227 sex
1142 4169 1476 4243 vespertinis
1504 4170 1850 4239 crepusculis
1874 4179 1932 4227 et

344 4260 695 4319 meridiebus
745 4277 1016 4318 annorum
1072 4259 1531 4326 millenariorum,
1589 4260 1780 4330 paucis
1811 4262 1929 4316 for-

346 4361 497 4407 tasse
522 4352 683 4407 annis
715 4351 1106 4421 deficientibus
1131 4362 1227 4406 aut
1250 4351 1418 4406 etiam
1446 4350 1923 4419 redundantibus;

342 4443 419 4498 ad
441 4458 538 4499 eos
566 4444 803 4515 quidem
823 4444 920 4515 qui
946 4453 1078 4500 sunt
1104 4444 1257 4514 digni
1286 4453 1345 4499 ut
1379 4443 1684 4503 reddantur
1716 4446 1928 4507 certio-

343 4549 459 4575 rem,
490 4533 625 4575 illud
665 4534 1065 4575 regnandam“:
1117 4534 1263 4575 nnan
1308 4534 1475 4575 hninn
1502 4535 1580 4575 vni
1611 4549 1773 4575 partes:
1803 4542 1922 4575 ιιι-19

2030 4443 2097 4466 ’θῧ
2137 4443 2332 4482 υινυγυσ
2396 4443 2489 4464 Ι-ιιι
2517 4443 2595 4475 εις.
2627 4443 2785 4465 “VWB-

2036 4500 2207 4575 σθητα
2264 4504 2653 4573 ἀμετάστατα,
2697 4495 2789 4556 οἷά

343 4549 463 4600 res,
490 4533 627 4589 illud
665 4534 1086 4605 respondemus,
1117 4534 1264 4606 quod
1308 4534 1475 4605 hujus
1502 4535 1597 4591 rei.
1611 4549 1775 4593 causa
1803 4542 1925 4591 orta

341 4633 437 4681 est
478 4640 543 4679 ex
587 4626 655 4681 iis
679 4626 772 4701 qui
802 4625 974 4680 certis
1018 4625 1362 4695 temporibus
1400 4624 1553 4681 fuere
1588 4625 1926 4697 chronogra-

339 4715 468 4787 phi,
499 4716 592 4785 qui
627 4716 685 4770 in
712 4714 1057 4773 numerando
1087 4731 1198 4771 non
1216 4725 1634 4775 consenserunt.
1668 4716 1924 4773 Secundo

343 4813 555 4869 autem
571 4814 657 4860 est
685 4805 995 4882 sciendum,
1017 4804 1165 4872 quod
1183 4805 1345 4860 allter
1368 4816 1687 4876 computant
1706 4806 1922 4862 Hebraei

338 4908 574 4956 annum,
609 4902 666 4949 et
705 4894 866 4948 aliter
908 4893 1170 4951 Romanae
1200 4894 1461 4955 Ecclesia:
1498 4895 1762 4962 traditio;
1794 4911 1920 4950 nam

339 4982 427 5038 illi
483 4984 731 5054 quidem,
796 4992 1176 5041 trecentorum
1224 4985 1625 5061 quinquaginta
1686 4994 1923 5056 quatuor

338 5069 524 5124 solum
566 5067 783 5141 dierum
828 5086 1035 5126 annum
1082 5083 1400 5131 numerant.
1448 5072 1722 5131 Caeterum
1775 5077 1923 5146 quod

335 5161 589 5231 Ecclesia
629 5178 739 5217 non
763 5171 952 5218 exacte
988 5163 1287 5235 aliquando
1315 5166 1594 5223 invenerit
1626 5184 1920 5224 numerum

332 5255 404 5311 in
425 5255 842 5326 quadringentis
867 5256 1049 5322 annis,
1087 5258 1289 5327 quibus
1336 5257 1476 5312 dixit
1504 5258 1652 5315 Deus
1683 5260 1920 5325 Abrahae

328 5527 779 5600 quadringentos
848 5545 1059 5595 annos,
1147 5540 1206 5585 et
1280 5532 1349 5587 de
1429 5541 1653 5589 centum
1725 5535 1916 5606 viginti

414 5759 489 5825 (ἱ)
516 5760 715 5827 Grabe,
750 5760 998 5833 Spicileg.
1030 5772 1160 5817 tom.
1186 5763 1250 5826 ll,
1277 5780 1330 5835 p.
1364 5765 1482 5820 195.

2105 624 2215 676 Καὶ
2252 623 2314 675 τὸ
2365 623 2439 694 μὴ
2478 622 2689 676 κεῖσθαι
2732 622 2790 676 δὲ

2018 714 2129 781 Δἐπὶ
2167 714 2263 784 τῆς
2312 715 2542 785 ἑϐδόμης
2576 714 2789 785 ἡμέρας

2037 805 2157 858 κατ’
2207 805 2427 875 ἰσότητα
2470 804 2580 877 τῶν
2615 805 2790 858 ἄλλων

2038 902 2070 969 ή
2080 900 2260 970 μερῶν
2284 902 2345 954 τό
2374 916 2388 930 ’
2414 899 2525 953 Καὶ
2553 899 2792 969 ἐγένετο

2036 992 2264 1060 ἑσπέρα
2349 992 2448 1047 καὶ
2552 992 2791 1063 ἐγένετο

2037 1085 2220 1153 armi,
2298 1085 2567 1156 σύμϐολόν
2643 1086 2791 1139 ἐστιν

2036 1179 2265 1249 ἐναργὲς
2302 1179 2403 1249 τῆς
2435 1179 2493 1231 ὲν
2525 1178 2661 1248 αὐτῇ
2702 1195 2794 1245 γε-

2037 1271 2272 1342 νομένης
2324 1269 2633 1332 συντελείας
2686 1272 2791 1341 πρὸ

2036 1365 2137 1432 τῆς
2191 1360 2640 1432 συμπληρώσεως
2698 1363 2792 1415 av}.

2036 1454 2167 1524 τῆς,
2206 1451 2283 1518 ὥς
2324 1470 2489 1524 φασιν
2524 1455 2575 1507 oi
2618 1453 2793 1507 Πατέ-

2043 1563 2153 1618 ρες,
2199 1547 2294 1600 καὶ
2328 1546 2563 1616 μάλιστα
2588 1547 2639 1599 οἱ
2666 1549 2793 1617 περὶ

2036 1641 2129 1693 τὸν
2166 1640 2318 1710 ἱερὸν
2363 1641 2658 1712 Κλήμεντα
2697 1642 2790 1694 καὶ

2039 1733 2325 1803 Εἰρηναϊον
2341 1773 2356 1798 ,
2382 1734 2474 1786 καὶ
2508 1734 2790 1788 Ἰουστῖνον

2038 1824 2129 1877 τὸν
2164 1824 2413 1895 μάρτυρα
2435 1826 2529 1877 καὶ
2573 1817 2793 1894 φιλόσο-

2040 1934 2160 1987 φον,
2199 1917 2348 1981 ὅστις
2392 1916 2515 1970 λίαν
2541 1933 2600 1970 τε
2630 1918 2794 1987 ὑπερ.

2041 2009 2223 2078 σὸφως
2302 2009 2383 2072 εἰς
2465 2008 2558 2062 τὸν
2634 2006 2792 2061 ἕκτον

2040 2101 2509 2174 ὑπομνηματίζων
2551 2103 2650 2172 τῆς
2695 2101 2791 2154 Ex-

2037 2214 2137 2268 της
2167 2196 2379 2268 ἡμέρας
2413 2195 2670 2267 ἀριθμὸν,
2695 2194 2794 2265 τὴν

2038 2288 2231 2361 νοερὰν
2254 2288 2351 2341 τοῦ
2372 2286 2662 2358 ἀνθρώπου
2689 2286 2793 2356 ψυ-

2039 2381 2163 2453 χὴν,
2188 2383 2284 2436 καὶ
2308 2379 2408 2444 τὰς
2430 2380 2594 2433 πέντε
2618 2377 2792 2433 αὐτοῦ

2038 2473 2363 2544 alcon-ctde;

2036 2566 2340 2637 λέγει-γὰρ
2394 2565 2456 2630 ἓξ
2501 2564 2640 2636 ἔργα
2695 2564 2794 2634 τῆς

2036 2661 2203 2731 ἕκτης
2239 2660 2477 2731 ἡμέρας.
2512 2658 2677 2711 Ὅθεν
2700 2657 2795 2711 καὶ

2038 2749 2209 2804 πολλὰ
2229 2747 2516 2814 διεξελθὼν
2540 2750 2670 2817 περὶ
2697 2745 2792 2800 τοῦ

2037 2843 2196 2897 ἕκτου
2263 2841 2499 2913 ὰῑιιθμοῦ
2531 2880 2547 2904 ,
2616 2840 2795 2894 πάντα

2038 2934 2172 3004 φησὶ
2222 2934 2289 2986 τὰ
2353 2932 2460 2985 ὑπὸ
2513 2929 2649 2985 Θεοῦ
2694 2931 2792 3001 δηο·

2042 3027 2440 3099 μιουργηθέντα
2460 3025 2663 3095 ἐξαχῶς
2679 3024 2794 3077 δαι-

1962 3119 2004 3173 C
2039 3106 2288 3190 pelsﬂat'
2339 3117 2655 3179 τουτέστιν,
2711 3115 2791 3178 si;

2038 3212 2199 3284 νοερᾶ
2247 3211 2340 3265 καὶ
2390 3204 2638 3264 ἀθάνατα
2689 3203 2791 3262 οἷοί

2037 3307 2175 3359 εἰσιν
2199 3306 2252 3358 οἱ
2280 3303 2503 3372 ἄγγελοι
2537 3319 2554 3335 ο
2588 3302 2681 3356 καὶ
2711 3303 2792 3365 ei;

2035 3397 2228 3467 λογικὰ
2310 3394 2482 3467 θνητὰ
2509 3437 2525 3462 ,
2595 3394 2791 3458 οἵτινές

2035 3493 2174 3547 εἰσιν
2222 3491 2272 3544 οἱ
2320 3489 2598 3559 ἄνθρωποι
2632 3505 2646 3519 ·
2697 3487 2791 3542 καὶ

2034 3584 2116 3646 εἰς
2139 3579 2437 3652 αἰσθητικὰ
2475 3578 2675 3648 ἄλογα,
2702 3572 2791 3632 οἷά

2034 3676 2138 3728 εἰσι
2164 3674 2232 3726 τὰ
2253 3674 2448 3744 κτήνη,
2474 3672 2569 3725 καὶ
2600 3671 2669 3725 τὰ
2695 3687 2788 3725 πε-

2032 3766 2205 3828 τεινὰ,
2236 3765 2333 3819 καὶ⁸
2361 3765 2408 3817 οἱ
2446 3761 2658 3837 ἰχθύες·
2694 3762 2789 3817 καὶ

2032 3858 2113 3920 εἰς
2148 3853 2464 3924 ὶκπορευτὰ
2518 3866 2788 3924 μεταστα-

2030 3946 2160 4000 τικὰ
2180 3945 2500 4015 ἀναίσθητα,
2533 3939 2623 3999 οἷά
2648 3944 2787 3997 εἰσιν

2030 4041 2078 4094 οἱ
2110 4040 2303 4105 ἄνεμοι
2331 4040 2426 4092 καὶ
2457 4038 2512 4092 αἱ
2542 4036 2783 4108 νεφέλαι,

2030 4130 2128 4184 καὶ
2181 4132 2252 4184 τὰ
2313 4127 2521 4195 ὕδατα,
2577 4128 2671 4182 καὶ
2734 4128 2785 4180 οἱ

2030 4222 2259 4293 ἀστέρες
2285 4235 2302 4253 ⁸
2340 4221 2436 4274 καὶ
2493 4222 2571 4284 εἰς
2607 4218 2786 4290 αὐξη-

2028 4314 2155 4370 τικὰ
2179 4314 2558 4386 ἀμετάστατα.
2574 4309 2663 4369 οἷὰ
2678 4315 2785 4368 εἰσι

2030 4411 2097 4466 τὰ
2137 4411 2362 4482 δένδρα*
2393 4411 2489 4464 καὶ
2517 4410 2597 4475 εἰς
2627 4410 2785 4465 ἀναί-

2033 4600 2136 4651 εἱσι
2164 4596 2233 4650 τὰ
2255 4595 2356 4667 ὅρη
2385 4596 2480 4649 καὶ
2502 4597 2536 4667 ἡ
2563 4595 2656 4666 γῆ,
2692 4598 2786 4650 καὶ

2031 4695 2099 4747 τὰ
2143 4693 2390 4748 τοιαῦτα.
2448 4692 2634 4746 Πάντα
2676 4691 2784 4765 γὰρ

2029 4786 2097 4840 τὰ
2130 4785 2407 4858 κτίσματα
2429 4784 2524 4840 τοῦ
2551 4785 2687 4840 Θεοῦ
2726 4788 2783 4839 ὲν

2029 4880 2243 4950 οὐρανῷ
2273 4879 2365 4933 καὶ
2389 4880 2483 4932 ἐπὶ
2502 4880 2627 4949 γῆς,
2654 4882 2782 4952 μιᾶς

2028 4988 2172 5034 τινος
2202 4971 2407 5026 τούτων
2429 4971 2538 5025 τῶν
2566 4971 2625 5039 ἒξ
2661 4972 2779 5026 δια-

2033 5066 2232 5120 στολῶν
2278 5067 2504 5121 ἅπτεται
2525 5109 2540 5133 ,
2575 5069 2670 5122 καὶ
2723 5070 2781 5121 ἐν

2033 5164 2225 5227 αὑταῖς
2266 5161 2623 5236 περιώρισταί
2654 5166 2778 5239 (1).

2450 2472 2733 2542 αἰσθήσεις
2775 2472 2809 2504 ”

2861 631 2920 678 et
2959 623 3107 692 quod
3142 623 3199 679 in
3241 624 3476 694 septimo
3522 626 3610 683 die

2860 729 2973 769 non
3006 731 3162 786 aeque
3192 724 3357 787 atque
3392 718 3449 773 in
3488 718 3611 775 aliis

2862 810 3060 866 diebus
3116 810 3325 866 dictum
3373 814 3493 868 sit:
3543 814 3611 869 Et

2862 906 3062 975 factum
3085 914 3159 960 est
3179 922 3359 978 vesper
3379 916 3426 962 et
3458 926 3613 964 mane

2862 997 2970 1053 dies
3018 1012 3185 1065 unus,
3232 1014 3353 1056 esse
3392 1002 3617 1058 evidens

2860 1089 3080 1159 signum
3102 1091 3223 1160 ejus
3254 1106 3377 1160 qum
3410 1092 3463 1146 in
3494 1095 3615 1163 ipso

2861 1174 3004 1231 facta
3046 1188 3133 1231 est
3185 1182 3615 1237 consummatio-

2861 1267 2950 1322 nis
2989 1277 3046 1324 et
3086 1271 3497 1341 complementi,
3534 1274 3617 1329 di-

2863 1369 2997 1415 cunt
3052 1365 3229 1419 sancti
3280 1366 3502 1434 Patres,
3560 1379 3617 1426 et
3671 1380 3681 1397 '

2863 1455 3099 1512 maxime
3118 1468 3341 1515 sanctus
3358 1460 3615 1520 Clemens

2862 1553 2919 1599 et
2964 1546 3229 1613 lrenaeus,
3266 1559 3321 1605 et
3366 1551 3615 1610 Justinus

2863 1648 3074 1713 martyr
3112 1650 3168 1698 et
3215 1644 3583 1716 philosophus
3597 1692 3610 1713 ,

2863 1732 2960 1801 qui
2997 1732 3318 1791 doctissime
3368 1739 3614 1794 scribens

2864 1825 3335 1885 Commentarium
3397 1844 3611 1889 sextum

2866 1919 3004 1973 sexti
3046 1919 3186 1987 diei,
3221 1921 3354 1979 dicit
3400 1934 3614 1981 sextum

2863 2026 3160 2067 numerum
3222 2030 3344 2070 esse
3406 2017 3616 2073 intelli-

2863 2113 3080 2175 gentem
3100 2108 3338 2166 hominis
3354 2113 3613 2173 animam.

2863 2207 2919 2253 et
2946 2200 3193 2270 quinque
3216 2203 3336 2273 ejus
3368 2206 3614 2260 sentien-

2865 2300 2947 2346 tes
2987 2307 3202 2350 sensus.
3250 2295 3407 2353 Unde
3446 2299 3612 2355 etiam

2863 2400 2987 2440 cum
3039 2388 3213 2444 multa
3262 2389 3616 2448 disseruisset

2864 2470 2939 2533 de
2978 2486 3134 2534 sexto
3166 2495 3401 2537 numero
3423 2525 3437 2547 ,
3479 2483 3617 2539 dicit

2864 2572 3048 2626 omnia
3089 2588 3213 2643 qum
3251 2589 3283 2629 a
3328 2576 3441 2630 Deo
3488 2590 3615 2632 sunt

2866 2663 3132 2722 fabricata
3233 2664 3618 2739 sescuplicitcr

2865 2753 3039 2810 dividi
3081 2772 3096 2811 :
3152 2757 3208 2812 in
3274 2773 3365 2814 res
3410 2760 3620 2815 intelli-

2865 2855 3058 2917 gentes
3125 2859 3181 2905 et
3237 2850 3580 2906 immortales
3600 2893 3616 2918 ,

2864 2940 3172 3009 cujusmodi
3226 2952 3354 2997 sunt
3396 2944 3575 3014 angeli
3600 2985 3615 3003 .

2862 3037 2918 3082 et
2940 3028 2993 3083 in
3015 3045 3102 3085 res
3119 3033 3329 3088 ratione
3358 3036 3616 3104 praeditas

2862 3122 3143 3186 mortales,
3160 3125 3468 3193 cuiusmodi
3487 3136 3618 3180 sunt

2863 3211 3143 3279 homines;
3185 3214 3323 3268 etin
3366 3230 3457 3270 res
3486 3231 3617 3271 sen-

2864 3301 3062 3357 tientes
3087 3304 3315 3359 rationis
3338 3314 3616 3376 espertes.

2862 3396 3169 3466 cujusmodi
3200 3407 3330 3453 sunt
3363 3400 3612 3469 iumenta

2861 3495 2918 3542 et
2948 3487 3200 3542 volucres
3222 3500 3279 3544 et
3313 3490 3529 3559 pisces;
3558 3501 3615 3546 et

2863 3577 2919 3633 in
2972 3592 3063 3632 res
3113 3579 3456 3649 prodeuntes
3493 3596 3617 3635 mo-

2861 3676 3074 3731 ventes.
3108 3678 3164 3727 et
3185 3672 3499 3739 insensiles,
3521 3690 3617 3729 cu-

2856 3761 3094 3832 ]uSmodi
3158 3774 3288 3819 sunt
3336 3766 3518 3832 venti,
3558 3776 3616 3822 et

2860 3854 3093 3918 nebulae,
3118 3866 3175 3909 et
3196 3871 3373 3925 aqum,
3391 3865 3446 3911 et
3477 3859 3613 3913 stel~

2861 3944 2963 4011 lae;
3001 3956 3057 3999 et
3104 3947 3159 4000 in
3203 3963 3293 4001 res
3339 3964 3461 4018 qua:
3509 3966 3612 4004 au-

2858 4044 3059 4107 gentur
3084 4046 3141 4093 et
3161 4055 3282 4109 quae
3304 4038 3467 4095 etiam
3496 4058 3614 4096 mo-

2858 4134 3095 4193 ventur,
3137 4130 3445 4203 cujusmodi
3480 4142 3611 4189 sunt

2859 4219 3113 4286 arbores;
3142 4229 3199 4276 et
3226 4221 3282 4277 in
3310 4239 3400 4278 res
3426 4223 3611 4280 insen-

2858 4310 2988 4366 siles
3007 4327 3130 4382 quae
3159 4329 3269 4369 non
3292 4327 3607 4383 moventur,

2860 4412 2920 4459 ut
2954 4413 3084 4460 sunt
3111 4414 3327 4463 montes
3352 4416 3407 4464 et
3442 4418 3605 4475 terra,

2857 4506 2914 4553 et
2945 4514 3068 4569 qum
3106 4508 3237 4555 sunt
3268 4501 3607 4574 hujusmodi.

2857 4588 3060 4649 Omnes
3099 4594 3249 4651 enim
3287 4611 3376 4652 res
3417 4612 3450 4652 a
3494 4598 3606 4653 Deo

2856 4693 3052 4740 creata:
3076 4685 3130 4740 in
3164 4687 3305 4743 ccelo
3327 4695 3385 4744 et
3413 4689 3470 4743 in
3496 4698 3605 4746 ter-

2860 4788 3197 4859 ra,ltangunt
3225 4798 3387 4838 unam
3415 4793 3471 4840 et
3500 4785 3603 4840 ali-

2856 4886 3017 4940 quam
3051 4888 3119 4927 ex
3159 4873 3247 4930 his
3288 4874 3600 4931 distinctio-

2838 4965 3039 5029 .nibus,
3052 4976 3109 5021 et
3123 4977 3251 5023 sunt
3267 4966 3348 5023 eis
3363 4968 3601 5025 deﬁnita;

2852 5071 2916 5111 ac
2934 5056 3385 5130 circumscriptis.

810 5273 842 5342 :3
867 5273 1049 5322 annis:
1087 5273 1289 5327 (Ιυιουε
1336 5273 1476 5312 "Im
1507 5273 1652 5351 080$
1683 5273 1920 5325 Αυεηυαε
2098 5273 2335 5343 Adverte
2371 5286 2555 5330 autem
2609 5283 2666 5330 tu
2708 5277 2803 5348 qui
2846 5280 2941 5335 Dei
2985 5282 3213 5351 pulchra
3237 5282 3491 5340 facientis
3516 5302 3601 5343 rcs

334 5348 400 5402 in
454 5349 777 5401 servitutem
837 5363 959 5403 esse
1025 5348 1387 5420 redigendum
1441 5359 1498 5405 et
1566 5350 1918 5422 amigendum
2023 5362 2284 5433 pulchras
2314 5364 2653 5430 consideras,
2692 5375 2753 5420 ut
2785 5348 3083 5441 cognoscas
3124 5372 3271 5440 quod
3318 5373 3434 5445 ipse
3461 5391 3602 5446 quo-

330 5437 599 5494 lsraolem
631 5439 700 5493 ab
724 5438 1017 5510 Ailgyptiis,
1036 5441 1295 5510 quoniam
1318 5457 1429 5497 non
1448 5443 1923 5515 serviitAilgyptiis
2026 5469 2137 5522 que
2159 5469 2255 5509 sex
2285 5455 2500 5510 dierum
2549 5468 2814 5515 creaturae
2857 5437 3043 5530 opifex
3077 5437 3355 5531 Christus,
3384 5437 3602 5525 constat

2025 5545 2263 5614 quodam
2290 5547 2456 5601 modo
2484 5564 2551 5603 ex
2579 5565 2815 5606 numero
2834 5553 3090 5620 senario;
3128 5569 3326 5627 nempe
3347 5573 3415 5614 ex
3433 5576 3599 5615 carne

408 5644 476 5677 ⁸¹⁶
504 5644 693 5701 Matth.
732 5662 857 5710 xxv,
890 5645 945 5701 6.
1026 5646 1072 5677 ⁵³
1104 5647 1462 5713 Matth.xxrv,
1488 5652 1687 5718 46.48;
1714 5652 1848 5707 Luc.
1895 5661 2205 5725 xu,57,38.
2284 5662 2329 5695 ³*
2354 5663 2544 5720 Matth.
2586 5681 2733 5735 xxxv,
2761 5668 2852 5723 56.
2930 5669 2975 5701 "
3013 5670 3031 5725 Ι
3074 5668 3201 5726 Cor.
3243 5688 3298 5740 η,
3340 5673 3431 5727 l0.
