4042 6292
487 301 592 364 943

1699 307 1758 366 S.
1803 303 2199 364 ANASTASII
2239 305 2562 364 ΒΙΝΑῙΤιΕ

3633 309 3749 373 944

483 428 606 483 quae
653 419 866 468 constat
907 428 974 467 ex
1030 423 1268 484 quatuor
1305 413 1614 480 elementis,
1651 422 1707 468 et
1737 429 1804 468 ex
1849 414 2060 468 intelti-
2093 421 2135 476 Α
2164 423 2316 468 sexta
2378 415 2513 468 hora
2576 415 2822 486 ejusdem
2883 417 3177 472 millenarii
3225 427 3283 473 et
3323 419 3561 491 septima
3605 421 3746 475 hora

482 511 644 573 gente
672 502 876 568 anima,
919 511 976 560 et
1023 520 1090 559 ex
1119 505 1428 559 divinitate.
1482 505 1626 576 Ergo
1665 506 1710 558 si
1751 507 1931 559 omnia
1968 519 2061 575 per

482 597 655 665 ipsum
692 605 740 649 et
773 597 828 650 in
860 597 1033 667 ipsum
1088 596 1357 650 tendentia
1387 605 1572 674 creata
1607 605 1753 658 sunt,
1797 605 1908 649 tam
1941 611 2060 665 qua:

479 696 601 739 sunt
630 687 684 740 in
701 687 840 740 caelis
866 703 1026 756 quam
1042 700 1161 756 quia
1185 687 1240 739 in
1263 694 1429 750 terra,
1462 694 1521 740 ut
1543 687 1743 740 clamat
1763 686 1968 740 Paulus
1987 685 2055 751 ⁸⁸,

481 775 706 830 omnino
759 775 1071 846 signiﬁcant
1116 776 1212 846 qui
1246 785 1331 831 est
1381 777 1438 830 in
1482 777 1603 846 ipso
1655 776 1959 839 senarium,
2001 783 2058 829 et

478 881 603 920 eam
637 867 908 937 signiﬁcat
942 869 1121 923 omnis
1157 883 1426 924 numerus
1461 868 1718 924 senarius
1752 870 1844 940 qui
1883 877 1968 923 est
1999 868 2056 921 in

479 959 663 1014 Veteri
689 971 745 1014 et
779 961 932 1016 Novo
964 961 1342 1018 Testamento.

544 1050 914 1119 Quamobrem
939 1061 999 1106 ut
1024 1053 1171 1122 quod
1194 1052 1450 1108 Christus
1476 1053 1660 1107 omnia
1690 1054 1970 1110 contineat
1997 1061 2055 1108 et

475 1141 737 1198 omnibus
762 1141 1102 1209 dominetur,
1160 1151 1453 1213 propterea
1491 1144 1672 1199 sexies
1709 1144 2052 1199 millenarius

473 1248 740 1289 numerus
784 1243 870 1290 est
908 1236 1091 1291 unitas
1147 1235 1330 1290 omnis
1366 1237 1562 1292 calculi
1613 1247 1671 1293 et
1711 1239 1926 1292 numeri
1958 1237 2052 1308 qui

473 1325 678 1380 dicitur
723 1327 781 1380 in
827 1326 1051 1391 litteris,
1097 1329 1488 1400 unitatumque
1523 1338 1578 1386 et
1616 1329 1957 1385 binariorum
1996 1340 2054 1386 et

473 1415 870 1483 ternariorum,
911 1427 968 1473 et
1003 1418 1060 1476 in
1091 1421 1368 1476 creaturis
1407 1420 1768 1475 terrestribus
1801 1430 1857 1476 et
1882 1421 2052 1475 subli~

471 1507 654 1563 mibus
689 1509 940 1564 continet
993 1525 1215 1566 omnem
1274 1511 1602 1566 numerandi
1655 1511 1944 1567 scientiam
1995 1521 2054 1568 et

469 1601 858 1670 quantitatem,
895 1617 1022 1656 cum
1046 1603 1120 1658 sit
1144 1603 1484 1674 significans.
1522 1604 1590 1659 Et
1636 1603 1739 1658 hac
1778 1603 1848 1658 de
1883 1619 2049 1659 causa

469 1698 626 1745 sexto
652 1690 742 1744 die
760 1691 936 1746 factus
964 1701 1050 1746 est
1076 1693 1290 1762 primus
1340 1692 1536 1759 Adam,
1577 1701 1638 1746 ut
1673 1692 1767 1762 qui
1800 1690 2052 1762 praefigu-

2163 500 2507 558 hebdomada
2528 543 2543 569 ,
2591 513 2648 558 et
2673 513 2824 558 sexta
2844 505 2982 559 hora
3021 507 3160 561 sexti
3200 508 3332 574 diei,
3357 525 3524 577 quam
3555 519 3748 579 aperte

2162 593 2533 663 pratﬁguravit
2580 606 2638 651 et
2689 597 2982 667 descripsit
3031 593 3190 655 nobis
3233 601 3301 655 ad
3362 603 3745 657 enarrandum

2159 686 2477 753 propositus
2509 697 2698 743 sextus
2727 689 2848 744 dies
2870 691 3170 747 creationis
3209 708 3302 746 sex
3329 693 3550 748 dierum
3579 711 3748 760 ;nam

2159 773 2204 828 si
2243 774 2370 844 quis
2390 777 2525 832 velit
2547 786 2805 847 tanquam
2831 781 2886 835 in
2917 781 3101 836 medio
3135 783 3332 837 horum
3356 785 3596 840 duorum
3621 785 3749 840 die-

2159 881 2282 918 rum
2328 867 2683 924 considerare
2729 869 2939 940 (illius,
3003 873 3250 943 inquam,
3300 877 3438 930 sexti
3500 877 3634 942 diei,
3689 889 3748 932 et

2155 955 2308 1011 illius
2362 956 2418 1012 in
2463 973 2575 1028 quo
2603 961 2882 1016 secundus
2922 961 3094 1017 Adam
3131 963 3386 1020 Christus
3428 967 3746 1022 voluntarie

2155 1059 2348 1114 passus
2399 1055 2485 1101 est
2539 1051 2915 1122 passionem),
2967 1055 3210 1109 inveniet
3251 1060 3348 1110 eos'
3390 1072 3514 1112 esse
3545 1059 3744 1113 veluti

2154 1137 2418 1204 quasdam
2446 1138 2565 1194 sine
2591 1140 2915 1198 discrimine
2940 1144 3048 1198 sibi
3076 1145 3478 1214 respondentes
3505 1159 3562 1203 et
3591 1151 3745 1220 ejus-

2155 1227 2279 1284 dem
2301 1241 2514 1288 naturre
2537 1231 2676 1289 duas
2698 1234 2966 1306 imagines
2998 1253 3056 1293 se
3091 1237 3239 1293 inter
3265 1255 3324 1294 se
3365 1237 3743 1300 imitantesct

2153 1335 2255 1392 per
2280 1337 2369 1376 res
2389 1322 2536 1376 inter
2561 1339 2620 1379 se
2645 1326 3005 1383 assimilatas.
3037 1329 3106 1384 Et
3129 1330 3239 1400 jam
3274 1331 3499 1400 quidem
3525 1331 3644 1386 fuse
3667 1335 3741 1389 de

2153 1412 2242 1467 his
2271 1429 2302 1466 a
2332 1414 2494 1470 nobis
2528 1416 2735 1471 dictum
2783 1425 2868 1472 est
2907 1419 2962 1472 in
3011 1421 3239 1492 mystica
3271 1424 3742 1493 contemplatione

2153 1505 2474 1560 salutarium
2505 1508 2710 1564 Chr-isti
2760 1511 2858 1564 Dei
2900 1514 3075 1566 nostri
3119 1514 3436 1582 passionum
3467 1516 3524 1570 in
3559 1517 3744 1572 Evan-

2152 1597 2315 1667 gelio,
2353 1610 2410 1654 et
2463 1601 2594 1656 illuc
2641 1603 3067 1658 transmittimus
3118 1605 3366 1660 discendi
3425 1609 3738 1679 studiosum

2152 1689 2484 1745 auditorem.
2509 1693 2776 1749 Similiter
2801 1695 3061 1765 quoniam
3085 1705 3234 1752 totus
3259 1713 3462 1770 scopus
3491 1711 3548 1757 et
3576 1703 3740 1757 insti-

470 1788 619 1836 rarct
649 1781 944 1853 imaginem
971 1753 1386 1837 individuarum
1425 1753 1664 1852 partium
1689 1753 1922 1835 .Cli'risti
1953 1753 2051 1849 qui
2083 1753 2126 1808 Β
2157 1788 2335 1836 tutum
2367 1784 2531 1854 hujus
2558 1787 2744 1855 operis
2788 1753 2876 1843 est
2910 1797 2970 1843 ut
3011 1753 3377 1847 ostendamus
3417 1794 3566 1866 quod
3615 1797 3742 1850 nni-

468 1883 554 1930 est
579 1889 674 1930 sex
704 1875 945 1941 dierum,
999 1873 1090 1946 qui
1141 1883 1223 1931 est
1261 1875 1538 1931 secundus
1577 1874 1774 1940 Adam,
1811 1873 1908 1944 qui
1931 1872 2056 1942 qui-

467 1967 594 2022 dem
620 1975 776 2024 sexto
800 1967 890 2022 die
905 1968 1092 2023 saeculi
1121 1983 1287 2038 super
1312 1976 1512 2021 terram
1542 1966 1647 2021 fuit
1675 1974 1732 2020 et
1755 1965 2050 2034 apparuit;

466 2075 667 2131 nempe
713 2074 859 2114 anno
898 2059 1197 2130 quinquies
1243 2059 1538 2114 millesimo
1585 2057 2048 2128 quingentesimo,

465 2155 561 2224 qui
592 2161 678 2209 est
704 2152 966 2208 meridies
997 2161 1054 2208 et
1075 2168 1324 2222 vespera,
1348 2163 1405 2207 et
1437 2159 1604 2206 sextae
1635 2151 1786 2206 hora
1813 2149 2048 2216 medius,

467 2247 730 2303 videlicet
753 2256 921 2303 sextae
953 2247 1284 2317 quantitatis
1309 2246 1516 2302 saeculi.

535 2337 906 2406 Quamobrem
943 2355 1007 2394 ea
1043 2337 1112 2393 de
1151 2353 1320 2401 causa
1365 2350 1594 2406 vespere
1635 2345 1796 2402 sexto
1841 2333 1954 2388 diei
1993 2333 2050 2389 in

467 2431 629 2486 horto
657 2441 716 2487 et
759 2431 1014 2501 paradiso
1059 2431 1236 2486 factus
1273 2439 1359 2486 est
1402 2426 1578 2485 Adam
1616 2444 1684 2483 ex
1721 2436 1866 2482 terra
1895 2437 1948 2482 et
1981 2443 2050 2482 ex

464 2523 654 2577 divina
682 2523 1050 2578 insuﬂlatione
1085 2525 1186 2593 (ex
1206 2531 1428 2587 natura,
1455 2523 1704 2592 inquam,
1727 2519 2052 2590 aspectabili

464 2623 523 2669 et
553 2631 675 2685 quae
716 2631 824 2670 non
870 2615 1020 2670 cadit
1057 2615 1163 2670 sub
1211 2613 1532 2685 aspectum)
1582 2612 1938 2684 praiiigurans
1985 2628 2050 2668 ac
2086 2659 2102 2676 ,

467 2705 624 2774 prius
671 2703 996 2761 describens
1046 2703 1330 2762 Christum
1393 2704 1783 2772 aspectabilem
1826 2711 1882 2757 et
1938 2718 2049 2758 non

466 2796 893 2868 aspcctabilem;
935 2811 1058 2867 quae
1089 2796 1226 2850 liora
1264 2803 1417 2850 sexta
1469 2794 1526 2848 in
1584 2809 1683 2848 sua
1726 2793 1966 2862 imagine
1995 2801 2050 2848 et

465 2889 747 2954 Ecclesiae,
775 2889 930 2943 visus
961 2897 1047 2942 est
1071 2887 1308 2942 Abrahm
1335 2887 1389 2940 in
1424 2900 1638 2954 quercu
1686 2885 1950 2949 Mambre,
1991 2893 2049 2938 et

467 2980 582 3035 iilic
602 2978 734 3034 fecit
757 2978 1094 3034 sacrificium
1134 2977 1291 3032 tituli
1348 2975 1464 3044 (qui
1498 2984 1730 3030 mortem
1759 2974 1880 3042 ejus
1903 2989 2047 3042 prae-

2154 1886 2314 1926 versa
2345 1889 2440 1927 sex
2475 1873 2689 1930 dierum
2754 1887 2862 1932 tam
2919 1879 2974 1933 in
3038 1881 3194 1936 cmlis
3261 1897 3425 1952 quam
3471 1883 3528 1936 in
3572 1885 3740 1940 terris

2153 1965 2380 2030 creatis,
2412 1967 2725 2038 praiflgurat
2752 1986 2816 2025 ac
2858 1971 3124 2026 describit
3159 1973 3254 2027 Dei
3289 1975 3444 2029 verbi
3477 1976 3736 2032 incarna-

2153 2055 2358 2110 tionem
2395 2066 2451 2112 et
2477 2059 2775 2116 Ecclesiam
2801 2080 2814 2115 :
2841 2079 3069 2118 necesse
3103 2073 3188 2119 est
3225 2065 3292 2120 de
3335 2079 3537 2122 caetero
3571 2077 3633 2122 ut
3665 2086 3737 2127 ex

2151 2135 2546 2219 multis'pauca
2573 2153 2912 2210 adducamus
2940 2157 3152 2226 antiqui
3189 2157 3340 2211 illius
3365 2157 3500 2220 diei,
3536 2176 3734 2228 quem-

2151 2239 2448 2295 admodum
2521 2243 2874 2316 prmﬁgurant
2947 2262 3012 2301 ac
3085 2249 3365 2302 ascribunt
3457 2252 3735 2308 salutares

2149 2331 2352 2388 Christi
2393 2335 2680 2404 passiones
2703 2351 2840 2406 quas
2864 2354 3057 2408 passus
3075 2348 3160 2393 est
3182 2349 3336 2394 sexto
3359 2340 3470 2404 die,
3499 2351 3555 2396 et
3595 2360 3736 2413 qun-

2151 2427 2317 2481 modo
2345 2427 2516 2482 Adam
2546 2444 2576 2482 a
2618 2429 2730 2483 Deo
2755 2430 2931 2484 factus
2957 2430 3120 2484 liberi
3155 2431 3388 2494 arbitrii,
3417 2419 3731 2490 voluntarie

2149 2527 2206 2572 et
2232 2533 2342 2574 non
2373 2535 2441 2574 ex
2475 2521 2655 2589 aliqua
2680 2504 3010 2575 necessitate
3033 2537 3224 2590 passus
3245 2533 3346 2587 est,
3379 2522 3452 2578 ita
3478 2524 3652 2578 libere
3673 2536 3731 2579 et

2150 2612 2468 2668 voluntarie
2518 2614 2783 2668 Dominus
2843 2615 3014 2669 subiit
3076 2617 3409 2685 passionem.
3493 2619 3729 2674 Attende

2149 2699 2314 2754 etiam
2361 2715 2427 2754 ea
2465 2717 2586 2771 qua:
2621 2711 2750 2756 sunt
2791 2702 3060 2765 dicenda,
3097 2712 3151 2756 et
3193 2704 3406 2764 videbis
3453 2708 3595 2760 sexti
3647 2717 3730 2780 ty-

2149 2804 2250 2858 pos
2301 2790 2716 2861 przeﬁgurantes
2753 2807 2818 2847 ac
2848 2793 3230 2850 describentes
3278 2798 3589 2854 veritatem.
3643 2801 3728 2854 Ab

2149 2896 2268 2946 esu,
2298 2881 2469 2934 Adam
2504 2898 2698 2951 passus
2741 2893 2826 2938 est
2847 2885 3026 2954 838
3053 2895 3318 2952 mortem;
3367 2905 3724 2958 quamonrem

2147 2971 2400 3028 Christus
2427 2989 2657 3042 quoque
2701 2990 2830 3029 eum
2880 2959 3319 3034 surrexisset'ab
3374 2979 3477 3035 esu‘
3534 2996 3724 3047 errante,

465 3071 798 3142 ﬁgurabat),
820 3079 878 3126 et
905 3069 1015 3126 cibi
1043 3067 1268 3125 humani
1305 3065 1414 3120 fuit
1446 3065 1744 3136 particeps,
1781 3079 1908 3118 cum
1935 3079 2044 3118 non
2071 3084 2116 3142 ο
2147 3065 2301 3118 venit
2329 3063 2397 3118 ad
2431 3065 2738 3133 passionem
2785 3075 2843 3120 et
2900 3079 3157 3124 mortem.
3197 3071 3312 3125 'Pcr
3341 3071 3507 3125 Evam
3535 3075 3730 3144 passus

464 3177 620 3215 suam
667 3162 1044 3232 praitigurans,
1088 3158 1184 3214 sed
1235 3155 1386 3212 Sara:
1459 3157 1623 3212 solvit
1669 3155 2038 3224 sterilitatem,

463 3265 664 3320 nempe
695 3249 982 3316 Ecclesiae;
1010 3249 1153 3318 parit
1178 3249 1328 3304 enim
1359 3263 1468 3303 non
1491 3263 1684 3312 unum,
1718 3248 1814 3303 sed
1837 3248 2042 3302 multos

463 3338 799 3396 lsaacoszet
833 3341 888 3395 in
940 3340 1300 3394 tabernaculo
1344 3338 1448 3394 fuit
1489 3339 1700 3410 typice;
1746 3339 1856 3394 illic
1893 3338 2040 3394 enim

464 3431 630 3486 etiam
685 3431 933 3486 ambulat
969 3430 1028 3486 in
1081 3431 1331 3486 Ecclesia
1380 3431 1498 3486 Dei.
1545 3429 1804 3486 Meridies
1855 3439 2041 3486 autem

466 3537 660 3578 rursus
683 3529 738 3577 ct
766 3537 995 3592 vespera
1015 3529 1136 3578 erat
1156 3529 1212 3576 et
1237 3521 1374 3576 hora
1398 3529 1571 3586 sexta,
1597 3521 1819 3590 quando
1839 3520 2040 3590 Joseph

467 3613 522 3666 in
582 3609 787 3666 Christi
829 3608 1128 3682 imaginem
1193 3625 1428 3680 pransus
1473 3611 1638 3666 simul
1683 3625 1808 3664 eum
1860 3610 2044 3665 fratri-

465 3703 589 3766 bus,
619 3710 676 3758 ει
709 3701 915 3757 Christi
965 3701 1173 3757 Pascha
1223 3701 1626 3760 admirabiliter
1670 3700 2043 3774 pia-ﬁguravit

465 3812 529 3851 ac
573 3793 896 3864 descripsit,
944 3802 1000 3850 et
1039 3803 1172 3849 tunc
1214 3793 1514 3850 cisternam
1570 3793 1860 3854 habitavit,
1915 3800 2042 3847 ante

466 3881 719 3936 indicans
755 3897 820 3935 ac
866 3880 1184 3952 signiﬁcans
1230 3879 1521 3938 Christum
1571 3881 1667 3952 qui
1723 3891 1848 3951 post
1893 3881 2041 3934 illam

465 3987 678 4028 umnam
701 3972 991 4043 jaciendus
1013 3982 1134 4028 erat
1164 3973 1220 4027 in
1251 3973 1543 4027 cisternam
1590 3971 1852 4040 sepulcri.
1897 3971 2042 4025 Hora

464 4071 615 4118 sexta
649 4073 770 4120 erat
802 4063 970 4118 etiam
1004 4064 1226 4134 quando
1246 4064 1392 4118 Ruth
1425 4065 1515 4118 illa
1535 4062 1856 4117 admiranda
1890 4061 2068 4133 (tan-,

464 4169 628 4224 quam
679 4153 924 4210 formosa
969 4155 1242 4226 Ecclesia)
1295 4171 1421 4211 cum
1469 4154 1536 4210 ad
1586 4155 1762 4224 ipsum
1799 4155 1942 4210 Booz
1986 4155 2042 4208 in

465 4265 615 4320 agro,
648 4256 903 4318 tanquam
948 4249 1014 4304 ad
1044 4248 1324 4304 Christum
1369 4249 1884 4319 appropinquasset,
1913 4262 2042 4302 esu-

466 4341 614 4395 riens
649 4339 719 4394 ab
757 4355 824 4394 eo
864 4348 950 4395 est
1003 4341 1232 4403 nutrita,
1277 4349 1334 4394 et
1368 4345 1488 4410 ejus
1533 4339 1672 4394 facta
1705 4348 1788 4393 est
1819 4328 2037 4407 coniux.

2143 3165 2228 3212 est
2283 3153 2491 3220 Adam;
2539 3155 2808 3210 “similiter
2855 3157 3022 3212 etiam
3070 3158 3326 3214 Christus
3390 3177 3586 3230 passus
3642 3171 3729 3219 est

2142 3254 2370 3317 propter
2431 3245 2756 3300 Ecclesiam.
2803 3247 2892 3312 Et,
2937 3257 2998 3302 ut
3059 3251 3252 3319 paucis
3304 3251 3504 3316 dicam,
3551 3269 3708 3308 come

2142 3337 2224 3392 dit
2285 3335 2479 3398 Adam,
2533 3333 2694 3405 fugit,
2748 3336 2912 3390 latuit
2976 3339 3031 3392 in
3076 3338 3240 3393 horto
3275 3358 3290 3406 ;
3328 3335 3612 3411 quaesitus,
3641 3343 3728 3397 in-

2141 3440 2340 3484 ventus
2357 3429 2756 3482 condemnatus
2787 3427 2894 3482 fuit
2931 3445 2946 3482 :
2982 3429 3239 3485 similiter
3273 3433 3442 3486 etiam
3469 3433 3724 3488 Christus

2143 3518 2382 3572 comedit
2436 3532 2683 3582 coenam,
2734 3518 3049 3574 voluntarie
3121 3521 3262 3592 fugit
3328 3523 3383 3576 in
3473 3534 3717 3579 montem

2142 3607 2422 3662 Olivarum
2451 3615 2730 3668 oraturus,
2757 3607 2918 3662 latuit
2944 3609 2998 3663 in
3023 3619 3150 3664 orto
3181 3615 3441 3669 torrentis
3462 3614 3678 3670 Cedron
3695 3633 3720 3682 _;

2142 3701 2409 3770 quaesitus
2455 3708 2541 3754 est
2594 3715 2625 3753 a
2685 3699 2888 3755 Judaeis
2946 3709 3002 3755 et
3063 3702 3324 3758 inventus
3385 3708 3473 3758 est
3508 3721 3541 3759 a
3583 3706 3720 3762 Iuda

2145 3791 2363 3860 signum
2393 3790 2560 3846 dante
2599 3791 3122 3864 osculum;ejeetus
3169 3805 3255 3849 est
3299 3796 3457 3851 illinc
3507 3798 3718 3854 vinctus

2145 3882 2202 3936 in
2264 3882 2426 3936 horto
2470 3883 2614 3937 sicut
2664 3883 2834 3937 Adam
2895 3901 2958 3939 ex
3009 3885 3282 3955 paradiso,
3322 3888 3635 3958 probroque
3665 3903 3723 3945 et

2143 3972 2442 4042 ignominia
2498 3983 2583 4028 est
2635 3975 2865 4030 affectus
2923 3975 3132 4046 lignum
3173 3985 3399 4045 portans
3448 3978 3719 4042 humeris,

2141 4069 2198 4115 et
2247 4061 2424 4116 factus
2465 4065 2773 4118 exsecratio
2807 4076 2872 4118 ac
2902 4064 3280 4133 maledictum,
3323 4067 3722 4124 condemnatus

2142 4160 2227 4206 est
2249 4161 2472 4221 propter
2494 4165 2619 4207 eum
2639 4155 2732 4223 qui
2752 4155 2933 4209 fuerat
2960 4155 3380 4220 condemnatus,
3407 4157 3721 4212 dicentibus

2144 4243 2212 4297 iis
2235 4243 2326 4311 qui
2360 4255 2733 4301 convenerant
2757 4263 2768 4297 :
2791 4245 2998 4322 Dignius
3023 4254 3098 4300 est
3127 4256 3294 4300 morte
3325 4249 3390 4300 ⁵⁷.
3441 4248 3509 4307 Et
3536 4265 3722 4319 egres-

2145 4349 2238 4386 sus
2287 4342 2438 4387 extra
2482 4335 2812 4400 Jerusalem,
2855 4347 3109 4391 mortuus
3140 4347 3224 4390 est
3271 4346 3498 4407 propter
3531 4325 3718 4408 proto-

464 4430 635 4494 Quam
665 4429 898 4499 pulchre
927 4429 1141 4486 imitata
1163 4429 1388 4500 gentilis
1417 4429 1504 4482 illa
1533 4427 1798 4490 Ecclesia,
1825 4428 2043 4497 Sapien-
2073 4413 2118 4468 Ῑ)
2145 4423 2379 4492 plastum
2399 4425 2490 4495 qui
2511 4435 2742 4482 mortem
2761 4425 3112 4490 subierat,e1
3136 4425 3298 4480 horto
3320 4439 3598 4496 egressus.
3624 4430 3721 4483 Est

467 4519 676 4576 tissima
719 4521 1086 4580 Samaritana,
1125 4535 1249 4590 qua:
1283 4534 1538 4590 qurerens
1579 4519 2048 4589 quemadmodum

465 4615 610 4670 Deus
629 4613 703 4669 sit
726 4611 1060 4676 adorandus,
1079 4622 1234 4668 sexta
1259 4612 1393 4666 liora
1417 4612 1483 4666 ad
1506 4609 1787 4666 Christum
1813 4610 2047 4664 accessit

461 4703 789 4776 jampridem
824 4703 1108 4760 sedentem
1141 4717 1308 4776 super
1331 4711 1558 4772 putcnm
1593 4701 1820 4771 piscina:
1861 4709 1919 4756 et
1961 4701 2044 4756 la-

465 4796 637 4859 vacri,
671 4795 896 4866 quando
919 4809 1040 4850 eam
1067 4793 1325 4848 liberavit
1357 4809 1386 4847 a
1425 4793 1690 4848 servitute
1717 4800 1774 4857 et
1798 4792 1868 4847 ab
1901 4807 2042 4862 aqua

464 4886 688 4943 ferenda
737 4885 1066 4955 alienigenis
1115 4884 1447 4950 simulacris,
1495 4893 1591 4938 seu
1631 4901 1659 4938 ει
1693 4881 1944 4938 sudando
1987 4890 2043 4936 et

467 4978 766 5034 laborando
802 4977 857 5030 in
889 4977 1102 5046 iisquae
1149 4974 1217 5030 ad
1265 4990 1364 5030 eos
1412 4975 1730 5045 pertinent;
1778 4975 1922 5030 sicut
1953 4973 2042 5027 illa

465 5083 661 5137 aquam
692 5067 902 5122 ferebat
930 5065 1313 5122 Samaritanis.
1346 5065 1452 5122 Has
1485 5075 1670 5120 autem
1718 5080 1910 5120 omnes
1947 5081 2044 5118 ve-

465 5174 656 5228 speras
681 5169 845 5214 sextae.
893 5159 1042 5214 horai
1091 5156 1551 5222 facit.Christus,'
1597 5166 1825 5228 propter
1889 5155 2044 5210 illum

469 5251 745 5306 hominem
793 5251 887 5322 qui
947 5253 1002 5306 in
1049 5251 1303 5320 paradiso
1345 5265 1576 5304 eversus
1625 5250 1804 5304 fuerat
1853 5248 1908 5302 in
1949 5248 2041 5303 illa

469 5355 694 5412 vespera
729 5343 783 5396 in
813 5345 904 5398 illo
937 5343 1208 5412 paradiso.
1237 5342 1371 5396 Nam
1392 5349 1618 5411 propter
1643 5341 2038 5409 protoplastnm

467 5430 660 5496 Adam,
692 5431 746 5486 in
769 5443 950 5488 ortum
977 5431 1244 5502 Golgotha
1275 5447 1372 5486 seu
1408 5430 1692 5488 Calvarize.
1735 5445 1962 5500 vespere
1987 5441 2044 5484 et

470 5529 618 5574 sexta
647 5522 782 5576 hora
818 5523 874 5576 in
903 5537 1121 5578 crucem
1149 5522 1406 5578 ascendit
1431 5529 1587 5576 sexto
1622 5522 1712 5576 die
1747 5521 1955 5576 saeculi.
1985 5522 2040 5574 in

540 5699 586 5727 ιθ
619 5699 826 5754 (Σοῖωςς.
864 5718 900 5767 i,
939 5700 1022 5754 16.
1103 5703 1144 5733 ⁵⁷
1183 5699 1369 5753 Matzh.
1419 5716 1562 5765 xxvi,
1605 5701 1692 5754 66.

2140 4513 2414 4582 proditus,
2453 4523 2512 4568 et
2542 4513 2600 4568 in
2631 4515 2856 4569 bonum
2904 4525 2992 4570 est
3026 4517 3428 4594 ingressus,fet
3469 4519 3524 4572 in
3571 4520 3721 4590 ligno

2139 4603 2434 4661 cruciﬁxus
2465 4613 2691 4674 propter
2719 4605 3000 4662 hominem
3031 4607 3126 4677 qui
3167 4607 3420 4678 proditus
3455 4610 3638 4666 Nerat
3664 4611 3718 4666 in

2139 4695 2323 4762 horto,
2341 4707 2398 4751 et
2415 4696 2695 4768 ingressus
2713 4707 2836 4753 erat
2853 4695 2907 4752 in
2927 4699 3150 4754 hortum
3177 4701 3369 4756 mundi
3392 4712 3709 4760 utvescere-

2141 4795 2232 4840 tur
2287 4786 2546 4842 omnibus
2609 4797 2867 4858 tauquam
2917 4789 3324 4864 oleribusfeni
3366 4811 3380 4846 :
3421 4793 3530 4848 fuit
3567 4795 3716 4849 enim

2142 4879 2314 4932 instar
2359 4879 2548 4934 bestiae
2589 4891 2645 4935 et
2691 4886 2890 4952 expers
2945 4884 3175 4960 rationis
3226 4895 3350 4953 post
3409 4897 3715 4955 peceatum.

2142 4970 2296 5026 Unde
2331 4970 2527 5026 hortus
2573 4973 2676 5028 fuit
2718 4974 2776 5027 in
2817 4971 3101 5038 Calvaria,
3157 4977 3250 5031 ubi
3295 4978 3467 5032 Adam
3503 4980 3719 5049 iacebat

2142 5071 2414 5117 mortuus.
2453 5063 2588 5118 Illuc
2621 5080 2745 5118 cum
2787 5065 3032 5120 venisset
3062 5066 3349 5146 Christus,
3393 5069 3640 5146 pendens
3665 5073 3718 5126 in

2139 5153 2311 5226 ligno,
2350 5156 2548 5210 latroni
2589 5157 2808 5226 aperuit
2845 5145 3204 5240 paradisum;
3256 5171 3426 5216 noctu
3469 5145 3722 5217 Christus

2146 5246 2386 5301 comedit
2449 5248 2654 5302 Pascha
2705 5259 2832 5304 ante
2857 5251 3190 5320 passim-em,
3239 5254 3500 5322 quoniam
3551 5255 3632 5308 sic
3665 5265 3720 5308 et

2146 5347 2311 5392 noctu
2358 5339 2600 5393 comedit
2638 5339 2834 5404 Adam,
2861 5351 2916 5396 et
2956 5353 3041 5397 est
3085 5341 3360 5412 proditus,
3402 5345 3716 5414 priusquam

2147 5431 2320 5500 aperti
2347 5440 2531 5484 essent
2553 5432 2672 5499 ejus
2695 5431 2861 5486 oculi.

2219 5521 2344 5574 Tria
2372 5520 2514 5590 ligna
2555 5531 2715 5577 erant
2761 5523 2814 5576 in
2855 5523 3144 5592 paradiso:
3179 5541 3347 5578 unum
3398 5525 3614 5596 quidem
3655 5533 3713 5576 ut
