4042 6292
286 243 402 312 945

1397 251 1475 312 ΙΝ
1521 243 2326 312 ΠΕΧᾹΕΜΕΒΟΝ.”“ῙᾸΒ.
2371 251 2500 311 VlI.

3452 250 3557 314 916

286 366 614 414 vesceretur
646 360 850 423 homo;
883 357 988 413 alia
1023 368 1204 414 autem
1236 361 1368 426 duo,
1397 365 1632 418 alterum
1655 365 1878 434 quidem
1913 369 1953 420 Α
1983 376 2308 426 excessum;
2340 359 2548 415 Christi
2589 372 2841 427 soporem
2879 355 2932 410 in
2972 371 3138 411 cruce
3165 399 3178 422 ,
3204 357 3346 413 latus
3388 362 3563 414 nuda-

287 452 506 520 lignum
537 450 682 513 vitae,
732 451 970 504 alterum
1017 463 1199 506 autem
1259 455 1469 522 lignum
1513 456 1883 526 cognoscendi

289 545 508 598 bonum
553 552 610 597 et
648 545 890 598 malum:
949 556 1239 616 propterea
1297 550 1398 603 tria
1452 566 1672 620 quoque
1705 552 1886 630 'ligna

290 634 512 688 conﬁxa
538 645 670 688 sunt
695 636 749 689 in
770 636 932 690 horto
961 637 1230 708 Golgotha
1253 657 1350 694 seu
1385 641 1647 696 Calvaria:
1667 658 1680 705 ;
1701 629 1885 696 unum

290 725 526 796 quidem
567 726 776 796 lignum
819 729 1050 784 latronis
1081 731 1174 799 qui
1221 731 1325 786 fuit
1368 741 1642 798 servatus,
1687 743 1747 788 ut
1788 749 1888 803 per

293 821 476 890 ipsum
502 821 873 890 percipiamus
900 837 1012 876 non
1045 822 1382 878 dimuentem
1411 824 1649 879 fructum
1677 827 1891 880 theolo-

294 912 422 982 giae,
458 912 602 966 sicut
634 912 724 966 ille
758 913 1099 981 paradisum,
1119 925 1175 969 et
1213 931 1280 969 eo
1305 927 1592 972 vescentes
1617 919 1885 983 Izetemur,

295 1019 412 1057 non
472 1006 643 1058 semel
699 1006 794 1059 sed
848 1021 1068 1075 semper
1109 1024 1236 1061 eum
1301 1009 1676 1064 comedentes.
1741 1010 1888 1066 Crux

294 1094 509 1148 Christi
543 1103 629 1148 est
664 1096 874 1165 lignum
917 1097 1063 1160 vitm,
1111 1097 1165 1149 in
1205 1112 1315 1165 quo
1343 1098 1398 1151 in
1440 1099 1608 1151 altum
1639 1099 1890 1154 sublatus

299 1183 410 1236 fuit
450 1185 646 1239 botrus
684 1197 958 1251 maturus,
1001 1196 1058 1241 et
1094 1188 1203 1240 vita
1246 1197 1435 1242 nostra
1467 1199 1595 1243 ante
1624 1205 1727 1243 nos
1769 1189 1886 1243 visa

298 1285 388 1330 est
411 1291 702 1344 suspensa,
737 1278 895 1346 cujus
928 1278 1134 1332 virtute
1165 1279 1324 1332 multi
1371 1280 1538 1334 etiam
1579 1295 1645 1335 ex
1688 1297 1888 1335 monu-

300 1367 530 1432 mentis,
580 1368 862 1433 viviiicati,
920 1377 1050 1424 sunt
1107 1371 1352 1425 excitati.
1407 1371 1640 1442 Lignum
1703 1383 1887 1427 autem

301 1460 681 1528 cognoscendi
717 1461 924 1516 bonum
960 1471 1016 1515 et
1048 1463 1273 1528 malum,
1305 1464 1409 1516 fuit
1450 1478 1586 1517 crux
1633 1465 1888 1534 blasphe-

301 1551 532 1626 mantis,
578 1568 702 1621 qua:
746 1553 800 1606 in
833 1553 1038 1608 bonum
1087 1556 1308 1625 quidem
1356 1556 1435 1610 illi
1465 1556 1567 1610 ﬁxa
1609 1556 1811 1622 fuerat,
1840 1559 1886 1612 si

302 1640 608 1706 voluisset;
647 1642 702 1696 in
733 1645 936 1698 malum
968 1656 1152 1699 autem
1181 1647 1259 1700 illi
1303 1647 1491 1710 cessit,
1523 1662 1650 1702 cum
1681 1657 1886 1703 temere

303 1731 375 1784 ab
405 1731 622 1800 ingrato
668 1735 853 1789 animo
901 1735 1142 1806 linguam
1181 1739 1539 1804 extendisset,
1584 1747 1640 1793 et
1669 1755 1768 1808 pro
1795 1741 1888 1794 Dei

307 1819 629 1876 laudatione
690 1824 862 1877 Deum
928 1826 1387 1895 blasphemasset,
1425 1839 1482 1883 et
1559 1830 1893 1885 comedisset

305 1919 547 1964 mortem
573 1911 641 1965 ad
681 1912 988 1970 interitum.
1028 1915 1163 1972 Tres
1197 1919 1275 1972 rei
1310 1928 1613 1988 peccarunt
1650 1922 1708 1974 in
1731 1938 1892 1990 para—

308 1999 456 2062 diso,
502 1999 696 2066 Adam,
737 2012 792 2065 et
835 2005 966 2067 Eva,
1018 2014 1074 2060 et
1118 2021 1366 2076 serpens,
1415 2024 1482 2063 ex
1532 2011 1736 2079 quibus
1781 2011 1894 2065 duo

307 2091 540 2159 quidem
568 2102 697 2148 sunt
725 2097 950 2160 servati,
981 2113 1124 2152 unus
1150 2106 1332 2153 autem
1371 2101 1554 2168 periit.
1652 2102 1789 2157 Cum
1818 2104 1894 2160 ita

309 2195 611 2253 propterea
645 2194 755 2241 tres
781 2188 859 2244 rei
886 2189 1193 2258 penderent
1230 2191 1288 2246 in
1323 2191 1573 2248 Calvaria
1611 2194 1628 2264 (
1647 2197 1898 2252 nomina-

311 2275 484 2330 batur
548 2278 694 2333 enim
745 2280 913 2334 etiam
974 2281 1265 2348 Dominus,
1337 2290 1894 2354 peccatum",etiamsi

312 2377 548 2437 prOpter
576 2369 756 2438 ipsum
791 2386 902 2424 non
937 2382 1085 2427 esset
1108 2388 1238 2428 reus
1275 2389 1340 2428 ac
1379 2376 1802 2444 condemnatus,
1840 2391 1897 2435 et

311 2474 445 2513 eum
490 2474 598 2513 non
645 2470 814 2525 esset,
857 2463 1034 2517 solum
1074 2464 1306 2518 haberet
1345 2467 1494 2536 quod
1542 2469 1892 2542 diceretur),

317 2566 467 2605 unus
522 2551 664 2606 latro
707 2554 976 2623 ingratus,
1023 2571 1150 2610 cum
1198 2566 1347 2611 esset
1389 2567 1548 2629 typus
1592 2561 1797 2618 diaboli
1844 2573 1899 2618 et

313 2645 597 2712 serpentis
623 2655 679 2699 et
709 2646 865 2700 Juda:
903 2649 997 2716 qui
1029 2665 1086 2702 se
1122 2649 1178 2702 in
1197 2650 1348 2719 ligno
1373 2654 1682 2718 suﬂ'ocavit,
1709 2656 1896 2724 periit.

315 2736 456 2788 Nam
493 2737 774 2805 quomodo
827 2739 1094 2808 scriptum
1142 2749 1227 2796 est
1271 2743 1419 2812 quod
1461 2745 1590 2799 dolo
1633 2747 1900 2818 deceptus

314 2837 408 2882 est
432 2828 626 2886 Adam.
648 2830 724 2884 ita
749 2830 917 2884 etiam
942 2832 1114 2886 Judas
1145 2836 1336 2889 osculo
1368 2844 1424 2889 et
1454 2837 1581 2892 dolo
1611 2839 1736 2894 fecit
1767 2859 1899 2911 pro-

316 2919 592 2975 ditionem
629 2939 642 2974 :
673 2929 730 2976 et
764 2924 1042 2991 quomodo
1071 2926 1282 2982 dictum
1321 2939 1405 2984 est
1451 2932 1597 2999 quod
1645 2934 1901 2992 diabolus

1989 461 2104 505 tum
2157 453 2224 506 ad
2277 451 2758 514 vulnerationem;
2814 439 3172 502 nudationem
3233 461 3356 519 post
3413 468 3564 506 esum

1986 544 2202 606 Adami,
2234 554 2289 598 et
2316 543 2674 597 nudationem
2705 550 2827 610 post
2866 555 3080 594 cuinam
3111 541 3316 595 Christi
3345 561 3356 594 :
3392 552 3570 600 vestes

1987 635 2134 689 enim
2173 633 2748 703 exuit;proditionem
2787 647 2885 701 per
2918 640 3256 700 serpentem,
3305 642 3360 685 et
3389 634 3574 702 prodi-

1989 728 2197 780 tionem
2237 741 2334 794 per
2366 724 2537 778 tilium
2563 723 2769 793 viperae
2804 722 3166 791 discipulum;
3202 738 3485 792 veSperam
3517 724 3570 778 in

1988 831 2095 887 qua
2125 833 2184 871 se
2213 815 2561 870 abscondunt
2609 829 2640 867 a
2671 815 2782 868 Deo
2811 813 3155 882 proleplasti,
3185 821 3240 866 et
3285 827 3572 882 vesperam

1988 910 2044 964 in
2092 925 2196 979 qua
2256 909 2402 962 Deus
2438 907 2635 961 Adami
2694 914 2859 976 caput
2907 904 3220 960 Calvarium
3262 905 3572 976 subjectum

1988 1010 2308 1055 exsecratur
2340 1010 2400 1054 ut
2434 1000 2573 1054 ferat
2615 999 2802 1068 spinas
2855 1013 2980 1052 cum
3015 998 3258 1061 tribulis,
3305 1007 3362 1051 et
3387 997 3574 1067 spinas

1989 1097 2045 1149 in
2070 1095 2250 1164 capite
2280 1093 2534 1157 Christi;
2582 1089 2868 1145 tristitiam
2913 1089 2968 1142 in
3008 1087 3292 1158 pariendis
3339 1086 3488 1151 (iliis,
3519 1098 3576 1140 et

1993 1188 2272 1243 tristitiam
2319 1185 2746 1240 conturbantem
2774 1181 2984 1238 Christi
3022 1182 3261 1234 animam
3296 1196 3460 1250 usque
3507 1181 3576 1233 ad

1988 1290 2214 1335 mortem
2244 1281 2288 1312 ⁶¹
2322 1279 2622 1344 ;sudorem
2674 1277 2804 1347 pani
2863 1277 3164 1331 immistum
3201 1289 3328 1328 cum
3361 1273 3576 1334 labore,

1991 1374 2253 1428 sudorem
2300 1380 2560 1442 tanquam
2610 1385 2833 1440 grumos
2859 1377 2956 1424 aut
3007 1375 3194 1438 guttas
3253 1366 3575 1436 sanguinis;

1990 1465 2365 1534 rhomphzeam
2387 1464 2768 1517 obstruentem
2792 1461 3103 1530 ingressum
3119 1459 3314 1521 Edem,
3328 1470 3385 1514 et
3402 1458 3582 1511 rhom-

1989 1558 2202 1628 phaeam
2231 1556 2573 1626 aperientem
2603 1554 2748 1608 latus
2775 1552 3001 1607 Christi.
3051 1551 3165 1605 Nec
3215 1551 3332 1605 haec
3375 1549 3577 1610 solum,

1991 1650 2087 1704 sed
2143 1650 2311 1703 etiam
2355 1648 2593 1702 duorum
2640 1643 2908 1715 quasdam
2969 1642 3368 1698 similitudines
3419 1641 3580 1694 :illic

1993 1740 2272 1794 diabolum
2304 1747 2359 1793 et
2389 1745 2724 1806 serpentem,
2759 1735 2851 1789 hic
2909 1733 3145 1788 Pilatum
3175 1741 3231 1788 et
3271 1731 3533 1802 Caipham
3562 1749 3576 1796 ;

1994 1835 2124 1887 hinc
2159 1840 2214 1886 et
2241 1831 2371 1885 hinc
2393 1830 2663 1886 Adamum
2685 1837 2742 1883 et
2767 1828 2959 1892 Evam,
2988 1836 3044 1880 et
3069 1826 3314 1880 medium
3338 1826 3578 1896 lignum;

1993 1935 2048 1981 et
2105 1927 2196 1980 hic
2246 1925 2721 1994 blasphemantem
2777 1922 2910 1977 hinc
2969 1921 3275 1986 latronem;
3322 1929 3378 1974 et
3427 1918 3580 1973 illinc

1993 2020 2184 2084 alium,
2233 2019 2405 2072 Deum
2453 2016 2791 2080 laudantem,
2831 2025 2887 2069 et
2929 2013 3171 2068 medium
3221 2013 3452 2082 lignum,
3485 2012 3580 2066 sed

1995 2113 2208 2178 crucis;
2242 2120 2299 2166 et
2348 2110 2734 2164 indumentum
2772 2109 2886 2162 illic
2913 2109 2989 2175 ζει
3038 2106 3164 2172 licu,
3201 2114 3257 2160 et
3289 2106 3376 2160 hic
3401 2105 3583 2159 lindu-

1995 2212 2241 2258 mentum
2263 2217 2331 2257 ex
2355 2200 2556 2267 linteo;
2581 2208 2638 2255 et
2661 2208 2794 2254 tunc
2815 2199 3082 2269 quietem,
3109 2207 3166 2252 et
3185 2196 3581 2251 sabbatismum

1997 2297 2088 2352 hic
2118 2295 2424 2366 perfectum
2450 2310 2464 2346 :
2486 2293 2626 2347 duas
2646 2292 2794 2346 enim
2823 2290 3038 2360 quietes
3066 2290 3331 2343 docemur
3353 2305 3418 2342 ex
3437 2287 3583 2341 libro

1996 2387 2282 2458 pr0posito
2321 2385 2414 2456 qui
2457 2383 2665 2439 dicitur
2713 2381 2983 2436 Mosaicus
3024 2399 3037 2434 :
3085 2379 3148 2433 Et
3185 2379 3401 2450 perfecit
3443 2377 3580 2432 Deus

1997 2482 2052 2533 in
2077 2482 2170 2534 hoc
2194 2480 2278 2531 die
2301 2493 2459 2548 opera
2477 2493 2573 2530 sua
2598 2491 2714 2545 quae
2743 2475 2882 2544 fecit.
2909 2473 3171 2540 Quaedam
3191 2481 3375 2526 autem
3399 2487 3584 2526 exem-

1998 2571 2169 2641 plaria
2207 2570 2434 2634 habent,
2486 2582 2602 2639 qua!
2647 2568 2764 2636 fecit
2804 2565 2940 2619 Deus
2987 2581 3146 2636 super
3185 2573 3404 2618 terram.
3462 2563 3585 2617 "3:0.

1998 2671 2084 2718 est
2110 2663 2285 2732 prima
2307 2663 2486 2732 quies,
2511 2660 2638 2714 audi
2669 2659 2834 2713 etiam
2860 2658 3182 2713 secundam.
3214 2653 3409 2711 Statim
3436 2656 3582 2710 enim

1999 2755 2176 2809 dicit:
2209 2754 2278 2809 Et
2321 2755 2512 2824 quievit
2565 2751 2704 2805 Deus
2741 2753 2797 2805 in
2841 2752 2923 2804 die
2969 2753 3187 2820 septimo
3238 2751 3302 2804 ab
3349 2751 3586 2804 omnibus

2001 2847 2236 2917 operibus
2254 2847 2360 2899 suis
2376 2860 2494 2914 quae
2516 2845 2634 2914 fecit
2650 2861 2667 2910 ;
2683 2844 2944 2897 benedixit
2968 2843 3107 2897 Deus
3135 2843 3270 2896 diem
3284 2843 3559 2912 septimum
3573 2885 3584 2902 ,

2002 2947 2050 2992 et
2083 2937 2435 3005 sanctiﬁcavit
2469 2952 2609 3001 eum,
2645 2937 2894 3006 quoniam
2918 2937 2971 2988 in
2997 2951 3055 2987 eo
3090 2935 3285 3004 quievit
3326 2935 3389 2987 ab
3414 2935 3583 2988 omni-

315 3013 604 3082 ingressus
627 3023 710 3069 est
731 3018 1153 3085 serpentem,ita
1175 3020 1340 3074 etiam
1366 3024 1628 3092 scriptum
1653 3028 1898 3096 estquod
1926 3047 1968 3102 ο
2005 3033 2097 3086 bus
2142 3030 2382 3101 aperibus
2411 3030 2521 3082 suis
2564 3042 2680 3098 quae
2731 3036 2959 3098 coeperat
3007 3026 3162 3078 Deus.
3196 3024 3252 3079 Si
3280 3041 3411 3095 ergo
3442 3026 3587 3080 Deus

315 3104 439 3171 ipse
474 3103 704 3159 Satanas
733 3106 962 3161 intravit
995 3109 1051 3162 in
1086 3126 1181 3164 cor
1209 3112 1364 3167 Iudae
1386 3115 1644 3185 discipuli
1671 3117 1898 3173 Christi.

315 3196 448 3249 Fuit
505 3206 688 3251 autem
738 3199 1040 3268 aliquando
1088 3218 1310 3272 quoque
1365 3206 1594 3262 Satanas
1643 3209 1902 3268 in'etelis

271 3348 276 3351 _
314 3287 632 3357 discipulus
656 3289 866 3345 Christi
924 3309 1050 3348 cum
1098 3297 1313 3351 cmteris
1357 3301 1566 3355 sanctis
1611 3302 1903 3372 discipulis

315 3388 484 3448 (cum
513 3385 1064 3455 angelicis,inqnam,
1092 3389 1460 3461 Virtutibus);
1487 3395 1584 3448 sed
1616 3405 1734 3450 erat
1760 3415 1902 3454 unus

313 3487 386 3524 ex
417 3473 788 3542 principibus.
836 3477 911 3529 De
941 3492 1009 3530 eo
1035 3479 1183 3533 enim
1212 3479 1420 3534 dictum
1451 3492 1536 3536 est
1563 3499 1574 3534 :
1606 3485 1701 3538 Vos
1725 3496 1902 3540 autem

311 3568 454 3620 sicut
495 3568 730 3622 homines
763 3570 1080 3634 moriemini,
1121 3581 1168 3624 et
1203 3581 1458 3642 tanquam
1489 3592 1624 3630 unus
1655 3581 1719 3630 de
1753 3582 1904 3648 prin-

314 3659 520 3727 cipibus
564 3661 760 3714 cadetis
809 3665 873 3714 “9-.
925 3663 1290 3729 Quamobrem
1331 3667 1500 3720 Judas
1533 3685 1752 3738 quoque
1785 3681 1905 3726 erat

317 3766 472 3804 unus
497 3766 564 3804 ex
598 3752 832 3806 summis
850 3752 1164 3822 discipulis;
1219 3756 1366 3810 inter
1405 3772 1546 3826 quos
1592 3759 1644 3812 ei
1681 3775 1904 3830 quoque

316 3843 601 3897 creditum
632 3845 761 3898 etin
791 3861 985 3900 manus
1008 3847 1196 3900 datum
1234 3847 1414 3902 fuerat
1442 3851 1804 3919 marsupium.
1837 3854 1906 3908 Et

314 3949 394 3986 ne
438 3934 630 3987 eadem
661 3936 909 3992 dicamus
939 3954 1061 4006 qua:
1117 3940 1214 4006 (ut
1245 3939 1453 3996 dictum
1499 3943 1621 4012 est)
1667 3943 1905 4000 diximus

318 4028 383 4078 in
414 4025 640 4095 mystica
671 4029 989 4095 passionum
1030 4028 1240 4083 Christi
1286 4032 1771 4101 contemplatione,
1809 4038 1926 4109 qui

2002 3122 2216 3192 quievit
2251 3120 2308 3173 in
2338 3117 2428 3173 die
2465 3118 2703 3187 septimo
2743 3116 2812 3170 ab
2854 3113 3116 3168 omnibus
3173 3112 3435 3182 operibus
3472 3112 3587 3165 suis

2002 3229 2125 3286 quae
2155 3214 2306 3277 fecit,
2353 3211 2632 3282 quomodo
2678 3209 2816 3264 dicit
2855 3217 3042 3278 postea
3078 3204 3227 3278 quod
3270 3206 3415 3259 Deus
3455 3205 3586 3258 oriri

2003 3310 2124 3379 fecit
2191 3307 2374 3361 adhuc
2435 3319 2500 3358 ea:
2550 3310 2693 3356 terra
2733 3317 2887 3355 omne
2932 3300 3132 3370 lignum
3197 3298 3470 3369 pulchrum
3518 3299 3588 3349 ad

2001 3397 2281 3452 videndum
2327 3402 2377 3447 et
2431 3395 2624 3447 bonum
2685 3392 2753 3445 ad
2785 3391 3181 3452 comedendum,
3230 3397 3279 3442 et
3327 3386 3588 3457 pluutm'it

2004 3487 2336 3556 paradisum,
2361 3493 2408 3536 et
2455 3483 2612 3550 ﬁnxit
2653 3481 2791 3535 Deus
2842 3498 2903 3534 ea:
2967 3490 3112 3534 terra
3161 3495 3342 3533 omnes
3397 3477 3586 3530 bestias

2005 3580 2143 3647 agri,
2171 3584 2220 3628 et
2240 3591 2416 3627 omnes
2438 3574 2672 3627 volucres
2706 3573 2820 3626 cmli
2837 3573 2860 3626 ?
2887 3574 2961 3626 De
2987 3571 3208 3627 Christo
3233 3587 3364 3640 ergo
3395 3585 3586 3623 rursus

2004 3681 2087 3726 est
2123 3668 2563 3738 intelligendum.
2613 3667 2832 3720 Etenim
2871 3669 2926 3721 in
2955 3675 3110 3721 sexto
3141 3667 3230 3721 die
3280 3666 3492 3735 quievit
3520 3667 3587 3717 ah

2005 3761 2263 3817 omnibus
2305 3759 2568 3829 operibus
2617 3759 2734 3812 suis
2786 3774 2906 3828 quae
2955 3758 3087 3811 fecit
3134 3773 3302 3826 super
3345 3767 3585 3819 terram,

2006 3867 2169 3907 carne
2199 3867 2298 3920 pro
2335 3849 2496 3904 nobis
2532 3859 2807 3903 mortuus.
2851 3849 2990 3903 Cum
3037 3857 3221 3902 autem
3270 3859 3418 3901 esset
3457 3863 3588 3917 pro-

2007 3945 2183 3999 fectus
2211 3943 2276 3997 ad
2313 3942 2540 4012 spiritus
2557 3941 2650 4011 qui
2677 3950 2835 3994 erant
2860 3941 2914 3994 in
2953 3955 3179 3995 carcere
3216 3939 3439 4004 inferni,
3479 3939 3590 3992 illic

2007 4037 2137 4092 fecit
2169 4036 2354 4089 omnia
2390 4050 2557 4103 opera
2594 4034 2678 4088 sui
2719 4033 2991 4088 adventus
3021 4047 3142 4102 quae
3177 4039 3442 4100 cmperat.
3479 4029 3592 4083 Hoc

317 4117 577 4171 studiose
627 4119 859 4173 audiunt
891 4137 1018 4175 eum
1061 4123 1160 4191 qui
1201 4123 1357 4192 jubet
1397 4129 1453 4176 et
1482 4124 1618 4179 dicit
1651 4145 1663 4178 :
1695 4107 1950 4181 Serum-7‘
2006 4137 2091 4186 est
2124 4129 2281 4198 quies
2317 4127 2578 4182 secunda.
2622 4127 2796 4194 Quem
2839 4125 3064 4196 quidem
3107 4123 3252 4178 diem
3294 4123 3590 4192 septimum

316 4209 460 4264 mini
502 4207 888 4279 Scripturas“,
924 4212 1200 4281 accipiant
1249 4216 1304 4266 in
1340 4228 1535 4270 manus
1579 4215 1751 4271 libros
1781 4220 1905 4274 (ξωιί

318 4312 382 4358 et
403 4315 590 4367 teme,
617 4313 671 4357 et
704 4304 870 4358 alium
898 4305 992 4374 qui
1027 4306 1164 4359 dit-it-
1191 4324 1202 4358 :
1227 4305 1378 4360 Liber
1407 4309 1759 4376 generationis
1781 4309 1906 4363 Jesu

2010 4223 2110 4292 (-ut
2138 4220 2233 4290 qui
2258 4219 2331 4272 sit
2353 4222 2640 4286 creaturae)
2675 4217 2934 4272 salutaris
2959 4227 3014 4271 et
3039 4225 3264 4270 sanctus
3287 4215 3588 4279 benedixit,

2008 4311 2268 4380 quoniam
2293 4308 2348 4363 in
2371 4325 2437 4364 eo
2463 4308 2674 4378 quievit
2706 4308 2774 4362 ab
2801 4307 3060 4362 omnibus
3082 4306 3343 4376 operibus
3372 4305 3506 4360 suis.
3531 4305 3588 4359 ln

321 4397 523 4452 Christi
553 4398 904 4461 “,creatoris
930 4400 1055 4453 coeli
1085 4409 1141 4454 et
1168 4408 1346 4464 terrae,
1382 4408 1438 4454 et
1473 4401 1583 4454 illic
1615 4401 1908 4471 diligenter
1937 4384 1985 4442 υ
2009 4418 2077 4458 eo
2103 4402 2245 4456 facta
2270 4411 2354 4456 est
2387 4401 2536 4455 salus
2570 4400 2638 4454 iis
2675 4400 2769 4470 qui
2813 4409 2973 4454 erant
2995 4398 3103 4455 sub
3141 4406 3309 4463 terra,
3349 4397 3492 4452 sicut
3523 4397 3589 4452 iis

323 4496 652 4557 reputantes
686 4506 808 4558 qua:
847 4490 901 4543 in
938 4491 1041 4546 hoc
1090 4492 1180 4546 die
1212 4493 1366 4547 facta:
1403 4501 1530 4547 sum
1561 4494 1615 4547 in
1653 4497 1908 4563 paradiso

322 4595 575 4651 tempore
619 4583 782 4651 primi
832 4584 1048 4648 Adami,
1091 4593 1146 4638 et
1180 4601 1300 4654 qua:
1346 4586 1482 4640 facta
1539 4596 1666 4641 sunt
1717 4588 1770 4640 in
1815 4589 1909 4643 illo

322 4681 487 4728 sexto
541 4674 629 4728 die
672 4676 729 4729 in
777 4675 1032 4744 passione
1084 4677 1310 4730 secundi
1361 4676 1578 4742 Adami,
1629 4678 1914 4735 invenient

321 4766 608 4834 sigillatim
631 4775 686 4820 et
713 4768 852 4822 citra
881 4768 1160 4824 defectum
1187 4769 1378 4824 omnia
1401 4770 1565 4824 simili
1601 4771 1766 4824 modo
1789 4787 1912 4828 esse

321 4859 388 4913 in
411 4859 680 4928 utrisque,
745 4861 918 4914 Adam
964 4862 1224 4931 primum,
1276 4873 1333 4918 et
1382 4863 1554 4916 Adam
1602 4863 1905 4918 secundum

321 4951 554 5004 hortum
601 4951 860 5019 paradisi,
921 4960 977 5006 et
1008 4953 1230 5007 hortum
1278 4954 1335 5006 in
1374 4970 1485 5023 quo
1529 4963 1783 5009 versatus
1825 4966 1908 5012 est

319 5042 603 5098 Christus.
638 5043 752 5097 Illic
779 5044 1232 5110 inobedientiam,
1270 5055 1325 5100 et
1365 5047 1452 5100 hic
1478 5048 1627 5101 auris
1653 5058 1908 5117 amputa-

321 5135 558 5197 tionem,
585 5136 729 5189 illam
753 5136 975 5204 quidem
999 5153 1096 5206 per
1115 5139 1534 5206 protoplastum,
1565 5139 1705 5193 hanc
1724 5148 1908 5194 autem

321 5239 432 5295 per
452 5240 576 5278 eum
607 5227 702 5294 qui
739 5234 889 5280 tenet
922 5227 1154 5295 primam
1190 5229 1415 5294 sedem;
1445 5229 1593 5298 ligna
1619 5245 1741 5298 qua:
1776 5238 1908 5284 sunt

320 5315 390 5371 in
420 5315 698 5383 paradiso,
744 5323 802 5369 et
847 5316 992 5385 ligna
1018 5334 1138 5386 qua:
1170 5319 1223 5372 in
1267 5319 1552 5387 Golgolha,
1593 5334 1689 5373 seu
1722 5319 1912 5374 Calva-

321 5403 449 5468 ria;
486 5419 639 5458 esum
668 5404 722 5458 in
759 5405 1034 5474 paradiso,
1057 5416 1112 5460 et
1146 5423 1301 5461 esum
1341 5409 1395 5461 in
1439 5394 1593 5462 cmna
1630 5409 1856 5479 mystica
1893 5425 1908 5473 ;

319 5495 531 5552 Adami
563 5511 826 5565 soporem
841 5497 1205 5553 adducentem
1245 5500 1300 5552 in
1335 5501 1593 5555 exstasim
1629 5510 1684 5554 et
1709 5501 1911 5555 mentis

408 5676 451 5706 ⁵⁸
487 5677 526 5731 il
551 5677 675 5730 Cor.
717 5679 880 5742 v,21.
959 5681 1001 5708 δί’
1038 5679 1180 5733 Psal.
1217 5695 1388 5744 Luxu,
1420 5681 1469 5733 7.

1551 5682 1592 5710 “°
1630 5681 1783 5734 Joan.
1832 5697 1879 5744 γ,
1912 5681 2000 5734 59.

2009 4494 2102 4564 qui
2134 4501 2293 4548 erant
2319 4508 2486 4561 super
2519 4499 2742 4546 terram.
2777 4493 2835 4546 ln
2862 4507 2928 4546 eo
2959 4490 3177 4561 spoliati
3209 4498 3337 4544 sunt
3367 4488 3588 4543 inferni.

2010 4588 2069 4642 In
2101 4602 2167 4641 eo
2200 4586 2470 4640 liberatus
2499 4595 2584 4640 est
2615 4585 2862 4638 Adamus
2912 4599 2978 4636 ex
3024 4581 3381 4637 maeroribus.
3421 4579 3478 4634 ln
3523 4597 3590 4634 eo

2011 4675 2327 4734 dominatus
2344 4687 2428 4732 est
2451 4676 2707 4733 Christus
2745 4676 2976 4731 mortuis
2999 4677 3145 4730 sicut
3165 4682 3223 4728 et
3243 4673 3404 4727 vivis.
3436 4673 3591 4726 Tunc

2015 4786 2046 4824 a
2073 4785 2238 4825 cruce
2266 4769 2569 4823 ambulavit
2597 4768 2652 4821 in
2677 4767 2925 4832 vestigiis
2955 4766 3162 4837 abyssi.
3182 4766 3429 4834 Cumque
3461 4764 3593 4818 illuc

2012 4862 2410 4925 descendisset,
2450 4869 2580 4915 tunc
2603 4861 2654 4915 ei
2692 4868 2841 4914 metu
2872 4841 3073 4928 aperta:
3099 4865 3226 4910 sunt
3247 4863 3417 4926 porta:
3443 4870 3592 4910 mor-

2012 4954 2105 5017 tis,
2145 4962 2276 5008 tunc
2300 4962 2532 5008 mortem
2557 4962 2641 5007 est
2661 4960 2960 5014 scrutatus,
2982 4962 3111 5004 tunc
3136 4948 3377 5018 alligavit
3409 4955 3590 5019 tyran-

2012 5061 2166 5107 num,
2208 5058 2338 5099 tunc
2369 5044 2596 5112 perfecit
2618 5059 2786 5111 opera
2814 5059 2910 5097 sua
2945 5051 3170 5111 propter
3201 5055 3323 5108 qua:
3350 5039 3589 5094 advene-

2011 5144 2112 5190 rat.
2146 5135 2203 5188 ln
2234 5135 2340 5188 hoc
2377 5134 2466 5187 die
2493 5134 2728 5202 septimo
2763 5133 3034 5202 requievit
3068 5132 3138 5186 ab
3164 5129 3422 5185 omnibus
3454 5145 3586 5198 opev

2007 5231 2161 5284 ribus
2192 5230 2326 5293 suis,
2378 5245 2503 5282 cum
2549 5229 2939 5282 resurrexissct
2967 5243 3075 5282 uno
3109 5227 3494 5293 Sabbatorum,
3533 5237 3590 5284 et

2007 5337 2132 5375 eum
2159 5320 2549 5382 benedixissct,
2581 5319 2842 5387 quoniam
2880 5329 3036 5371 sexto
3065 5317 3287 5388 quidem
3327 5315 3418 5371 die
3460 5331 3588 5382 per—

2007 5411 2139 5464 fecit
2168 5410 2353 5464 omnia
2386 5425 2553 5479 opera
2580 5424 2676 5462 sua
2714 5423 2835 5478 quze
2865 5417 3024 5460 erant
3047 5404 3343 5462 creationis
3371 5421 3384 5468 ;
3428 5405 3586 5472 quie-

2007 5501 2312 5555 scitautem
2341 5503 2394 5554 in
2416 5501 2649 5570 septimo
2676 5500 2766 5554 die
2805 5499 3013 5560 sreculi,
3051 5499 3120 5552 ab
3156 5495 3416 5551 omnibus
3453 5511 3586 5566 epe-

2082 5683 2118 5710 "
2170 5680 2355 5734 Matlh.
2395 5698 2428 5744 ι,
2475 5681 2516 5735 l.
2599 5681 2638 5709 “3
2673 5678 2861 5732 Matth.
2899 5693 3040 5740 xxxi,
3076 5675 3166 5730 58.
