4042 6292
463 179 565 244 947

1671 175 1730 234 S.
1770 175 2169 234 ANASTASII
2210 172 2547 236 SENAITE

2575 106 2583 135 l

3625 160 3742 224 948

468 287 624 342 ribus
646 282 762 338 suis
797 287 1030 352 (nempe
1065 278 1511 351 praedicationis)
1549 293 1671 348 quae
1702 279 1873 349 cmpit
1901 280 2048 339 Deus
2078 284 2119 341 Α
2150 279 2520 349 impietatem.
2548 278 2684 333 Nam
2712 293 2758 333 si
2810 277 3177 348 corporaliter
3209 274 3584 345 intelligamus
3630 265 3738 324 Dei

467 379 649 432 facere
680 374 738 429 in
773 379 931 429 sexto
965 370 1057 426 die
1096 371 1311 437 saeculi,
1352 369 1444 439 qui
1474 368 1699 439 quidem
1727 377 1894 423 cst.et
1924 368 2048 422 finis

466 471 525 516 et
566 460 902 532 principium
947 457 1236 528 utriusque
1259 457 1595 543 ‘creationis.
1640 457 1715 512 De
1748 466 1946 512 caetero
1979 472 2049 511 ne

470 570 529 609 se
558 554 768 625 jactent
796 560 852 606 et
874 565 1100 622 magnos
1122 551 1349 621 spiritus
1378 552 1694 622 concipiant
1730 552 2057 617 adoratorcs-

471 647 716 711 Sabbati,
739 656 796 701 et
817 644 1039 701 Sabbati
1066 655 1351 703 voratores
1374 645 1574 702 Judaai.
1595 647 1716 703 Non
1739 647 1891 702 enim
1916 647 2052 703 illud

472 738 773 793 Sabbatum
808 738 1090 792 benedixit
1126 739 1281 794 Deus.
1324 740 1471 810 quod
1523 748 1644 795 erat
1677 740 1733 794 in
1775 739 2052 809 principio

472 828 768 885 creationis
797 847 810 881 :
840 844 953 884 non
996 830 1146 885 enim
1194 831 1250 885 in
1302 847 1370 887 eo
1417 832 1633 903 quievit
1677 832 1747 887 ab
1788 832 2061 885 omnibus.

471 919 736 990 operibus
802 919 940 975 suis.
1004 919 1063 976 Si
1113 929 1298 976 autem
1340 922 1397 978 in
1435 937 1507 978 eo
1535 938 1653 978 non
1693 922 1928 992 quievit,
1968 931 2055 979 est

472 1011 826 1081 perspicuum
862 1012 1013 1083 quod
1042 1012 1095 1068 ei
1138 1029 1249 1068 non
1290 1013 1595 1077 benedixit,
1639 1013 1857 1069 etiamsi
1891 1013 1963 1067 ob
1988 1028 2055 1068 ea

470 1118 593 1171 quin
617 1103 878 1159 dicuntur
901 1104 1173 1161 irascatur
1202 1105 1428 1161 Iudaeus
1470 1106 1671 1161 dicens.
1695 1105 1843 1177 quod
1870 1105 1926 1159 in
1957 1105 2063 1159 illo

472 1195 561 1249 die
588 1196 823 1267 septimo
840 1198 986 1252 Deus
1010 1198 1222 1270 quievit
1250 1198 1319 1252 ab
1347 1197 1608 1253 omnibus
1631 1197 1892 1269 operibus
1914 1197 2053 1252 suis.

475 1284 614 1340 Eum
631 1295 813 1341 autem
836 1288 1041 1343 refellit
1063 1298 1119 1344 et
1144 1290 1195 1345 ei
1220 1304 1282 1345 os
1305 1290 1547 1347 obstruit
1564 1289 1748 1345 divina
1772 1288 2059 1359 Scriptura

476 1379 667 1435 dicens
713 1380 863 1452 quod
899 1391 1020 1453 post
1058 1382 1353 1452 septimum
1391 1382 1539 1437 diem
1582 1382 1728 1437 Deus
1768 1383 1900 1436 oriri
1936 1382 2056 1451 fecit

476 1488 503 1524 ε
531 1482 673 1527 terra
705 1490 860 1527 omne
896 1472 1101 1546 tignum
1126 1475 1427 1545 pulchrum,
1453 1482 1503 1527 et
1538 1473 1806 1546 plantavit
1830 1476 2055 1546 paradi-

474 1580 614 1629 sum,
659 1572 717 1619 et
750 1565 903 1620 finxit
933 1582 963 1621 e
1006 1574 1159 1621 terra
1196 1566 1402 1622 bestias
1440 1575 1498 1623 et
1522 1567 1777 1638 iumenta
1804 1575 1863 1622 et
1893 1568 2053 1623 volu-

475 1671 618 1722 cres,
653 1662 709 1710 et
739 1656 892 1710 dedit
917 1656 1126 1713 Adamo
1157 1658 1497 1723 mandatum,
1528 1666 1583 1713 et
1615 1657 1747 1712 fecit
1765 1659 1817 1712 ei
1847 1661 2054 1713 tunicas

478 1743 745 1817 peiliceas,
793 1756 851 1802 et
911 1748 1107 1807 statuit
1167 1747 1455 1807 Cherubin
1521 1749 1589 1806 ad
1632 1751 2056 1817 custodiendum

479 1840 825 1908 paradisum,
859 1851 915 1897 et
951 1841 1084 1899 fecit
1112 1858 1302 1898 arcum
1343 1859 1504 1901 suum
1535 1844 1595 1898 in
1631 1844 1897 1904 nubibus.
1940 1845 2056 1900 Alia

477 1948 698 2002 quoque
727 1934 965 2005 plurima
1006 1949 1175 2005 opera
1212 1937 1460 1993 cernitur
1514 1936 1714 1992 fecisse
1752 1938 1898 1992 Deus
1937 1944 2061 2007 post

478 2023 799 2094 septimum,
828 2025 973 2080 sicut
1017 2026 1131 2081 dixi
1173 2026 1337 2096 paulo
1366 2035 1517 2082 ante.
1562 2027 1629 2082 Et
1672 2028 1934 2101 quoniam
1960 2029 2060 2084 Ju-

479 2116 723 2171 dteorum
757 2105 937 2189 magni
970 2129 1109 2175 sunt
1140 2119 1371 2190 spiritus
1410 2128 1466 2174 et
1516 2136 1712 2191 magna
1747 2120 2061 2190 arrogantia

479 2205 770 2262 adversum
816 2225 919 2263 nos
961 2209 1030 2263 de
1069 2209 1231 2279 vulgo
1253 2211 1462 2279 jactato
1488 2221 1544 2265 et
1579 2211 1836 2265 helluone
1865 2227 2060 2265 eorum

480 2298 718 2354 Sabbato
766 2319 779 2352 :
827 2299 1042 2355 discant
1091 2301 1329 2371 imperiti
1389 2302 1535 2372 quod
1586 2319 1695 2360 non
1747 2304 2063 2358 invenimus

477 2390 651 2444 Deum
719 2391 894 2446 cuivis
951 2394 1029 2447 rei
1079 2393 1453 2458 benedixisse,
1511 2404 1566 2449 ct
1628 2410 1821 2450 rursus
1872 2406 2063 2465 postea

479 2496 811 2537 conversum
843 2499 965 2539 eam
992 2483 1121 2538 odio
1163 2484 1423 2541 habuisse
1457 2494 1514 2540 et
1550 2496 1898 2541 exsecratum
1940 2503 2062 2542 esse

481 2573 500 2641 (_
520 2572 665 2627 sicut
704 2583 762 2629 et
787 2575 900 2630 dixi
941 2576 1093 2643 alibi,
1137 2584 1193 2633 et
1230 2577 1374 2632 sicut
1420 2579 1589 2633 etiam
1634 2594 1833 2635 sumus
1862 2578 2063 2645 dicturi

481 2663 540 2717 in
566 2677 726 2733 poena
748 2665 1000 2736 Adami).
1041 2666 1097 2721 Si
1123 2676 1308 2725 autem
1349 2670 1538 2725 sensili
1575 2671 1707 2727 huic
1729 2673 1841 2727 diei
1879 2683 2071 2728 vestro

481 2754 699 2809 sublato
747 2755 1035 2810 benedixit
1090 2767 1147 2812 et
1194 2774 1322 2814 eum
1367 2761 1752 2827 sanctificavit,
1787 2764 2067 2834 quomodo

482 2853 727 2901 vestrum
762 2847 873 2902 diei
906 2847 1130 2905 Sabbati
1166 2851 1378 2909 cultum
1420 2851 1674 2908 dissolvit
1703 2862 1759 2909 et
1800 2855 2065 2922 extermiy

2151 379 2429 443 praecepta
2476 388 2601 441 qua:
2655 370 2939 427 mandavit
2986 386 3101 426 non
3147 369 3332 424 facere
3367 367 3425 422 in
3459 364 3739 426 Sabbato,

2149 466 2284 537 quid
2309 464 2529 521 confert
2553 463 2624 520 ad
2663 464 2771 519 hoc
2795 472 2859 519 ut
2881 465 2997 521 Deo
3017 465 3233 535 placeat
3280 461 3467 533 ignem
3499 458 3744 513 omnino

2150 575 2260 613 non
2291 556 2602 613 accendere
2632 557 2690 611 in
2735 555 2999 621 Sabbalo,
3042 555 3141 610 sed
3190 554 3394 624 degere
3453 551 3514 605 in
3575 558 3745 603 tene-

2152 649 2306 704 bris?
2336 648 2480 715 Quid
2508 655 2694 704 autem
2740 648 2973 718 prodest
3025 646 3269 701 otiosum
3298 657 3423 698 esse
3455 640 3743 695 camelum

2153 749 2209 797 et
2231 741 2451 795 asinum
2495 748 2554 794 et
2609 739 2815 794 bovem
2867 746 3117 793 vestrum
3174 736 3233 790 in
3276 731 3561 790 Sabbato?
3588 729 3744 796 Quid

2153 845 2339 890 autem
2372 835 2727 904 Deumjuvat
2758 834 2807 889 si
2836 832 3064 889 Judzeus
3096 832 3203 886 iter
3234 844 3347 883 non
3385 823 3747 896 ingrediatur

2153 927 2242 982 die
2267 926 2533 981 Sabbati?
2566 925 2674 980 Sed
2713 926 2831 980 haec
2873 924 3063 979 omnia
3125 921 3512 991 intelliguntur
3572 916 3748 987 spiri-

2158 1020 2384 1081 tualiter
2398 1028 2454 1074 et
2484 1018 2883 1088 adimplentur.
2917 1016 3051 1071 Nam
3082 1016 3129 1069 si
3170 1013 3294 1069 dies
3345 1010 3624 1081 septimus
3651 1023 3747 1064 es-

2156 1120 2239 1163 set
2273 1110 2535 1164 omnibus
2560 1109 2763 1164 diebus
2808 1106 3165 1177 praestantior
3208 1112 3266 1158 et
3318 1099 3740 1163 honorabilior,

2156 1220 2258 1258 eur
2302 1202 2470 1274 jussit
2512 1202 2661 1256 Deus
2704 1197 3036 1254 circumcidi
3062 1197 3155 1253 die
3184 1204 3393 1251 octavo
3414 1202 3473 1249 et
3494 1207 3611 1247 non
3643 1207 3741 1246 se-

2158 1295 2372 1366 ptimo?
2428 1295 2552 1351 Non
2603 1292 2778 1348 habet
2823 1292 2975 1347 enim
3030 1290 3121 1345 lex
3170 1287 3398 1344 Judaica
3428 1284 3743 1356 quidquam

2157 1388 2583 1445 circumcisione
2606 1386 2781 1457 magis
2809 1384 3209 1440 necessarium.
3241 1380 3300 1436 Si
3338 1394 3484 1434 onus
3536 1389 3749 1445 corpo-

2159 1487 2271 1542 rale
2286 1486 2451 1557 jussit
2472 1486 2618 1540 Deus
2650 1499 2761 1538 non
2786 1482 2985 1538 tollere
3033 1480 3089 1535 in
3130 1478 3377 1534 Sabbato
3399 1519 3416 1543 ,
3450 1472 3749 1547 quomodo

2159 1578 2217 1632 in
2268 1576 2494 1633 Iericho
2536 1582 2751 1645 septem
2806 1573 3074 1643 deinceps
3114 1570 3236 1626 dies
3290 1578 3445 1625 totus
3498 1566 3752 1636 pOpulns

2157 1667 2346 1732 lsrael,
2408 1675 2636 1736 portans
2674 1679 2885 1721 currus
2928 1678 3062 1719 suos
3107 1670 3167 1717 et
3207 1676 3336 1716 vasa
3393 1672 3493 1714 sua
3528 1655 3749 1728 [melius

2158 1757 2334 1830 arma]
2364 1758 2749 1814 °cireumvivit
2799 1757 3129 1812 civitatem?
3182 1754 3242 1809 Si
3295 1750 3654 1822 corporalem
3684 1758 3746 1805 et

2160 1850 2421 1905 sensilem
2447 1849 2631 1920 ignem
2660 1848 2829 1919 jussit
2856 1848 3001 1902 Deus
3029 1862 3143 1900 non
3179 1842 3488 1900 accendere
3519 1840 3578 1894 in
3608 1838 3747 1893 Sab-

2161 1942 2289 1997 bato
2310 1982 2325 2007 ,
2355 1941 2635 2011 quomodo
2654 1948 2781 2011 post
2802 1941 3004 2010 legem.
3027 1953 3154 1992 cum
3194 1934 3441 1990 venisset
3461 1931 3645 1985 Moses
3674 1927 3743 1982 ad

2162 2035 2468 2093 faciendam
2502 2033 2919 2103 Scenopegiam,
2954 2046 3055 2086 seu
3106 2031 3308 2084 festum
3344 2022 3744 2081 tabernaculo-

2163 2144 2310 2192 rum,
2341 2127 2406 2181 ad
2462 2125 2758 2180 duodecim
2788 2124 3053 2193 deinceps
3110 2121 3230 2175 dies
3264 2117 3560 2187 accipiens
3590 2114 3746 2169 obla-

2162 2220 2343 2275 tiones
2367 2227 2424 2272 et
2453 2216 2726 2272 sacriﬁcia
2759 2216 3114 2270 tribunorum
3142 2211 3439 2267 duodecim
3465 2207 3741 2270 tribuum,

2162 2309 2395 2380 singulis
2415 2308 2614 2364 diebus
2660 2309 2844 2378 ignem
2878 2306 3137 2363 accendit
3180 2313 3238 2359 et
3276 2302 3483 2357 obtulit
3528 2297 3747 2354 sacrifi-

2163 2398 2286 2454 cia?
2314 2397 2434 2452 Non
2461 2412 2617 2466 ergo,
2650 2411 2684 2449 o
2730 2395 2941 2456 Iudaee.
2985 2410 3098 2448 non
3135 2393 3304 2459 (sicut
3342 2398 3401 2444 tu
3428 2383 3744 2452 existimas)

2164 2488 2453 2545 benedixit
2481 2487 2626 2543 Deus
2646 2487 2920 2558 corporali
2947 2486 3212 2547 Sabbato,
3232 2482 3378 2554 quod
3408 2479 3660 2551 praeterit
3689 2486 3746 2532 et

2166 2585 2511 2655 periti-tuon
2546 2585 2787 2654 amplius
2813 2590 3061 2653 apparet.
3086 2581 3276 2649 Neque
3299 2575 3542 2632 camelos
3561 2581 3619 2629 et
3639 2572 3746 2628 asi-

2167 2691 2267 2731 nos
2286 2685 2339 2730 et
2362 2676 2545 2730 mulos
2561 2675 2728 2746 jussit
2756 2674 3057 2729 Sabbatum
3076 2686 3265 2742 agere;
3285 2666 3491 2737 alioqui
3518 2668 3623 2719 nec
3638 2663 3747 2718 cir-

2167 2766 2483 2822 cumcidere
2524 2765 2779 2836 iussisset
2813 2771 3010 2818 octavo
3053 2761 3179 2817 die:
3206 2772 3387 2828 neque
3442 2755 3542 2809 tibi
3566 2754 3745 2823 legem

2167 2858 2358 2915 statuit
2378 2856 2448 2911 de
2462 2870 2633 2910 onere
2655 2854 2961 2923 corporali;
2979 2866 3105 2907 nam
3121 2860 3179 2905 et
3200 2848 3441 2905 Sabbato
3472 2854 3745 2914 puerpera

484 2939 669 2993 navit?
692 2939 981 3007 Quomodo
1011 2949 1262 2997 vestrum
1299 2943 1607 2999 Sabbatum
1631 2953 1715 2999 est
1742 2955 2063 3015 exsecratus
2088 2975 2133 3033 ε
2170 2947 2313 3002 tollit
2333 2946 2601 3000 infantem
2622 2960 2786 3015 quem
2814 2945 2981 3007 lavet,
3008 2952 3064 2997 et
3087 2949 3144 2995 tu
3164 2948 3356 3010 portas
3389 2935 3564 3033 ﬁlium
3590 2942 3741 2987 tuum

485 3046 542 3090 et
572 3035 698 3092 odio
723 3037 892 3109 889
912 3036 1127 3101 habuit.
1158 3039 1353 3094 dicens
1376 3038 1536 3092 vobis
1558 3054 1656 3108 per
1687 3037 2017 3109 prophetam
2046 3056 2059 3091 :

484 3128 798 3183 Neomenias
836 3140 1035 3185 vestras
1077 3140 1126 3185 et
1156 3128 1388 3199 Sabbata
1431 3131 1589 3185 adivit
1627 3131 1811 3184 anima
1839 3145 1958 3184 mea
1977 3129 2065 3183 5".

487 3220 596 3273 Res
622 3217 735 3272 Deo
764 3235 930 3277 exosa
984 3221 1265 3293 quomodo
1297 3230 1481 3295 potest
1518 3236 1639 3277 esse
1679 3222 1904 3277 sancta?
1941 3220 2070 3275 Dies

488 3315 600 3367 lico
624 3330 821 3370 exosus
847 3330 1140 3385 quamnam
1168 3314 1265 3370 Dei
1297 3315 1499 3384 accipit
1521 3313 2007 3369 benedictionem?

559 3406 794 3462 Pulchre
828 3416 1012 3462 autem
1040 3415 1096 3461 et
1125 3407 1241 3461 Deo
1270 3405 1671 3462 convenienter
1708 3404 1849 3459 dixit
1874 3423 1889 3458 :
1926 3404 2067 3460 Sab-

488 3498 613 3550 hata
634 3507 808 3553 vestra
838 3498 948 3553 odit
976 3498 1123 3553 Deus
1147 3497 1452 3577 utprolana
1478 3505 1533 3552 et
1562 3498 1777 3567 iniqua.
1823 3497 1931 3553 Sed
1958 3513 2068 3553 non

490 3586 735 3643 Sabbata
760 3597 951 3644 nostra
974 3588 1288 3659 spiritualia
1319 3587 1518 3661 rejecit
1547 3588 1693 3651 Deus
1729 3598 1826 3644 aut
1848 3598 1935 3645 est
1967 3606 2067 3644 ex-

491 3688 764 3735 secratus.
790 3679 928 3734 Nam
955 3680 1057 3734 tibi
1096 3680 1322 3752 quidem
1349 3680 1545 3735 Judazo
1564 3679 1745 3751 legem
1773 3683 1900 3736 tulit
1920 3682 2071 3737 Deus

490 3772 561 3827 de
586 3773 702 3828 otio
740 3788 807 3828 ac
834 3762 1144 3830 cessatione
1201 3773 1312 3829 diei
1355 3772 1608 3838 Sabbati,
1634 3776 1700 3829 ad
1731 3774 2075 3835 convincen-

496 3867 623 3923 dam
677 3878 827 3924 tuam
872 3867 943 3922 ab
974 3882 1043 3922 eo
1090 3868 1462 3927 defectionem
1516 3877 1573 3925 et
1604 3869 1984 3937 iniquitatem,
2013 3877 2076 3922 ut

497 3960 592 4030 qui
619 3961 911 4032 praesciret
947 3959 1066 4016 fore
1095 3969 1156 4015 ut
1187 3962 1309 4033 ejus
1335 3970 1611 4032 praecepta
1643 3977 1760 4017 non
1808 3961 2075 4017 observa-

495 4069 588 4109 res
614 4062 671 4109 et
706 4054 849 4109 idola
873 4054 1110 4119 celeres,
1143 4062 1206 4109 ut
1254 4069 1384 4110 cum
1437 4053 1655 4108 videret
1708 4053 1859 4108 Deus
1886 4053 2076 4109 colen-

495 4158 608 4201 tem
640 4145 812 4210 idola,
861 4146 1168 4203 etfdeinde
1220 4146 1397 4203 otium
1454 4155 1710 4217 agentem
1742 4146 1986 4205 Sabbato
2020 4156 2077 4203 et

493 4237 639 4294 nihil
668 4246 1098 4309 operantem,ex
1123 4247 1178 4295 te
1210 4238 1626 4305 sciscitaretur:
1657 4239 2074 4308 Propterquam

2170 3048 2229 3092 et
2254 3036 2422 3091 tiliam
2453 3044 2602 3091 tuam
2645 3036 2699 3090 in
2749 3034 2999 3088 humeris
3028 3031 3177 3095 tuis;
3211 3027 3361 3100 quod
3398 3023 3626 3097 quidem
3661 3035 3747 3077 εει

2170 3143 2313 3191 onus
2330 3128 2575 3192 carnale,
2608 3136 2666 3181 et
2690 3141 2803 3180 non
2829 3124 3141 3196 spirituale.

2240 3219 2437 3275 iussus
2469 3235 2532 3274 es
2559 3204 2747 3273 autem
2794 3231 2905 3270 non
2935 3215 3119 3269 facere
3166 3227 3321 3266 omne
3377 3223 3508 3280 opus
3537 3201 3744 3272 seruile,
3805 3247 3808 3250 .

2172 3311 2265 3367 sed
2294 3322 2637 3380 quaecunque
2671 3314 2803 3362 sunt
2835 3306 3036 3360 animae
3063 3312 3121 3358 et
3140 3298 3489 3373 pertinentia
3518 3296 3588 3352 ad
3633 3295 3748 3350 ani-

2174 3419 2339 3460 mam.
2368 3401 2647 3458 Adesdum
2670 3414 2827 3471 ergo,
2859 3408 2916 3454 et
2960 3397 3029 3452 ad
3060 3412 3149 3451 me
3195 3396 3351 3449 disce
3380 3388 3746 3463 quemadmo-

2173 3497 2305 3550 dum
2328 3502 2479 3549 reete
2516 3502 2574 3548 et
2594 3492 2708 3547 Deo
2735 3490 3138 3546 convenienter
3161 3492 3419 3556 oporteat
3444 3491 3501 3537 te
3543 3475 3747 3535 Sabbav

2175 3598 2291 3642 tum
2309 3601 2505 3657 agere;
2536 3584 2914 3654 etseptimum
2936 3594 3093 3635 tuum
3110 3580 3257 3634 diem
3301 3578 3432 3650 (hoc
3461 3582 3548 3629 est
3585 3570 3743 3642 quie-

2177 3680 2308 3749 tem)
2337 3680 2518 3734 faeere
2554 3677 2804 3748 quietum
2851 3675 2920 3730 ab
2966 3672 3233 3728 omnibus
3272 3669 3543 3741 operibus
3581 3666 3688 3720 tuis
3718 3679 3747 3715 a

2177 3771 2346 3826 rebus
2396 3768 2467 3824 ad
2517 3767 2731 3824 victum
2777 3763 3216 3836 pertinentibus.
3282 3761 3388 3816 Sex
3451 3757 3596 3820 dies,
3653 3769 3750 3824 per

2177 3865 2421 3935 quinque
2455 3874 2648 3916 sensus
2679 3868 2738 3913 et
2764 3855 3134 3913 immortalem
3171 3853 3415 3907 animam
3446 3856 3599 3903 recte
3622 3860 3751 3915 ope-

2178 3968 2324 4010 rare.
2370 3951 2552 4009 Credo
2585 3948 2810 4005 Christo
2857 3946 2953 4017 qui
3005 3952 3162 3999 sexto
3216 3942 3308 3997 die
3356 3939 3544 3996 θεουιί
3588 3937 3753 3992 homo

2177 4048 2357 4103 factus
2388 4052 2493 4109 est,
2532 4043 2628 4112 qui
2668 4035 3232 4110 septimum-Sabbati
3259 4033 3491 4104 legalem
3547 4031 3749 4087 cultum

2179 4135 2443 4196 abolevit,
2477 4133 2831 4200 otiosumque
2863 4127 3111 4183 reddidit
3155 4134 3213 4181 et
3275 4122 3651 4186 inefﬁcacem,
3699 4130 3753 4174 et

2180 4228 2442 4287 exstinxit
2477 4227 2658 4297 ignem
2707 4222 2886 4293 ipsius
2921 4218 3205 4284 sacriﬁcii,
3225 4226 3283 4272 et
3310 4216 3481 4287 jussit
3509 4228 3621 4268 non
3645 4228 3753 4267 am-

495 4304 720 4387 causam
759 4331 1004 4402 quiescis
1058 4331 1301 4388 Sabbato
1329 4332 1468 4391 nihil
1502 4304 1785 4401 operansi
1832 4304 1940 4388 Cui
1967 4348 2073 4387 ne-r
2111 4314 2158 4371 Ῑ)
2182 4324 2330 4395 plius
2348 4317 2623 4391 ejusmodi
2655 4318 2841 4387 ignem
2895 4310 3204 4369 accendere
3241 4308 3332 4364 die
3361 4306 3616 4368 Sabbati,
3659 4304 3750 4359 sed

496 4438 653 4478 resse
679 4422 913 4479 habebis
928 4422 1139 4488 dicere,
1167 4423 1317 4493 quod
1351 4437 1447 4478 sex
1470 4423 1672 4479 diebus
1694 4423 1910 4479 creavit
1931 4424 2082 4481 Deus

497 4514 700 4571 malum
730 4521 787 4568 et
824 4523 1027 4569 terram
1049 4523 1104 4569 et
1135 4514 1325 4570 omnia
1354 4531 1478 4585 quae
1505 4515 1560 4569 in
1586 4515 1673 4570 eis
1696 4524 1847 4578 sunt,
1899 4515 2080 4584 septi-

498 4622 590 4661 mo
623 4613 811 4662 autem
865 4605 955 4661 die
987 4604 1216 4662 Sabbati
1268 4607 1483 4676 quievit
1532 4606 1602 4662 ab
1653 4606 1915 4665 omnibus
1943 4622 2080 4677 ope-

498 4698 656 4752 ribus
709 4696 846 4754 suis.
905 4696 989 4752 Ad
1036 4712 1161 4768 qua:
1223 4698 1453 4755 omnino
1516 4696 1876 4767 respondebit
1934 4697 2082 4755 illius

501 4801 634 4845 tuus
660 4788 892 4847 dicens:
927 4788 997 4843 Et
1027 4790 1076 4844 si
1111 4801 1197 4851 est
1221 4791 1371 4845 Deus
1406 4798 1630 4849 creator
1656 4789 1783 4851 οωιί
1827 4799 1886 4846 et
1921 4798 2084 4847 terra:

499 4891 557 4937 et
583 4881 832 4937 omnium
862 4896 986 4951 quae
1004 4880 1060 4935 in
1090 4881 1174 4935 eis
1200 4889 1350 4947 sunt,
1371 4886 1659 4951 oporteret
1687 4888 1740 4941 te
1764 4880 1938 4951 magis
1954 4895 2089 4935 eum

500 4974 739 5030 adorare
766 4982 824 5030 et
855 4975 1042 5033 colere
1063 4982 1125 5029 ut
1143 4973 1490 5040 Creatorem,
1518 4984 1576 5030 et
1619 4988 1734 5029 non
1774 4983 2084 5031 creaturas.

504 5067 633 5124 llaec
657 5075 932 5135 estcausa
987 5077 1045 5124 et
1075 5066 1317 5132 occasio,
1358 5074 1422 5122 ut
1470 5066 1669 5125 dicunt
1720 5066 2084 5135 interpretes,

503 5167 737 5229 propter
761 5175 929 5229 quam
953 5159 1100 5215 Dens
1139 5159 1318 5232 legem
1368 5159 1497 5215 tulit
1542 5157 1754 5216 Judasis
1798 5155 2006 5212 acriter
2031 5164 2090 5210 et

512 5263 633 5303 cum
703 5248 870 5305 minis
919 5255 982 5304 ut
1034 5257 1324 5305 cessarent
1370 5256 1428 5303 et
1486 5247 1666 5302 otium
1724 5253 1955 5316 agerent
1998 5242 2089 5298 die

509 5336 767 5405 Sabbati;
803 5347 866 5394 ut
888 5339 962 5395 de
1012 5354 1080 5396 eo
1109 5347 1425 5404 narrantes,
1453 5345 1511 5393 et
1546 5335 1878 5408 rogantibus
1905 5333 2087 5388 inter-

515 5438 818 5497 pretantes,
848 5432 1201 5488 inveniantur
1223 5447 1322 5488 ore
1350 5430 1577 5502 proprio
1629 5443 1787 5487 suam
1820 5440 2085 5482 accusare

587 5596 649 5628 ⁶²’
676 5606 836 5674 lsa.t,
874 5607 959 5661 ll.
1037 5609 1081 5640 ⁸³
1113 5608 1266 5663 Joan.
1300 5623 1406 5669 λιν,
1442 5607 1493 5660 6.

2186 4417 2449 4483 deinceps
2482 4410 2723 4467 otiosum
2771 4422 2894 4463 esse
2943 4414 3104 4461 tuum
3153 4403 3379 4464 bovem,
3412 4409 3471 4454 et
3508 4401 3753 4469 jumenta

2186 4519 2301 4571 tua,
2328 4505 2435 4558 hoc
2454 4512 2560 4566 est,
2584 4516 2695 4555 non
2716 4498 2956 4568 amplius
2981 4494 3297 4551 sacriﬁcare
3322 4492 3436 4546 Deo
3451 4490 3752 4544 belluinum

2188 4596 2554 4661 sacriﬁcium;
2592 4591 2686 4649 sed
2734 4591 2849 4646 Deo
2876 4587 3195 4644 sacriﬁcare
3248 4582 3517 4639 rationale
3547 4580 3752 4637 sacn'fi-

2188 4694 2336 4750 cium
2362 4690 2560 4753 laudis,
2587 4696 2645 4743 et
2672 4702 2774 4757 pro
2800 4687 2926 4757 igne
2975 4681 3168 4738 sensili
3199 4682 3313 4736 Deo
3350 4678 3597 4734 divinam
3640 4689 3758 4730 suc-

2188 4786 2425 4847 cendere
2441 4780 2948 4837 ilvluminatiouem:
2981 4791 3163 4845 neque
3204 4781 3427 4843 portare
3456 4785 3602 4826 onus
3648 4783 3759 4823 ear-

2185 4874 2330 4940 nale,
2363 4887 2544 4943 neque
2573 4871 2816 4927 animam
2842 4867 3121 4937 subjicere
3144 4865 3262 4920 suis
3295 4860 3751 4933 appetitionibus:

2184 4980 2366 5035 neque
2398 4961 2614 5035 ingredi
2658 4960 2715 5015 in
2747 4960 2855 5014 hac
2882 4957 2972 5012 via
3023 4970 3224 5026 aspera
3264 4969 3451 5024 quam.
3482 4949 3760 5022 prohibuit

2185 5055 2280 5126 qui
2305 5054 2477 5112 dixit:
2515 5054 2630 5126 Ego
2657 5069 2774 5108 sum
2798 5051 2885 5106 via
2908 5051 2977 5103 ⁸³.
3015 5049 3319 5103 Deczetero
3355 5044 3559 5099 recede
3596 5057 3628 5096 a
3669 5049 3756 5094 tuo

2192 5148 2283 5203 die
2337 5148 2594 5218 septimo,
2649 5154 2708 5201 et
2730 5141 2959 5214 perveni
3013 5139 3081 5194 ad
3125 5148 3386 5193 octavum
3420 5144 3478 5190 et
3524 5132 3753 5203 primum

2191 5239 2420 5304 Christi,
2451 5247 2514 5293 ut
2568 5235 2912 5307 spiritualem
2962 5230 3204 5301 accipias
3247 5223 3751 5284 circumcisionem,

2193 5329 2249 5384 in
2274 5329 2533 5385 sensibus
2563 5320 2675 5382 tuis
2711 5333 2958 5383 sanctam
2995 5320 3279 5390 accipiens
3311 5315 3664 5377 Trinitatem,
3702 5317 3751 5363 et

2192 5422 2423 5478 eﬂ‘ectus
2454 5419 2683 5490 pulcher
2743 5416 3079 5473 octona-rius.
3109 5412 3217 5468 Sed
3284 5411 3402 5465 hac
3449 5405 3667 5477 quidem
3690 5398 3749 5453 ad
