  <div class='ocr_page' id='page_1' title='image "/cluster/home/n/w/nwhite01/storage/ocr_20150623/89/pst.000005712953/482.png"; bbox 0 0 4042 6292; ppageno 0'>
   <div class='ocr_carea' id='block_1_1' title="bbox 316 241 430 306">
    <p class='ocr_par' dir='ltr' id='par_1_1' title="bbox 316 241 430 306">
     <span class='ocr_line' id='line_1_1' title="bbox 316 241 430 306; baseline 0.009 -1"><span class='ocrx_word' id='word_1_1' title='bbox 316 241 430 306; x_wconf 63' lang='grc' dir='ltr'><strong>ΜΟ</strong></span> 
     </span>
    </p>
   </div>
   <div class='ocr_carea' id='block_1_2' title="bbox 1427 238 2529 303">
    <p class='ocr_par' dir='ltr' id='par_1_2' title="bbox 1427 238 2529 303">
     <span class='ocr_line' id='line_1_2' title="bbox 1427 238 2529 303; baseline 0.003 -5"><span class='ocrx_word' id='word_1_2' title='bbox 1427 238 1504 298; x_wconf 73' lang='grc' dir='ltr'><strong>ΙΝ</strong></span> <span class='ocrx_word' id='word_1_3' title='bbox 1548 241 2170 302; x_wconf 75' lang='grc' dir='ltr'><strong>ΠΕΧΑΕΜΕΒΟΝ.-</strong></span> <span class='ocrx_word' id='word_1_4' title='bbox 2215 245 2357 303; x_wconf 73' lang='lat' dir='ltr'><strong>LIB.</strong></span> <span class='ocrx_word' id='word_1_5' title='bbox 2400 245 2529 302; x_wconf 77' lang='lat' dir='ltr'><strong>VII.</strong></span> 
     </span>
    </p>
   </div>
   <div class='ocr_carea' id='block_1_3' title="bbox 3475 237 3577 303">
    <p class='ocr_par' dir='ltr' id='par_1_3' title="bbox 3475 237 3577 303">
     <span class='ocr_line' id='line_1_3' title="bbox 3475 237 3577 303; baseline -0.069 -1"><span class='ocrx_word' id='word_1_6' title='bbox 3475 237 3577 303; x_wconf 74' lang='lat'><strong>950</strong></span> 
     </span>
    </p>
   </div>
   <div class='ocr_carea' id='block_1_4' title="bbox 314 350 3582 424">
    <p class='ocr_par' dir='ltr' id='par_1_4' title="bbox 314 350 3582 424">
     <span class='ocr_line' id='line_1_4' title="bbox 314 350 3582 424; baseline -0.002 -12"><span class='ocrx_word' id='word_1_7' title='bbox 314 355 572 412; x_wconf 64' lang='lat' dir='ltr'><strong>Judaeum</strong></span> <span class='ocrx_word' id='word_1_8' title='bbox 616 363 842 422; x_wconf 75' lang='lat' dir='ltr'><strong>propter</strong></span> <span class='ocrx_word' id='word_1_9' title='bbox 888 353 1010 424; x_wconf 78' lang='lat' dir='ltr'><strong>eius</strong></span> <span class='ocrx_word' id='word_1_10' title='bbox 1048 350 1371 422; x_wconf 86' lang='lat' dir='ltr'><strong>jactantiam</strong></span> <span class='ocrx_word' id='word_1_11' title='bbox 1420 360 1478 406; x_wconf 90' lang='lat' dir='ltr'><strong>et</strong></span> <span class='ocrx_word' id='word_1_12' title='bbox 1517 353 1902 422; x_wconf 87' lang='lat' dir='ltr'><strong>gloriationem</strong></span> <span class='ocrx_word' id='word_1_13' title='bbox 1937 361 1974 414; x_wconf 75' lang='grc' dir='ltr'><strong>Α</strong></span> <span class='ocrx_word' id='word_1_14' title='bbox 2007 355 2171 409; x_wconf 84' lang='lat' dir='ltr'><strong>cedes</strong></span> <span class='ocrx_word' id='word_1_15' title='bbox 2219 356 2273 409; x_wconf 90' lang='lat' dir='ltr'><strong>in</strong></span> <span class='ocrx_word' id='word_1_16' title='bbox 2307 364 2553 424; x_wconf 84' lang='lat' dir='ltr'><strong>tempore</strong></span> <span class='ocrx_word' id='word_1_17' title='bbox 2591 363 2838 422; x_wconf 83' lang='lat' dir='ltr'><strong>portatus</strong></span> <span class='ocrx_word' id='word_1_18' title='bbox 2886 354 2942 407; x_wconf 90' lang='lat' dir='ltr'><strong>in</strong></span> <span class='ocrx_word' id='word_1_19' title='bbox 2979 353 3314 423; x_wconf 80' lang='lat' dir='ltr'><strong>sepulcrum.</strong></span> <span class='ocrx_word' id='word_1_20' title='bbox 3380 353 3582 407; x_wconf 77' lang='lat' dir='ltr'><strong>vadens</strong></span> 
     </span>
    </p>
   </div>
   <div class='ocr_carea' id='block_1_5' title="bbox 315 441 1900 513">
    <p class='ocr_par' dir='ltr' id='par_1_5' title="bbox 315 441 1900 513">
     <span class='ocr_line' id='line_1_5' title="bbox 315 441 1900 513; baseline -0.003 -14"><span class='ocrx_word' id='word_1_21' title='bbox 315 448 394 501; x_wconf 81' lang='lat' dir='ltr'><strong>de</strong></span> <span class='ocrx_word' id='word_1_22' title='bbox 425 445 669 500; x_wconf 89' lang='lat' dir='ltr'><strong>Sabbato</strong></span> <span class='ocrx_word' id='word_1_23' title='bbox 693 443 991 513; x_wconf 84' lang='lat' dir='ltr'><strong>corporali,</strong></span> <span class='ocrx_word' id='word_1_24' title='bbox 1018 441 1113 512; x_wconf 91' lang='lat' dir='ltr'><strong>qui</strong></span> <span class='ocrx_word' id='word_1_25' title='bbox 1137 442 1249 496; x_wconf 90' lang='lat' dir='ltr'><strong>huc</strong></span> <span class='ocrx_word' id='word_1_26' title='bbox 1272 456 1445 510; x_wconf 90' lang='lat' dir='ltr'><strong>usque</strong></span> <span class='ocrx_word' id='word_1_27' title='bbox 1475 443 1768 510; x_wconf 88' lang='lat' dir='ltr'><strong>pulchrum</strong></span> <span class='ocrx_word' id='word_1_28' title='bbox 1793 459 1900 495; x_wconf 84' lang='lat' dir='ltr'><strong>non</strong></span> 
     </span>
    </p>
   </div>
   <div class='ocr_carea' id='block_1_6' title="bbox 321 533 1905 591">
    <p class='ocr_par' dir='ltr' id='par_1_6' title="bbox 321 533 1905 591">
     <span class='ocr_line' id='line_1_6' title="bbox 321 533 1905 591; baseline -0.004 0"><span class='ocrx_word' id='word_1_29' title='bbox 321 538 484 591; x_wconf 84' lang='lat' dir='ltr'><strong>novit</strong></span> <span class='ocrx_word' id='word_1_30' title='bbox 533 535 955 590; x_wconf 88' lang='lat' dir='ltr'><strong>sabbatismum.</strong></span> <span class='ocrx_word' id='word_1_31' title='bbox 1008 533 1310 588; x_wconf 88' lang='lat' dir='ltr'><strong>Sabbatum</strong></span> <span class='ocrx_word' id='word_1_32' title='bbox 1350 533 1498 587; x_wconf 87' lang='lat' dir='ltr'><strong>enim</strong></span> <span class='ocrx_word' id='word_1_33' title='bbox 1531 533 1905 587; x_wconf 87' lang='lat' dir='ltr'><strong>sabbatismus</strong></span> 
     </span>
    </p>
   </div>
   <div class='ocr_carea' id='block_1_7' title="bbox 318 626 1903 699">
    <p class='ocr_par' dir='ltr' id='par_1_7' title="bbox 318 626 1903 699">
     <span class='ocr_line' id='line_1_7' title="bbox 318 626 1903 699; baseline -0.004 -14"><span class='ocrx_word' id='word_1_34' title='bbox 318 639 384 686; x_wconf 78' lang='lat' dir='ltr'><strong>et</strong></span> <span class='ocrx_word' id='word_1_35' title='bbox 416 629 642 699; x_wconf 80' lang='lat' dir='ltr'><strong>requies</strong></span> <span class='ocrx_word' id='word_1_36' title='bbox 677 637 784 692; x_wconf 89' lang='lat' dir='ltr'><strong>est,</strong></span> <span class='ocrx_word' id='word_1_37' title='bbox 820 643 952 682; x_wconf 90' lang='lat' dir='ltr'><strong>vera</strong></span> <span class='ocrx_word' id='word_1_38' title='bbox 1012 627 1220 697; x_wconf 77' lang='lat' dir='ltr'><strong>peccati</strong></span> <span class='ocrx_word' id='word_1_39' title='bbox 1254 626 1555 696; x_wconf 86' lang='lat' dir='ltr'><strong>depositio,</strong></span> <span class='ocrx_word' id='word_1_40' title='bbox 1611 642 1777 696; x_wconf 89' lang='lat' dir='ltr'><strong>quam</strong></span> <span class='ocrx_word' id='word_1_41' title='bbox 1803 641 1903 695; x_wconf 86' lang='lat' dir='ltr'><strong>ego</strong></span> 
     </span>
    </p>
   </div>
   <div class='ocr_carea' id='block_1_8' title="bbox 322 717 1906 789">
    <p class='ocr_par' dir='ltr' id='par_1_8' title="bbox 322 717 1906 789">
     <span class='ocr_line' id='line_1_8' title="bbox 322 717 1906 789; baseline -0.003 -13"><span class='ocrx_word' id='word_1_42' title='bbox 322 721 728 789; x_wconf 83' lang='lat' dir='ltr'><strong>ﬁdelisjubeor</strong></span> <span class='ocrx_word' id='word_1_43' title='bbox 751 735 936 789; x_wconf 89' lang='lat' dir='ltr'><strong>agere,</strong></span> <span class='ocrx_word' id='word_1_44' title='bbox 968 727 1024 773; x_wconf 90' lang='lat' dir='ltr'><strong>et</strong></span> <span class='ocrx_word' id='word_1_45' title='bbox 1049 718 1252 773; x_wconf 91' lang='lat' dir='ltr'><strong>festum</strong></span> <span class='ocrx_word' id='word_1_46' title='bbox 1304 718 1593 773; x_wconf 88' lang='lat' dir='ltr'><strong>celebrare</strong></span> <span class='ocrx_word' id='word_1_47' title='bbox 1633 717 1686 770; x_wconf 90' lang='lat' dir='ltr'><strong>in</strong></span> <span class='ocrx_word' id='word_1_48' title='bbox 1716 718 1906 786; x_wconf 88' lang='lat' dir='ltr'><strong>requie</strong></span> 
     </span>
    </p>
   </div>
   <div class='ocr_carea' id='block_1_9' title="bbox 321 807 1904 880">
    <p class='ocr_par' dir='ltr' id='par_1_9' title="bbox 321 807 1904 880">
     <span class='ocr_line' id='line_1_9' title="bbox 321 807 1904 880; baseline -0.004 -13"><span class='ocrx_word' id='word_1_49' title='bbox 321 823 382 867; x_wconf 89' lang='lat' dir='ltr'><strong>et</strong></span> <span class='ocrx_word' id='word_1_50' title='bbox 412 813 466 866; x_wconf 90' lang='lat' dir='ltr'><strong>in</strong></span> <span class='ocrx_word' id='word_1_51' title='bbox 509 807 904 880; x_wconf 87' lang='lat' dir='ltr'><strong>adimpletione</strong></span> <span class='ocrx_word' id='word_1_52' title='bbox 933 809 1062 864; x_wconf 65' lang='lat' dir='ltr'><strong>vitae</strong></span> <span class='ocrx_word' id='word_1_53' title='bbox 1101 824 1257 863; x_wconf 68' lang='lat' dir='ltr'><strong>meae.</strong></span> <span class='ocrx_word' id='word_1_54' title='bbox 1314 809 1374 862; x_wconf 87' lang='lat' dir='ltr'><strong>In</strong></span> <span class='ocrx_word' id='word_1_55' title='bbox 1407 824 1517 878; x_wconf 90' lang='lat' dir='ltr'><strong>quo</strong></span> <span class='ocrx_word' id='word_1_56' title='bbox 1547 807 1792 862; x_wconf 89' lang='lat' dir='ltr'><strong>Sabbato</strong></span> <span class='ocrx_word' id='word_1_57' title='bbox 1819 822 1904 861; x_wconf 91' lang='lat' dir='ltr'><strong>me</strong></span> 
     </span>
    </p>
   </div>
   <div class='ocr_carea' id='block_1_10' title="bbox 324 897 1908 972">
    <p class='ocr_par' dir='ltr' id='par_1_10' title="bbox 324 897 1908 972">
     <span class='ocr_line' id='line_1_10' title="bbox 324 897 1908 972; baseline -0.005 -14"><span class='ocrx_word' id='word_1_58' title='bbox 324 905 495 972; x_wconf 86' lang='lat' dir='ltr'><strong>jubet</strong></span> <span class='ocrx_word' id='word_1_59' title='bbox 522 903 668 957; x_wconf 85' lang='lat' dir='ltr'><strong>Deus</strong></span> <span class='ocrx_word' id='word_1_60' title='bbox 693 917 806 956; x_wconf 88' lang='lat' dir='ltr'><strong>non</strong></span> <span class='ocrx_word' id='word_1_61' title='bbox 841 901 1036 955; x_wconf 90' lang='lat' dir='ltr'><strong>tollere</strong></span> <span class='ocrx_word' id='word_1_62' title='bbox 1067 916 1210 954; x_wconf 87' lang='lat' dir='ltr'><strong>onus</strong></span> <span class='ocrx_word' id='word_1_63' title='bbox 1243 899 1478 969; x_wconf 76' lang='lat' dir='ltr'><strong>peccati,</strong></span> <span class='ocrx_word' id='word_1_64' title='bbox 1541 907 1600 954; x_wconf 93' lang='lat' dir='ltr'><strong>et</strong></span> <span class='ocrx_word' id='word_1_65' title='bbox 1635 897 1908 953; x_wconf 84' lang='lat' dir='ltr'><strong>sarcinam</strong></span> 
     </span>
    </p>
   </div>
   <div class='ocr_carea' id='block_1_11' title="bbox 323 989 1910 1066">
    <p class='ocr_par' dir='ltr' id='par_1_11' title="bbox 323 989 1910 1066">
     <span class='ocr_line' id='line_1_11' title="bbox 323 989 1910 1066; baseline -0.004 -16"><span class='ocrx_word' id='word_1_66' title='bbox 323 997 498 1066; x_wconf 87' lang='lat' dir='ltr'><strong>hujus</strong></span> <span class='ocrx_word' id='word_1_67' title='bbox 528 994 735 1050; x_wconf 66' lang='lat' dir='ltr'><strong>saeculi.</strong></span> <span class='ocrx_word' id='word_1_68' title='bbox 762 994 838 1048; x_wconf 93' lang='lat' dir='ltr'><strong>De</strong></span> <span class='ocrx_word' id='word_1_69' title='bbox 865 994 1072 1062; x_wconf 88' lang='lat' dir='ltr'><strong>quibus</strong></span> <span class='ocrx_word' id='word_1_70' title='bbox 1094 991 1644 1061; x_wconf 68' lang='lat' dir='ltr'><strong>diecbatquispiam:</strong></span> <span class='ocrx_word' id='word_1_71' title='bbox 1679 989 1910 1044; x_wconf 84' lang='lat' dir='ltr'><strong>Peccata</strong></span> 
     </span>
    </p>
   </div>
   <div class='ocr_carea' id='block_1_12' title="bbox 326 1089 1911 1156">
    <p class='ocr_par' dir='ltr' id='par_1_12' title="bbox 326 1089 1911 1156">
     <span class='ocr_line' id='line_1_12' title="bbox 326 1089 1911 1156; baseline -0.003 -16"><span class='ocrx_word' id='word_1_72' title='bbox 326 1103 453 1140; x_wconf 83' lang='lat' dir='ltr'><strong>mea</strong></span> <span class='ocrx_word' id='word_1_73' title='bbox 487 1101 830 1156; x_wconf 76' lang='lat' dir='ltr'><strong>supergressa</strong></span> <span class='ocrx_word' id='word_1_74' title='bbox 853 1089 978 1139; x_wconf 73' lang='lat' dir='ltr'><strong>sunt</strong></span> <span class='ocrx_word' id='word_1_75' title='bbox 1025 1093 1185 1154; x_wconf 83' lang='lat' dir='ltr'><strong>caput</strong></span> <span class='ocrx_word' id='word_1_76' title='bbox 1239 1099 1434 1148; x_wconf 87' lang='lat' dir='ltr'><strong>meum,</strong></span> <span class='ocrx_word' id='word_1_77' title='bbox 1487 1091 1744 1152; x_wconf 83' lang='lat' dir='ltr'><strong>tanquam</strong></span> <span class='ocrx_word' id='word_1_78' title='bbox 1779 1097 1911 1135; x_wconf 76' lang='lat' dir='ltr'><strong>onus</strong></span> 
     </span>
    </p>
   </div>
   <div class='ocr_carea' id='block_1_13' title="bbox 325 1173 1912 1249">
    <p class='ocr_par' dir='ltr' id='par_1_13' title="bbox 325 1173 1912 1249">
     <span class='ocr_line' id='line_1_13' title="bbox 325 1173 1912 1249; baseline -0.004 -16"><span class='ocrx_word' id='word_1_79' title='bbox 325 1194 492 1249; x_wconf 80' lang='lat' dir='ltr'><strong>grave</strong></span> <span class='ocrx_word' id='word_1_80' title='bbox 512 1185 742 1247; x_wconf 81' lang='lat' dir='ltr'><strong>gravata</strong></span> <span class='ocrx_word' id='word_1_81' title='bbox 775 1185 900 1229; x_wconf 80' lang='lat' dir='ltr'><strong>sunt</strong></span> <span class='ocrx_word' id='word_1_82' title='bbox 935 1191 1094 1244; x_wconf 74' lang='lat' dir='ltr'><strong>super</strong></span> <span class='ocrx_word' id='word_1_83' title='bbox 1130 1190 1211 1227; x_wconf 86' lang='lat' dir='ltr'><strong>me</strong></span> <span class='ocrx_word' id='word_1_84' title='bbox 1233 1173 1299 1226; x_wconf 62' lang='grc'><strong>⁸⁵.</strong></span> <span class='ocrx_word' id='word_1_85' title='bbox 1334 1173 1707 1241; x_wconf 84' lang='lat' dir='ltr'><strong>Quamobrem</strong></span> <span class='ocrx_word' id='word_1_86' title='bbox 1743 1173 1912 1242; x_wconf 86' lang='lat' dir='ltr'><strong>jube-</strong></span> 
     </span>
    </p>
   </div>
   <div class='ocr_carea' id='block_1_14' title="bbox 329 1267 1912 1340">
    <p class='ocr_par' dir='ltr' id='par_1_14' title="bbox 329 1267 1912 1340">
     <span class='ocr_line' id='line_1_14' title="bbox 329 1267 1912 1340; baseline -0.004 -14"><span class='ocrx_word' id='word_1_87' title='bbox 329 1287 461 1326; x_wconf 87' lang='lat' dir='ltr'><strong>mur</strong></span> <span class='ocrx_word' id='word_1_88' title='bbox 493 1285 673 1340; x_wconf 88' lang='lat' dir='ltr'><strong>neque</strong></span> <span class='ocrx_word' id='word_1_89' title='bbox 703 1268 1010 1324; x_wconf 83' lang='lat' dir='ltr'><strong>accendere</strong></span> <span class='ocrx_word' id='word_1_90' title='bbox 1050 1268 1232 1338; x_wconf 90' lang='lat' dir='ltr'><strong>ignem</strong></span> <span class='ocrx_word' id='word_1_91' title='bbox 1270 1269 1326 1322; x_wconf 92' lang='lat' dir='ltr'><strong>in</strong></span> <span class='ocrx_word' id='word_1_92' title='bbox 1363 1283 1432 1322; x_wconf 90' lang='lat' dir='ltr'><strong>eo</strong></span> <span class='ocrx_word' id='word_1_93' title='bbox 1472 1267 1734 1330; x_wconf 87' lang='lat' dir='ltr'><strong>Sabbato,</strong></span> <span class='ocrx_word' id='word_1_94' title='bbox 1762 1282 1912 1320; x_wconf 91' lang='lat' dir='ltr'><strong>mor-</strong></span> 
     </span>
    </p>
   </div>
   <div class='ocr_carea' id='block_1_15' title="bbox 330 1359 1912 1431">
    <p class='ocr_par' dir='ltr' id='par_1_15' title="bbox 330 1359 1912 1431">
     <span class='ocr_line' id='line_1_15' title="bbox 330 1359 1912 1431; baseline -0.004 -13"><span class='ocrx_word' id='word_1_95' title='bbox 330 1365 408 1418; x_wconf 87' lang='lat' dir='ltr'><strong>tis</strong></span> <span class='ocrx_word' id='word_1_96' title='bbox 423 1403 438 1427; x_wconf 93' lang='lat'><strong>,</strong></span> <span class='ocrx_word' id='word_1_97' title='bbox 453 1363 560 1416; x_wconf 92' lang='lat' dir='ltr'><strong>hoc</strong></span> <span class='ocrx_word' id='word_1_98' title='bbox 581 1369 666 1416; x_wconf 90' lang='lat' dir='ltr'><strong>est</strong></span> <span class='ocrx_word' id='word_1_99' title='bbox 678 1361 1034 1431; x_wconf 78' lang='lat' dir='ltr'><strong>exstinguere</strong></span> <span class='ocrx_word' id='word_1_100' title='bbox 1055 1375 1276 1414; x_wconf 91' lang='lat' dir='ltr'><strong>omnem</strong></span> <span class='ocrx_word' id='word_1_101' title='bbox 1299 1360 1552 1415; x_wconf 90' lang='lat' dir='ltr'><strong>ardorem</strong></span> <span class='ocrx_word' id='word_1_102' title='bbox 1571 1359 1912 1429; x_wconf 88' lang='lat' dir='ltr'><strong>cupiditatis,</strong></span> 
     </span>
    </p>
   </div>
   <div class='ocr_carea' id='block_1_16' title="bbox 329 1447 1918 1521">
    <p class='ocr_par' dir='ltr' id='par_1_16' title="bbox 329 1447 1918 1521">
     <span class='ocr_line' id='line_1_16' title="bbox 329 1447 1918 1521; baseline -0.003 -15"><span class='ocrx_word' id='word_1_103' title='bbox 329 1462 385 1506; x_wconf 83' lang='lat' dir='ltr'><strong>et</strong></span> <span class='ocrx_word' id='word_1_104' title='bbox 411 1453 518 1506; x_wconf 82' lang='lat' dir='ltr'><strong>tela</strong></span> <span class='ocrx_word' id='word_1_105' title='bbox 547 1450 770 1521; x_wconf 82' lang='lat' dir='ltr'><strong>maligni</strong></span> <span class='ocrx_word' id='word_1_106' title='bbox 827 1452 998 1520; x_wconf 85' lang='lat' dir='ltr'><strong>ignita</strong></span> <span class='ocrx_word' id='word_1_107' title='bbox 1031 1447 1080 1479; x_wconf 83' lang='grc'><strong>⁸⁸</strong></span> <span class='ocrx_word' id='word_1_108' title='bbox 1110 1465 1236 1519; x_wconf 75' lang='lat' dir='ltr'><strong>qua:</strong></span> <span class='ocrx_word' id='word_1_109' title='bbox 1287 1451 1628 1520; x_wconf 88' lang='lat' dir='ltr'><strong>compellunt</strong></span> <span class='ocrx_word' id='word_1_110' title='bbox 1659 1450 1725 1504; x_wconf 92' lang='lat' dir='ltr'><strong>ad</strong></span> <span class='ocrx_word' id='word_1_111' title='bbox 1765 1449 1918 1503; x_wconf 85' lang='lat' dir='ltr'><strong>ﬂam-</strong></span> 
     </span>
    </p>
   </div>
   <div class='ocr_carea' id='block_1_17' title="bbox 330 1541 1918 1610">
    <p class='ocr_par' dir='ltr' id='par_1_17' title="bbox 330 1541 1918 1610">
     <span class='ocr_line' id='line_1_17' title="bbox 330 1541 1918 1610; baseline -0.001 -13"><span class='ocrx_word' id='word_1_112' title='bbox 330 1559 481 1599; x_wconf 86' lang='lat' dir='ltr'><strong>mam</strong></span> <span class='ocrx_word' id='word_1_113' title='bbox 542 1553 828 1598; x_wconf 70' lang='lat' dir='ltr'><strong>aeternam.</strong></span> <span class='ocrx_word' id='word_1_114' title='bbox 869 1543 1042 1596; x_wconf 86' lang='lat' dir='ltr'><strong>Porro</strong></span> <span class='ocrx_word' id='word_1_115' title='bbox 1095 1551 1277 1596; x_wconf 89' lang='lat' dir='ltr'><strong>autem</strong></span> <span class='ocrx_word' id='word_1_116' title='bbox 1318 1543 1465 1596; x_wconf 89' lang='lat' dir='ltr'><strong>Deus</strong></span> <span class='ocrx_word' id='word_1_117' title='bbox 1511 1557 1612 1596; x_wconf 88' lang='lat' dir='ltr'><strong>nos</strong></span> <span class='ocrx_word' id='word_1_118' title='bbox 1657 1541 1918 1610; x_wconf 85' lang='lat' dir='ltr'><strong>prohibet</strong></span> 
     </span>
    </p>
   </div>
   <div class='ocr_carea' id='block_1_18' title="bbox 331 1632 1912 1704">
    <p class='ocr_par' dir='ltr' id='par_1_18' title="bbox 331 1632 1912 1704">
     <span class='ocr_line' id='line_1_18' title="bbox 331 1632 1912 1704; baseline -0.004 -15"><span class='ocrx_word' id='word_1_119' title='bbox 331 1636 448 1689; x_wconf 86' lang='lat' dir='ltr'><strong>iter</strong></span> <span class='ocrx_word' id='word_1_120' title='bbox 479 1634 691 1704; x_wconf 81' lang='lat' dir='ltr'><strong>ingredi</strong></span> <span class='ocrx_word' id='word_1_121' title='bbox 727 1634 780 1688; x_wconf 91' lang='lat' dir='ltr'><strong>in</strong></span> <span class='ocrx_word' id='word_1_122' title='bbox 810 1633 1078 1694; x_wconf 85' lang='lat' dir='ltr'><strong>Sabbato,</strong></span> <span class='ocrx_word' id='word_1_123' title='bbox 1103 1641 1476 1702; x_wconf 81' lang='lat' dir='ltr'><strong>congruenter</strong></span> <span class='ocrx_word' id='word_1_124' title='bbox 1504 1633 1554 1686; x_wconf 90' lang='lat' dir='ltr'><strong>ei</strong></span> <span class='ocrx_word' id='word_1_125' title='bbox 1604 1633 1697 1701; x_wconf 89' lang='lat' dir='ltr'><strong>qui</strong></span> <span class='ocrx_word' id='word_1_126' title='bbox 1748 1632 1912 1687; x_wconf 88' lang='lat' dir='ltr'><strong>dicit:</strong></span> 
     </span>
    </p>
   </div>
   <div class='ocr_carea' id='block_1_19' title="bbox 2005 443 3579 516">
    <p class='ocr_par' dir='ltr' id='par_1_19' title="bbox 2005 443 3579 516">
     <span class='ocr_line' id='line_1_19' title="bbox 2005 443 3579 516; baseline -0.004 -16"><span class='ocrx_word' id='word_1_127' title='bbox 2005 448 2071 500; x_wconf 81' lang='lat' dir='ltr'><strong>ad</strong></span> <span class='ocrx_word' id='word_1_128' title='bbox 2114 456 2298 516; x_wconf 86' lang='lat' dir='ltr'><strong>patres</strong></span> <span class='ocrx_word' id='word_1_129' title='bbox 2330 457 2477 508; x_wconf 83' lang='lat' dir='ltr'><strong>tuus,</strong></span> <span class='ocrx_word' id='word_1_130' title='bbox 2501 445 2746 498; x_wconf 87' lang='lat' dir='ltr'><strong>nutritus</strong></span> <span class='ocrx_word' id='word_1_131' title='bbox 2773 445 2826 497; x_wconf 91' lang='lat' dir='ltr'><strong>in</strong></span> <span class='ocrx_word' id='word_1_132' title='bbox 2886 451 3174 498; x_wconf 88' lang='lat' dir='ltr'><strong>senectute</strong></span> <span class='ocrx_word' id='word_1_133' title='bbox 3199 443 3372 509; x_wconf 87' lang='lat' dir='ltr'><strong>bona;</strong></span> <span class='ocrx_word' id='word_1_134' title='bbox 3407 443 3579 511; x_wconf 81' lang='lat' dir='ltr'><strong>septi-</strong></span> 
     </span>
    </p>
   </div>
   <div class='ocr_carea' id='block_1_20' title="bbox 2006 533 3585 605">
    <p class='ocr_par' dir='ltr' id='par_1_20' title="bbox 2006 533 3585 605">
     <span class='ocr_line' id='line_1_20' title="bbox 2006 533 3585 605; baseline -0.003 -14"><span class='ocrx_word' id='word_1_135' title='bbox 2006 554 2094 591; x_wconf 86' lang='lat' dir='ltr'><strong>mo</strong></span> <span class='ocrx_word' id='word_1_136' title='bbox 2113 537 2260 591; x_wconf 88' lang='lat' dir='ltr'><strong>enim</strong></span> <span class='ocrx_word' id='word_1_137' title='bbox 2313 536 2402 591; x_wconf 86' lang='lat' dir='ltr'><strong>die</strong></span> <span class='ocrx_word' id='word_1_138' title='bbox 2424 536 2690 591; x_wconf 88' lang='lat' dir='ltr'><strong>Dominus</strong></span> <span class='ocrx_word' id='word_1_139' title='bbox 2715 537 2782 590; x_wconf 91' lang='lat' dir='ltr'><strong>ab</strong></span> <span class='ocrx_word' id='word_1_140' title='bbox 2817 536 3080 605; x_wconf 84' lang='lat' dir='ltr'><strong>operibus</strong></span> <span class='ocrx_word' id='word_1_141' title='bbox 3108 535 3225 588; x_wconf 91' lang='lat' dir='ltr'><strong>suis</strong></span> <span class='ocrx_word' id='word_1_142' title='bbox 3253 533 3585 604; x_wconf 85' lang='lat' dir='ltr'><strong>evangelicis</strong></span> 
     </span>
    </p>
   </div>
   <div class='ocr_carea' id='block_1_21' title="bbox 2005 628 3584 700">
    <p class='ocr_par' dir='ltr' id='par_1_21' title="bbox 2005 628 3584 700">
     <span class='ocr_line' id='line_1_21' title="bbox 2005 628 3584 700; baseline -0.003 -18"><span class='ocrx_word' id='word_1_143' title='bbox 2005 628 2285 698; x_wconf 91' lang='lat' dir='ltr'><strong>quievitin</strong></span> <span class='ocrx_word' id='word_1_144' title='bbox 2315 629 2606 700; x_wconf 89' lang='lat' dir='ltr'><strong>sepulcro;</strong></span> <span class='ocrx_word' id='word_1_145' title='bbox 2634 636 2689 682; x_wconf 90' lang='lat' dir='ltr'><strong>et</strong></span> <span class='ocrx_word' id='word_1_146' title='bbox 2727 628 2992 698; x_wconf 88' lang='lat' dir='ltr'><strong>deinceps</strong></span> <span class='ocrx_word' id='word_1_147' title='bbox 3029 634 3350 680; x_wconf 87' lang='lat' dir='ltr'><strong>constanter</strong></span> <span class='ocrx_word' id='word_1_148' title='bbox 3386 641 3584 693; x_wconf 77' lang='lat' dir='ltr'><strong>exspe-</strong></span> 
     </span>
    </p>
   </div>
   <div class='ocr_carea' id='block_1_22' title="bbox 2007 717 3588 790">
    <p class='ocr_par' dir='ltr' id='par_1_22' title="bbox 2007 717 3588 790">
     <span class='ocr_line' id='line_1_22' title="bbox 2007 717 3588 790; baseline -0.004 -16"><span class='ocrx_word' id='word_1_149' title='bbox 2007 729 2122 775; x_wconf 90' lang='lat' dir='ltr'><strong>ctes</strong></span> <span class='ocrx_word' id='word_1_150' title='bbox 2139 731 2396 775; x_wconf 89' lang='lat' dir='ltr'><strong>octavum</strong></span> <span class='ocrx_word' id='word_1_151' title='bbox 2415 760 2428 782; x_wconf 92' lang='lat'><strong>,</strong></span> <span class='ocrx_word' id='word_1_152' title='bbox 2447 737 2477 774; x_wconf 87' lang='lat' dir='ltr'><strong>a</strong></span> <span class='ocrx_word' id='word_1_153' title='bbox 2501 721 2779 790; x_wconf 87' lang='lat' dir='ltr'><strong>sepulcro,</strong></span> <span class='ocrx_word' id='word_1_154' title='bbox 2812 721 3058 789; x_wconf 90' lang='lat' dir='ltr'><strong>inquam,</strong></span> <span class='ocrx_word' id='word_1_155' title='bbox 3077 717 3543 773; x_wconf 88' lang='lat' dir='ltr'><strong>resurrectionem</strong></span> <span class='ocrx_word' id='word_1_156' title='bbox 3577 730 3588 767; x_wconf 90' lang='lat'><strong>:</strong></span> 
     </span>
    </p>
   </div>
   <div class='ocr_carea' id='block_1_23' title="bbox 2009 809 3444 867">
    <p class='ocr_par' dir='ltr' id='par_1_23' title="bbox 2009 809 3444 867">
     <span class='ocr_line' id='line_1_23' title="bbox 2009 809 3444 867; baseline -0.004 0"><span class='ocrx_word' id='word_1_157' title='bbox 2009 813 2096 867; x_wconf 93' lang='lat' dir='ltr'><strong>die</strong></span> <span class='ocrx_word' id='word_1_158' title='bbox 2121 813 2268 867; x_wconf 90' lang='lat' dir='ltr'><strong>enim</strong></span> <span class='ocrx_word' id='word_1_159' title='bbox 2295 823 2491 867; x_wconf 88' lang='lat' dir='ltr'><strong>octavo</strong></span> <span class='ocrx_word' id='word_1_160' title='bbox 2526 813 2793 866; x_wconf 81' lang='lat' dir='ltr'><strong>Dominus</strong></span> <span class='ocrx_word' id='word_1_161' title='bbox 2843 813 3087 867; x_wconf 80' lang='lat' dir='ltr'><strong>surrexit</strong></span> <span class='ocrx_word' id='word_1_162' title='bbox 3111 827 3140 865; x_wconf 89' lang='lat' dir='ltr'><strong>a</strong></span> <span class='ocrx_word' id='word_1_163' title='bbox 3190 809 3444 864; x_wconf 84' lang='lat' dir='ltr'><strong>mortuis.</strong></span> 
     </span>
    </p>
   </div>
   <div class='ocr_carea' id='block_1_24' title="bbox 2082 902 3589 976">
    <p class='ocr_par' dir='ltr' id='par_1_24' title="bbox 2082 902 3589 976">
     <span class='ocr_line' id='line_1_24' title="bbox 2082 902 3589 976; baseline -0.002 -17"><span class='ocrx_word' id='word_1_164' title='bbox 2082 905 2177 960; x_wconf 83' lang='lat' dir='ltr'><strong>His</strong></span> <span class='ocrx_word' id='word_1_165' title='bbox 2202 914 2258 960; x_wconf 91' lang='lat' dir='ltr'><strong>et</strong></span> <span class='ocrx_word' id='word_1_166' title='bbox 2281 905 2602 976; x_wconf 75' lang='lat' dir='ltr'><strong>huiusmodi</strong></span> <span class='ocrx_word' id='word_1_167' title='bbox 2656 905 2824 959; x_wconf 87' lang='lat' dir='ltr'><strong>rebus</strong></span> <span class='ocrx_word' id='word_1_168' title='bbox 2882 904 2980 959; x_wconf 90' lang='lat' dir='ltr'><strong>Dei</strong></span> <span class='ocrx_word' id='word_1_169' title='bbox 3031 903 3343 959; x_wconf 89' lang='lat' dir='ltr'><strong>celebrabis</strong></span> <span class='ocrx_word' id='word_1_170' title='bbox 3382 902 3589 956; x_wconf 89' lang='lat' dir='ltr'><strong>Sabba—</strong></span> 
     </span>
    </p>
   </div>
   <div class='ocr_carea' id='block_1_25' title="bbox 2015 993 3590 1071">
    <p class='ocr_par' dir='ltr' id='par_1_25' title="bbox 2015 993 3590 1071">
     <span class='ocr_line' id='line_1_25' title="bbox 2015 993 3590 1071; baseline -0.001 -23"><span class='ocrx_word' id='word_1_171' title='bbox 2015 1004 2154 1050; x_wconf 90' lang='lat' dir='ltr'><strong>tum.</strong></span> <span class='ocrx_word' id='word_1_172' title='bbox 2179 995 2321 1051; x_wconf 89' lang='lat' dir='ltr'><strong>lluic</strong></span> <span class='ocrx_word' id='word_1_173' title='bbox 2361 1011 2489 1050; x_wconf 87' lang='lat' dir='ltr'><strong>vere</strong></span> <span class='ocrx_word' id='word_1_174' title='bbox 2533 995 2776 1071; x_wconf 81' lang='lat' dir='ltr'><strong>Sabbato</strong></span> <span class='ocrx_word' id='word_1_175' title='bbox 2813 997 3117 1061; x_wconf 81' lang='lat' dir='ltr'><strong>benedixit,</strong></span> <span class='ocrx_word' id='word_1_176' title='bbox 3149 1005 3206 1050; x_wconf 91' lang='lat' dir='ltr'><strong>et</strong></span> <span class='ocrx_word' id='word_1_177' title='bbox 3254 996 3308 1049; x_wconf 92' lang='lat' dir='ltr'><strong>id</strong></span> <span class='ocrx_word' id='word_1_178' title='bbox 3345 993 3590 1048; x_wconf 85' lang='lat' dir='ltr'><strong>sanctiﬁ-</strong></span> 
     </span>
    </p>
   </div>
   <div class='ocr_carea' id='block_1_26' title="bbox 2013 1087 3586 1158">
    <p class='ocr_par' dir='ltr' id='par_1_26' title="bbox 2013 1087 3586 1158">
     <span class='ocr_line' id='line_1_26' title="bbox 2013 1087 3586 1158; baseline -0.001 -16"><span class='ocrx_word' id='word_1_179' title='bbox 2013 1087 2158 1142; x_wconf 88' lang='lat' dir='ltr'><strong>cavit</strong></span> <span class='ocrx_word' id='word_1_180' title='bbox 2187 1089 2352 1142; x_wconf 90' lang='lat' dir='ltr'><strong>Deus.</strong></span> <span class='ocrx_word' id='word_1_181' title='bbox 2381 1087 2558 1157; x_wconf 88' lang='lat' dir='ltr'><strong>Atque</strong></span> <span class='ocrx_word' id='word_1_182' title='bbox 2590 1089 2687 1142; x_wconf 89' lang='lat' dir='ltr'><strong>tibi</strong></span> <span class='ocrx_word' id='word_1_183' title='bbox 2721 1088 2950 1158; x_wconf 87' lang='lat' dir='ltr'><strong>quidem</strong></span> <span class='ocrx_word' id='word_1_184' title='bbox 2976 1089 3071 1158; x_wconf 90' lang='lat' dir='ltr'><strong>qui</strong></span> <span class='ocrx_word' id='word_1_185' title='bbox 3115 1104 3176 1142; x_wconf 90' lang='lat' dir='ltr'><strong>es</strong></span> <span class='ocrx_word' id='word_1_186' title='bbox 3203 1087 3430 1142; x_wconf 61' lang='lat' dir='ltr'><strong>Iudaeus</strong></span> <span class='ocrx_word' id='word_1_187' title='bbox 3462 1102 3586 1140; x_wconf 81' lang='lat' dir='ltr'><strong>ear-</strong></span> 
     </span>
    </p>
   </div>
   <div class='ocr_carea' id='block_1_27' title="bbox 2013 1176 3590 1242">
    <p class='ocr_par' dir='ltr' id='par_1_27' title="bbox 2013 1176 3590 1242">
     <span class='ocr_line' id='line_1_27' title="bbox 2013 1176 3590 1242; baseline 0 -12"><span class='ocrx_word' id='word_1_188' title='bbox 2013 1177 2601 1242; x_wconf 78' lang='lat' dir='ltr'><strong>naliterzutvidetnr,</strong></span> <span class='ocrx_word' id='word_1_189' title='bbox 2627 1187 2713 1232; x_wconf 89' lang='lat' dir='ltr'><strong>est</strong></span> <span class='ocrx_word' id='word_1_190' title='bbox 2759 1178 3074 1233; x_wconf 89' lang='lat' dir='ltr'><strong>necessaria</strong></span> <span class='ocrx_word' id='word_1_191' title='bbox 3125 1178 3350 1232; x_wconf 88' lang='lat' dir='ltr'><strong>Sabbati</strong></span> <span class='ocrx_word' id='word_1_192' title='bbox 3399 1176 3590 1232; x_wconf 58' lang='lat' dir='ltr'><strong>obser-</strong></span> 
     </span>
    </p>
   </div>
   <div class='ocr_carea' id='block_1_28' title="bbox 2015 1268 3590 1338">
    <p class='ocr_par' dir='ltr' id='par_1_28' title="bbox 2015 1268 3590 1338">
     <span class='ocr_line' id='line_1_28' title="bbox 2015 1268 3590 1338; baseline 0.001 -19"><span class='ocrx_word' id='word_1_193' title='bbox 2015 1268 2187 1332; x_wconf 81' lang='lat' dir='ltr'><strong>vatio,</strong></span> <span class='ocrx_word' id='word_1_194' title='bbox 2244 1277 2304 1322; x_wconf 91' lang='lat' dir='ltr'><strong>ut</strong></span> <span class='ocrx_word' id='word_1_195' title='bbox 2341 1283 2464 1337; x_wconf 72' lang='lat' dir='ltr'><strong>qua:</strong></span> <span class='ocrx_word' id='word_1_196' title='bbox 2515 1268 2587 1323; x_wconf 90' lang='lat' dir='ltr'><strong>sit</strong></span> <span class='ocrx_word' id='word_1_197' title='bbox 2636 1269 2815 1338; x_wconf 90' lang='lat' dir='ltr'><strong>posita</strong></span> <span class='ocrx_word' id='word_1_198' title='bbox 2845 1269 2914 1323; x_wconf 90' lang='lat' dir='ltr'><strong>ad</strong></span> <span class='ocrx_word' id='word_1_199' title='bbox 2950 1268 3387 1323; x_wconf 90' lang='lat' dir='ltr'><strong>convincendam</strong></span> <span class='ocrx_word' id='word_1_200' title='bbox 3441 1279 3590 1323; x_wconf 87' lang='lat' dir='ltr'><strong>tuam</strong></span> 
     </span>
    </p>
   </div>
   <div class='ocr_carea' id='block_1_29' title="bbox 2019 1359 3592 1430">
    <p class='ocr_par' dir='ltr' id='par_1_29' title="bbox 2019 1359 3592 1430">
     <span class='ocr_line' id='line_1_29' title="bbox 2019 1359 3592 1430; baseline 0.001 -18"><span class='ocrx_word' id='word_1_201' title='bbox 2019 1359 2390 1428; x_wconf 86' lang='lat' dir='ltr'><strong>iniquitatem,</strong></span> <span class='ocrx_word' id='word_1_202' title='bbox 2425 1367 2485 1413; x_wconf 92' lang='lat' dir='ltr'><strong>ut</strong></span> <span class='ocrx_word' id='word_1_203' title='bbox 2526 1361 2640 1414; x_wconf 73' lang='lat' dir='ltr'><strong>dixi</strong></span> <span class='ocrx_word' id='word_1_204' title='bbox 2681 1361 2847 1430; x_wconf 86' lang='lat' dir='ltr'><strong>paulo</strong></span> <span class='ocrx_word' id='word_1_205' title='bbox 2895 1370 3043 1415; x_wconf 89' lang='lat' dir='ltr'><strong>ante.</strong></span> <span class='ocrx_word' id='word_1_206' title='bbox 3087 1361 3218 1414; x_wconf 82' lang='lat' dir='ltr'><strong>Mihi</strong></span> <span class='ocrx_word' id='word_1_207' title='bbox 3258 1370 3440 1414; x_wconf 89' lang='lat' dir='ltr'><strong>autem</strong></span> <span class='ocrx_word' id='word_1_208' title='bbox 3496 1361 3592 1430; x_wconf 92' lang='lat' dir='ltr'><strong>qui</strong></span> 
     </span>
    </p>
   </div>
   <div class='ocr_carea' id='block_1_30' title="bbox 2017 1447 3596 1518">
    <p class='ocr_par' dir='ltr' id='par_1_30' title="bbox 2017 1447 3596 1518">
     <span class='ocr_line' id='line_1_30' title="bbox 2017 1447 3596 1518; baseline -0.001 -16"><span class='ocrx_word' id='word_1_209' title='bbox 2017 1463 2138 1502; x_wconf 91' lang='lat' dir='ltr'><strong>sum</strong></span> <span class='ocrx_word' id='word_1_210' title='bbox 2173 1447 2350 1502; x_wconf 80' lang='lat' dir='ltr'><strong>fidelis</strong></span> <span class='ocrx_word' id='word_1_211' title='bbox 2382 1456 2433 1502; x_wconf 90' lang='lat' dir='ltr'><strong>et</strong></span> <span class='ocrx_word' id='word_1_212' title='bbox 2475 1448 2568 1516; x_wconf 92' lang='lat' dir='ltr'><strong>qui</strong></span> <span class='ocrx_word' id='word_1_213' title='bbox 2623 1448 2866 1518; x_wconf 81' lang='lat' dir='ltr'><strong>perfecte</strong></span> <span class='ocrx_word' id='word_1_214' title='bbox 2896 1449 3102 1503; x_wconf 89' lang='lat' dir='ltr'><strong>recessi</strong></span> <span class='ocrx_word' id='word_1_215' title='bbox 3151 1464 3182 1502; x_wconf 91' lang='lat' dir='ltr'><strong>a</strong></span> <span class='ocrx_word' id='word_1_216' title='bbox 3211 1449 3365 1503; x_wconf 84' lang='lat' dir='ltr'><strong>cultu</strong></span> <span class='ocrx_word' id='word_1_217' title='bbox 3417 1447 3596 1502; x_wconf 87' lang='lat' dir='ltr'><strong>idolo-</strong></span> 
     </span>
    </p>
   </div>
   <div class='ocr_carea' id='block_1_31' title="bbox 2018 1538 3595 1609">
    <p class='ocr_par' dir='ltr' id='par_1_31' title="bbox 2018 1538 3595 1609">
     <span class='ocr_line' id='line_1_31' title="bbox 2018 1538 3595 1609; baseline 0 -17"><span class='ocrx_word' id='word_1_218' title='bbox 2018 1553 2165 1601; x_wconf 90' lang='lat' dir='ltr'><strong>rum,</strong></span> <span class='ocrx_word' id='word_1_219' title='bbox 2224 1538 2452 1594; x_wconf 91' lang='lat' dir='ltr'><strong>minime</strong></span> <span class='ocrx_word' id='word_1_220' title='bbox 2488 1554 2628 1609; x_wconf 78' lang='lat' dir='ltr'><strong>Opus</strong></span> <span class='ocrx_word' id='word_1_221' title='bbox 2664 1547 2750 1594; x_wconf 90' lang='lat' dir='ltr'><strong>est</strong></span> <span class='ocrx_word' id='word_1_222' title='bbox 2792 1539 2896 1594; x_wconf 87' lang='lat' dir='ltr'><strong>hoc</strong></span> <span class='ocrx_word' id='word_1_223' title='bbox 2939 1540 3238 1594; x_wconf 87' lang='lat' dir='ltr'><strong>multorum</strong></span> <span class='ocrx_word' id='word_1_224' title='bbox 3289 1554 3595 1608; x_wconf 90' lang='lat' dir='ltr'><strong>coquorum</strong></span> 
     </span>
    </p>
   </div>
   <div class='ocr_carea' id='block_1_32' title="bbox 2019 1629 3597 1699">
    <p class='ocr_par' dir='ltr' id='par_1_32' title="bbox 2019 1629 3597 1699">
     <span class='ocr_line' id='line_1_32' title="bbox 2019 1629 3597 1699; baseline -0.001 -14"><span class='ocrx_word' id='word_1_225' title='bbox 2019 1630 2379 1696; x_wconf 87' lang='lat' dir='ltr'><strong>sabbatismo,</strong></span> <span class='ocrx_word' id='word_1_226' title='bbox 2426 1629 2480 1684; x_wconf 88' lang='lat' dir='ltr'><strong>in</strong></span> <span class='ocrx_word' id='word_1_227' title='bbox 2523 1645 2634 1699; x_wconf 92' lang='lat' dir='ltr'><strong>quo</strong></span> <span class='ocrx_word' id='word_1_228' title='bbox 2683 1631 2874 1684; x_wconf 87' lang='lat' dir='ltr'><strong>asinus</strong></span> <span class='ocrx_word' id='word_1_229' title='bbox 2931 1639 3061 1685; x_wconf 91' lang='lat' dir='ltr'><strong>tuus</strong></span> <span class='ocrx_word' id='word_1_230' title='bbox 3113 1639 3170 1684; x_wconf 90' lang='lat' dir='ltr'><strong>et</strong></span> <span class='ocrx_word' id='word_1_231' title='bbox 3226 1631 3489 1694; x_wconf 84' lang='lat' dir='ltr'><strong>camelus,</strong></span> <span class='ocrx_word' id='word_1_232' title='bbox 3540 1639 3597 1686; x_wconf 88' lang='lat' dir='ltr'><strong>et</strong></span> 
     </span>
    </p>
   </div>
   <div class='ocr_carea' id='block_1_33' title="bbox 329 1714 3598 1812">
    <p class='ocr_par' dir='ltr' id='par_1_33' title="bbox 329 1714 3598 1812">
     <span class='ocr_line' id='line_1_33' title="bbox 329 1714 3598 1812; baseline 0 -37"><span class='ocrx_word' id='word_1_233' title='bbox 329 1722 414 1776; x_wconf 77' lang='lat' dir='ltr'><strong>Ab</strong></span> <span class='ocrx_word' id='word_1_234' title='bbox 440 1723 584 1775; x_wconf 86' lang='lat' dir='ltr'><strong>omni</strong></span> <span class='ocrx_word' id='word_1_235' title='bbox 616 1723 701 1775; x_wconf 83' lang='lat' dir='ltr'><strong>via</strong></span> <span class='ocrx_word' id='word_1_236' title='bbox 731 1720 875 1774; x_wconf 80' lang='lat' dir='ltr'><strong>mala</strong></span> <span class='ocrx_word' id='word_1_237' title='bbox 907 1721 1146 1790; x_wconf 80' lang='lat' dir='ltr'><strong>prohibui</strong></span> <span class='ocrx_word' id='word_1_238' title='bbox 1170 1721 1325 1792; x_wconf 81' lang='lat' dir='ltr'><strong>pedes</strong></span> <span class='ocrx_word' id='word_1_239' title='bbox 1351 1738 1490 1775; x_wconf 81' lang='lat' dir='ltr'><strong>meos</strong></span> <span class='ocrx_word' id='word_1_240' title='bbox 1518 1723 1585 1774; x_wconf 79' lang='lat'><strong>“.</strong></span> <span class='ocrx_word' id='word_1_241' title='bbox 1607 1722 1773 1776; x_wconf 84' lang='lat' dir='ltr'><strong>Jubet</strong></span> <span class='ocrx_word' id='word_1_242' title='bbox 1801 1738 1903 1774; x_wconf 90' lang='lat' dir='ltr'><strong>au-</strong></span> <span class='ocrx_word' id='word_1_243' title='bbox 1942 1714 1981 1770; x_wconf 83' lang='grc' dir='ltr'><strong>Β</strong></span> <span class='ocrx_word' id='word_1_244' title='bbox 2010 1723 2180 1812; x_wconf 58' lang='grc' dir='ltr'><strong>(εειιιίε⁸</strong></span> <span class='ocrx_word' id='word_1_245' title='bbox 2202 1731 2382 1777; x_wconf 89' lang='lat' dir='ltr'><strong>tecum</strong></span> <span class='ocrx_word' id='word_1_246' title='bbox 2409 1732 2579 1792; x_wconf 86' lang='lat' dir='ltr'><strong>agunt</strong></span> <span class='ocrx_word' id='word_1_247' title='bbox 2609 1722 2931 1786; x_wconf 89' lang='lat' dir='ltr'><strong>Sabbatum,</strong></span> <span class='ocrx_word' id='word_1_248' title='bbox 2958 1732 3019 1777; x_wconf 88' lang='lat' dir='ltr'><strong>ut</strong></span> <span class='ocrx_word' id='word_1_249' title='bbox 3040 1723 3132 1792; x_wconf 93' lang='lat' dir='ltr'><strong>qui</strong></span> <span class='ocrx_word' id='word_1_250' title='bbox 3160 1723 3236 1777; x_wconf 90' lang='lat' dir='ltr'><strong>sis</strong></span> <span class='ocrx_word' id='word_1_251' title='bbox 3283 1737 3480 1792; x_wconf 78' lang='lat' dir='ltr'><strong>expers</strong></span> <span class='ocrx_word' id='word_1_252' title='bbox 3512 1739 3598 1776; x_wconf 67' lang='lat' dir='ltr'><strong>ra»</strong></span> 
     </span>
    </p>
   </div>
   <div class='ocr_carea' id='block_1_34' title="bbox 333 1812 1918 1882">
    <p class='ocr_par' dir='ltr' id='par_1_34' title="bbox 333 1812 1918 1882">
     <span class='ocr_line' id='line_1_34' title="bbox 333 1812 1918 1882; baseline -0.001 -15"><span class='ocrx_word' id='word_1_253' title='bbox 333 1823 449 1868; x_wconf 88' lang='lat' dir='ltr'><strong>tem</strong></span> <span class='ocrx_word' id='word_1_254' title='bbox 483 1812 788 1867; x_wconf 86' lang='lat' dir='ltr'><strong>Sabbatum</strong></span> <span class='ocrx_word' id='word_1_255' title='bbox 815 1827 1001 1882; x_wconf 89' lang='lat' dir='ltr'><strong>agerc,</strong></span> <span class='ocrx_word' id='word_1_256' title='bbox 1047 1813 1335 1882; x_wconf 87' lang='lat' dir='ltr'><strong>ligareque</strong></span> <span class='ocrx_word' id='word_1_257' title='bbox 1395 1822 1452 1867; x_wconf 93' lang='lat' dir='ltr'><strong>et</strong></span> <span class='ocrx_word' id='word_1_258' title='bbox 1498 1814 1554 1866; x_wconf 92' lang='lat' dir='ltr'><strong>in</strong></span> <span class='ocrx_word' id='word_1_259' title='bbox 1586 1814 1703 1868; x_wconf 91' lang='lat' dir='ltr'><strong>otio</strong></span> <span class='ocrx_word' id='word_1_260' title='bbox 1739 1812 1918 1866; x_wconf 81' lang='lat' dir='ltr'><strong>conti-</strong></span> 
     </span>
    </p>
   </div>
   <div class='ocr_carea' id='block_1_35' title="bbox 333 1899 1917 1969">
    <p class='ocr_par' dir='ltr' id='par_1_35' title="bbox 333 1899 1917 1969">
     <span class='ocr_line' id='line_1_35' title="bbox 333 1899 1917 1969; baseline -0.002 -13"><span class='ocrx_word' id='word_1_261' title='bbox 333 1916 474 1956; x_wconf 90' lang='lat' dir='ltr'><strong>nere</strong></span> <span class='ocrx_word' id='word_1_262' title='bbox 493 1901 712 1955; x_wconf 91' lang='lat' dir='ltr'><strong>asinum</strong></span> <span class='ocrx_word' id='word_1_263' title='bbox 736 1909 793 1955; x_wconf 91' lang='lat' dir='ltr'><strong>et</strong></span> <span class='ocrx_word' id='word_1_264' title='bbox 811 1902 1031 1963; x_wconf 85' lang='lat' dir='ltr'><strong>bovem,</strong></span> <span class='ocrx_word' id='word_1_265' title='bbox 1058 1901 1162 1955; x_wconf 92' lang='lat' dir='ltr'><strong>hoc</strong></span> <span class='ocrx_word' id='word_1_266' title='bbox 1191 1911 1277 1955; x_wconf 88' lang='lat' dir='ltr'><strong>est</strong></span> <span class='ocrx_word' id='word_1_267' title='bbox 1304 1901 1665 1969; x_wconf 88' lang='lat' dir='ltr'><strong>voluptatem,</strong></span> <span class='ocrx_word' id='word_1_268' title='bbox 1701 1909 1756 1954; x_wconf 90' lang='lat' dir='ltr'><strong>et</strong></span> <span class='ocrx_word' id='word_1_269' title='bbox 1781 1899 1917 1954; x_wconf 87' lang='lat' dir='ltr'><strong>iram</strong></span> 
     </span>
    </p>
   </div>
   <div class='ocr_carea' id='block_1_36' title="bbox 333 1990 1914 2061">
    <p class='ocr_par' dir='ltr' id='par_1_36' title="bbox 333 1990 1914 2061">
     <span class='ocr_line' id='line_1_36' title="bbox 333 1990 1914 2061; baseline -0.002 -14"><span class='ocrx_word' id='word_1_270' title='bbox 333 2003 398 2047; x_wconf 85' lang='lat' dir='ltr'><strong>et</strong></span> <span class='ocrx_word' id='word_1_271' title='bbox 429 2001 657 2047; x_wconf 68' lang='lat' dir='ltr'><strong>caiteras</strong></span> <span class='ocrx_word' id='word_1_272' title='bbox 686 1992 919 2046; x_wconf 84' lang='lat' dir='ltr'><strong>rationis</strong></span> <span class='ocrx_word' id='word_1_273' title='bbox 945 1999 1203 2061; x_wconf 79' lang='lat' dir='ltr'><strong>expertes</strong></span> <span class='ocrx_word' id='word_1_274' title='bbox 1232 1991 1402 2045; x_wconf 90' lang='lat' dir='ltr'><strong>animi</strong></span> <span class='ocrx_word' id='word_1_275' title='bbox 1443 1990 1914 2061; x_wconf 86' lang='lat' dir='ltr'><strong>perturbationes.</strong></span> 
     </span>
    </p>
   </div>
   <div class='ocr_carea' id='block_1_37' title="bbox 334 2085 1920 2157">
    <p class='ocr_par' dir='ltr' id='par_1_37' title="bbox 334 2085 1920 2157">
     <span class='ocr_line' id='line_1_37' title="bbox 334 2085 1920 2157; baseline -0.004 -12"><span class='ocrx_word' id='word_1_276' title='bbox 334 2087 450 2145; x_wconf 89' lang='lat' dir='ltr'><strong>Sed</strong></span> <span class='ocrx_word' id='word_1_277' title='bbox 501 2096 557 2144; x_wconf 86' lang='lat' dir='ltr'><strong>et</strong></span> <span class='ocrx_word' id='word_1_278' title='bbox 605 2097 766 2143; x_wconf 75' lang='lat' dir='ltr'><strong>terrm</strong></span> <span class='ocrx_word' id='word_1_279' title='bbox 790 2087 951 2157; x_wconf 87' lang='lat' dir='ltr'><strong>jubet</strong></span> <span class='ocrx_word' id='word_1_280' title='bbox 985 2103 1107 2142; x_wconf 86' lang='lat' dir='ltr'><strong>esse</strong></span> <span class='ocrx_word' id='word_1_281' title='bbox 1136 2087 1536 2140; x_wconf 84' lang='lat' dir='ltr'><strong>sabbatismum</strong></span> <span class='ocrx_word' id='word_1_282' title='bbox 1575 2095 1633 2140; x_wconf 90' lang='lat' dir='ltr'><strong>et</strong></span> <span class='ocrx_word' id='word_1_283' title='bbox 1669 2085 1920 2155; x_wconf 88' lang='lat' dir='ltr'><strong>requiem</strong></span> 
     </span>
    </p>
   </div>
   <div class='ocr_carea' id='block_1_38' title="bbox 337 2178 1922 2250">
    <p class='ocr_par' dir='ltr' id='par_1_38' title="bbox 337 2178 1922 2250">
     <span class='ocr_line' id='line_1_38' title="bbox 337 2178 1922 2250; baseline -0.004 -13"><span class='ocrx_word' id='word_1_284' title='bbox 337 2199 409 2238; x_wconf 80' lang='lat' dir='ltr'><strong>ac</strong></span> <span class='ocrx_word' id='word_1_285' title='bbox 436 2183 635 2247; x_wconf 89' lang='lat' dir='ltr'><strong>otium,</strong></span> <span class='ocrx_word' id='word_1_286' title='bbox 663 2191 720 2235; x_wconf 81' lang='lat' dir='ltr'><strong>et</strong></span> <span class='ocrx_word' id='word_1_287' title='bbox 745 2196 928 2250; x_wconf 88' lang='lat' dir='ltr'><strong>neque</strong></span> <span class='ocrx_word' id='word_1_288' title='bbox 969 2180 1249 2234; x_wconf 90' lang='lat' dir='ltr'><strong>seminare</strong></span> <span class='ocrx_word' id='word_1_289' title='bbox 1284 2193 1389 2234; x_wconf 91' lang='lat' dir='ltr'><strong>nec</strong></span> <span class='ocrx_word' id='word_1_290' title='bbox 1419 2193 1610 2233; x_wconf 87' lang='lat' dir='ltr'><strong>semen</strong></span> <span class='ocrx_word' id='word_1_291' title='bbox 1634 2178 1922 2246; x_wconf 89' lang='lat' dir='ltr'><strong>suscipere</strong></span> 
     </span>
    </p>
   </div>
   <div class='ocr_carea' id='block_1_39' title="bbox 335 2266 1923 2344">
    <p class='ocr_par' dir='ltr' id='par_1_39' title="bbox 335 2266 1923 2344">
     <span class='ocr_line' id='line_1_39' title="bbox 335 2266 1923 2344; baseline -0.007 -14"><span class='ocrx_word' id='word_1_292' title='bbox 335 2290 440 2330; x_wconf 92' lang='lat' dir='ltr'><strong>cos</strong></span> <span class='ocrx_word' id='word_1_293' title='bbox 482 2289 685 2344; x_wconf 88' lang='lat' dir='ltr'><strong>easque</strong></span> <span class='ocrx_word' id='word_1_294' title='bbox 724 2274 820 2342; x_wconf 91' lang='lat' dir='ltr'><strong>qui</strong></span> <span class='ocrx_word' id='word_1_295' title='bbox 850 2282 906 2326; x_wconf 91' lang='lat' dir='ltr'><strong>et</strong></span> <span class='ocrx_word' id='word_1_296' title='bbox 933 2285 1055 2341; x_wconf 69' lang='lat' dir='ltr'><strong>qua:</strong></span> <span class='ocrx_word' id='word_1_297' title='bbox 1101 2277 1335 2339; x_wconf 86' lang='lat' dir='ltr'><strong>possunt</strong></span> <span class='ocrx_word' id='word_1_298' title='bbox 1385 2283 1647 2324; x_wconf 80' lang='lat' dir='ltr'><strong>exercere</strong></span> <span class='ocrx_word' id='word_1_299' title='bbox 1693 2266 1923 2338; x_wconf 82' lang='lat' dir='ltr'><strong>virgini-</strong></span> 
     </span>
    </p>
   </div>
   <div class='ocr_carea' id='block_1_40' title="bbox 339 2363 1924 2436">
    <p class='ocr_par' dir='ltr' id='par_1_40' title="bbox 339 2363 1924 2436">
     <span class='ocr_line' id='line_1_40' title="bbox 339 2363 1924 2436; baseline -0.005 -16"><span class='ocrx_word' id='word_1_300' title='bbox 339 2376 515 2422; x_wconf 86' lang='lat' dir='ltr'><strong>tatem</strong></span> <span class='ocrx_word' id='word_1_301' title='bbox 541 2367 713 2436; x_wconf 89' lang='lat' dir='ltr'><strong>ipsius</strong></span> <span class='ocrx_word' id='word_1_302' title='bbox 744 2365 948 2420; x_wconf 86' lang='lat' dir='ltr'><strong>carnis.</strong></span> <span class='ocrx_word' id='word_1_303' title='bbox 1007 2363 1272 2428; x_wconf 80' lang='lat' dir='ltr'><strong>Quoniam</strong></span> <span class='ocrx_word' id='word_1_304' title='bbox 1322 2363 1413 2432; x_wconf 86' lang='lat' dir='ltr'><strong>qui</strong></span> <span class='ocrx_word' id='word_1_305' title='bbox 1444 2363 1676 2416; x_wconf 74' lang='lat' dir='ltr'><strong>seminat</strong></span> <span class='ocrx_word' id='word_1_306' title='bbox 1706 2363 1762 2415; x_wconf 85' lang='lat' dir='ltr'><strong>in</strong></span> <span class='ocrx_word' id='word_1_307' title='bbox 1810 2369 1924 2414; x_wconf 90' lang='lat' dir='ltr'><strong>ter-</strong></span> 
     </span>
    </p>
   </div>
   <div class='ocr_carea' id='block_1_41' title="bbox 340 2452 1926 2525">
    <p class='ocr_par' dir='ltr' id='par_1_41' title="bbox 340 2452 1926 2525">
     <span class='ocr_line' id='line_1_41' title="bbox 340 2452 1926 2525; baseline -0.004 -13"><span class='ocrx_word' id='word_1_308' title='bbox 340 2473 464 2512; x_wconf 88' lang='lat' dir='ltr'><strong>ram</strong></span> <span class='ocrx_word' id='word_1_309' title='bbox 493 2458 700 2521; x_wconf 86' lang='lat' dir='ltr'><strong>carnis,</strong></span> <span class='ocrx_word' id='word_1_310' title='bbox 734 2473 798 2510; x_wconf 70' lang='lat' dir='ltr'><strong>ex.</strong></span> <span class='ocrx_word' id='word_1_311' title='bbox 821 2472 982 2510; x_wconf 82' lang='lat' dir='ltr'><strong>carne</strong></span> <span class='ocrx_word' id='word_1_312' title='bbox 1028 2463 1185 2508; x_wconf 88' lang='lat' dir='ltr'><strong>metet</strong></span> <span class='ocrx_word' id='word_1_313' title='bbox 1217 2455 1260 2486; x_wconf 74' lang='grc'><strong>⁸⁷</strong></span> <span class='ocrx_word' id='word_1_314' title='bbox 1297 2454 1712 2525; x_wconf 89' lang='lat' dir='ltr'><strong>corruptionem</strong></span> <span class='ocrx_word' id='word_1_315' title='bbox 1742 2467 1806 2507; x_wconf 87' lang='lat' dir='ltr'><strong>ac</strong></span> <span class='ocrx_word' id='word_1_316' title='bbox 1841 2452 1926 2506; x_wconf 86' lang='lat' dir='ltr'><strong>in-</strong></span> 
     </span>
    </p>
   </div>
   <div class='ocr_carea' id='block_1_42' title="bbox 341 2547 1925 2618">
    <p class='ocr_par' dir='ltr' id='par_1_42' title="bbox 341 2547 1925 2618">
     <span class='ocr_line' id='line_1_42' title="bbox 341 2547 1925 2618; baseline -0.002 -15"><span class='ocrx_word' id='word_1_317' title='bbox 341 2550 592 2604; x_wconf 86' lang='lat' dir='ltr'><strong>teritum.</strong></span> <span class='ocrx_word' id='word_1_318' title='bbox 649 2547 883 2601; x_wconf 76' lang='lat' dir='ltr'><strong>Maxime</strong></span> <span class='ocrx_word' id='word_1_319' title='bbox 950 2555 1134 2600; x_wconf 88' lang='lat' dir='ltr'><strong>autem</strong></span> <span class='ocrx_word' id='word_1_320' title='bbox 1189 2548 1438 2601; x_wconf 89' lang='lat' dir='ltr'><strong>omnium</strong></span> <span class='ocrx_word' id='word_1_321' title='bbox 1483 2548 1639 2618; x_wconf 87' lang='lat' dir='ltr'><strong>jubet</strong></span> <span class='ocrx_word' id='word_1_322' title='bbox 1662 2547 1825 2600; x_wconf 91' lang='lat' dir='ltr'><strong>nobis</strong></span> <span class='ocrx_word' id='word_1_323' title='bbox 1864 2556 1925 2601; x_wconf 93' lang='lat' dir='ltr'><strong>ut</strong></span> 
     </span>
    </p>
   </div>
   <div class='ocr_carea' id='block_1_43' title="bbox 340 2638 1924 2711">
    <p class='ocr_par' dir='ltr' id='par_1_43' title="bbox 340 2638 1924 2711">
     <span class='ocr_line' id='line_1_43' title="bbox 340 2638 1924 2711; baseline -0.002 -16"><span class='ocrx_word' id='word_1_324' title='bbox 340 2640 638 2711; x_wconf 87' lang='lat' dir='ltr'><strong>quiescere</strong></span> <span class='ocrx_word' id='word_1_325' title='bbox 685 2638 958 2693; x_wconf 82' lang='lat' dir='ltr'><strong>faciamus</strong></span> <span class='ocrx_word' id='word_1_326' title='bbox 1010 2638 1267 2692; x_wconf 88' lang='lat' dir='ltr'><strong>ancillam</strong></span> <span class='ocrx_word' id='word_1_327' title='bbox 1309 2647 1555 2693; x_wconf 90' lang='lat' dir='ltr'><strong>nostram</strong></span> <span class='ocrx_word' id='word_1_328' title='bbox 1603 2647 1661 2692; x_wconf 92' lang='lat' dir='ltr'><strong>et</strong></span> <span class='ocrx_word' id='word_1_329' title='bbox 1702 2654 1924 2694; x_wconf 88' lang='lat' dir='ltr'><strong>servum</strong></span> 
     </span>
    </p>
   </div>
   <div class='ocr_carea' id='block_1_44' title="bbox 342 2731 1926 2796">
    <p class='ocr_par' dir='ltr' id='par_1_44' title="bbox 342 2731 1926 2796">
     <span class='ocr_line' id='line_1_44' title="bbox 342 2731 1926 2796; baseline -0.003 -6"><span class='ocrx_word' id='word_1_330' title='bbox 342 2744 604 2790; x_wconf 88' lang='lat' dir='ltr'><strong>nostrum</strong></span> <span class='ocrx_word' id='word_1_331' title='bbox 628 2732 719 2788; x_wconf 91' lang='lat' dir='ltr'><strong>die</strong></span> <span class='ocrx_word' id='word_1_332' title='bbox 749 2731 1012 2786; x_wconf 88' lang='lat' dir='ltr'><strong>Sabbati:</strong></span> <span class='ocrx_word' id='word_1_333' title='bbox 1042 2731 1149 2786; x_wconf 89' lang='lat' dir='ltr'><strong>hoc</strong></span> <span class='ocrx_word' id='word_1_334' title='bbox 1184 2739 1293 2796; x_wconf 91' lang='lat' dir='ltr'><strong>est,</strong></span> <span class='ocrx_word' id='word_1_335' title='bbox 1316 2732 1558 2786; x_wconf 89' lang='lat' dir='ltr'><strong>animam</strong></span> <span class='ocrx_word' id='word_1_336' title='bbox 1588 2740 1836 2786; x_wconf 88' lang='lat' dir='ltr'><strong>nostram</strong></span> <span class='ocrx_word' id='word_1_337' title='bbox 1870 2742 1926 2788; x_wconf 86' lang='lat' dir='ltr'><strong>et</strong></span> 
     </span>
    </p>
   </div>
   <div class='ocr_carea' id='block_1_45' title="bbox 343 2822 1923 2893">
    <p class='ocr_par' dir='ltr' id='par_1_45' title="bbox 343 2822 1923 2893">
     <span class='ocr_line' id='line_1_45' title="bbox 343 2822 1923 2893; baseline -0.001 -14"><span class='ocrx_word' id='word_1_338' title='bbox 343 2838 556 2893; x_wconf 76' lang='lat' dir='ltr'><strong>corpus</strong></span> <span class='ocrx_word' id='word_1_339' title='bbox 578 2831 826 2877; x_wconf 89' lang='lat' dir='ltr'><strong>nostrum</strong></span> <span class='ocrx_word' id='word_1_340' title='bbox 857 2838 966 2876; x_wconf 92' lang='lat' dir='ltr'><strong>non</strong></span> <span class='ocrx_word' id='word_1_341' title='bbox 1000 2822 1211 2876; x_wconf 87' lang='lat' dir='ltr'><strong>servire</strong></span> <span class='ocrx_word' id='word_1_342' title='bbox 1237 2823 1480 2891; x_wconf 89' lang='lat' dir='ltr'><strong>principi</strong></span> <span class='ocrx_word' id='word_1_343' title='bbox 1519 2823 1684 2892; x_wconf 81' lang='lat' dir='ltr'><strong>hujus</strong></span> <span class='ocrx_word' id='word_1_344' title='bbox 1714 2824 1923 2888; x_wconf 83' lang='lat' dir='ltr'><strong>saeculi,</strong></span> 
     </span>
    </p>
   </div>
   <div class='ocr_carea' id='block_1_46' title="bbox 343 2911 1928 2969">
    <p class='ocr_par' dir='ltr' id='par_1_46' title="bbox 343 2911 1928 2969">
     <span class='ocr_line' id='line_1_46' title="bbox 343 2911 1928 2969; baseline -0.001 0"><span class='ocrx_word' id='word_1_345' title='bbox 343 2914 449 2969; x_wconf 85' lang='lat' dir='ltr'><strong>sed</strong></span> <span class='ocrx_word' id='word_1_346' title='bbox 471 2927 596 2968; x_wconf 86' lang='lat' dir='ltr'><strong>esse</strong></span> <span class='ocrx_word' id='word_1_347' title='bbox 624 2913 680 2966; x_wconf 90' lang='lat' dir='ltr'><strong>in</strong></span> <span class='ocrx_word' id='word_1_348' title='bbox 715 2911 974 2966; x_wconf 86' lang='lat' dir='ltr'><strong>libertate</strong></span> <span class='ocrx_word' id='word_1_349' title='bbox 1003 2920 1061 2966; x_wconf 90' lang='lat' dir='ltr'><strong>et</strong></span> <span class='ocrx_word' id='word_1_350' title='bbox 1079 2921 1354 2966; x_wconf 86' lang='lat' dir='ltr'><strong>remotum</strong></span> <span class='ocrx_word' id='word_1_351' title='bbox 1383 2911 1452 2966; x_wconf 88' lang='lat' dir='ltr'><strong>ab</strong></span> <span class='ocrx_word' id='word_1_352' title='bbox 1486 2912 1655 2966; x_wconf 88' lang='lat' dir='ltr'><strong>animi</strong></span> <span class='ocrx_word' id='word_1_353' title='bbox 1683 2913 1928 2968; x_wconf 89' lang='lat' dir='ltr'><strong>motibus</strong></span> 
     </span>
    </p>
   </div>
   <div class='ocr_carea' id='block_1_47' title="bbox 344 3003 975 3074">
    <p class='ocr_par' dir='ltr' id='par_1_47' title="bbox 344 3003 975 3074">
     <span class='ocr_line' id='line_1_47' title="bbox 344 3003 975 3074; baseline -0.003 -15"><span class='ocrx_word' id='word_1_354' title='bbox 344 3020 417 3060; x_wconf 82' lang='lat' dir='ltr'><strong>ac</strong></span> <span class='ocrx_word' id='word_1_355' title='bbox 442 3003 975 3074; x_wconf 89' lang='lat' dir='ltr'><strong>perturbationibus.</strong></span> 
     </span>
    </p>
   </div>
   <div class='ocr_carea' id='block_1_48' title="bbox 422 3094 1927 3166">
    <p class='ocr_par' dir='ltr' id='par_1_48' title="bbox 422 3094 1927 3166">
     <span class='ocr_line' id='line_1_48' title="bbox 422 3094 1927 3166; baseline 0.001 -15"><span class='ocrx_word' id='word_1_356' title='bbox 422 3096 560 3151; x_wconf 87' lang='lat' dir='ltr'><strong>Nam</strong></span> <span class='ocrx_word' id='word_1_357' title='bbox 620 3104 831 3166; x_wconf 88' lang='lat' dir='ltr'><strong>septem</strong></span> <span class='ocrx_word' id='word_1_358' title='bbox 895 3094 1014 3150; x_wconf 90' lang='lat' dir='ltr'><strong>dies</strong></span> <span class='ocrx_word' id='word_1_359' title='bbox 1067 3094 1380 3165; x_wconf 83' lang='lat' dir='ltr'><strong>signiﬁcant</strong></span> <span class='ocrx_word' id='word_1_360' title='bbox 1447 3103 1658 3166; x_wconf 89' lang='lat' dir='ltr'><strong>septem</strong></span> <span class='ocrx_word' id='word_1_361' title='bbox 1705 3105 1927 3152; x_wconf 90' lang='lat' dir='ltr'><strong>nostras</strong></span> 
     </span>
    </p>
   </div>
   <div class='ocr_carea' id='block_1_49' title="bbox 344 3187 1928 3259">
    <p class='ocr_par' dir='ltr' id='par_1_49' title="bbox 344 3187 1928 3259">
     <span class='ocr_line' id='line_1_49' title="bbox 344 3187 1928 3259; baseline -0.001 -16"><span class='ocrx_word' id='word_1_362' title='bbox 344 3195 564 3250; x_wconf 67' lang='lat' dir='ltr'><strong>astates,</strong></span> <span class='ocrx_word' id='word_1_363' title='bbox 604 3202 703 3256; x_wconf 90' lang='lat' dir='ltr'><strong>per</strong></span> <span class='ocrx_word' id='word_1_364' title='bbox 747 3201 885 3256; x_wconf 88' lang='lat' dir='ltr'><strong>quas</strong></span> <span class='ocrx_word' id='word_1_365' title='bbox 926 3187 1053 3240; x_wconf 68' lang='lat' dir='ltr'><strong>vitae</strong></span> <span class='ocrx_word' id='word_1_366' title='bbox 1086 3188 1372 3255; x_wconf 65' lang='lat' dir='ltr'><strong>praesentis</strong></span> <span class='ocrx_word' id='word_1_367' title='bbox 1429 3188 1535 3242; x_wconf 89' lang='lat' dir='ltr'><strong>iter</strong></span> <span class='ocrx_word' id='word_1_368' title='bbox 1581 3188 1928 3259; x_wconf 80' lang='lat' dir='ltr'><strong>ingredimur</strong></span> 
     </span>
    </p>
   </div>
   <div class='ocr_carea' id='block_1_50' title="bbox 349 3270 1952 3352">
    <p class='ocr_par' dir='ltr' id='par_1_50' title="bbox 349 3270 1952 3352">
     <span class='ocr_line' id='line_1_50' title="bbox 349 3270 1952 3352; baseline 0 -16"><span class='ocrx_word' id='word_1_369' title='bbox 349 3279 828 3351; x_wconf 87' lang='lat' dir='ltr'><strong>utperveniamus</strong></span> <span class='ocrx_word' id='word_1_370' title='bbox 876 3279 946 3333; x_wconf 91' lang='lat' dir='ltr'><strong>ad</strong></span> <span class='ocrx_word' id='word_1_371' title='bbox 978 3289 1232 3334; x_wconf 91' lang='lat' dir='ltr'><strong>octavum</strong></span> <span class='ocrx_word' id='word_1_372' title='bbox 1259 3281 1405 3334; x_wconf 90' lang='lat' dir='ltr'><strong>diem</strong></span> <span class='ocrx_word' id='word_1_373' title='bbox 1447 3281 1503 3335; x_wconf 93' lang='lat' dir='ltr'><strong>in</strong></span> <span class='ocrx_word' id='word_1_374' title='bbox 1554 3298 1669 3352; x_wconf 88' lang='lat' dir='ltr'><strong>quo</strong></span> <span class='ocrx_word' id='word_1_375' title='bbox 1695 3297 1806 3336; x_wconf 90' lang='lat' dir='ltr'><strong>non</strong></span> <span class='ocrx_word' id='word_1_376' title='bbox 1845 3270 1952 3336; x_wconf 65' lang='lat' dir='ltr'><strong>est~</strong></span> 
     </span>
    </p>
   </div>
   <div class='ocr_carea' id='block_1_51' title="bbox 347 3368 1932 3440">
    <p class='ocr_par' dir='ltr' id='par_1_51' title="bbox 347 3368 1932 3440">
     <span class='ocr_line' id='line_1_51' title="bbox 347 3368 1932 3440; baseline -0.002 -13"><span class='ocrx_word' id='word_1_377' title='bbox 347 3370 597 3427; x_wconf 84' lang='lat' dir='ltr'><strong>servitus</strong></span> <span class='ocrx_word' id='word_1_378' title='bbox 626 3379 723 3423; x_wconf 90' lang='lat' dir='ltr'><strong>aut</strong></span> <span class='ocrx_word' id='word_1_379' title='bbox 757 3369 962 3432; x_wconf 92' lang='lat' dir='ltr'><strong>cultus,</strong></span> <span class='ocrx_word' id='word_1_380' title='bbox 1014 3368 1182 3422; x_wconf 88' lang='lat' dir='ltr'><strong>vitam</strong></span> <span class='ocrx_word' id='word_1_381' title='bbox 1221 3385 1419 3440; x_wconf 91' lang='lat' dir='ltr'><strong>nempe</strong></span> <span class='ocrx_word' id='word_1_382' title='bbox 1464 3370 1729 3425; x_wconf 85' lang='lat' dir='ltr'><strong>futuram.</strong></span> <span class='ocrx_word' id='word_1_383' title='bbox 1780 3371 1932 3437; x_wconf 84' lang='lat' dir='ltr'><strong>Quo-</strong></span> 
     </span>
    </p>
   </div>
   <div class='ocr_carea' id='block_1_52' title="bbox 349 3460 1928 3532">
    <p class='ocr_par' dir='ltr' id='par_1_52' title="bbox 349 3460 1928 3532">
     <span class='ocr_line' id='line_1_52' title="bbox 349 3460 1928 3532; baseline 0.001 -16"><span class='ocrx_word' id='word_1_384' title='bbox 349 3460 504 3516; x_wconf 84' lang='lat' dir='ltr'><strong>niam</strong></span> <span class='ocrx_word' id='word_1_385' title='bbox 525 3460 858 3514; x_wconf 87' lang='lat' dir='ltr'><strong>sacrilicium</strong></span> <span class='ocrx_word' id='word_1_386' title='bbox 897 3470 992 3514; x_wconf 89' lang='lat' dir='ltr'><strong>aut</strong></span> <span class='ocrx_word' id='word_1_387' title='bbox 1037 3461 1200 3515; x_wconf 87' lang='lat' dir='ltr'><strong>lalria</strong></span> <span class='ocrx_word' id='word_1_388' title='bbox 1256 3461 1478 3532; x_wconf 90' lang='lat' dir='ltr'><strong>(nempe</strong></span> <span class='ocrx_word' id='word_1_389' title='bbox 1522 3462 1620 3516; x_wconf 91' lang='lat' dir='ltr'><strong>Dei</strong></span> <span class='ocrx_word' id='word_1_390' title='bbox 1666 3461 1928 3532; x_wconf 88' lang='lat' dir='ltr'><strong>servitus)</strong></span> 
     </span>
    </p>
   </div>
   <div class='ocr_carea' id='block_1_53' title="bbox 348 3551 1934 3624">
    <p class='ocr_par' dir='ltr' id='par_1_53' title="bbox 348 3551 1934 3624">
     <span class='ocr_line' id='line_1_53' title="bbox 348 3551 1934 3624; baseline 0 -16"><span class='ocrx_word' id='word_1_391' title='bbox 348 3559 468 3608; x_wconf 73' lang='lat' dir='ltr'><strong>nan</strong></span> <span class='ocrx_word' id='word_1_392' title='bbox 497 3553 733 3622; x_wconf 86' lang='lat' dir='ltr'><strong>amplius</strong></span> <span class='ocrx_word' id='word_1_393' title='bbox 761 3551 996 3606; x_wconf 88' lang='lat' dir='ltr'><strong>offertur</strong></span> <span class='ocrx_word' id='word_1_394' title='bbox 1044 3553 1159 3607; x_wconf 90' lang='lat' dir='ltr'><strong>Deo</strong></span> <span class='ocrx_word' id='word_1_395' title='bbox 1189 3570 1288 3622; x_wconf 92' lang='lat' dir='ltr'><strong>pro</strong></span> <span class='ocrx_word' id='word_1_396' title='bbox 1345 3553 1607 3623; x_wconf 85' lang='lat' dir='ltr'><strong>peccatis.</strong></span> <span class='ocrx_word' id='word_1_397' title='bbox 1651 3554 1788 3608; x_wconf 89' lang='lat' dir='ltr'><strong>Nam</strong></span> <span class='ocrx_word' id='word_1_398' title='bbox 1819 3555 1934 3624; x_wconf 87' lang='lat' dir='ltr'><strong>pri-</strong></span> 
     </span>
    </p>
   </div>
   <div class='ocr_carea' id='block_1_54' title="bbox 352 3645 1934 3714">
    <p class='ocr_par' dir='ltr' id='par_1_54' title="bbox 352 3645 1934 3714">
     <span class='ocr_line' id='line_1_54' title="bbox 352 3645 1934 3714; baseline 0.003 -16"><span class='ocrx_word' id='word_1_399' title='bbox 352 3660 494 3703; x_wconf 82' lang='lat' dir='ltr'><strong>mus.</strong></span> <span class='ocrx_word' id='word_1_400' title='bbox 528 3645 646 3700; x_wconf 91' lang='lat' dir='ltr'><strong>dies</strong></span> <span class='ocrx_word' id='word_1_401' title='bbox 671 3653 758 3700; x_wconf 86' lang='lat' dir='ltr'><strong>est</strong></span> <span class='ocrx_word' id='word_1_402' title='bbox 811 3645 1060 3704; x_wconf 86' lang='lat' dir='ltr'><strong>infantis.</strong></span> <span class='ocrx_word' id='word_1_403' title='bbox 1093 3655 1152 3699; x_wconf 90' lang='lat' dir='ltr'><strong>ut</strong></span> <span class='ocrx_word' id='word_1_404' title='bbox 1201 3645 1534 3714; x_wconf 88' lang='lat' dir='ltr'><strong>baptismate</strong></span> <span class='ocrx_word' id='word_1_405' title='bbox 1582 3648 1768 3702; x_wconf 88' lang='lat' dir='ltr'><strong>statim</strong></span> <span class='ocrx_word' id='word_1_406' title='bbox 1808 3648 1934 3702; x_wconf 90' lang='lat' dir='ltr'><strong>illu-</strong></span> 
     </span>
    </p>
   </div>
   <div class='ocr_carea' id='block_1_55' title="bbox 352 3736 1930 3805">
    <p class='ocr_par' dir='ltr' id='par_1_55' title="bbox 352 3736 1930 3805">
     <span class='ocr_line' id='line_1_55' title="bbox 352 3736 1930 3805; baseline 0.001 -14"><span class='ocrx_word' id='word_1_407' title='bbox 352 3737 657 3800; x_wconf 83' lang='lat' dir='ltr'><strong>minemur,</strong></span> <span class='ocrx_word' id='word_1_408' title='bbox 697 3737 790 3790; x_wconf 78' lang='lat' dir='ltr'><strong>lux</strong></span> <span class='ocrx_word' id='word_1_409' title='bbox 807 3736 951 3790; x_wconf 88' lang='lat' dir='ltr'><strong>enim</strong></span> <span class='ocrx_word' id='word_1_410' title='bbox 985 3737 1127 3791; x_wconf 89' lang='lat' dir='ltr'><strong>facta</strong></span> <span class='ocrx_word' id='word_1_411' title='bbox 1154 3745 1239 3791; x_wconf 86' lang='lat' dir='ltr'><strong>est</strong></span> <span class='ocrx_word' id='word_1_412' title='bbox 1271 3736 1447 3804; x_wconf 90' lang='lat' dir='ltr'><strong>primo</strong></span> <span class='ocrx_word' id='word_1_413' title='bbox 1465 3737 1578 3792; x_wconf 90' lang='lat' dir='ltr'><strong>die.</strong></span> <span class='ocrx_word' id='word_1_414' title='bbox 1617 3737 1930 3805; x_wconf 90' lang='lat' dir='ltr'><strong>Secundus,</strong></span> 
     </span>
    </p>
   </div>
   <div class='ocr_carea' id='block_1_56' title="bbox 350 3828 1929 3897">
    <p class='ocr_par' dir='ltr' id='par_1_56' title="bbox 350 3828 1929 3897">
     <span class='ocr_line' id='line_1_56' title="bbox 350 3828 1929 3897; baseline 0 -13"><span class='ocrx_word' id='word_1_415' title='bbox 350 3838 490 3884; x_wconf 75' lang='lat' dir='ltr'><strong>:etas</strong></span> <span class='ocrx_word' id='word_1_416' title='bbox 522 3831 700 3897; x_wconf 89' lang='lat' dir='ltr'><strong>pueri,</strong></span> <span class='ocrx_word' id='word_1_417' title='bbox 752 3839 814 3883; x_wconf 85' lang='lat' dir='ltr'><strong>ut</strong></span> <span class='ocrx_word' id='word_1_418' title='bbox 870 3829 1056 3882; x_wconf 87' lang='lat' dir='ltr'><strong>verbis</strong></span> <span class='ocrx_word' id='word_1_419' title='bbox 1111 3828 1524 3883; x_wconf 90' lang='lat' dir='ltr'><strong>conformemur</strong></span> <span class='ocrx_word' id='word_1_420' title='bbox 1573 3829 1929 3896; x_wconf 79' lang='lat' dir='ltr'><strong>ccelestibus;</strong></span> 
     </span>
    </p>
   </div>
   <div class='ocr_carea' id='block_1_57' title="bbox 352 3919 1929 3987">
    <p class='ocr_par' dir='ltr' id='par_1_57' title="bbox 352 3919 1929 3987">
     <span class='ocr_line' id='line_1_57' title="bbox 352 3919 1929 3987; baseline 0 -12"><span class='ocrx_word' id='word_1_421' title='bbox 352 3919 606 3975; x_wconf 75' lang='lat' dir='ltr'><strong>secundo</strong></span> <span class='ocrx_word' id='word_1_422' title='bbox 663 3919 809 3974; x_wconf 89' lang='lat' dir='ltr'><strong>enim</strong></span> <span class='ocrx_word' id='word_1_423' title='bbox 847 3919 1052 3974; x_wconf 85' lang='lat' dir='ltr'><strong>factum</strong></span> <span class='ocrx_word' id='word_1_424' title='bbox 1097 3927 1183 3973; x_wconf 90' lang='lat' dir='ltr'><strong>est</strong></span> <span class='ocrx_word' id='word_1_425' title='bbox 1221 3919 1649 3974; x_wconf 83' lang='lat' dir='ltr'><strong>ﬁrmamentum.</strong></span> <span class='ocrx_word' id='word_1_426' title='bbox 1687 3921 1929 3987; x_wconf 89' lang='lat' dir='ltr'><strong>Tertius,</strong></span> 
     </span>
    </p>
   </div>
   <div class='ocr_carea' id='block_1_58' title="bbox 353 4011 1934 4081">
    <p class='ocr_par' dir='ltr' id='par_1_58' title="bbox 353 4011 1934 4081">
     <span class='ocr_line' id='line_1_58' title="bbox 353 4011 1934 4081; baseline 0 -15"><span class='ocrx_word' id='word_1_427' title='bbox 353 4012 748 4072; x_wconf 85' lang='lat' dir='ltr'><strong>adolescentis,</strong></span> <span class='ocrx_word' id='word_1_428' title='bbox 779 4020 841 4065; x_wconf 91' lang='lat' dir='ltr'><strong>ut</strong></span> <span class='ocrx_word' id='word_1_429' title='bbox 867 4011 1122 4066; x_wconf 89' lang='lat' dir='ltr'><strong>castitate</strong></span> <span class='ocrx_word' id='word_1_430' title='bbox 1157 4011 1502 4065; x_wconf 80' lang='lat' dir='ltr'><strong>exsiccemus</strong></span> <span class='ocrx_word' id='word_1_431' title='bbox 1530 4012 1626 4081; x_wconf 89' lang='lat' dir='ltr'><strong>qui</strong></span> <span class='ocrx_word' id='word_1_432' title='bbox 1675 4020 1806 4067; x_wconf 91' lang='lat' dir='ltr'><strong>tunc</strong></span> <span class='ocrx_word' id='word_1_433' title='bbox 1836 4028 1934 4066; x_wconf 79' lang='lat' dir='ltr'><strong>ex-</strong></span> 
     </span>
    </p>
   </div>
   <div class='ocr_carea' id='block_1_59' title="bbox 355 4103 1933 4172">
    <p class='ocr_par' dir='ltr' id='par_1_59' title="bbox 355 4103 1933 4172">
     <span class='ocr_line' id='line_1_59' title="bbox 355 4103 1933 4172; baseline -0.002 -13"><span class='ocrx_word' id='word_1_434' title='bbox 355 4104 511 4160; x_wconf 85' lang='lat' dir='ltr'><strong>sistit</strong></span> <span class='ocrx_word' id='word_1_435' title='bbox 539 4105 826 4157; x_wconf 86' lang='lat' dir='ltr'><strong>humorem</strong></span> <span class='ocrx_word' id='word_1_436' title='bbox 865 4103 1034 4157; x_wconf 91' lang='lat' dir='ltr'><strong>animi</strong></span> <span class='ocrx_word' id='word_1_437' title='bbox 1086 4112 1358 4166; x_wconf 90' lang='lat' dir='ltr'><strong>motuum,</strong></span> <span class='ocrx_word' id='word_1_438' title='bbox 1411 4111 1466 4156; x_wconf 90' lang='lat' dir='ltr'><strong>et</strong></span> <span class='ocrx_word' id='word_1_439' title='bbox 1493 4103 1793 4158; x_wconf 71' lang='lat' dir='ltr'><strong>aﬂ‘ectuum</strong></span> <span class='ocrx_word' id='word_1_440' title='bbox 1839 4103 1933 4172; x_wconf 92' lang='lat' dir='ltr'><strong>qui</strong></span> 
     </span>
    </p>
   </div>
   <div class='ocr_carea' id='block_1_60' title="bbox 356 4191 1934 4258">
    <p class='ocr_par' dir='ltr' id='par_1_60' title="bbox 356 4191 1934 4258">
     <span class='ocr_line' id='line_1_60' title="bbox 356 4191 1934 4258; baseline 0 -10"><span class='ocrx_word' id='word_1_441' title='bbox 356 4202 696 4258; x_wconf 85' lang='lat' dir='ltr'><strong>moventur;</strong></span> <span class='ocrx_word' id='word_1_442' title='bbox 731 4193 896 4247; x_wconf 91' lang='lat' dir='ltr'><strong>tertio</strong></span> <span class='ocrx_word' id='word_1_443' title='bbox 918 4192 1065 4247; x_wconf 92' lang='lat' dir='ltr'><strong>enim</strong></span> <span class='ocrx_word' id='word_1_444' title='bbox 1091 4191 1182 4246; x_wconf 91' lang='lat' dir='ltr'><strong>die</strong></span> <span class='ocrx_word' id='word_1_445' title='bbox 1224 4191 1370 4246; x_wconf 90' lang='lat' dir='ltr'><strong>Deus</strong></span> <span class='ocrx_word' id='word_1_446' title='bbox 1423 4191 1689 4247; x_wconf 86' lang='lat' dir='ltr'><strong>discrevit</strong></span> <span class='ocrx_word' id='word_1_447' title='bbox 1721 4193 1934 4248; x_wconf 90' lang='lat' dir='ltr'><strong>aridam</strong></span> 
     </span>
    </p>
   </div>
   <div class='ocr_carea' id='block_1_61' title="bbox 354 4283 1937 4356">
    <p class='ocr_par' dir='ltr' id='par_1_61' title="bbox 354 4283 1937 4356">
     <span class='ocr_line' id='line_1_61' title="bbox 354 4283 1937 4356; baseline 0.001 -17"><span class='ocrx_word' id='word_1_448' title='bbox 354 4284 432 4339; x_wconf 80' lang='lat' dir='ltr'><strong>ab</strong></span> <span class='ocrx_word' id='word_1_449' title='bbox 465 4283 712 4339; x_wconf 85' lang='lat' dir='ltr'><strong>humida.</strong></span> <span class='ocrx_word' id='word_1_450' title='bbox 741 4283 999 4350; x_wconf 85' lang='lat' dir='ltr'><strong>Quartus,</strong></span> <span class='ocrx_word' id='word_1_451' title='bbox 1031 4291 1117 4337; x_wconf 90' lang='lat' dir='ltr'><strong>est</strong></span> <span class='ocrx_word' id='word_1_452' title='bbox 1146 4283 1370 4354; x_wconf 87' lang='lat' dir='ltr'><strong>juvenis</strong></span> <span class='ocrx_word' id='word_1_453' title='bbox 1395 4301 1407 4336; x_wconf 90' lang='lat'><strong>:</strong></span> <span class='ocrx_word' id='word_1_454' title='bbox 1433 4292 1496 4337; x_wconf 90' lang='lat' dir='ltr'><strong>ut</strong></span> <span class='ocrx_word' id='word_1_455' title='bbox 1539 4284 1779 4340; x_wconf 86' lang='lat' dir='ltr'><strong>virtutes</strong></span> <span class='ocrx_word' id='word_1_456' title='bbox 1801 4303 1937 4356; x_wconf 87' lang='lat' dir='ltr'><strong>qua-</strong></span> 
     </span>
    </p>
   </div>
   <div class='ocr_carea' id='block_1_62' title="bbox 2018 1813 3598 1883">
    <p class='ocr_par' dir='ltr' id='par_1_62' title="bbox 2018 1813 3598 1883">
     <span class='ocr_line' id='line_1_62' title="bbox 2018 1813 3598 1883; baseline 0.001 -15"><span class='ocrx_word' id='word_1_457' title='bbox 2018 1814 2205 1870; x_wconf 89' lang='lat' dir='ltr'><strong>tionis.</strong></span> <span class='ocrx_word' id='word_1_458' title='bbox 2232 1815 2526 1868; x_wconf 87' lang='lat' dir='ltr'><strong>Existimas</strong></span> <span class='ocrx_word' id='word_1_459' title='bbox 2558 1814 2705 1868; x_wconf 83' lang='lat' dir='ltr'><strong>enim</strong></span> <span class='ocrx_word' id='word_1_460' title='bbox 2744 1814 2891 1882; x_wconf 85' lang='lat' dir='ltr'><strong>quod</strong></span> <span class='ocrx_word' id='word_1_461' title='bbox 2935 1815 3097 1878; x_wconf 90' lang='lat' dir='ltr'><strong>Deus,</strong></span> <span class='ocrx_word' id='word_1_462' title='bbox 3119 1813 3598 1883; x_wconf 87' lang='lat' dir='ltr'><strong>utqnilaborave-</strong></span> 
     </span>
    </p>
   </div>
   <div class='ocr_carea' id='block_1_63' title="bbox 2021 1902 3592 1973">
    <p class='ocr_par' dir='ltr' id='par_1_63' title="bbox 2021 1902 3592 1973">
     <span class='ocr_line' id='line_1_63' title="bbox 2021 1902 3592 1973; baseline 0.001 -15"><span class='ocrx_word' id='word_1_463' title='bbox 2021 1905 2093 1960; x_wconf 89' lang='lat' dir='ltr'><strong>rit</strong></span> <span class='ocrx_word' id='word_1_464' title='bbox 2121 1905 2178 1958; x_wconf 91' lang='lat' dir='ltr'><strong>in</strong></span> <span class='ocrx_word' id='word_1_465' title='bbox 2213 1904 2480 1973; x_wconf 89' lang='lat' dir='ltr'><strong>operibus</strong></span> <span class='ocrx_word' id='word_1_466' title='bbox 2515 1919 2610 1958; x_wconf 80' lang='lat' dir='ltr'><strong>sex</strong></span> <span class='ocrx_word' id='word_1_467' title='bbox 2639 1902 2854 1957; x_wconf 91' lang='lat' dir='ltr'><strong>dierum</strong></span> <span class='ocrx_word' id='word_1_468' title='bbox 2904 1902 3062 1958; x_wconf 79' lang='lat' dir='ltr'><strong>factae</strong></span> <span class='ocrx_word' id='word_1_469' title='bbox 3084 1904 3166 1958; x_wconf 84' lang='lat' dir='ltr'><strong>ab‘</strong></span> <span class='ocrx_word' id='word_1_470' title='bbox 3204 1918 3273 1956; x_wconf 87' lang='lat' dir='ltr'><strong>eo</strong></span> <span class='ocrx_word' id='word_1_471' title='bbox 3304 1911 3592 1967; x_wconf 72' lang='lat' dir='ltr'><strong>creaturaz,</strong></span> 
     </span>
    </p>
   </div>
   <div class='ocr_carea' id='block_1_64' title="bbox 2020 1991 3598 2063">
    <p class='ocr_par' dir='ltr' id='par_1_64' title="bbox 2020 1991 3598 2063">
     <span class='ocr_line' id='line_1_64' title="bbox 2020 1991 3598 2063; baseline -0.001 -15"><span class='ocrx_word' id='word_1_472' title='bbox 2020 2002 2076 2048; x_wconf 88' lang='lat' dir='ltr'><strong>et</strong></span> <span class='ocrx_word' id='word_1_473' title='bbox 2118 1994 2270 2048; x_wconf 91' lang='lat' dir='ltr'><strong>velut</strong></span> <span class='ocrx_word' id='word_1_474' title='bbox 2307 1993 2624 2047; x_wconf 89' lang='lat' dir='ltr'><strong>imbecillus</strong></span> <span class='ocrx_word' id='word_1_475' title='bbox 2671 1991 2963 2063; x_wconf 86' lang='lat' dir='ltr'><strong>fessusque</strong></span> <span class='ocrx_word' id='word_1_476' title='bbox 3013 1993 3084 2048; x_wconf 90' lang='lat' dir='ltr'><strong>sit</strong></span> <span class='ocrx_word' id='word_1_477' title='bbox 3135 1993 3410 2059; x_wconf 89' lang='lat' dir='ltr'><strong>redditus,</strong></span> <span class='ocrx_word' id='word_1_478' title='bbox 3438 2009 3502 2048; x_wconf 88' lang='lat' dir='ltr'><strong>ea</strong></span> <span class='ocrx_word' id='word_1_479' title='bbox 3530 1994 3598 2047; x_wconf 90' lang='lat' dir='ltr'><strong>de</strong></span> 
     </span>
    </p>
   </div>
   <div class='ocr_carea' id='block_1_65' title="bbox 2022 2085 3602 2156">
    <p class='ocr_par' dir='ltr' id='par_1_65' title="bbox 2022 2085 3602 2156">
     <span class='ocr_line' id='line_1_65' title="bbox 2022 2085 3602 2156; baseline -0.001 -16"><span class='ocrx_word' id='word_1_480' title='bbox 2022 2102 2187 2141; x_wconf 89' lang='lat' dir='ltr'><strong>causa</strong></span> <span class='ocrx_word' id='word_1_481' title='bbox 2225 2085 2510 2140; x_wconf 79' lang='lat' dir='ltr'><strong>benedixit</strong></span> <span class='ocrx_word' id='word_1_482' title='bbox 2532 2085 2644 2140; x_wconf 91' lang='lat' dir='ltr'><strong>diei</strong></span> <span class='ocrx_word' id='word_1_483' title='bbox 2667 2085 2926 2155; x_wconf 90' lang='lat' dir='ltr'><strong>septimo,</strong></span> <span class='ocrx_word' id='word_1_484' title='bbox 2961 2095 3022 2140; x_wconf 90' lang='lat' dir='ltr'><strong>ut</strong></span> <span class='ocrx_word' id='word_1_485' title='bbox 3047 2087 3141 2156; x_wconf 90' lang='lat' dir='ltr'><strong>qui</strong></span> <span class='ocrx_word' id='word_1_486' title='bbox 3174 2087 3230 2140; x_wconf 91' lang='lat' dir='ltr'><strong>in</strong></span> <span class='ocrx_word' id='word_1_487' title='bbox 3269 2101 3338 2141; x_wconf 90' lang='lat' dir='ltr'><strong>eo</strong></span> <span class='ocrx_word' id='word_1_488' title='bbox 3372 2100 3602 2155; x_wconf 85' lang='lat' dir='ltr'><strong>accepe-</strong></span> 
     </span>
    </p>
   </div>
   <div class='ocr_carea' id='block_1_66' title="bbox 2022 2173 3600 2245">
    <p class='ocr_par' dir='ltr' id='par_1_66' title="bbox 2022 2173 3600 2245">
     <span class='ocr_line' id='line_1_66' title="bbox 2022 2173 3600 2245; baseline -0.001 -16"><span class='ocrx_word' id='word_1_489' title='bbox 2022 2176 2095 2229; x_wconf 90' lang='lat' dir='ltr'><strong>rit</strong></span> <span class='ocrx_word' id='word_1_490' title='bbox 2151 2175 2403 2245; x_wconf 88' lang='lat' dir='ltr'><strong>requiem</strong></span> <span class='ocrx_word' id='word_1_491' title='bbox 2456 2184 2514 2230; x_wconf 91' lang='lat' dir='ltr'><strong>et</strong></span> <span class='ocrx_word' id='word_1_492' title='bbox 2556 2175 2944 2229; x_wconf 90' lang='lat' dir='ltr'><strong>remissionem</strong></span> <span class='ocrx_word' id='word_1_493' title='bbox 2975 2191 3043 2229; x_wconf 84' lang='lat' dir='ltr'><strong>ex</strong></span> <span class='ocrx_word' id='word_1_494' title='bbox 3087 2175 3300 2230; x_wconf 88' lang='lat' dir='ltr'><strong>labore.</strong></span> <span class='ocrx_word' id='word_1_495' title='bbox 3343 2173 3450 2229; x_wconf 90' lang='lat' dir='ltr'><strong>Sed</strong></span> <span class='ocrx_word' id='word_1_496' title='bbox 3487 2190 3600 2228; x_wconf 87' lang='lat' dir='ltr'><strong>non</strong></span> 
     </span>
    </p>
   </div>
   <div class='ocr_carea' id='block_1_67' title="bbox 2025 2266 3599 2338">
    <p class='ocr_par' dir='ltr' id='par_1_67' title="bbox 2025 2266 3599 2338">
     <span class='ocr_line' id='line_1_67' title="bbox 2025 2266 3599 2338; baseline -0.001 -17"><span class='ocrx_word' id='word_1_497' title='bbox 2025 2267 2100 2322; x_wconf 88' lang='lat' dir='ltr'><strong>ita</strong></span> <span class='ocrx_word' id='word_1_498' title='bbox 2127 2267 2315 2322; x_wconf 86' lang='lat' dir='ltr'><strong>habet.</strong></span> <span class='ocrx_word' id='word_1_499' title='bbox 2343 2266 2488 2322; x_wconf 79' lang='lat' dir='ltr'><strong>Audi</strong></span> <span class='ocrx_word' id='word_1_500' title='bbox 2533 2267 2683 2322; x_wconf 91' lang='lat' dir='ltr'><strong>enim</strong></span> <span class='ocrx_word' id='word_1_501' title='bbox 2735 2267 3067 2338; x_wconf 89' lang='lat' dir='ltr'><strong>Prophetam</strong></span> <span class='ocrx_word' id='word_1_502' title='bbox 3099 2267 3409 2321; x_wconf 79' lang='lat' dir='ltr'><strong>dicentem:</strong></span> <span class='ocrx_word' id='word_1_503' title='bbox 3464 2267 3599 2319; x_wconf 74' lang='lat' dir='ltr'><strong>Deus</strong></span> 
     </span>
    </p>
   </div>
   <div class='ocr_carea' id='block_1_68' title="bbox 2025 2357 3597 2429">
    <p class='ocr_par' dir='ltr' id='par_1_68' title="bbox 2025 2357 3597 2429">
     <span class='ocr_line' id='line_1_68' title="bbox 2025 2357 3597 2429; baseline -0.001 -17"><span class='ocrx_word' id='word_1_504' title='bbox 2025 2375 2246 2429; x_wconf 81' lang='lat' dir='ltr'><strong>magnus</strong></span> <span class='ocrx_word' id='word_1_505' title='bbox 2277 2369 2327 2411; x_wconf 87' lang='lat' dir='ltr'><strong>et</strong></span> <span class='ocrx_word' id='word_1_506' title='bbox 2354 2359 2504 2428; x_wconf 75' lang='lat' dir='ltr'><strong>fortis</strong></span> <span class='ocrx_word' id='word_1_507' title='bbox 2538 2374 2642 2412; x_wconf 83' lang='lat' dir='ltr'><strong>non</strong></span> <span class='ocrx_word' id='word_1_508' title='bbox 2683 2360 2894 2422; x_wconf 73' lang='lat' dir='ltr'><strong>csuriet,</strong></span> <span class='ocrx_word' id='word_1_509' title='bbox 2930 2374 3096 2428; x_wconf 76' lang='lat' dir='ltr'><strong>neque</strong></span> <span class='ocrx_word' id='word_1_510' title='bbox 3123 2359 3222 2412; x_wconf 87' lang='lat' dir='ltr'><strong>erit</strong></span> <span class='ocrx_word' id='word_1_511' title='bbox 3263 2359 3491 2427; x_wconf 75' lang='lat' dir='ltr'><strong>defessus</strong></span> <span class='ocrx_word' id='word_1_512' title='bbox 3533 2357 3597 2410; x_wconf 68' lang='grc' dir='ltr'><strong>εκ.</strong></span> 
     </span>
    </p>
   </div>
   <div class='ocr_carea' id='block_1_69' title="bbox 2025 2450 3603 2522">
    <p class='ocr_par' dir='ltr' id='par_1_69' title="bbox 2025 2450 3603 2522">
     <span class='ocr_line' id='line_1_69' title="bbox 2025 2450 3603 2522; baseline -0.001 -18"><span class='ocrx_word' id='word_1_513' title='bbox 2025 2451 2122 2506; x_wconf 93' lang='lat' dir='ltr'><strong>Die</strong></span> <span class='ocrx_word' id='word_1_514' title='bbox 2141 2467 2275 2522; x_wconf 84' lang='lat' dir='ltr'><strong>ergo</strong></span> <span class='ocrx_word' id='word_1_515' title='bbox 2294 2453 2531 2521; x_wconf 91' lang='lat' dir='ltr'><strong>septimo</strong></span> <span class='ocrx_word' id='word_1_516' title='bbox 2557 2452 2850 2520; x_wconf 89' lang='lat' dir='ltr'><strong>quiescere</strong></span> <span class='ocrx_word' id='word_1_517' title='bbox 2884 2451 3013 2506; x_wconf 83' lang='lat' dir='ltr'><strong>facit</strong></span> <span class='ocrx_word' id='word_1_518' title='bbox 3039 2465 3102 2505; x_wconf 90' lang='lat' dir='ltr'><strong>ae</strong></span> <span class='ocrx_word' id='word_1_519' title='bbox 3152 2450 3345 2519; x_wconf 83' lang='lat' dir='ltr'><strong>implet</strong></span> <span class='ocrx_word' id='word_1_520' title='bbox 3386 2459 3603 2504; x_wconf 81' lang='lat' dir='ltr'><strong>creatu-</strong></span> 
     </span>
    </p>
   </div>
   <div class='ocr_carea' id='block_1_70' title="bbox 2027 2541 3598 2614">
    <p class='ocr_par' dir='ltr' id='par_1_70' title="bbox 2027 2541 3598 2614">
     <span class='ocr_line' id='line_1_70' title="bbox 2027 2541 3598 2614; baseline -0.004 -16"><span class='ocrx_word' id='word_1_521' title='bbox 2027 2559 2141 2600; x_wconf 91' lang='lat' dir='ltr'><strong>ram</strong></span> <span class='ocrx_word' id='word_1_522' title='bbox 2179 2543 2396 2614; x_wconf 81' lang='lat' dir='ltr'><strong>Opifex,</strong></span> <span class='ocrx_word' id='word_1_523' title='bbox 2448 2552 2508 2597; x_wconf 91' lang='lat' dir='ltr'><strong>ut</strong></span> <span class='ocrx_word' id='word_1_524' title='bbox 2559 2544 2816 2598; x_wconf 88' lang='lat' dir='ltr'><strong>ostendat</strong></span> <span class='ocrx_word' id='word_1_525' title='bbox 2870 2545 3176 2598; x_wconf 88' lang='lat' dir='ltr'><strong>incrcatam</strong></span> <span class='ocrx_word' id='word_1_526' title='bbox 3227 2541 3598 2595; x_wconf 88' lang='lat' dir='ltr'><strong>Trinitatem:</strong></span> 
     </span>
    </p>
   </div>
   <div class='ocr_carea' id='block_1_71' title="bbox 2027 2635 3602 2708">
    <p class='ocr_par' dir='ltr' id='par_1_71' title="bbox 2027 2635 3602 2708">
     <span class='ocr_line' id='line_1_71' title="bbox 2027 2635 3602 2708; baseline -0.006 -14"><span class='ocrx_word' id='word_1_527' title='bbox 2027 2647 2236 2708; x_wconf 90' lang='lat' dir='ltr'><strong>septem</strong></span> <span class='ocrx_word' id='word_1_528' title='bbox 2265 2639 2414 2692; x_wconf 90' lang='lat' dir='ltr'><strong>enim</strong></span> <span class='ocrx_word' id='word_1_529' title='bbox 2435 2647 2492 2692; x_wconf 93' lang='lat' dir='ltr'><strong>et</strong></span> <span class='ocrx_word' id='word_1_530' title='bbox 2523 2647 2636 2692; x_wconf 90' lang='lat' dir='ltr'><strong>tres</strong></span> <span class='ocrx_word' id='word_1_531' title='bbox 2665 2638 2804 2690; x_wconf 79' lang='lat' dir='ltr'><strong>fiunt</strong></span> <span class='ocrx_word' id='word_1_532' title='bbox 2841 2637 3056 2690; x_wconf 90' lang='lat' dir='ltr'><strong>decem.</strong></span> <span class='ocrx_word' id='word_1_533' title='bbox 3091 2635 3362 2689; x_wconf 87' lang='lat' dir='ltr'><strong>Denarius</strong></span> <span class='ocrx_word' id='word_1_534' title='bbox 3414 2641 3602 2686; x_wconf 84' lang='lat' dir='ltr'><strong>autem</strong></span> 
     </span>
    </p>
   </div>
   <div class='ocr_carea' id='block_1_72' title="bbox 2027 2728 3602 2799">
    <p class='ocr_par' dir='ltr' id='par_1_72' title="bbox 2027 2728 3602 2799">
     <span class='ocr_line' id='line_1_72' title="bbox 2027 2728 3602 2799; baseline -0.004 -15"><span class='ocrx_word' id='word_1_535' title='bbox 2027 2745 2298 2785; x_wconf 90' lang='lat' dir='ltr'><strong>numerus</strong></span> <span class='ocrx_word' id='word_1_536' title='bbox 2324 2739 2410 2796; x_wconf 83' lang='lat' dir='ltr'><strong>est</strong></span> <span class='ocrx_word' id='word_1_537' title='bbox 2434 2729 2528 2799; x_wconf 92' lang='lat' dir='ltr'><strong>qui</strong></span> <span class='ocrx_word' id='word_1_538' title='bbox 2555 2730 2808 2784; x_wconf 90' lang='lat' dir='ltr'><strong>continet</strong></span> <span class='ocrx_word' id='word_1_539' title='bbox 2829 2737 2886 2783; x_wconf 90' lang='lat' dir='ltr'><strong>et</strong></span> <span class='ocrx_word' id='word_1_540' title='bbox 2921 2728 3113 2797; x_wconf 89' lang='lat' dir='ltr'><strong>implet</strong></span> <span class='ocrx_word' id='word_1_541' title='bbox 3145 2741 3340 2781; x_wconf 86' lang='lat' dir='ltr'><strong>omnes</strong></span> <span class='ocrx_word' id='word_1_542' title='bbox 3403 2741 3602 2780; x_wconf 82' lang='lat' dir='ltr'><strong>nume-</strong></span> 
     </span>
    </p>
   </div>
   <div class='ocr_carea' id='block_1_73' title="bbox 2031 2816 3603 2891">
    <p class='ocr_par' dir='ltr' id='par_1_73' title="bbox 2031 2816 3603 2891">
     <span class='ocr_line' id='line_1_73' title="bbox 2031 2816 3603 2891; baseline -0.004 -15"><span class='ocrx_word' id='word_1_543' title='bbox 2031 2837 2144 2886; x_wconf 87' lang='lat' dir='ltr'><strong>ros,</strong></span> <span class='ocrx_word' id='word_1_544' title='bbox 2181 2831 2241 2876; x_wconf 90' lang='lat' dir='ltr'><strong>ut</strong></span> <span class='ocrx_word' id='word_1_545' title='bbox 2279 2821 2538 2876; x_wconf 76' lang='lat' dir='ltr'><strong>dixerunt</strong></span> <span class='ocrx_word' id='word_1_546' title='bbox 2559 2822 2653 2891; x_wconf 88' lang='lat' dir='ltr'><strong>qui</strong></span> <span class='ocrx_word' id='word_1_547' title='bbox 2699 2827 2830 2876; x_wconf 91' lang='lat' dir='ltr'><strong>sunt</strong></span> <span class='ocrx_word' id='word_1_548' title='bbox 2857 2820 3063 2874; x_wconf 83' lang='lat' dir='ltr'><strong>exculti</strong></span> <span class='ocrx_word' id='word_1_549' title='bbox 3089 2817 3402 2888; x_wconf 89' lang='lat' dir='ltr'><strong>disciplinis</strong></span> <span class='ocrx_word' id='word_1_550' title='bbox 3428 2816 3603 2871; x_wconf 82' lang='lat' dir='ltr'><strong>arith-</strong></span> 
     </span>
    </p>
   </div>
   <div class='ocr_carea' id='block_1_74' title="bbox 2029 2914 3593 2982">
    <p class='ocr_par' dir='ltr' id='par_1_74' title="bbox 2029 2914 3593 2982">
     <span class='ocr_line' id='line_1_74' title="bbox 2029 2914 3593 2982; baseline -0.004 -15"><span class='ocrx_word' id='word_1_551' title='bbox 2029 2914 2267 2968; x_wconf 86' lang='lat' dir='ltr'><strong>meticis.</strong></span> <span class='ocrx_word' id='word_1_552' title='bbox 2292 2914 2467 2968; x_wconf 89' lang='lat' dir='ltr'><strong>Porro</strong></span> <span class='ocrx_word' id='word_1_553' title='bbox 2499 2922 2684 2968; x_wconf 90' lang='lat' dir='ltr'><strong>autem</strong></span> <span class='ocrx_word' id='word_1_554' title='bbox 2707 2920 2939 2982; x_wconf 90' lang='lat' dir='ltr'><strong>quartus</strong></span> <span class='ocrx_word' id='word_1_555' title='bbox 2981 2925 3200 2980; x_wconf 89' lang='lat' dir='ltr'><strong>quoque</strong></span> <span class='ocrx_word' id='word_1_556' title='bbox 3243 2925 3436 2964; x_wconf 89' lang='lat' dir='ltr'><strong>rursus</strong></span> <span class='ocrx_word' id='word_1_557' title='bbox 3484 2925 3593 2962; x_wconf 84' lang='lat' dir='ltr'><strong>nu-</strong></span> 
     </span>
    </p>
   </div>
   <div class='ocr_carea' id='block_1_75' title="bbox 1954 3001 3608 3100">
    <p class='ocr_par' dir='ltr' id='par_1_75' title="bbox 1954 3001 3608 3100">
     <span class='ocr_line' id='line_1_75' title="bbox 1954 3001 3608 3100; baseline -0.003 -41"><span class='ocrx_word' id='word_1_558' title='bbox 1954 3043 1996 3100; x_wconf 73' lang='lat' dir='ltr'>c</span> <span class='ocrx_word' id='word_1_559' title='bbox 2033 3020 2237 3064; x_wconf 89' lang='lat' dir='ltr'><strong>merus.</strong></span> <span class='ocrx_word' id='word_1_560' title='bbox 2260 3003 2355 3073; x_wconf 89' lang='lat' dir='ltr'><strong>qui</strong></span> <span class='ocrx_word' id='word_1_561' title='bbox 2375 3013 2461 3059; x_wconf 91' lang='lat' dir='ltr'><strong>est</strong></span> <span class='ocrx_word' id='word_1_562' title='bbox 2478 3005 2660 3074; x_wconf 89' lang='lat' dir='ltr'><strong>quarti</strong></span> <span class='ocrx_word' id='word_1_563' title='bbox 2674 3019 2771 3058; x_wconf 89' lang='lat' dir='ltr'><strong>seu</strong></span> <span class='ocrx_word' id='word_1_564' title='bbox 2795 3004 2956 3073; x_wconf 92' lang='lat' dir='ltr'><strong>primi</strong></span> <span class='ocrx_word' id='word_1_565' title='bbox 2987 3001 3216 3071; x_wconf 90' lang='lat' dir='ltr'><strong>perfecti</strong></span> <span class='ocrx_word' id='word_1_566' title='bbox 3239 3001 3608 3070; x_wconf 83' lang='lat' dir='ltr'><strong>diei,quando</strong></span> 
     </span>
    </p>
   </div>
   <div class='ocr_carea' id='block_1_76' title="bbox 2030 3093 3605 3166">
    <p class='ocr_par' dir='ltr' id='par_1_76' title="bbox 2030 3093 3605 3166">
     <span class='ocr_line' id='line_1_76' title="bbox 2030 3093 3605 3166; baseline -0.003 -14"><span class='ocrx_word' id='word_1_567' title='bbox 2030 3097 2110 3152; x_wconf 91' lang='lat' dir='ltr'><strong>sol</strong></span> <span class='ocrx_word' id='word_1_568' title='bbox 2135 3096 2313 3151; x_wconf 87' lang='lat' dir='ltr'><strong>factus</strong></span> <span class='ocrx_word' id='word_1_569' title='bbox 2359 3104 2479 3162; x_wconf 91' lang='lat' dir='ltr'><strong>est,</strong></span> <span class='ocrx_word' id='word_1_570' title='bbox 2511 3104 2597 3151; x_wconf 91' lang='lat' dir='ltr'><strong>est</strong></span> <span class='ocrx_word' id='word_1_571' title='bbox 2643 3095 2925 3166; x_wconf 88' lang='lat' dir='ltr'><strong>perfectus</strong></span> <span class='ocrx_word' id='word_1_572' title='bbox 2955 3104 3010 3150; x_wconf 90' lang='lat' dir='ltr'><strong>et</strong></span> <span class='ocrx_word' id='word_1_573' title='bbox 3065 3094 3292 3148; x_wconf 90' lang='lat' dir='ltr'><strong>minime</strong></span> <span class='ocrx_word' id='word_1_574' title='bbox 3331 3093 3605 3159; x_wconf 82' lang='lat' dir='ltr'><strong>defectus,</strong></span> 
     </span>
    </p>
   </div>
   <div class='ocr_carea' id='block_1_77' title="bbox 2029 3187 3606 3256">
    <p class='ocr_par' dir='ltr' id='par_1_77' title="bbox 2029 3187 3606 3256">
     <span class='ocr_line' id='line_1_77' title="bbox 2029 3187 3606 3256; baseline -0.003 -12"><span class='ocrx_word' id='word_1_575' title='bbox 2029 3189 2306 3245; x_wconf 90' lang='lat' dir='ltr'><strong>decimum</strong></span> <span class='ocrx_word' id='word_1_576' title='bbox 2375 3191 2524 3245; x_wconf 90' lang='lat' dir='ltr'><strong>enim</strong></span> <span class='ocrx_word' id='word_1_577' title='bbox 2596 3204 2890 3244; x_wconf 89' lang='lat' dir='ltr'><strong>numerum</strong></span> <span class='ocrx_word' id='word_1_578' title='bbox 2961 3188 3208 3244; x_wconf 85' lang='lat' dir='ltr'><strong>continet</strong></span> <span class='ocrx_word' id='word_1_579' title='bbox 3276 3196 3333 3242; x_wconf 89' lang='lat' dir='ltr'><strong>et</strong></span> <span class='ocrx_word' id='word_1_580' title='bbox 3394 3187 3606 3256; x_wconf 89' lang='lat' dir='ltr'><strong>implet.</strong></span> 
     </span>
    </p>
   </div>
   <div class='ocr_carea' id='block_1_78' title="bbox 2028 3276 3609 3348">
    <p class='ocr_par' dir='ltr' id='par_1_78' title="bbox 2028 3276 3609 3348">
     <span class='ocr_line' id='line_1_78' title="bbox 2028 3276 3609 3348; baseline -0.002 -15"><span class='ocrx_word' id='word_1_581' title='bbox 2028 3279 2196 3348; x_wconf 79' lang='lat'><strong>890</strong></span> <span class='ocrx_word' id='word_1_582' title='bbox 2227 3278 2475 3346; x_wconf 85' lang='lat' dir='ltr'><strong>Quatuor</strong></span> <span class='ocrx_word' id='word_1_583' title='bbox 2503 3279 2653 3334; x_wconf 91' lang='lat' dir='ltr'><strong>enim</strong></span> <span class='ocrx_word' id='word_1_584' title='bbox 2701 3287 2758 3334; x_wconf 92' lang='lat' dir='ltr'><strong>et</strong></span> <span class='ocrx_word' id='word_1_585' title='bbox 2793 3285 2905 3334; x_wconf 89' lang='lat' dir='ltr'><strong>tres</strong></span> <span class='ocrx_word' id='word_1_586' title='bbox 2931 3278 3024 3348; x_wconf 92' lang='lat' dir='ltr'><strong>qui</strong></span> <span class='ocrx_word' id='word_1_587' title='bbox 3066 3278 3216 3347; x_wconf 89' lang='lat' dir='ltr'><strong>ipsos</strong></span> <span class='ocrx_word' id='word_1_588' title='bbox 3265 3276 3609 3348; x_wconf 67' lang='lat' dir='ltr'><strong>praecedunt,</strong></span> 
     </span>
    </p>
   </div>
   <div class='ocr_carea' id='block_1_79' title="bbox 2029 3371 3608 3441">
    <p class='ocr_par' dir='ltr' id='par_1_79' title="bbox 2029 3371 3608 3441">
     <span class='ocr_line' id='line_1_79' title="bbox 2029 3371 3608 3441; baseline 0 -17"><span class='ocrx_word' id='word_1_589' title='bbox 2029 3380 2085 3425; x_wconf 90' lang='lat' dir='ltr'><strong>et</strong></span> <span class='ocrx_word' id='word_1_590' title='bbox 2123 3371 2233 3424; x_wconf 93' lang='lat' dir='ltr'><strong>duo</strong></span> <span class='ocrx_word' id='word_1_591' title='bbox 2263 3372 2356 3440; x_wconf 93' lang='lat' dir='ltr'><strong>qui</strong></span> <span class='ocrx_word' id='word_1_592' title='bbox 2386 3380 2660 3426; x_wconf 90' lang='lat' dir='ltr'><strong>suntante</strong></span> <span class='ocrx_word' id='word_1_593' title='bbox 2685 3371 2856 3441; x_wconf 88' lang='lat' dir='ltr'><strong>ipsos,</strong></span> <span class='ocrx_word' id='word_1_594' title='bbox 2882 3379 2938 3424; x_wconf 87' lang='lat' dir='ltr'><strong>et</strong></span> <span class='ocrx_word' id='word_1_595' title='bbox 2965 3371 3147 3425; x_wconf 88' lang='lat' dir='ltr'><strong>unitas</strong></span> <span class='ocrx_word' id='word_1_596' title='bbox 3188 3385 3311 3440; x_wconf 70' lang='lat' dir='ltr'><strong>qua:</strong></span> <span class='ocrx_word' id='word_1_597' title='bbox 3337 3384 3433 3425; x_wconf 91' lang='lat' dir='ltr'><strong>eos</strong></span> <span class='ocrx_word' id='word_1_598' title='bbox 3463 3385 3608 3439; x_wconf 73' lang='lat' dir='ltr'><strong>prae-</strong></span> 
     </span>
    </p>
   </div>
   <div class='ocr_carea' id='block_1_80' title="bbox 2031 3459 3612 3530">
    <p class='ocr_par' dir='ltr' id='par_1_80' title="bbox 2031 3459 3612 3530">
     <span class='ocr_line' id='line_1_80' title="bbox 2031 3459 3612 3530; baseline -0.001 -16"><span class='ocrx_word' id='word_1_599' title='bbox 2031 3459 2196 3524; x_wconf 90' lang='lat' dir='ltr'><strong>cedit,</strong></span> <span class='ocrx_word' id='word_1_600' title='bbox 2231 3460 2512 3515; x_wconf 90' lang='lat' dir='ltr'><strong>invenitur</strong></span> <span class='ocrx_word' id='word_1_601' title='bbox 2547 3462 2826 3530; x_wconf 91' lang='lat' dir='ltr'><strong>perfectus</strong></span> <span class='ocrx_word' id='word_1_602' title='bbox 2875 3460 3161 3516; x_wconf 87' lang='lat' dir='ltr'><strong>denarius.</strong></span> <span class='ocrx_word' id='word_1_603' title='bbox 3198 3461 3318 3516; x_wconf 83' lang='lat' dir='ltr'><strong>Jam</strong></span> <span class='ocrx_word' id='word_1_604' title='bbox 3366 3473 3500 3514; x_wconf 91' lang='lat' dir='ltr'><strong>vero</strong></span> <span class='ocrx_word' id='word_1_605' title='bbox 3543 3459 3612 3513; x_wconf 86' lang='lat' dir='ltr'><strong>ab</strong></span> 
     </span>
    </p>
   </div>
   <div class='ocr_carea' id='block_1_81' title="bbox 2033 3551 3606 3623">
    <p class='ocr_par' dir='ltr' id='par_1_81' title="bbox 2033 3551 3606 3623">
     <span class='ocr_line' id='line_1_81' title="bbox 2033 3551 3606 3623; baseline 0.001 -19"><span class='ocrx_word' id='word_1_606' title='bbox 2033 3551 2243 3606; x_wconf 89' lang='lat' dir='ltr'><strong>unitate</strong></span> <span class='ocrx_word' id='word_1_607' title='bbox 2297 3568 2520 3623; x_wconf 90' lang='lat' dir='ltr'><strong>quoque</strong></span> <span class='ocrx_word' id='word_1_608' title='bbox 2573 3553 2812 3608; x_wconf 88' lang='lat' dir='ltr'><strong>virtutes</strong></span> <span class='ocrx_word' id='word_1_609' title='bbox 2861 3568 3036 3623; x_wconf 90' lang='lat' dir='ltr'><strong>usque</strong></span> <span class='ocrx_word' id='word_1_610' title='bbox 3098 3553 3165 3608; x_wconf 92' lang='lat' dir='ltr'><strong>ad</strong></span> <span class='ocrx_word' id='word_1_611' title='bbox 3226 3552 3606 3623; x_wconf 87' lang='lat' dir='ltr'><strong>quaternium,</strong></span> 
     </span>
    </p>
   </div>
   <div class='ocr_carea' id='block_1_82' title="bbox 2031 3642 3614 3714">
    <p class='ocr_par' dir='ltr' id='par_1_82' title="bbox 2031 3642 3614 3714">
     <span class='ocr_line' id='line_1_82' title="bbox 2031 3642 3614 3714; baseline -0.001 -17"><span class='ocrx_word' id='word_1_612' title='bbox 2031 3642 2276 3697; x_wconf 84' lang='lat' dir='ltr'><strong>ellieiunt</strong></span> <span class='ocrx_word' id='word_1_613' title='bbox 2301 3644 2666 3714; x_wconf 88' lang='lat' dir='ltr'><strong>quantitatem</strong></span> <span class='ocrx_word' id='word_1_614' title='bbox 2694 3643 2904 3698; x_wconf 88' lang='lat' dir='ltr'><strong>denarii</strong></span> <span class='ocrx_word' id='word_1_615' title='bbox 2932 3663 2944 3698; x_wconf 92' lang='lat'><strong>:</strong></span> <span class='ocrx_word' id='word_1_616' title='bbox 2975 3658 3119 3698; x_wconf 92' lang='lat' dir='ltr'><strong>unus</strong></span> <span class='ocrx_word' id='word_1_617' title='bbox 3155 3644 3305 3698; x_wconf 89' lang='lat' dir='ltr'><strong>enim</strong></span> <span class='ocrx_word' id='word_1_618' title='bbox 3342 3652 3398 3697; x_wconf 93' lang='lat' dir='ltr'><strong>et</strong></span> <span class='ocrx_word' id='word_1_619' title='bbox 3421 3643 3530 3696; x_wconf 91' lang='lat' dir='ltr'><strong>duo</strong></span> <span class='ocrx_word' id='word_1_620' title='bbox 3559 3652 3614 3696; x_wconf 91' lang='lat' dir='ltr'><strong>et</strong></span> 
     </span>
    </p>
   </div>
   <div class='ocr_carea' id='block_1_83' title="bbox 2035 3731 3612 3806">
    <p class='ocr_par' dir='ltr' id='par_1_83' title="bbox 2035 3731 3612 3806">
     <span class='ocr_line' id='line_1_83' title="bbox 2035 3731 3612 3806; baseline -0.003 -18"><span class='ocrx_word' id='word_1_621' title='bbox 2035 3743 2170 3800; x_wconf 84' lang='lat' dir='ltr'><strong>tres,</strong></span> <span class='ocrx_word' id='word_1_622' title='bbox 2201 3743 2329 3790; x_wconf 84' lang='lat' dir='ltr'><strong>sunt</strong></span> <span class='ocrx_word' id='word_1_623' title='bbox 2363 3751 2488 3790; x_wconf 78' lang='lat' dir='ltr'><strong>sex:</strong></span> <span class='ocrx_word' id='word_1_624' title='bbox 2529 3746 2586 3791; x_wconf 88' lang='lat' dir='ltr'><strong>et</strong></span> <span class='ocrx_word' id='word_1_625' title='bbox 2617 3743 2857 3806; x_wconf 90' lang='lat' dir='ltr'><strong>quatuor</strong></span> <span class='ocrx_word' id='word_1_626' title='bbox 2904 3733 3154 3789; x_wconf 80' lang='lat' dir='ltr'><strong>elliciunt</strong></span> <span class='ocrx_word' id='word_1_627' title='bbox 3203 3733 3419 3788; x_wconf 91' lang='lat' dir='ltr'><strong>decem.</strong></span> <span class='ocrx_word' id='word_1_628' title='bbox 3456 3731 3612 3797; x_wconf 82' lang='lat' dir='ltr'><strong>Quo-</strong></span> 
     </span>
    </p>
   </div>
   <div class='ocr_carea' id='block_1_84' title="bbox 2035 3825 3613 3892">
    <p class='ocr_par' dir='ltr' id='par_1_84' title="bbox 2035 3825 3613 3892">
     <span class='ocr_line' id='line_1_84' title="bbox 2035 3825 3613 3892; baseline -0.003 -10"><span class='ocrx_word' id='word_1_629' title='bbox 2035 3828 2199 3883; x_wconf 89' lang='lat' dir='ltr'><strong>modo</strong></span> <span class='ocrx_word' id='word_1_630' title='bbox 2238 3829 2388 3884; x_wconf 89' lang='lat' dir='ltr'><strong>enim</strong></span> <span class='ocrx_word' id='word_1_631' title='bbox 2437 3828 2630 3886; x_wconf 64' lang='lat' dir='ltr'><strong>omnis.</strong></span> <span class='ocrx_word' id='word_1_632' title='bbox 2670 3835 2950 3892; x_wconf 90' lang='lat' dir='ltr'><strong>creatura,</strong></span> <span class='ocrx_word' id='word_1_633' title='bbox 2980 3827 3054 3880; x_wconf 89' lang='lat' dir='ltr'><strong>ita</strong></span> <span class='ocrx_word' id='word_1_634' title='bbox 3079 3825 3248 3879; x_wconf 87' lang='lat' dir='ltr'><strong>etiam</strong></span> <span class='ocrx_word' id='word_1_635' title='bbox 3288 3840 3482 3878; x_wconf 89' lang='lat' dir='ltr'><strong>omnes</strong></span> <span class='ocrx_word' id='word_1_636' title='bbox 3507 3840 3613 3877; x_wconf 94' lang='lat' dir='ltr'><strong>nu-</strong></span> 
     </span>
    </p>
   </div>
   <div class='ocr_carea' id='block_1_85' title="bbox 2035 3915 3611 3988">
    <p class='ocr_par' dir='ltr' id='par_1_85' title="bbox 2035 3915 3611 3988">
     <span class='ocr_line' id='line_1_85' title="bbox 2035 3915 3611 3988; baseline -0.004 -10"><span class='ocrx_word' id='word_1_637' title='bbox 2035 3923 2194 3988; x_wconf 90' lang='lat' dir='ltr'><strong>meri,</strong></span> <span class='ocrx_word' id='word_1_638' title='bbox 2221 3921 2546 3976; x_wconf 89' lang='lat' dir='ltr'><strong>describunt</strong></span> <span class='ocrx_word' id='word_1_639' title='bbox 2575 3918 2628 3974; x_wconf 92' lang='lat' dir='ltr'><strong>id</strong></span> <span class='ocrx_word' id='word_1_640' title='bbox 2655 3918 2803 3988; x_wconf 91' lang='lat' dir='ltr'><strong>quod</strong></span> <span class='ocrx_word' id='word_1_641' title='bbox 2827 3926 2915 3972; x_wconf 89' lang='lat' dir='ltr'><strong>est</strong></span> <span class='ocrx_word' id='word_1_642' title='bbox 2939 3919 2993 3973; x_wconf 91' lang='lat' dir='ltr'><strong>in</strong></span> <span class='ocrx_word' id='word_1_643' title='bbox 3017 3916 3240 3972; x_wconf 85' lang='lat' dir='ltr'><strong>Christo</strong></span> <span class='ocrx_word' id='word_1_644' title='bbox 3264 3915 3611 3986; x_wconf 81' lang='lat' dir='ltr'><strong>mysterium.</strong></span> 
     </span>
    </p>
   </div>
   <div class='ocr_carea' id='block_1_86' title="bbox 2035 4010 3610 4081">
    <p class='ocr_par' dir='ltr' id='par_1_86' title="bbox 2035 4010 3610 4081">
     <span class='ocr_line' id='line_1_86' title="bbox 2035 4010 3610 4081; baseline -0.007 -10"><span class='ocrx_word' id='word_1_645' title='bbox 2035 4018 2135 4071; x_wconf 89' lang='lat' dir='ltr'><strong>Est</strong></span> <span class='ocrx_word' id='word_1_646' title='bbox 2161 4015 2313 4070; x_wconf 90' lang='lat' dir='ltr'><strong>enim</strong></span> <span class='ocrx_word' id='word_1_647' title='bbox 2339 4013 2544 4076; x_wconf 89' lang='lat' dir='ltr'><strong>unitas,</strong></span> <span class='ocrx_word' id='word_1_648' title='bbox 2578 4021 2637 4066; x_wconf 91' lang='lat' dir='ltr'><strong>ut</strong></span> <span class='ocrx_word' id='word_1_649' title='bbox 2659 4011 2757 4081; x_wconf 89' lang='lat' dir='ltr'><strong>qui</strong></span> <span class='ocrx_word' id='word_1_650' title='bbox 2789 4011 3008 4065; x_wconf 87' lang='lat' dir='ltr'><strong>unicam</strong></span> <span class='ocrx_word' id='word_1_651' title='bbox 3052 4010 3255 4063; x_wconf 86' lang='lat' dir='ltr'><strong>habeat</strong></span> <span class='ocrx_word' id='word_1_652' title='bbox 3279 4022 3568 4077; x_wconf 87' lang='lat' dir='ltr'><strong>personam</strong></span> <span class='ocrx_word' id='word_1_653' title='bbox 3596 4025 3610 4072; x_wconf 89' lang='lat'><strong>;</strong></span> 
     </span>
    </p>
   </div>
   <div class='ocr_carea' id='block_1_87' title="bbox 2035 4099 3612 4173">
    <p class='ocr_par' dir='ltr' id='par_1_87' title="bbox 2035 4099 3612 4173">
     <span class='ocr_line' id='line_1_87' title="bbox 2035 4099 3612 4173; baseline -0.007 -11"><span class='ocrx_word' id='word_1_654' title='bbox 2035 4101 2121 4163; x_wconf 86' lang='lat' dir='ltr'><strong>est</strong></span> <span class='ocrx_word' id='word_1_655' title='bbox 2154 4105 2429 4167; x_wconf 88' lang='lat' dir='ltr'><strong>binarius,</strong></span> <span class='ocrx_word' id='word_1_656' title='bbox 2457 4104 2552 4173; x_wconf 93' lang='lat' dir='ltr'><strong>qui</strong></span> <span class='ocrx_word' id='word_1_657' title='bbox 2579 4103 2651 4157; x_wconf 89' lang='lat' dir='ltr'><strong>sit</strong></span> <span class='ocrx_word' id='word_1_658' title='bbox 2687 4101 2971 4172; x_wconf 81' lang='lat' dir='ltr'><strong>perfectus</strong></span> <span class='ocrx_word' id='word_1_659' title='bbox 3018 4101 3074 4155; x_wconf 92' lang='lat' dir='ltr'><strong>in</strong></span> <span class='ocrx_word' id='word_1_660' title='bbox 3102 4099 3396 4154; x_wconf 88' lang='lat' dir='ltr'><strong>divinitate</strong></span> <span class='ocrx_word' id='word_1_661' title='bbox 3426 4107 3477 4153; x_wconf 89' lang='lat' dir='ltr'><strong>et</strong></span> <span class='ocrx_word' id='word_1_662' title='bbox 3506 4099 3612 4152; x_wconf 85' lang='lat' dir='ltr'><strong>bu-</strong></span> 
     </span>
    </p>
   </div>
   <div class='ocr_carea' id='block_1_88' title="bbox 2038 4191 3613 4264">
    <p class='ocr_par' dir='ltr' id='par_1_88' title="bbox 2038 4191 3613 4264">
     <span class='ocr_line' id='line_1_88' title="bbox 2038 4191 3613 4264; baseline -0.006 -12"><span class='ocrx_word' id='word_1_663' title='bbox 2038 4197 2334 4260; x_wconf 88' lang='lat' dir='ltr'><strong>manitate;</strong></span> <span class='ocrx_word' id='word_1_664' title='bbox 2363 4196 2602 4259; x_wconf 89' lang='lat' dir='ltr'><strong>trinitas,</strong></span> <span class='ocrx_word' id='word_1_665' title='bbox 2633 4202 2694 4246; x_wconf 91' lang='lat' dir='ltr'><strong>ut</strong></span> <span class='ocrx_word' id='word_1_666' title='bbox 2725 4193 2818 4264; x_wconf 89' lang='lat' dir='ltr'><strong>qui</strong></span> <span class='ocrx_word' id='word_1_667' title='bbox 2844 4193 2916 4246; x_wconf 89' lang='lat' dir='ltr'><strong>sit</strong></span> <span class='ocrx_word' id='word_1_668' title='bbox 2971 4193 3026 4247; x_wconf 89' lang='lat' dir='ltr'><strong>in</strong></span> <span class='ocrx_word' id='word_1_669' title='bbox 3069 4191 3274 4255; x_wconf 89' lang='lat' dir='ltr'><strong>anima,</strong></span> <span class='ocrx_word' id='word_1_670' title='bbox 3300 4205 3534 4260; x_wconf 90' lang='lat' dir='ltr'><strong>corpore</strong></span> <span class='ocrx_word' id='word_1_671' title='bbox 3556 4198 3613 4244; x_wconf 91' lang='lat' dir='ltr'><strong>ct</strong></span> 
     </span>
    </p>
   </div>
   <div class='ocr_carea' id='block_1_89' title="bbox 2038 4284 3616 4356">
    <p class='ocr_par' dir='ltr' id='par_1_89' title="bbox 2038 4284 3616 4356">
     <span class='ocr_line' id='line_1_89' title="bbox 2038 4284 3616 4356; baseline -0.005 -12"><span class='ocrx_word' id='word_1_672' title='bbox 2038 4288 2355 4352; x_wconf 87' lang='lat' dir='ltr'><strong>divinitate;</strong></span> <span class='ocrx_word' id='word_1_673' title='bbox 2377 4286 2794 4356; x_wconf 89' lang='lat' dir='ltr'><strong>quaternarius,</strong></span> <span class='ocrx_word' id='word_1_674' title='bbox 2825 4295 2885 4339; x_wconf 92' lang='lat' dir='ltr'><strong>ut</strong></span> <span class='ocrx_word' id='word_1_675' title='bbox 2909 4285 3003 4354; x_wconf 91' lang='lat' dir='ltr'><strong>qui</strong></span> <span class='ocrx_word' id='word_1_676' title='bbox 3023 4301 3089 4339; x_wconf 76' lang='lat' dir='ltr'><strong>ex</strong></span> <span class='ocrx_word' id='word_1_677' title='bbox 3110 4294 3349 4350; x_wconf 84' lang='lat' dir='ltr'><strong>quatuor</strong></span> <span class='ocrx_word' id='word_1_678' title='bbox 3373 4284 3616 4339; x_wconf 86' lang='lat' dir='ltr'><strong>elemen-</strong></span> 
     </span>
    </p>
   </div>
   <div class='ocr_carea' id='block_1_90' title="bbox 358 4373 3614 4446">
    <p class='ocr_par' dir='ltr' id='par_1_90' title="bbox 358 4373 3614 4446">
     <span class='ocr_line' id='line_1_90' title="bbox 358 4373 3614 4446; baseline -0.002 -10"><span class='ocrx_word' id='word_1_679' title='bbox 358 4386 494 4430; x_wconf 70' lang='grc' dir='ltr'><strong>ιυοτ</strong></span> <span class='ocrx_word' id='word_1_680' title='bbox 523 4384 783 4444; x_wconf 76' lang='lat' dir='ltr'><strong>tanquam</strong></span> <span class='ocrx_word' id='word_1_681' title='bbox 828 4383 977 4429; x_wconf 74' lang='lat' dir='ltr'><strong>astra</strong></span> <span class='ocrx_word' id='word_1_682' title='bbox 1016 4373 1184 4436; x_wconf 74' lang='lat' dir='ltr'><strong>feras.</strong></span> <span class='ocrx_word' id='word_1_683' title='bbox 1234 4381 1292 4428; x_wconf 76' lang='grc' dir='ltr'><strong>ει</strong></span> <span class='ocrx_word' id='word_1_684' title='bbox 1318 4389 1586 4443; x_wconf 63' lang='lat' dir='ltr'><strong>appareat?»</strong></span> <span class='ocrx_word' id='word_1_685' title='bbox 1622 4375 1677 4428; x_wconf 74' lang='lat' dir='ltr'><strong>in</strong></span> <span class='ocrx_word' id='word_1_686' title='bbox 1728 4377 1934 4431; x_wconf 75' lang='lat' dir='ltr'><strong>mundo</strong></span> <span class='ocrx_word' id='word_1_687' title='bbox 1967 4383 2014 4440; x_wconf 93' lang='lat' dir='ltr'><strong>D</strong></span> <span class='ocrx_word' id='word_1_688' title='bbox 2043 4381 2115 4436; x_wconf 91' lang='lat' dir='ltr'><strong>tis</strong></span> <span class='ocrx_word' id='word_1_689' title='bbox 2161 4381 2444 4435; x_wconf 90' lang='lat' dir='ltr'><strong>hominem</strong></span> <span class='ocrx_word' id='word_1_690' title='bbox 2490 4377 2798 4443; x_wconf 89' lang='lat' dir='ltr'><strong>renovarit;</strong></span> <span class='ocrx_word' id='word_1_691' title='bbox 2823 4377 3133 4446; x_wconf 88' lang='lat' dir='ltr'><strong>quinarius,</strong></span> <span class='ocrx_word' id='word_1_692' title='bbox 3175 4377 3268 4445; x_wconf 90' lang='lat' dir='ltr'><strong>qui</strong></span> <span class='ocrx_word' id='word_1_693' title='bbox 3333 4391 3460 4431; x_wconf 87' lang='lat' dir='ltr'><strong>cum</strong></span> <span class='ocrx_word' id='word_1_694' title='bbox 3487 4390 3614 4430; x_wconf 91' lang='lat' dir='ltr'><strong>cor-</strong></span> 
     </span>
    </p>
   </div>
   <div class='ocr_carea' id='block_1_91' title="bbox 360 4467 1942 4539">
    <p class='ocr_par' dir='ltr' id='par_1_91' title="bbox 360 4467 1942 4539">
     <span class='ocr_line' id='line_1_91' title="bbox 360 4467 1942 4539; baseline 0.002 -16"><span class='ocrx_word' id='word_1_695' title='bbox 360 4481 628 4537; x_wconf 86' lang='lat' dir='ltr'><strong>tanquam</strong></span> <span class='ocrx_word' id='word_1_696' title='bbox 677 4468 987 4533; x_wconf 87' lang='lat' dir='ltr'><strong>luminare;</strong></span> <span class='ocrx_word' id='word_1_697' title='bbox 1031 4467 1114 4521; x_wconf 90' lang='lat' dir='ltr'><strong>sol</strong></span> <span class='ocrx_word' id='word_1_698' title='bbox 1167 4467 1318 4522; x_wconf 92' lang='lat' dir='ltr'><strong>enim</strong></span> <span class='ocrx_word' id='word_1_699' title='bbox 1367 4467 1547 4524; x_wconf 90' lang='lat' dir='ltr'><strong>factus</strong></span> <span class='ocrx_word' id='word_1_700' title='bbox 1596 4477 1681 4522; x_wconf 90' lang='lat' dir='ltr'><strong>est</strong></span> <span class='ocrx_word' id='word_1_701' title='bbox 1741 4479 1942 4539; x_wconf 90' lang='lat' dir='ltr'><strong>quarto</strong></span> 
     </span>
    </p>
   </div>
   <div class='ocr_carea' id='block_1_92' title="bbox 355 4558 1945 4626">
    <p class='ocr_par' dir='ltr' id='par_1_92' title="bbox 355 4558 1945 4626">
     <span class='ocr_line' id='line_1_92' title="bbox 355 4558 1945 4626; baseline 0.001 -12"><span class='ocrx_word' id='word_1_702' title='bbox 355 4561 478 4614; x_wconf 86' lang='lat' dir='ltr'><strong>die.</strong></span> <span class='ocrx_word' id='word_1_703' title='bbox 529 4559 804 4626; x_wconf 86' lang='lat' dir='ltr'><strong>Quintus,</strong></span> <span class='ocrx_word' id='word_1_704' title='bbox 861 4568 947 4614; x_wconf 90' lang='lat' dir='ltr'><strong>est</strong></span> <span class='ocrx_word' id='word_1_705' title='bbox 1003 4566 1181 4614; x_wconf 88' lang='lat' dir='ltr'><strong>status</strong></span> <span class='ocrx_word' id='word_1_706' title='bbox 1236 4558 1434 4614; x_wconf 74' lang='lat' dir='ltr'><strong>media:</strong></span> <span class='ocrx_word' id='word_1_707' title='bbox 1475 4575 1573 4614; x_wconf 88' lang='lat' dir='ltr'><strong>seu</strong></span> <span class='ocrx_word' id='word_1_708' title='bbox 1636 4563 1945 4616; x_wconf 84' lang='lat' dir='ltr'><strong>consisten-</strong></span> 
     </span>
    </p>
   </div>
   <div class='ocr_carea' id='block_1_93' title="bbox 358 4651 1943 4721">
    <p class='ocr_par' dir='ltr' id='par_1_93' title="bbox 358 4651 1943 4721">
     <span class='ocr_line' id='line_1_93' title="bbox 358 4651 1943 4721; baseline 0.002 -15"><span class='ocrx_word' id='word_1_709' title='bbox 358 4653 438 4707; x_wconf 89' lang='lat' dir='ltr'><strong>tis</strong></span> <span class='ocrx_word' id='word_1_710' title='bbox 481 4653 657 4707; x_wconf 68' lang='lat' dir='ltr'><strong>aatatis</strong></span> <span class='ocrx_word' id='word_1_711' title='bbox 682 4692 698 4717; x_wconf 91' lang='lat'><strong>,</strong></span> <span class='ocrx_word' id='word_1_712' title='bbox 746 4662 806 4706; x_wconf 92' lang='lat' dir='ltr'><strong>ut</strong></span> <span class='ocrx_word' id='word_1_713' title='bbox 868 4651 1054 4706; x_wconf 89' lang='lat' dir='ltr'><strong>frenes</strong></span> <span class='ocrx_word' id='word_1_714' title='bbox 1091 4653 1341 4721; x_wconf 90' lang='lat' dir='ltr'><strong>quinque</strong></span> <span class='ocrx_word' id='word_1_715' title='bbox 1396 4660 1488 4706; x_wconf 90' lang='lat' dir='ltr'><strong>tua</strong></span> <span class='ocrx_word' id='word_1_716' title='bbox 1527 4667 1790 4707; x_wconf 87' lang='lat' dir='ltr'><strong>sensuum</strong></span> <span class='ocrx_word' id='word_1_717' title='bbox 1823 4655 1943 4709; x_wconf 86' lang='lat' dir='ltr'><strong>ani-</strong></span> 
     </span>
    </p>
   </div>
   <div class='ocr_carea' id='block_1_94' title="bbox 356 4743 1939 4814">
    <p class='ocr_par' dir='ltr' id='par_1_94' title="bbox 356 4743 1939 4814">
     <span class='ocr_line' id='line_1_94' title="bbox 356 4743 1939 4814; baseline 0.001 -15"><span class='ocrx_word' id='word_1_718' title='bbox 356 4745 550 4809; x_wconf 86' lang='lat' dir='ltr'><strong>malia,</strong></span> <span class='ocrx_word' id='word_1_719' title='bbox 582 4760 651 4798; x_wconf 92' lang='lat' dir='ltr'><strong>ne</strong></span> <span class='ocrx_word' id='word_1_720' title='bbox 687 4744 754 4798; x_wconf 90' lang='lat' dir='ltr'><strong>ad</strong></span> <span class='ocrx_word' id='word_1_721' title='bbox 781 4753 1070 4814; x_wconf 67' lang='lat' dir='ltr'><strong>peccatum</strong></span> <span class='ocrx_word' id='word_1_722' title='bbox 1120 4744 1411 4811; x_wconf 64' lang='lat' dir='ltr'><strong>exsiliant&quot;;</strong></span> <span class='ocrx_word' id='word_1_723' title='bbox 1442 4743 1641 4814; x_wconf 91' lang='lat' dir='ltr'><strong>quinto</strong></span> <span class='ocrx_word' id='word_1_724' title='bbox 1669 4746 1819 4800; x_wconf 91' lang='lat' dir='ltr'><strong>enim</strong></span> <span class='ocrx_word' id='word_1_725' title='bbox 1849 4746 1939 4802; x_wconf 87' lang='lat' dir='ltr'><strong>die</strong></span> 
     </span>
    </p>
   </div>
   <div class='ocr_carea' id='block_1_95' title="bbox 356 4835 1936 4900">
    <p class='ocr_par' dir='ltr' id='par_1_95' title="bbox 356 4835 1936 4900">
     <span class='ocr_line' id='line_1_95' title="bbox 356 4835 1936 4900; baseline 0 -8"><span class='ocrx_word' id='word_1_726' title='bbox 356 4838 508 4892; x_wconf 82' lang='lat' dir='ltr'><strong>facta</strong></span> <span class='ocrx_word' id='word_1_727' title='bbox 557 4843 690 4891; x_wconf 87' lang='lat' dir='ltr'><strong>sunt</strong></span> <span class='ocrx_word' id='word_1_728' title='bbox 729 4837 1008 4890; x_wconf 90' lang='lat' dir='ltr'><strong>animalia.</strong></span> <span class='ocrx_word' id='word_1_729' title='bbox 1039 4835 1259 4900; x_wconf 81' lang='lat' dir='ltr'><strong>Sextus,</strong></span> <span class='ocrx_word' id='word_1_730' title='bbox 1319 4843 1408 4891; x_wconf 90' lang='lat' dir='ltr'><strong>est</strong></span> <span class='ocrx_word' id='word_1_731' title='bbox 1462 4837 1808 4891; x_wconf 90' lang='lat' dir='ltr'><strong>honorabilis</strong></span> <span class='ocrx_word' id='word_1_732' title='bbox 1849 4852 1936 4892; x_wconf 86' lang='lat' dir='ltr'><strong>se-</strong></span> 
     </span>
    </p>
   </div>
   <div class='ocr_carea' id='block_1_96' title="bbox 355 4925 1936 4996">
    <p class='ocr_par' dir='ltr' id='par_1_96' title="bbox 355 4925 1936 4996">
     <span class='ocr_line' id='line_1_96' title="bbox 355 4925 1936 4996; baseline 0.001 -15"><span class='ocrx_word' id='word_1_733' title='bbox 355 4933 580 4991; x_wconf 84' lang='lat' dir='ltr'><strong>nectus,</strong></span> <span class='ocrx_word' id='word_1_734' title='bbox 610 4933 672 4980; x_wconf 91' lang='lat' dir='ltr'><strong>ut</strong></span> <span class='ocrx_word' id='word_1_735' title='bbox 696 4935 955 4996; x_wconf 89' lang='lat' dir='ltr'><strong>tanquam</strong></span> <span class='ocrx_word' id='word_1_736' title='bbox 977 4941 1142 4981; x_wconf 89' lang='lat' dir='ltr'><strong>verus</strong></span> <span class='ocrx_word' id='word_1_737' title='bbox 1176 4927 1342 4980; x_wconf 89' lang='lat' dir='ltr'><strong>homo</strong></span> <span class='ocrx_word' id='word_1_738' title='bbox 1375 4925 1589 4981; x_wconf 91' lang='lat' dir='ltr'><strong>ratione</strong></span> <span class='ocrx_word' id='word_1_739' title='bbox 1635 4925 1847 4982; x_wconf 72' lang='lat' dir='ltr'><strong>lii-mam</strong></span> <span class='ocrx_word' id='word_1_740' title='bbox 1869 4943 1936 4982; x_wconf 87' lang='lat' dir='ltr'><strong>ac</strong></span> 
     </span>
    </p>
   </div>
   <div class='ocr_carea' id='block_1_97' title="bbox 355 5015 1937 5086">
    <p class='ocr_par' dir='ltr' id='par_1_97' title="bbox 355 5015 1937 5086">
     <span class='ocr_line' id='line_1_97' title="bbox 355 5015 1937 5086; baseline 0 -14"><span class='ocrx_word' id='word_1_741' title='bbox 355 5015 619 5072; x_wconf 82' lang='lat' dir='ltr'><strong>stabilem</strong></span> <span class='ocrx_word' id='word_1_742' title='bbox 645 5015 845 5071; x_wconf 90' lang='lat' dir='ltr'><strong>reddas</strong></span> <span class='ocrx_word' id='word_1_743' title='bbox 893 5016 1189 5086; x_wconf 79' lang='lat' dir='ltr'><strong>imaginem</strong></span> <span class='ocrx_word' id='word_1_744' title='bbox 1234 5032 1360 5086; x_wconf 78' lang='lat' dir='ltr'><strong>qua:</strong></span> <span class='ocrx_word' id='word_1_745' title='bbox 1394 5025 1516 5072; x_wconf 88' lang='lat' dir='ltr'><strong>erat</strong></span> <span class='ocrx_word' id='word_1_746' title='bbox 1544 5017 1613 5072; x_wconf 91' lang='lat' dir='ltr'><strong>ab</strong></span> <span class='ocrx_word' id='word_1_747' title='bbox 1644 5017 1830 5083; x_wconf 89' lang='lat' dir='ltr'><strong>initio,</strong></span> <span class='ocrx_word' id='word_1_748' title='bbox 1881 5027 1937 5075; x_wconf 92' lang='lat' dir='ltr'><strong>et</strong></span> 
     </span>
    </p>
   </div>
   <div class='ocr_carea' id='block_1_98' title="bbox 356 5105 1934 5176">
    <p class='ocr_par' dir='ltr' id='par_1_98' title="bbox 356 5105 1934 5176">
     <span class='ocr_line' id='line_1_98' title="bbox 356 5105 1934 5176; baseline 0.002 -16"><span class='ocrx_word' id='word_1_749' title='bbox 356 5105 613 5175; x_wconf 90' lang='lat' dir='ltr'><strong>corporis</strong></span> <span class='ocrx_word' id='word_1_750' title='bbox 653 5105 832 5160; x_wconf 88' lang='lat' dir='ltr'><strong>lutum</strong></span> <span class='ocrx_word' id='word_1_751' title='bbox 871 5105 1116 5175; x_wconf 79' lang='lat' dir='ltr'><strong>ellingas,</strong></span> <span class='ocrx_word' id='word_1_752' title='bbox 1161 5115 1217 5161; x_wconf 88' lang='lat' dir='ltr'><strong>et</strong></span> <span class='ocrx_word' id='word_1_753' title='bbox 1248 5122 1547 5176; x_wconf 89' lang='lat' dir='ltr'><strong>componas</strong></span> <span class='ocrx_word' id='word_1_754' title='bbox 1598 5107 1934 5174; x_wconf 89' lang='lat' dir='ltr'><strong>virtutibus;</strong></span> 
     </span>
    </p>
   </div>
   <div class='ocr_carea' id='block_1_99' title="bbox 357 5196 1941 5270">
    <p class='ocr_par' dir='ltr' id='par_1_99' title="bbox 357 5196 1941 5270">
     <span class='ocr_line' id='line_1_99' title="bbox 357 5196 1941 5270; baseline 0.004 -21"><span class='ocrx_word' id='word_1_755' title='bbox 357 5205 520 5250; x_wconf 80' lang='lat' dir='ltr'><strong>sexto</strong></span> <span class='ocrx_word' id='word_1_756' title='bbox 544 5196 690 5250; x_wconf 89' lang='lat' dir='ltr'><strong>enim</strong></span> <span class='ocrx_word' id='word_1_757' title='bbox 734 5196 911 5252; x_wconf 84' lang='lat' dir='ltr'><strong>factus</strong></span> <span class='ocrx_word' id='word_1_758' title='bbox 933 5205 1019 5252; x_wconf 90' lang='lat' dir='ltr'><strong>est</strong></span> <span class='ocrx_word' id='word_1_759' title='bbox 1041 5197 1229 5252; x_wconf 90' lang='lat' dir='ltr'><strong>homo.</strong></span> <span class='ocrx_word' id='word_1_760' title='bbox 1263 5197 1544 5268; x_wconf 88' lang='lat' dir='ltr'><strong>Septimus</strong></span> <span class='ocrx_word' id='word_1_761' title='bbox 1578 5207 1660 5254; x_wconf 85' lang='lat' dir='ltr'><strong>est</strong></span> <span class='ocrx_word' id='word_1_762' title='bbox 1688 5200 1941 5270; x_wconf 90' lang='lat' dir='ltr'><strong>decrepi-</strong></span> 
     </span>
    </p>
   </div>
   <div class='ocr_carea' id='block_1_100' title="bbox 361 5287 1940 5363">
    <p class='ocr_par' dir='ltr' id='par_1_100' title="bbox 361 5287 1940 5363">
     <span class='ocr_line' id='line_1_100' title="bbox 361 5287 1940 5363; baseline 0.004 -21"><span class='ocrx_word' id='word_1_763' title='bbox 361 5297 432 5342; x_wconf 72' lang='lat' dir='ltr'><strong>ta:</strong></span> <span class='ocrx_word' id='word_1_764' title='bbox 465 5287 668 5350; x_wconf 67' lang='lat' dir='ltr'><strong>aetatis,</strong></span> <span class='ocrx_word' id='word_1_765' title='bbox 705 5303 903 5356; x_wconf 89' lang='lat' dir='ltr'><strong>nempe</strong></span> <span class='ocrx_word' id='word_1_766' title='bbox 923 5304 1060 5343; x_wconf 89' lang='lat' dir='ltr'><strong>cana</strong></span> <span class='ocrx_word' id='word_1_767' title='bbox 1097 5291 1460 5357; x_wconf 89' lang='lat' dir='ltr'><strong>conscientia,</strong></span> <span class='ocrx_word' id='word_1_768' title='bbox 1511 5293 1804 5363; x_wconf 84' lang='lat' dir='ltr'><strong>gravisque</strong></span> <span class='ocrx_word' id='word_1_769' title='bbox 1835 5293 1940 5348; x_wconf 83' lang='lat' dir='ltr'><strong>ho-</strong></span> 
     </span>
    </p>
   </div>
   <div class='ocr_carea' id='block_1_101' title="bbox 357 5381 1936 5454">
    <p class='ocr_par' dir='ltr' id='par_1_101' title="bbox 357 5381 1936 5454">
     <span class='ocr_line' id='line_1_101' title="bbox 357 5381 1936 5454; baseline 0.003 -18"><span class='ocrx_word' id='word_1_770' title='bbox 357 5388 521 5437; x_wconf 88' lang='lat' dir='ltr'><strong>nesta</strong></span> <span class='ocrx_word' id='word_1_771' title='bbox 553 5396 618 5436; x_wconf 89' lang='lat' dir='ltr'><strong>ac</strong></span> <span class='ocrx_word' id='word_1_772' title='bbox 639 5381 728 5451; x_wconf 88' lang='lat' dir='ltr'><strong>pia</strong></span> <span class='ocrx_word' id='word_1_773' title='bbox 760 5381 887 5436; x_wconf 65' lang='lat' dir='ltr'><strong>vita:</strong></span> <span class='ocrx_word' id='word_1_774' title='bbox 915 5381 1138 5453; x_wconf 79' lang='lat' dir='ltr'><strong>agenda:</strong></span> <span class='ocrx_word' id='word_1_775' title='bbox 1171 5383 1334 5448; x_wconf 88' lang='lat' dir='ltr'><strong>ratio,</strong></span> <span class='ocrx_word' id='word_1_776' title='bbox 1376 5391 1438 5438; x_wconf 89' lang='lat' dir='ltr'><strong>ut</strong></span> <span class='ocrx_word' id='word_1_777' title='bbox 1464 5391 1624 5440; x_wconf 74' lang='lat' dir='ltr'><strong>terra:</strong></span> <span class='ocrx_word' id='word_1_778' title='bbox 1652 5401 1749 5454; x_wconf 91' lang='lat' dir='ltr'><strong>per</strong></span> <span class='ocrx_word' id='word_1_779' title='bbox 1784 5401 1936 5440; x_wconf 85' lang='lat' dir='ltr'><strong>mor-</strong></span> 
     </span>
    </p>
   </div>
   <div class='ocr_carea' id='block_1_102' title="bbox 361 5473 1939 5545">
    <p class='ocr_par' dir='ltr' id='par_1_102' title="bbox 361 5473 1939 5545">
     <span class='ocr_line' id='line_1_102' title="bbox 361 5473 1939 5545; baseline 0.002 -18"><span class='ocrx_word' id='word_1_780' title='bbox 361 5483 478 5528; x_wconf 91' lang='lat' dir='ltr'><strong>tem</strong></span> <span class='ocrx_word' id='word_1_781' title='bbox 541 5481 876 5543; x_wconf 90' lang='lat' dir='ltr'><strong>provocetur</strong></span> <span class='ocrx_word' id='word_1_782' title='bbox 914 5473 1154 5544; x_wconf 90' lang='lat' dir='ltr'><strong>requies,</strong></span> <span class='ocrx_word' id='word_1_783' title='bbox 1205 5475 1426 5544; x_wconf 89' lang='lat' dir='ltr'><strong>quando</strong></span> <span class='ocrx_word' id='word_1_784' title='bbox 1480 5485 1738 5545; x_wconf 86' lang='lat' dir='ltr'><strong>tanquam</strong></span> <span class='ocrx_word' id='word_1_785' title='bbox 1788 5476 1939 5530; x_wconf 89' lang='lat' dir='ltr'><strong>albe-</strong></span> 
     </span>
    </p>
   </div>
   <div class='ocr_carea' id='block_1_103' title="bbox 358 5565 1936 5636">
    <p class='ocr_par' dir='ltr' id='par_1_103' title="bbox 358 5565 1936 5636">
     <span class='ocr_line' id='line_1_103' title="bbox 358 5565 1936 5636; baseline 0.001 -15"><span class='ocrx_word' id='word_1_786' title='bbox 358 5580 528 5621; x_wconf 89' lang='lat' dir='ltr'><strong>scens</strong></span> <span class='ocrx_word' id='word_1_787' title='bbox 556 5565 706 5633; x_wconf 89' lang='lat' dir='ltr'><strong>spica</strong></span> <span class='ocrx_word' id='word_1_788' title='bbox 729 5573 785 5620; x_wconf 90' lang='lat' dir='ltr'><strong>et</strong></span> <span class='ocrx_word' id='word_1_789' title='bbox 839 5574 1098 5636; x_wconf 87' lang='lat' dir='ltr'><strong>tanquam</strong></span> <span class='ocrx_word' id='word_1_790' title='bbox 1146 5575 1424 5621; x_wconf 91' lang='lat' dir='ltr'><strong>maturum</strong></span> <span class='ocrx_word' id='word_1_791' title='bbox 1468 5567 1806 5622; x_wconf 89' lang='lat' dir='ltr'><strong>frumentum</strong></span> <span class='ocrx_word' id='word_1_792' title='bbox 1848 5582 1936 5622; x_wconf 87' lang='lat' dir='ltr'><strong>re-</strong></span> 
     </span>
    </p>
   </div>
   <div class='ocr_carea' id='block_1_104' title="bbox 439 5673 1574 5749">
    <p class='ocr_par' dir='ltr' id='par_1_104' title="bbox 439 5673 1574 5749">
     <span class='ocr_line' id='line_1_104' title="bbox 439 5673 1574 5749; baseline 0.002 -19"><span class='ocrx_word' id='word_1_793' title='bbox 439 5673 486 5704; x_wconf 81' lang='lat'><strong>“</strong></span> <span class='ocrx_word' id='word_1_794' title='bbox 519 5675 662 5730; x_wconf 82' lang='lat' dir='ltr'><strong>Psal.</strong></span> <span class='ocrx_word' id='word_1_795' title='bbox 695 5692 896 5743; x_wconf 76' lang='lat' dir='ltr'><strong>xxxvii,</strong></span> <span class='ocrx_word' id='word_1_796' title='bbox 1068 5679 1111 5710; x_wconf 80' lang='grc'><strong>⁸⁸</strong></span> <span class='ocrx_word' id='word_1_797' title='bbox 1144 5679 1342 5749; x_wconf 84' lang='lat' dir='ltr'><strong>Ephes.</strong></span> <span class='ocrx_word' id='word_1_798' title='bbox 1380 5695 1454 5742; x_wconf 71' lang='grc' dir='ltr'><strong>γι,</strong></span> <span class='ocrx_word' id='word_1_799' title='bbox 1491 5681 1574 5734; x_wconf 85' lang='grc'><strong>16.</strong></span> 
     </span>
    </p>
   </div>
   <div class='ocr_carea' id='block_1_105' title="bbox 1655 5681 2245 5746">
    <p class='ocr_par' dir='ltr' id='par_1_105' title="bbox 1655 5681 2245 5746">
     <span class='ocr_line' id='line_1_105' title="bbox 1655 5681 2245 5746; baseline -0.002 -11"><span class='ocrx_word' id='word_1_800' title='bbox 1655 5683 1698 5711; x_wconf 86' lang='grc'>⁶⁶</span> <span class='ocrx_word' id='word_1_801' title='bbox 1733 5681 1872 5735; x_wconf 88' lang='lat' dir='ltr'><strong>Psal.</strong></span> <span class='ocrx_word' id='word_1_802' title='bbox 1901 5697 2082 5746; x_wconf 79' lang='lat' dir='ltr'><strong>cxvm,</strong></span> <span class='ocrx_word' id='word_1_803' title='bbox 2131 5681 2245 5735; x_wconf 91' lang='lat' dir='ltr'><strong>lOl.</strong></span> 
     </span>
    </p>
   </div>
   <div class='ocr_carea' id='block_1_106' title="bbox 2038 4468 3616 4542">
    <p class='ocr_par' dir='ltr' id='par_1_106' title="bbox 2038 4468 3616 4542">
     <span class='ocr_line' id='line_1_106' title="bbox 2038 4468 3616 4542; baseline -0.004 -16"><span class='ocrx_word' id='word_1_804' title='bbox 2038 4487 2194 4542; x_wconf 90' lang='lat' dir='ltr'><strong>pore,</strong></span> <span class='ocrx_word' id='word_1_805' title='bbox 2217 4470 2364 4540; x_wconf 85' lang='lat' dir='ltr'><strong>quod</strong></span> <span class='ocrx_word' id='word_1_806' title='bbox 2392 4477 2609 4524; x_wconf 90' lang='lat' dir='ltr'><strong>constat</strong></span> <span class='ocrx_word' id='word_1_807' title='bbox 2631 4485 2699 4525; x_wconf 81' lang='lat' dir='ltr'><strong>ex</strong></span> <span class='ocrx_word' id='word_1_808' title='bbox 2723 4479 2962 4539; x_wconf 90' lang='lat' dir='ltr'><strong>quatuor</strong></span> <span class='ocrx_word' id='word_1_809' title='bbox 2991 4468 3306 4529; x_wconf 90' lang='lat' dir='ltr'><strong>elementis,</strong></span> <span class='ocrx_word' id='word_1_810' title='bbox 3337 4468 3616 4521; x_wconf 88' lang='lat' dir='ltr'><strong>renovarit</strong></span> 
     </span>
    </p>
   </div>
   <div class='ocr_carea' id='block_1_107' title="bbox 2039 4557 3618 4631">
    <p class='ocr_par' dir='ltr' id='par_1_107' title="bbox 2039 4557 3618 4631">
     <span class='ocr_line' id='line_1_107' title="bbox 2039 4557 3618 4631; baseline -0.004 -13"><span class='ocrx_word' id='word_1_811' title='bbox 2039 4564 2208 4618; x_wconf 91' lang='lat' dir='ltr'><strong>etiam</strong></span> <span class='ocrx_word' id='word_1_812' title='bbox 2258 4562 2499 4620; x_wconf 85' lang='lat' dir='ltr'><strong>animam</strong></span> <span class='ocrx_word' id='word_1_813' title='bbox 2553 4578 2676 4631; x_wconf 68' lang='lat' dir='ltr'><strong>qua:</strong></span> <span class='ocrx_word' id='word_1_814' title='bbox 2730 4572 2813 4616; x_wconf 77' lang='lat' dir='ltr'><strong>est</strong></span> <span class='ocrx_word' id='word_1_815' title='bbox 2862 4561 2931 4616; x_wconf 90' lang='lat' dir='ltr'><strong>ad</strong></span> <span class='ocrx_word' id='word_1_816' title='bbox 2992 4561 3315 4631; x_wconf 87' lang='lat' dir='ltr'><strong>imaginem;</strong></span> <span class='ocrx_word' id='word_1_817' title='bbox 3369 4557 3618 4614; x_wconf 89' lang='lat' dir='ltr'><strong>senarius</strong></span> 
     </span>
    </p>
   </div>
   <div class='ocr_carea' id='block_1_108' title="bbox 2041 4650 3620 4724">
    <p class='ocr_par' dir='ltr' id='par_1_108' title="bbox 2041 4650 3620 4724">
     <span class='ocr_line' id='line_1_108' title="bbox 2041 4650 3620 4724; baseline -0.004 -16"><span class='ocrx_word' id='word_1_818' title='bbox 2041 4663 2246 4719; x_wconf 86' lang='lat' dir='ltr'><strong>autem,</strong></span> <span class='ocrx_word' id='word_1_819' title='bbox 2276 4663 2337 4708; x_wconf 90' lang='lat' dir='ltr'><strong>ut</strong></span> <span class='ocrx_word' id='word_1_820' title='bbox 2363 4653 2459 4724; x_wconf 91' lang='lat' dir='ltr'><strong>qui</strong></span> <span class='ocrx_word' id='word_1_821' title='bbox 2482 4663 2638 4708; x_wconf 83' lang='lat' dir='ltr'><strong>sexto</strong></span> <span class='ocrx_word' id='word_1_822' title='bbox 2667 4653 2778 4717; x_wconf 89' lang='lat' dir='ltr'><strong>die,</strong></span> <span class='ocrx_word' id='word_1_823' title='bbox 2808 4653 3016 4707; x_wconf 89' lang='lat' dir='ltr'><strong>mundo</strong></span> <span class='ocrx_word' id='word_1_824' title='bbox 3059 4650 3407 4722; x_wconf 87' lang='lat' dir='ltr'><strong>apparuerit;</strong></span> <span class='ocrx_word' id='word_1_825' title='bbox 3438 4658 3620 4718; x_wconf 82' lang='lat' dir='ltr'><strong>septe-</strong></span> 
     </span>
    </p>
   </div>
   <div class='ocr_carea' id='block_1_109' title="bbox 2041 4739 3619 4816">
    <p class='ocr_par' dir='ltr' id='par_1_109' title="bbox 2041 4739 3619 4816">
     <span class='ocr_line' id='line_1_109' title="bbox 2041 4739 3619 4816; baseline -0.007 -13"><span class='ocrx_word' id='word_1_826' title='bbox 2041 4748 2250 4811; x_wconf 89' lang='lat' dir='ltr'><strong>narius,</strong></span> <span class='ocrx_word' id='word_1_827' title='bbox 2277 4756 2337 4802; x_wconf 91' lang='lat' dir='ltr'><strong>ut</strong></span> <span class='ocrx_word' id='word_1_828' title='bbox 2383 4746 2480 4816; x_wconf 90' lang='lat' dir='ltr'><strong>qui</strong></span> <span class='ocrx_word' id='word_1_829' title='bbox 2526 4760 2629 4800; x_wconf 88' lang='lat' dir='ltr'><strong>nos</strong></span> <span class='ocrx_word' id='word_1_830' title='bbox 2678 4745 2871 4800; x_wconf 90' lang='lat' dir='ltr'><strong>fecerit</strong></span> <span class='ocrx_word' id='word_1_831' title='bbox 2918 4743 3268 4812; x_wconf 87' lang='lat' dir='ltr'><strong>requiescere</strong></span> <span class='ocrx_word' id='word_1_832' title='bbox 3313 4756 3344 4795; x_wconf 85' lang='lat' dir='ltr'><strong>a</strong></span> <span class='ocrx_word' id='word_1_833' title='bbox 3377 4739 3619 4795; x_wconf 87' lang='lat' dir='ltr'><strong>Sabbato</strong></span> 
     </span>
    </p>
   </div>
   <div class='ocr_carea' id='block_1_110' title="bbox 2040 4832 3614 4908">
    <p class='ocr_par' dir='ltr' id='par_1_110' title="bbox 2040 4832 3614 4908">
     <span class='ocr_line' id='line_1_110' title="bbox 2040 4832 3614 4908; baseline -0.006 -16"><span class='ocrx_word' id='word_1_834' title='bbox 2040 4838 2178 4908; x_wconf 88' lang='lat' dir='ltr'><strong>legis</strong></span> <span class='ocrx_word' id='word_1_835' title='bbox 2197 4880 2210 4904; x_wconf 94' lang='lat'><strong>,</strong></span> <span class='ocrx_word' id='word_1_836' title='bbox 2228 4838 2567 4901; x_wconf 91' lang='lat' dir='ltr'><strong>octonarius,</strong></span> <span class='ocrx_word' id='word_1_837' title='bbox 2587 4846 2816 4906; x_wconf 89' lang='lat' dir='ltr'><strong>propter</strong></span> <span class='ocrx_word' id='word_1_838' title='bbox 2833 4834 3090 4904; x_wconf 86' lang='lat' dir='ltr'><strong>baptismi</strong></span> <span class='ocrx_word' id='word_1_839' title='bbox 3109 4832 3614 4896; x_wconf 89' lang='lat' dir='ltr'><strong>circumcisionem;</strong></span> 
     </span>
    </p>
   </div>
   <div class='ocr_carea' id='block_1_111' title="bbox 2043 4921 3616 4994">
    <p class='ocr_par' dir='ltr' id='par_1_111' title="bbox 2043 4921 3616 4994">
     <span class='ocr_line' id='line_1_111' title="bbox 2043 4921 3616 4994; baseline -0.003 -13"><span class='ocrx_word' id='word_1_840' title='bbox 2043 4927 2382 4983; x_wconf 89' lang='lat' dir='ltr'><strong>novenarius</strong></span> <span class='ocrx_word' id='word_1_841' title='bbox 2447 4937 2675 4990; x_wconf 68' lang='lat' dir='ltr'><strong>autem,</strong></span> <span class='ocrx_word' id='word_1_842' title='bbox 2739 4935 2800 4980; x_wconf 93' lang='lat' dir='ltr'><strong>ut</strong></span> <span class='ocrx_word' id='word_1_843' title='bbox 2857 4925 2952 4994; x_wconf 89' lang='lat' dir='ltr'><strong>qui</strong></span> <span class='ocrx_word' id='word_1_844' title='bbox 3013 4925 3067 4978; x_wconf 92' lang='lat' dir='ltr'><strong>in</strong></span> <span class='ocrx_word' id='word_1_845' title='bbox 3121 4924 3296 4978; x_wconf 87' lang='lat' dir='ltr'><strong>tribus</strong></span> <span class='ocrx_word' id='word_1_846' title='bbox 3343 4921 3616 4976; x_wconf 87' lang='lat' dir='ltr'><strong>similibus</strong></span> 
     </span>
    </p>
   </div>
   <div class='ocr_carea' id='block_1_112' title="bbox 2044 5009 3615 5088">
    <p class='ocr_par' dir='ltr' id='par_1_112' title="bbox 2044 5009 3615 5088">
     <span class='ocr_line' id='line_1_112' title="bbox 2044 5009 3615 5088; baseline -0.004 -18"><span class='ocrx_word' id='word_1_847' title='bbox 2044 5016 2362 5088; x_wconf 69' lang='lat' dir='ltr'><strong>praedicarit</strong></span> <span class='ocrx_word' id='word_1_848' title='bbox 2388 5016 2710 5087; x_wconf 85' lang='lat' dir='ltr'><strong>mysterium</strong></span> <span class='ocrx_word' id='word_1_849' title='bbox 2765 5014 3084 5068; x_wconf 89' lang='lat' dir='ltr'><strong>Trinitatis:</strong></span> <span class='ocrx_word' id='word_1_850' title='bbox 3131 5029 3332 5082; x_wconf 88' lang='lat' dir='ltr'><strong>nempe</strong></span> <span class='ocrx_word' id='word_1_851' title='bbox 3380 5009 3615 5066; x_wconf 86' lang='lat' dir='ltr'><strong>naturali</strong></span> 
     </span>
    </p>
   </div>
   <div class='ocr_carea' id='block_1_113' title="bbox 2041 5107 3614 5177">
    <p class='ocr_par' dir='ltr' id='par_1_113' title="bbox 2041 5107 3614 5177">
     <span class='ocr_line' id='line_1_113' title="bbox 2041 5107 3614 5177; baseline -0.003 -15"><span class='ocrx_word' id='word_1_852' title='bbox 2041 5108 2271 5176; x_wconf 75' lang='lat' dir='ltr'><strong>scripto,</strong></span> <span class='ocrx_word' id='word_1_853' title='bbox 2299 5115 2356 5162; x_wconf 92' lang='lat' dir='ltr'><strong>et</strong></span> <span class='ocrx_word' id='word_1_854' title='bbox 2379 5107 2648 5177; x_wconf 78' lang='lat' dir='ltr'><strong>mystico:</strong></span> <span class='ocrx_word' id='word_1_855' title='bbox 2683 5117 2765 5161; x_wconf 87' lang='lat' dir='ltr'><strong>ter</strong></span> <span class='ocrx_word' id='word_1_856' title='bbox 2825 5114 3009 5160; x_wconf 87' lang='lat' dir='ltr'><strong>autem</strong></span> <span class='ocrx_word' id='word_1_857' title='bbox 3063 5115 3199 5171; x_wconf 87' lang='lat' dir='ltr'><strong>tres,</strong></span> <span class='ocrx_word' id='word_1_858' title='bbox 3222 5113 3350 5160; x_wconf 89' lang='lat' dir='ltr'><strong>sunt</strong></span> <span class='ocrx_word' id='word_1_859' title='bbox 3389 5118 3614 5169; x_wconf 86' lang='lat' dir='ltr'><strong>novem;</strong></span> 
     </span>
    </p>
   </div>
   <div class='ocr_carea' id='block_1_114' title="bbox 2047 5195 3618 5268">
    <p class='ocr_par' dir='ltr' id='par_1_114' title="bbox 2047 5195 3618 5268">
     <span class='ocr_line' id='line_1_114' title="bbox 2047 5195 3618 5268; baseline -0.003 -15"><span class='ocrx_word' id='word_1_860' title='bbox 2047 5199 2318 5254; x_wconf 90' lang='lat' dir='ltr'><strong>denarius</strong></span> <span class='ocrx_word' id='word_1_861' title='bbox 2357 5207 2566 5262; x_wconf 78' lang='lat' dir='ltr'><strong>autem,</strong></span> <span class='ocrx_word' id='word_1_862' title='bbox 2618 5207 2680 5252; x_wconf 93' lang='lat' dir='ltr'><strong>ut</strong></span> <span class='ocrx_word' id='word_1_863' title='bbox 2735 5197 3017 5266; x_wconf 87' lang='lat' dir='ltr'><strong>perfectus</strong></span> <span class='ocrx_word' id='word_1_864' title='bbox 3050 5208 3107 5253; x_wconf 91' lang='lat' dir='ltr'><strong>et</strong></span> <span class='ocrx_word' id='word_1_865' title='bbox 3153 5197 3440 5268; x_wconf 89' lang='lat' dir='ltr'><strong>plenitudo</strong></span> <span class='ocrx_word' id='word_1_866' title='bbox 3480 5195 3618 5266; x_wconf 80' lang='lat' dir='ltr'><strong>legis</strong></span> 
     </span>
    </p>
   </div>
   <div class='ocr_carea' id='block_1_115' title="bbox 2045 5284 3616 5360">
    <p class='ocr_par' dir='ltr' id='par_1_115' title="bbox 2045 5284 3616 5360">
     <span class='ocr_line' id='line_1_115' title="bbox 2045 5284 3616 5360; baseline -0.004 -15"><span class='ocrx_word' id='word_1_867' title='bbox 2045 5289 2454 5360; x_wconf 85' lang='lat' dir='ltr'><strong>Decalogi,qui</strong></span> <span class='ocrx_word' id='word_1_868' title='bbox 2505 5297 2592 5344; x_wconf 90' lang='lat' dir='ltr'><strong>est</strong></span> <span class='ocrx_word' id='word_1_869' title='bbox 2643 5297 2770 5342; x_wconf 89' lang='lat' dir='ltr'><strong>ante</strong></span> <span class='ocrx_word' id='word_1_870' title='bbox 2819 5290 3018 5344; x_wconf 60' lang='lat' dir='ltr'><strong>saecula</strong></span> <span class='ocrx_word' id='word_1_871' title='bbox 3057 5289 3296 5345; x_wconf 82' lang='lat' dir='ltr'><strong>Verbum</strong></span> <span class='ocrx_word' id='word_1_872' title='bbox 3347 5295 3404 5342; x_wconf 90' lang='lat' dir='ltr'><strong>et</strong></span> <span class='ocrx_word' id='word_1_873' title='bbox 3448 5284 3616 5340; x_wconf 74' lang='lat' dir='ltr'><strong>Filius</strong></span> 
     </span>
    </p>
   </div>
   <div class='ocr_carea' id='block_1_116' title="bbox 2047 5378 3614 5451">
    <p class='ocr_par' dir='ltr' id='par_1_116' title="bbox 2047 5378 3614 5451">
     <span class='ocr_line' id='line_1_116' title="bbox 2047 5378 3614 5451; baseline -0.004 -16"><span class='ocrx_word' id='word_1_874' title='bbox 2047 5382 2163 5436; x_wconf 88' lang='lat' dir='ltr'><strong>Dei.</strong></span> <span class='ocrx_word' id='word_1_875' title='bbox 2197 5381 2303 5451; x_wconf 89' lang='lat' dir='ltr'><strong>Ipsi</strong></span> <span class='ocrx_word' id='word_1_876' title='bbox 2338 5381 2512 5451; x_wconf 89' lang='lat' dir='ltr'><strong>gloria</strong></span> <span class='ocrx_word' id='word_1_877' title='bbox 2563 5389 2619 5436; x_wconf 92' lang='lat' dir='ltr'><strong>et</strong></span> <span class='ocrx_word' id='word_1_878' title='bbox 2649 5380 2893 5450; x_wconf 86' lang='lat' dir='ltr'><strong>potentia</strong></span> <span class='ocrx_word' id='word_1_879' title='bbox 2917 5379 2971 5434; x_wconf 94' lang='lat' dir='ltr'><strong>in</strong></span> <span class='ocrx_word' id='word_1_880' title='bbox 3011 5380 3213 5436; x_wconf 68' lang='lat' dir='ltr'><strong>saacula</strong></span> <span class='ocrx_word' id='word_1_881' title='bbox 3261 5378 3614 5434; x_wconf 64' lang='lat' dir='ltr'><strong>saculorum.</strong></span> 
     </span>
    </p>
   </div>
   <div class='ocr_carea' id='block_1_117' title="bbox 2043 5474 2235 5528">
    <p class='ocr_par' dir='ltr' id='par_1_117' title="bbox 2043 5474 2235 5528">
     <span class='ocr_line' id='line_1_117' title="bbox 2043 5474 2235 5528; baseline -0.005 -1"><span class='ocrx_word' id='word_1_882' title='bbox 2043 5474 2235 5528; x_wconf 82' lang='lat' dir='ltr'><strong>Amen.</strong></span> 
     </span>
    </p>
   </div>
   <div class='ocr_carea' id='block_1_118' title="bbox 2325 5680 3223 5746">
    <p class='ocr_par' dir='ltr' id='par_1_118' title="bbox 2325 5680 3223 5746">
     <span class='ocr_line' id='line_1_118' title="bbox 2325 5680 3223 5746; baseline 0.001 -11"><span class='ocrx_word' id='word_1_883' title='bbox 2325 5681 2367 5711; x_wconf 85' lang='grc'><strong>⁶⁷</strong></span> <span class='ocrx_word' id='word_1_884' title='bbox 2391 5680 2565 5735; x_wconf 84' lang='lat' dir='ltr'><strong>Galat.</strong></span> <span class='ocrx_word' id='word_1_885' title='bbox 2613 5699 2685 5745; x_wconf 78' lang='lat' dir='ltr'><strong>v1,</strong></span> <span class='ocrx_word' id='word_1_886' title='bbox 2717 5683 2764 5736; x_wconf 79' lang='lat'><strong>8.</strong></span> <span class='ocrx_word' id='word_1_887' title='bbox 2845 5682 2890 5711; x_wconf 72' lang='lat'><strong>“</strong></span> <span class='ocrx_word' id='word_1_888' title='bbox 2918 5681 3017 5735; x_wconf 77' lang='lat' dir='ltr'><strong>lsu.</strong></span> <span class='ocrx_word' id='word_1_889' title='bbox 3049 5699 3099 5746; x_wconf 89' lang='lat' dir='ltr'><strong>v,</strong></span> <span class='ocrx_word' id='word_1_890' title='bbox 3134 5682 3223 5736; x_wconf 72' lang='grc'><strong>27.</strong></span> 
     </span>
    </p>
   </div>
  </div>
