3942 6298
463 219 582 283 951’

699 349 978 390 EIUSDEM
1041 352 1202 394 LIBRI
1238 355 1320 396 VII
1370 355 1824 397 CONTINUATIU.

537 494 609 546 De
644 495 740 549 Dei
786 501 993 552 nomine
1059 501 1342 571 duplicato,
1379 516 1425 558 et
1459 523 1632 559 rerum
1696 506 1972 560 Creatioue

1149 573 1344 643 duplici
1352 628 1362 638 _

537 698 631 751 Hie
650 699 779 753 liber
793 705 1149 770 generationis
1181 706 1295 758 coeli
1344 716 1394 758 et
1425 717 1600 772 terrm,
1631 709 1843 778 quando
1871 709 2038 776 factus

464 799 540 842 est
571 791 681 844 dies
716 794 768 844 in
801 809 904 862 quo
941 795 1060 863 fecit
1089 796 1231 850 Deus
1283 799 1470 852 emtum
1519 809 1568 852 et
1611 809 1830 853 terram.
1861 801 2042 853 Aures

463 889 674 936 attente
699 883 910 952 aperiat
931 884 1198 952 Ecclesia,
1223 904 1320 944 cor
1343 890 1558 956 dilatet,
1583 899 1639 944 et
1667 889 1868 944 mentis
1909 903 2037 943 ocu-

463 974 544 1026 los
592 973 880 1029 evidenter
932 977 1202 1043 intendat,
1251 991 1309 1035 et
1364 982 1546 1051 pulset
1578 983 1782 1035 ostium
1818 981 1861 1012 ‘°
1891 979 2043 1048 apud"

460 1079 556 1116 eos
578 1065 673 1132 qui
696 1074 885 1121 tenent
919 1069 1103 1124 claves
1137 1073 1501 1142 cognitionis,
1540 1073 1770 1127 dicens:
1825 1073 2040 1143 Aperite

461 1157 587 1208 mihi
661 1167 840 1227 portas
893 1161 1118 1229 justitiw
1153 1165 1198 1195 "°
1230 1164 1543 1218 divinorum
1591 1173 1647 1219 et
1709 1180 2036 1219 arcanorum

459 1249 870 1317 mysteriorum,
921 1261 981 1306 ut
1004 1269 1099 1308 eas
1130 1255 1411 1324 ingressus
1453 1257 1547 1310 Dei
1597 1256 1831 1325 populus
1864 1256 2038 1325 possit

458 1333 644 1408 aliquo
696 1343 859 1398 modo
909 1345 1216 1415 intelligere
1265 1347 1625 1415 quamobrem
1672 1357 1799 1401 ante
1845 1364 1873 1400 a
1925 1349 2036 1402 Deo

463 1435 659 1488 l‘actam
701 1444 917 1490 eterra
977 1439 1219 1494 hominis
1275 1441 1746 1494 constructionem
1800 1441 2035 1509 simplici

460 1525 698 1591 quodam
752 1526 974 1580 nomine
1041 1528 1229 1582 divina
1289 1529 1571 1599 Scriptura
1628 1540 1788 1585 vocat
1835 1540 1891 1584 et
1943 1547 2038 1601 ap—

460 1615 630 1682 pellat
677 1616 954 1684 Opiﬁcem,
1005 1633 1202 1688 nempe
1261 1621 1472 1684 Deum,
1531 1623 1581 1677 ei
1633 1623 1844 1677 nomini
1908 1624 2036 1678 nul-

461 1709 566 1760 lam
626 1707 834 1762 addens
897 1711 1352 1780 compositionem
1403 1715 1926 1788 aut\additioncm,
1979 1725 2038 1770 ut

459 1798 681 1866 quando
713 1798 882 1854 dicit:
915 1799 979 1853 In
1015 1804 1274 1871 principio
1300 1805 1419 1874 fecit
1464 1805 1603 1859 Deus
1635 1807 1822 1860 cretum
1849 1816 1898 1859 et
1927 1816 2035 1860 ter-

461 1907 598 1943 ram.
639 1890 911 1947 Etrursus
940 1893 1236 1964 deinceps:
1277 1897 1344 1950 Et
1379 1899 1513 1951 dixit
1543 1898 1697 1953 Deus.
1737 1901 1838 1954 Et:
1871 1899 2038 1970 Sepa-

460 1985 596 2036 ravit
641 1983 776 2038 Deus
814 1987 1181 2041 intermedium
1215 1988 1378 2054 lucis;
1413 1990 1556 2045 facto
1599 2003 1781 2047 autem
1811 1994 2036 2048 homine

460 2077 664 2147 duplici
697 2081 811 2150 (qui
839 2089 942 2146 est,
1000 2083 1244 2153 inquam,
1277 2087 1626 2155 compositus
1663 2105 1730 2142 ex
1766 2096 1916 2142 terra
1978 2100 2035 2144 ct

459 2169 645 2223 divina
676 2171 1089 2244 insulilati'one),
1127 2177 1312 2230 statim
1363 2177 1642 2248 Scriptura
1667 2181 2032 2249 compositum

459 2274 680 2328 quoque
713 2268 770 2315 et
800 2261 1003 2332 duplex
1038 2264 1168 2320 fecit
1194 2283 1395 2321 nomen
1431 2269 1663 2339 opiﬁcis,
1687 2286 1812 2324 eum
1844 2271 2035 2340 appel-

460 2351 578 2403 lans
609 2350 900 2407 Dominum
931 2363 987 2408 et
1016 2355 1209 2420 Deum,
1239 2357 1404 2426 idque
1431 2373 1541 2412 non
1570 2360 1757 2424 semel,
1798 2377 1898 2414 nec
1926 2361 2030 2425 bis,

459 2457 560 2495 uec
593 2443 818 2512 septies.
853 2445 948 2499 sed
985 2446 1040 2499 in
1085 2449 1480 2517 septemdecim
1531 2451 1807 2520 capitibus
1838 2452 2033 2506 ordine

456 2545 512 2588 et
547 2535 810 2604 deinceps
857 2537 1035 2605 ipsum
1078 2540 1389 2593 nominavit
1421 2541 1590 2594 Deum
1629 2551 1685 2595 et
1715 2543 2030 2607 Dominum,

459 2635 718 2691 tanquam
764 2624 1180 2680 continuatione
1233 2627 1622 2696 duplicationis
1656 2639 1712 2683 et
1744 2631 2030 2699 compositi

456 2714 697 2768 nominis
754 2713 962 2783 Spiritu
995 2726 1181 2770 sancto
1213 2733 1312 2771 nos
1339 2718 1544 2772 docens
1585 2729 1642 2773 et
1674 2720 1894 2774 dicens:
1922 2721 2032 2775 Co-

455 2803 703 2872 gnoscite
727 2802 872 2871 quod
910 2803 1002 2872 qui
1036 2803 1167 2856 olim
1199 2813 1326 2858 ante
1347 2807 1545 2859 saecula
1577 2807 1805 2876 simplex
1826 2819 1944 2862 erat
1976 2819 2032 2864 et

459 2894 878 2962 incompositus,
899 2895 1001 2948 sibi
1036 2905 1358 2950 constructo
1381 2897 1623 2952 humano
1651 2899 2027 2966 tabernaculo,

455 2979 508 3035 ei
537 2981 761 3036 unietur
797 2982 849 3036 in
904 2983 1183 3054 hypostasi
1240 2984 1295 3038 in
1327 2987 1732 3054 posterioribus
1764 2992 2026 3059 tempori-

457 3074 580 3139 bus,
616 3082 673 3129 et
717 3074 809 3129 ﬁet
837 3078 1198 3146 compositus
1241 3079 1339 3149 qui
1393 3088 1661 3135 eratante
1707 3082 1938 3152 simplex
1969 3094 2024 3140 et

455 3164 875 3235 incompositus,
910 3169 1269 3239 compositam
1328 3182 1553 3241 portans
1599 3175 2020 3244 appellationem

453 3272 551 3325 per
611 3257 1088 3324 incarnationem,
1145 3271 1205 3316 ut
1254 3264 1347 3332 qui
1405 3266 1714 3334 appelletur
1766 3267 2026 3324 Christus

450 3348 624 3410 Deus,
658 3348 764 3403 hoc
803 3359 888 3404 est
939 3351 1083 3406 Deus
1116 3361 1171 3406 et
1206 3353 1389 3409 homo.
1419 3355 1592 3422 Quem
1625 3359 1854 3427 pulchre
1896 3376 2021 3415 cum

449 3443 726 3508 palpasset
760 3451 816 3495 et
853 3441 1084 3498 dixisset
1106 3444 1365 3509 Thomas,
1395 3457 1452 3501 et
1482 3448 1536 3501 in
1560 3465 1627 3504 eo
1656 3453 2024 3520 perspexisset

449 3528 682 3584 duarum
708 3539 1031 3587 naturarum
1063 3537 1527 3607 conjugalionem,
1580 3543 1908 3597 exclamavit
1939 3545 2023 3598 di-

450 3636 615 3677 cens:
668 3621 925 3678 Dominus
955 3625 1094 3680 Deus
1124 3638 1172 3681 et
1228 3629 1362 3683 Deus
1395 3649 1536 3686 meus
1567 3633 1628 3687 "'.
1662 3636 1817 3700 Quod
1851 3637 1896 3690 si
1929 3638 2024 3691 ad-

450 3729 642 3768 versus
693 3731 754 3771 ea
811 3732 934 3785 qua:
990 3718 1136 3773 dicta
1203 3731 1332 3775 sunt
1387 3725 1722 3780 contradicit
1767 3728 2019 3793 Judaeus,

446 3803 678 3859 admitto
703 3809 1236 3877 contradictionem;
1271 3814 1366 3867 sed
1408 3815 1475 3869 ad
1521 3832 1663 3881 eam,
1688 3821 2022 3875 contrariam

449 3911 640 3950 moveo
686 3897 1122 3954 dubitationem:
1157 3919 1354 3973 nempe
1404 3915 1465 3959 ut
1515 3907 1631 3977 ipse
1692 3910 1826 3964 mihi
1875 3911 2024 3966 dicat

445 4003 607 4056 quam
625 3989 696 4042 ob
727 4005 947 4045 causam
963 3991 1189 4062 Opiﬁcis
1222 4012 1321 4049 seu
1355 3995 1643 4054 Creatoris
1676 4017 1877 4076 nomen
1909 4020 2022 4059 non

447 4081 749 4150 duplicavit
769 4083 959 4138 divina
987 4085 1276 4156 Scriptura
1306 4087 1482 4143 donec
1501 4100 1723 4148 creatus
1773 4095 1877 4149 fuit
1920 4098 2022 4151 ho-

448 4187 537 4226 mo
570 4173 771 4241 duplex
801 4191 831 4228 a
854 4176 964 4230 Deo
995 4177 1227 4233 eﬂ‘ectus
1248 4221 1262 4244 ,
1315 4196 1516 4251 nempe
1555 4192 1610 4237 et
1637 4188 1940 4243 materialis
1968 4198 2024 4245 et

446 4280 642 4332 expers
674 4267 914 4321 materiis
938 4309 950 4329 ,
982 4271 1234 4325 mortalis
1259 4279 1317 4326 et
1365 4273 1712 4341 immortalis,
1745 4283 2024 4336 terrestris

1667 227 1725 283 S.
1765 222 2162 283 ANAS'I'ASII
2203 222 2528 281 SINAHXE

2073 340 2119 392 A
2219 335 2517 403 Pmptcrca
2545 349 2676 404 ergo
2711 334 2850 387 duos
2881 333 3012 388 fecit
3033 333 3298 388 caelos";
3333 333 3575 388 alterum
3607 335 3725 402 qui-

3628 219 3734 284 952

2147 425 2270 486 dem
2304 427 2559 494 superius
2589 425 2737 494 quod
2759 425 2922 480 habet
2951 426 3248 479 essentiam
3275 426 3422 495 apud
3470 425 3732 478 homines

2144 533 2254 571 non
2285 519 2674 586 aspcctabilem
2705 519 2975 588 planeque
3018 519 3450 573 ineuarrabilem
3481 526 3540 571 et
3573 517 3722 570 inex-

2145 611 2480 677 plicabilcm,
2507 612 2560 664 in
2595 619 2784 683 typum
2809 622 2865 666 et
2892 613 3188 682 imaginem
3219 610 3648 680 inaspectabilis
3677 621 3730 664 et

2144 701 2550 769 inexplicabilis
2598 704 2856 757 essentia:
2889 705 3010 770 ejus
3041 703 3387 767 divinitatis;
3414 699 3729 755 secundum

2142 803 2326 846 autem
2381 796 2581 848 caelum
2641 811 2672 848 e
2722 805 2870 849 terra
2923 795 3168 858 sustulit,
3200 802 3258 847 et
3306 793 3493 862 ipsum
3543 791 3731 860 posuit

2141 885 2568 954 a-spectabile,et
2591 886 2768 954 ipsum
2803 885 3098 955 appellavit
3120 885 3555 946 ﬁrmamentum,
3573 883 3633 935 in
3666 881 3729 934 ﬁ-

2141 992 2333 1046 guram
2361 993 2425 1031 ac
2450 986 2638 1048 typum
2657 979 2843 1031 carnis
2859 978 2981 1046 ejus
2999 977 3566 1044 immaculam,quam
3601 974 3726 1043 qui-

2141 1069 2264 1122 dem
2289 1085 2319 1122 a
2353 1079 2498 1123 terra
2545 1079 2825 1138 acceptam
2858 1085 3076 1124 sursum
3104 1069 3348 1122 sustulit.
3392 1069 3492 1122 Est
3540 1076 3724 1121 autem

2140 1160 2337 1213 horum
2359 1175 2578 1227 quoque
2610 1159 2847 1212 duorum
2879 1159 3149 1213 caelorum
3197 1157 3535 1211 intermedia
3574 1173 3718 1225 aqua

2140 1254 2281 1306 viva.
2309 1252 2376 1305 ad
2403 1253 2692 1321 imaginem
2710 1261 2766 1306 et
2797 1261 2984 1322 typum
3021 1259 3222 1305 sanetae
3237 1248 3483 1304 viviﬁcaa
3510 1249 3720 1303 Christi

2141 1343 2358 1402 animae.
2391 1358 2511 1412 quae
2555 1351 2640 1396 est
2670 1342 2874 1406 media,
2931 1349 2991 1394 ut
3039 1357 3232 1396 rursus
3254 1340 3391 1394 dicit
3431 1340 3724 1409 theologus

2141 1434 2464 1504 Gregorius,
2496 1436 2641 1489 inter
2657 1435 3008 1488 divinitatem
3047 1441 3104 1486 et
3138 1432 3325 1486 carnis
3381 1431 3724 1485 crassitudi-

2141 1543 2287 1580 nem.
2319 1526 2688 1592 Quamobrem
2724 1525 3003 1596 superiori
3054 1524 3276 1594 quidem
3304 1523 3450 1578 cmlo
3492 1523 3728 1577 inferior

2141 1627 2223 1672 est
2248 1619 2363 1673 haec
2393 1635 2533 1688 aqua
2561 1635 2574 1682 ;
2606 1619 2712 1673 hoc
2729 1627 2834 1682 est,
2864 1617 3139 1670 minorem
3171 1615 3269 1670 Dei
3315 1615 3488 1670 Verbi
3531 1630 3725 1668 essen-

2069 1685 2113 1740 B
2148 1712 2274 1764 tiam
2323 1685 2792 1781 fert—intelligens
2856 1709 3038 1763 anima
3080 1719 3137 1762 et
3183 1709 3400 1761 ratione
3453 1706 3726 1776 praedita:

2140 1820 2324 1857 crasso
2347 1813 2528 1858 autem
2551 1813 2606 1857 et
2630 1803 2776 1876 quod
2823 1809 3104 1872 spectatur
3139 1800 3490 1854 ﬁrmamento
3519 1809 3606 1854 est
3631 1815 3729 1852 su-

2139 1893 2326 1962 perior
2372 1901 2426 1945 et
2455 1892 2823 1960 praestantior,
2876 1893 3021 1944 sicut
3052 1891 3215 1944 etiam
3252 1890 3392 1943 alias
3424 1889 3544 1942 haec
3575 1889 3728 1942 dixi:

2139 1982 2423 2036 sciendum
2459 1990 2544 2035 est
2586 1983 2734 2035 enim
2765 1982 2913 2052 quod
2964 1981 3164 2035 caalum
3200 1981 3348 2050 quod
3383 1981 3636 2041 videtur.
3673 1988 3731 2034 et

2137 2075 2338 2128 crelum
2357 2074 2504 2144 quod
2545 2083 2629 2129 est
2667 2091 2834 2144 supra
2878 2091 3077 2143 aquam
3123 2074 3272 2143 quod
3306 2080 3418 2127 nan
3469 2072 3726 2135 videtur,

2137 2167 2342 2220 habent
2406 2167 2828 2237 inseparabilem
2889 2176 2946 2220 et
2995 2166 3335 2219 individuam
3391 2165 3725 2229 essentiam,

2134 2259 2414 2327 quomodo
2437 2275 2542 2312 una
2566 2258 2772 2313 Christi
2800 2274 2922 2328 qua:
2943 2267 3027 2312 est
3051 2258 3356 2326 composita
3381 2257 3722 2326 hypostasis,

2135 2359 2194 2403 ut
2217 2367 2338 2420 qua:
2371 2352 2443 2404 sit
2473 2365 2541 2405 ex
2589 2349 2811 2404 duobus
2859 2365 2983 2419 qua:
3011 2350 3216 2404 cadunt
3245 2349 3350 2404 sub
3386 2358 3720 2418 aspectum;

2133 2452 2187 2495 et
2209 2459 2276 2496 ex
2308 2459 2420 2496 uno
2445 2443 2594 2512 quod
2625 2442 2774 2497 cadit
2803 2442 3024 2512 (nempe
3053 2442 3316 2510 corpore)
3349 2456 3364 2504 ;
3411 2441 3725 2509 inaspecta-

2133 2534 2261 2589 bilis
2293 2535 2440 2589 enim
2483 2543 2569 2588 est
2625 2534 2774 2588 Deus
2827 2533 3093 2597 Verbum,
3143 2541 3199 2586 et
3229 2533 3457 2592 anima;
3515 2547 3720 2600 corpus

2131 2635 2316 2681 autem
2370 2635 2456 2680 est
2520 2625 2876 2695 aspectabile,
2941 2633 3000 2678 ut
3055 2640 3247 2679 verum
3302 2625 3457 2678 dicat
3511 2625 3716 2681 Paulus

2131 2719 2358 2773 dicens:
2385 2717 2574 2772 Omnia
2602 2718 2657 2769 in
2683 2717 2890 2771 Christo
2914 2726 3038 2770 sunt
3069 2718 3308 2778 condita,
3339 2724 3388 2769 et
3445 2732 3573 2786 quis
3596 2723 3719 2769 sunt

2130 2827 2289 2880 super
2314 2819 2516 2864 terram
2545 2821 2594 2862 et
2621 2827 2737 2880 qute
2767 2813 2823 2863 in
2854 2809 3018 2873 ccelis,
3066 2819 3115 2862 et
3167 2810 3392 2862 visibilia
3421 2817 3472 2861 et
3531 2809 3718 2861 ine-isi.

2130 2902 2257 2956 bilia
2287 2902 2355 2954 ⁷⁸.
2387 2901 2507 2966 Quo
2534 2900 2593 2954 ﬁt
2625 2910 2687 2954 ut
2718 2909 3015 2970 propterea
3045 2899 3158 2953 sint
3185 2913 3408 2968 quoque
3456 2899 3584 2952 duae
3611 2909 3720 2950 ter-

2129 3010 2222 3058 rae,
2255 3009 2318 3047 ea
2353 3009 2474 3062 quae
2495 2993 2640 3046 cadit
2675 2993 2777 3046 sub
2810 3001 3092 3062 aspectum
3118 3001 3174 3046 et
3196 3007 3258 3045 ea
3273 3007 3395 3060 qua:
3412 3006 3523 3044 non
3546 2990 3714 3051 cadit,

2127 3101 2247 3154 quae
2265 3094 2349 3139 est
2374 3085 2516 3154 apud
2539 3100 2642 3138 nos
2662 3084 2941 3138 scilicetet
2960 3099 3080 3152 qua!
3097 3092 3181 3138 est
3208 3082 3598 3136 inhabitabilis
3621 3090 3716 3135 aut

2125 3178 2448 3247 paradisus;
2479 3185 2535 3231 et
2556 3179 2666 3230 duo
2697 3175 2976 3239 animalia,
2996 3176 3222 3244 angelus
3244 3184 3300 3229 et
3339 3175 3528 3234 homo.
3558 3190 3716 3243 aspe-

2125 3270 2360 3333 ctabile;
2396 3270 2519 3323 dute
2569 3285 2744 3338 aquae,
2797 3268 3088 3321 manifesta
3128 3279 3320 3322 etnon
3369 3267 3710 3331 manifesta;

2125 3359 2236 3414 duo
2259 3361 2507 3430 spiritus,
2542 3375 2742 3428 nempe
2768 3359 3076 3428 spiritualis
3110 3367 3165 3412 et
3208 3358 3457 3418 divinus.
3483 3369 3540 3413 et
3579 3374 3714 3412 ven—

2125 3461 2249 3517 tus;
2297 3452 2501 3521 duplex
2523 3452 2684 3521 ignis,
2725 3466 2924 3520 nempe
2956 3451 3260 3505 materialis
3297 3462 3353 3504 et
3385 3465 3496 3504 non
3537 3459 3713 3504 mate-

2126 3544 2536 3613 rialis;duplex
2565 3545 2678 3607 lux,
2734 3557 2797 3597 ea
2828 3559 2952 3612 qua:
3007 3542 3156 3596 cadit
3198 3541 3300 3596 sub
3346 3551 3631 3610 aspectum
3658 3551 3712 3595 et

2124 3655 2186 3694 ea
2217 3655 2340 3707 qua:
2377 3654 2486 3691 non
2551 3637 2732 3702 cadit;
2785 3637 2897 3690 duo
2954 3651 3155 3706 genera
3214 3634 3623 3688 animationum
3655 3643 3711 3687 et

2124 3730 2413 3784 mobilium
2463 3737 2829 3798 potestatum;
2889 3729 3123 3782 mortale
3157 3727 3400 3796 (dicatur
3447 3727 3600 3780 enim
3655 3733 3712 3779 et

2123 3824 2217 3892 qui
2250 3822 2401 3876 estin
2432 3821 2663 3874 rationis
2691 3819 3012 3889 expertibus
3045 3818 3419 3872 animantibus
3456 3817 3705 3886 spiritus,

2124 3916 2305 3969 anima
2364 3931 2464 3984 per
2489 3912 2747 3981 abusum)
2784 3920 2841 3966 et
2873 3913 3025 3981 quod
3061 3921 3147 3965 est
3179 3911 3234 3964 in
3284 3910 3448 3963 nobis
3473 3910 3704 3963 immor-

2125 4006 2253 4058 tale.
2301 4004 2550 4074 Duplicia
2613 4002 2937 4065 animantia,
3003 4001 3296 4055 terrestria
3345 4009 3403 4054 et
3457 4001 3703 4062 marina;

2125 4096 2326 4164 duplex
2347 4103 2432 4149 est
2479 4094 2590 4146 vita
2649 4091 2976 4161 temporalis
3008 4099 3065 4144 et
3094 4099 3336 4150 aeterna;
3394 4089 3707 4159 duplexge—

2125 4187 2360 4250 neralio,
2417 4202 2480 4238 ex
2521 4183 2743 4248 femina,
2777 4192 2827 4236 et
2862 4199 2928 4235 ex
2957 4182 3196 4235 mortuis
3228 4199 3241 4245 ;
3274 4180 3480 4249 duplex
3525 4180 3708 4248 bapti-

2123 4295 2240 4334 sma
2271 4295 2367 4348 per
2391 4294 2588 4346 aquam
2625 4285 2680 4330 et
2707 4275 2998 4344 spiritutn;
3031 4273 3235 4343 duplex
3274 4273 3542 4341 cognitio,
3569 4287 3707 4340 pra:-

443 4365 501 4408 et
523 4355 786 4421 caelestis,
827 4367 887 4411 ut
917 4358 1053 4413 dicit
1078 4361 1299 4417 divinus
1323 4365 1376 4418 in
1395 4366 1669 4437 theologia
1699 4369 2016 4441 Gregorius,
2053 4368 2096 4424 ι)
2121 4387 2248 4425 sens
2276 4369 2566 4434 etl‘utura;
2593 4366 2833 4435 duplicia
2851 4366 3017 4426 bona.
3041 4363 3363 4434 temporalia
3395 4371 3703 4426 etzeterna;

443 4455 500 4498 et
529 4446 692 4500 rebus
715 4455 771 4500 et
795 4449 1012 4514 verbis,
1053 4452 1147 4506 Dei
1187 4455 1375 4521 Verbi,
1439 4457 1533 4526 qui
1581 4460 1874 4528 aliquando
1922 4465 2024 4519 fuit

445 4538 702 4606 simplex,
735 4543 1194 4610 compositionem
1225 4556 1282 4601 et
1324 4548 1787 4618 incarnatiOnem,
1818 4555 1875 4608 in
1923 4557 2024 4610 ho-

443 4627 592 4681 mine
616 4627 771 4696 prius
799 4627 1077 4685 describat
1103 4631 1410 4703 Scriptura.
1436 4636 1805 4703 Quamobrem
1844 4643 2022 4712 ipsum

443 4735 663 4789 quoque
685 4736 848 4789 quam
873 4724 1098 4793 angelos
1124 4725 1254 4780 fecit
1276 4727 1420 4782 Deus
1448 4729 1516 4782 ad
1543 4745 1697 4785 suam
1725 4733 2019 4804 imaginem

443 4821 499 4863 rt
533 4811 952 4868 similitudinem
991 4815 1212 4872 dicens:
1243 4817 1434 4874 Omnia
1469 4824 1609 4875 enim
1641 4840 1735 4892 per
1770 4827 1943 4896 ipsum
1968 4838 2018 4880 et

439 4902 498 4952 in
534 4903 646 4971 ipso
681 4902 823 4971 facta
851 4915 974 4959 sunt
1005 4906 1074 4973 "',
1107 4907 1410 4964 discutiens
1435 4912 1555 4981 ejus
1582 4914 2015 4973 incarnationem

443 4993 1016 5066 eompositionemque
1069 5007 1124 5052 et
1177 5000 1674 5070 combinationem;
1727 5006 2018 5074 duas,in-

442 5099 630 5151 quam,
661 5085 973 5142 individuas
1014 5087 1219 5146 Christi
1252 5094 1522 5148 essentias
1561 5111 1574 5147 :
1609 5112 1805 5167 nempe
1833 5107 1888 5153 et
1930 5100 2016 5154 in-

441 5177 830 5244 aspectabilem
847 5180 968 5249 ejus
994 5180 1324 5249 divinitatis,
1361 5193 1418 5239 et
1450 5189 1838 5256 aspcctabilem
1861 5191 1930 5245 ab
1950 5209 2018 5246 eo

441 5265 740 5325 individua:
777 5272 899 5341 ejus
927 5272 1318 5341 humanitatis;
1343 5279 1602 5334 universa
1630 5289 1738 5335 tam
1771 5295 2019 5352 aspecta-

444 5357 543 5412 bili
573 5376 736 5429 quam
771 5377 882 5417 non
903 5367 1225 5433 aspectabili
1247 5381 1500 5426 creatura
1515 5383 1704 5443 aperte
1721 5390 1845 5429 eum
1869 5376 2021 5430 eﬁin-

449 5460 608 5517 gente
631 5462 688 5506 et
709 5454 829 5523 ejus
848 5458 1189 5524 exprimente
1221 5460 1542 5533 imaginem.

521 5563 562 5649 ᾖε
589 5563 781 5649 ἒίειιξξ.
806 5581 918 5649 ρης,
944 5567 993 5618 7.
1070 5571 1114 5601 ⁷ο
1148 5571 1289 5649 Psal.
1326 5591 1488 5642 cxvtt,
1522 5579 1604 5631 l9.
1681 5582 1721 5610 '”
1753 5582 1908 5636 Joan.
1934 5601 2023 5648 xx,
2055 5585 2141 5639 98.
2221 5587 2262 5612 "
2285 5583 2490 5637 Coloss.
2516 5599 2552 5649 t,
2587 5582 2670 5636 l6.

462 5643 556 5685 art.
589 5632 642 5685 3.
721 5633 765 5664 7"
803 5633 1011 5688 Coloss.
1074 5657 1108 5700 ι,
1154 5641 1240 5692 16.

2127 4463 2250 4516 dute
2274 4462 2441 4530 leges,
2468 4463 2674 4528 scripta
2702 4466 2758 4511 et
2788 4457 3095 4526 spiritualis
3125 4473 3140 4521 ;
3181 4456 3294 4510 duo
3325 4454 3703 4512 Testamenta.

2123 4553 2233 4606 duo
2321 4549 2531 4620 populi.
2605 4547 2741 4602 Duae
2826 4546 3178 4600 narrationes
3269 4545 3707 4599 constructionis

2123 4643 2336 4707 Adami,
2375 4656 2484 4695 una
2532 4640 2793 4728 simplex,
2859 4637 3105 4693 secunda
3139 4652 3326 4692 crassa
3367 4647 3424 4691 et
3481 4645 3706 4690 terrena

2120 4734 2288 4788 veluti
2314 4733 2510 4801 dupla:
2542 4741 2834 4801 postquam
2869 4729 3055 4785 statim
3087 4729 3444 4798 duplicatres
3462 4730 3708 4798 prophe-

2120 4840 2172 4882 ta
2196 4829 2398 4890 Moses,
2423 4826 2510 4880 vel
2542 4826 2728 4894 potius
2755 4823 2850 4893 qui
2895 4816 3146 4892 loqtfitur
3193 4823 3248 4876 in
3296 4823 3417 4890 ipso
3443 4823 3701 4891 angelus;

2116 4930 2178 4972 ut
2209 4935 2331 4988 quae
2347 4919 2458 4972 sint
2485 4916 2733 4988 symbola
2773 4915 3006 4968 duarum
3031 4913 3240 4967 Christi
3271 4914 3698 4982 proprietatum.

2117 5011 2273 5066 Unde
2313 5009 2478 5063 etiam
2511 5009 2691 5077 ipsum
2721 5005 2966 5060 ostendit
2991 5005 3270 5074 duplicem
3296 5005 3701 5072 plantatorem;

2118 5103 2322 5172 duplex
2354 5102 2586 5170 lignum,
2615 5099 2817 5154 sensile
2835 5109 2890 5152 et
2916 5097 2968 5151 id
3003 5098 3150 5166 quod
3182 5097 3334 5151 cadit
3359 5097 3464 5150 sub
3490 5096 3698 5149 intelli-

2127 5193 2400 5263 gentiam:
2469 5191 2610 5246 duos
2674 5206 2908 5244 narrans
2961 5205 3230 5258 aquarum
3284 5188 3503 5251 ﬂuvios,
3558 5188 3698 5241 duas

2128 5287 2390 5355 quasdam
2429 5284 2821 5354 plantationes,
2858 5282 2995 5336 duas
3048 5281 3337 5334 voluerunt
3388 5281 3699 5349 generatio-

2128 5393 2259 5431 nes:
2289 5375 2566 5445 duplicem
2589 5374 2893 5444 posituram
2923 5371 3168 5426 hominis
3191 5373 3245 5424 in
3279 5370 3522 5439 paradisi
3549 5387 3563 5423 :
3588 5370 3697 5424 duo

2129 5485 2251 5524 eum
2276 5468 2484 5522 Adamo
2511 5465 2805 5536 colloquia,
2845 5479 3013 5519 unum
3051 5462 3372 5518 animalium
3425 5471 3478 5514 et
3527 5476 3693 5514 unum

2773 5579 2820 5612 ⁷³
2861 5578 2917 5632 S.
2939 5578 3132 5632 Thom.
3155 5569 3171 5630 ἰ
3196 5586 3365 5646 part.,
3393 5589 3583 5645 quaest.
3611 5578 3697 5641 .‘25,
