3942 6298
138 250 250 317 9’53

1246 248 1327 307 ΙΝ
1362 244 1917 307 HEXAEMERON.
1950 272 2016 280 -
2042 250 2186 309 ΜΒ.
2226 252 2355 311 VII.

3300 234 3410 317 ρει

139 363 276 416 τὶιειι
316 361 445 431 (hoc
477 368 583 425 est,
608 358 788 429 Evae);
836 368 893 413 et
934 358 1078 413 duos
1121 373 1356 411 narrans
1389 359 1447 410 in
1489 371 1558 410 eo
1591 354 1729 409 ami-
1758 353 1803 409 Α
1831 358 2238 426 contemplator
2281 368 2339 414 et
2385 360 2689 430 inspector.
2741 361 2975 429 Quando
3022 369 3228 429 autem,
3280 378 3408 418 cum

140 463 301 506 ctus:
329 466 499 505 unum
528 466 594 505 ex
617 450 785 517 foliis,
825 448 1230 519 signiﬁcantem
1287 446 1548 502 subtilem
1582 447 1727 516 (quae

140 555 215 594 ex
251 530 437 592 radice
482 548 713 608 paterna
777 537 1054 607 procedit)
1106 524 1272 591 Verbi
1334 535 1723 599 divinitatem;

140 631 383 685 alterum
410 646 479 685 ex
511 631 746 701 pellicea
768 630 956 683 tunica
987 630 1109 699 ejus
1138 644 1261 698 qua:
1306 627 1543 698 peperit,
1587 627 1727 681 duas

140 719 402 774 mulieris
459 719 828 784 narrationes,
877 718 1021 773 duos
1073 719 1194 789 ejus
1226 718 1510 779 fructuum
1550 716 1728 771 :duas

139 803 470 867 animalium
514 810 896 875 formationes,
972 812 1111 866 duas
1151 810 1257 864 viri
1301 810 1724 880 appellationes.

140 904 315 960 Prius
337 903 782 959 enim-formatus
812 904 1134 969 nominatur
1167 903 1359 968 homo,
1404 910 1599 971 postea
1631 916 1729 955 no—

141 996 397 1051 minatus
414 1004 503 1050 est
551 994 747 1059 Adam,
779 994 886 1049 hoc
936 1003 1041 1059 est,
1083 1002 1232 1048 terra
1282 991 1725 1063 sanguinolenta;

143 1086 422 1141 Similiter
472 1087 640 1142 etiam
659 1086 802 1140 duas
845 1085 1097 1141 mulieris
1136 1084 1567 1155 appellationes:
1619 1085 1730 1153 pri-

144 1191 303 1231 mum
343 1176 491 1232 enim
532 1178 809 1247 appellata
857 1186 942 1231 est
988 1176 1224 1242 mulier;
1268 1176 1469 1256 deinde
1513 1184 1726 1246 postea,

142 1268 286 1331 Eva,
310 1269 427 1324 hoc
444 1278 561 1334 est,
591 1273 724 1323 vita.
755 1269 885 1324 Non
927 1269 1109 1323 solum
1140 1276 1326 1323 autem
1363 1267 1608 1333 Christo,
1632 1269 1728 1323 sed

135 1358 316 1412 etiam
361 1358 581 1413 duabus
633 1358 899 1412 Ecclesiis
934 1358 1277 1412 conveniunt
1333 1357 1589 1427 duplices
1641 1373 1730 1412 res

139 1450 459 1520 Scriptura:
488 1465 630 1520 quas
680 1465 831 1505 nunc
872 1450 1076 1505 adduxi
1122 1459 1351 1520 propter
1393 1450 1730 1520 duplicatio-

135 1555 275 1594 nem
302 1540 544 1595 nominis
574 1540 795 1601 Domini
821 1540 917 1609 qui
946 1540 1107 1610 prius
1134 1540 1727 1599 uominabaturDeus:

133 1633 371 1700 quando
403 1642 588 1687 autem
621 1632 800 1687 factus
824 1632 929 1687 fuit
966 1634 1153 1699 homo,
1185 1635 1371 1689 statim
1417 1634 1730 1704 appellatus

133 1725 252 1778 fuit
310 1735 367 1779 et
413 1725 680 1781 Dominus
737 1736 796 1781 et
843 1727 1013 1792 Deus,
1073 1728 1256 1781 carnis
1305 1735 1578 1797 susceptae
1628 1725 1723 1781 Dei
1756 1723 1799 1778 Β

136 1818 317 1870 Verbi
346 1814 839 1886 dispensationem
873 1818 1162 1887 Scriptura
1192 1818 1506 1888 ’perspicue
1563 1820 1729 1875 nobis

136 1906 631 1977 przesigniﬁcante.
665 1907 802 1962 Nam
854 1907 1004 1977 quod
1031 1907 1098 1961 de
1142 1908 1401 1964 humanae
1419 1917 1631 1964 natura:
1657 1908 1729 1963 ab

135 2014 214 2052 eo
239 1999 591 2069 susceptione
621 2000 928 2069 accipiatur
951 1999 1058 2054 hoc
1078 2015 1278 2069 nomen
1300 1999 1578 2065 Dominus,
1599 2001 1727 2055 audi

137 2090 321 2144 David
368 2091 684 2147 dicentem:
738 2089 1052 2145 Benedictus
1101 2093 1192 2162 qui
1237 2094 1377 2146 venit
1413 2094 1470 2146 in
1518 2095 1730 2147 nomine

138 2184 360 2238 Domini
412 2182 551 2237 Deus
610 2183 891 2251 Dominus,
933 2192 983 2236 et
1037 2186 1291 2254 apparuit
1339 2186 1485 2239 nobis
1546 2186 1614 2239 ⁷⁸.
1660 2186 1730 2240 Ει

140 2289 380 2328 rursus:
408 2273 558 2327 Dixit
592 2273 846 2327 Dominus
878 2274 1104 2331 Domino
1128 2290 1241 2327 meo
1266 2273 1439 2329 :Sede
1470 2293 1502 2328 a
1528 2276 1729 2337 dextris

139 2368 277 2419 meis
303 2365 371 2428 7“,
424 2380 625 2435 nempe
669 2374 795 2435 post
848 2376 1165 2435 susceptam
1218 2381 1472 2432 carnem;
1533 2366 1729 2423 sedere

140 2457 299 2511 enim
323 2465 410 2511 est
434 2458 721 2526 proprium
752 2472 1075 2527 corporum.
1119 2456 1275 2512 Unde
1314 2458 1484 2513 etiam
1508 2458 1729 2514 Gabriel

139 2565 178 2604 e
206 2550 349 2605 ccelo
390 2550 533 2603 hanc
578 2548 810 2604 deduxit
870 2549 1329 2619 appellationem,
1372 2549 1564 2605 dicens
1615 2551 1733 2620 glo-

140 2639 470 2694 riosissima:
494 2639 742 2709 Deiparte
764 2656 779 2692 :
804 2640 931 2701 Ave,
960 2641 1139 2711 gratia
1174 2640 1356 2711 plena,
1384 2640 1636 2696 Dominus
1663 2651 1731 2695 te-

142 2750 268 2786 cum
292 2733 364 2787 ⁷⁷.
392 2733 463 2788 Ει
491 2732 768 2788 Gabrielis
792 2733 1044 2803 coangeli
1070 2732 1268 2787 dicunt
1289 2734 1605 2802 pastoribus
1633 2735 1728 2805 qui

140 2825 385 2880 erantin
415 2825 735 2880 Bethleem:
790 2825 964 2879 Natus
988 2832 1064 2879 est
1096 2827 1257 2879 'eobis
1294 2825 1456 2895 891
1494 2824 1729 2880 Christus

143 2900 408 2971 Dominus
437 2919 493 2971 in
527 2918 742 2972 civitate
795 2916 970 2972 Dauid
1002 2918 1070 2970 ⁷⁸.
1104 2916 1243 2972 Cum
1295 2918 1500 2986 quibus
1549 2918 1728 2971 Elisa-

141 3009 303 3073 bcth,
321 3017 381 3063 ut
403 3009 661 3079 praeclare
682 3024 780 3078 par
797 3008 1026 3079 angelis,
1040 3009 1220 3079 angeli
1245 3019 1436 3065 mater.
1456 3008 1594 3063 dixit
1612 3009 1728 3077 pari

142 3100 378 3170 angelis,
410 3109 628 3170 etqua:
659 3110 779 3154 erat
829 3100 913 3155 vel
938 3101 1165 3170 angelus
1218 3100 1302 3153 vel
1341 3100 1725 3169 archangelns.

139 3201 203 3247 et
233 3192 398 3246 etiam
425 3207 592 3261 supra
622 3192 870 3261 angelos,
920 3192 1017 3246 Dei
1068 3192 1227 3246 matri
1256 3209 1268 3244 :
1308 3190 1376 3246 Et
1430 3194 1568 3245 unde
1604 3194 1731 3246 mihi

141 3288 242 3339 hoc
270 3292 326 3337 ut
362 3286 537 3339 veniat
572 3295 742 3338 mater
770 3284 986 3338 Domini
1030 3286 1131 3337 mei
1165 3284 1236 3338 ad
1264 3300 1346 3337 me
1400 3284 1489 3337 "?
1530 3284 1732 3338 Paulus

142 3385 333 3431 autem
384 3376 438 3431 id
490 3377 637 3446 quod
667 3376 877 3432 Christi
917 3376 1137 3430 Domini
1197 3382 1322 3431 erat
1374 3391 1727 3444 corporeum,

145 3470 404 3524 nominat
430 3470 761 3523 Dominum:
789 3469 929 3534 Non,
978 3468 1180 3537 inquit,
1221 3469 1508 3522 hominum
1547 3469 1733 3540 gloria:

142 3560 533 3629 cruciﬁxissent
587 3562 654 3614 ⁸ο.
708 3561 775 3614 Ει
822 3561 877 3616 ἰιι
919 3560 1189 3614 descensu
1220 3559 1288 3613 ad
1333 3559 1645 3627 inferos,'et
1677 3562 1732 3617 in

144 3653 535 3721 assumptione
560 3652 628 3705 ad
660 3652 850 3716 caelos,
884 3652 1178 3706 Dominum
1212 3651 1412 3706 fortem
1447 3662 1504 3707 et
1531 3664 1733 3722 poten-

149 3751 366 3806 tem,.et
386 3743 682 3797 Dominum
713 3743 1062 3797 exercituum
1100 3743 1383 3798 Christum
1420 3746 1598 3816 angeli
1634 3762 1734 3817 ap-

144 3832 450 3904 pellarunt.
478 3831 637 3899 Quod
670 3832 717 3887 si
752 3831 836 3887 vis
858 3831 1026 3886 etiam
1058 3847 1279 3887 causam
1306 3842 1535 3903 pmpter
1565 3849 1733 3906 quam

144 3926 299 3979 Deus
358 3923 679 3977 nominatus
711 3929 797 3977 est
848 3922 1115 3977 Dominus
1162 3931 1285 3993 post
1338 3926 1519 3979 carnis
1544 3942 1734 3981 susce-

147 4017 396 4088 ptionem
420 4052 441 4080 ,ο
468 4032 571 4087 ego
617 4015 672 4070 id
728 4016 828 4070 tibi
885 4015 1231 4071 conﬁdenter
1282 4016 1729 4089 interpretabor:

148 4110 467 4163 divinarum
495 4109 937 4178 Scripturarum,
992 4117 1050 4163 et
1091 4123 1375 4164 sacrorum
1414 4127 1609 4166 earum
1647 4113 1734 4167 in-

150 4210 459 4269 terpretum
480 4200 692 4255 habens
712 4201 1055 4271 suffragium.
1083 4200 1496 4258 Celeberrimos
1518 4219 1649 4275 ergo
1680 4213 1737 4260 et

150 4307 346 4347 earum
367 4291 684 4346 divinarum
711 4300 889 4361 mysta
911 4294 1250 4362 apostolicus
1277 4294 1574 4367 Dionysius
1599 4297 1737 4352 dicit

1756 3060 1805 3121 ϐ

1831 450 1933 517 per
1970 464 2191 505 carnem
2237 451 2573 519 advenisset,
2628 464 2924 525 tyrannum
2983 455 3273 510 inimicum
3306 470 3413 510 no-

1833 548 2010 607 strum
2065 544 2370 611 percussit;
2419 546 2644 615 quando
2692 556 2925 602 mortem
2968 556 3147 601 morte
3195 545 3408 601 affecit:

1833 633 2058 703 quando
2105 651 2207 690 nos
2255 653 2285 690 a
2338 636 2649 692 daemonum
2701 654 2866 694 manu
2903 641 3139 704 avulsit;
3187 638 3414 709 quando

1832 724 2022 779 docuit
2065 727 2267 796 impios
2312 728 2406 782 Dei
2453 728 3122 800 cognitionem;'quando
3155 738 3346 799 gentes
3379 745 3410 782 a

1831 814 1991 875 Patre
2041 816 2257 885 accepit
2312 817 2366 871 in
2421 817 2837 883 haereditatem;
2886 817 3109 887 quando
3165 815 3411 885 possedit

1833 907 1971 962 ﬁnes
2024 916 2216 975 terrae;
2248 911 2471 980 quando
2514 911 2833 965 dominatus
2864 919 2950 965 est
2996 926 3026 964 a
3063 910 3200 963 mari
3236 925 3413 977 usque

1833 1000 1900 1054 ad
1947 1016 2100 1055 mare
2141 1011 2199 1057 et
2243 1017 2276 1056 a
2310 1002 2494 1057 ﬁuviis
2530 1019 2703 1072 usque
2745 1004 2814 1058 ad
2865 1003 3001 1058 ﬁnes
3028 1002 3181 1057 orbis
3210 1011 3413 1056 terr-te:

1836 1099 1968 1147 tunc
2016 1093 2284 1165 Dominus
2326 1102 2410 1153 est
2460 1097 2790 1165 appellatus,
2841 1103 2902 1150 ut
2947 1096 3041 1164 qui
3090 1094 3264 1149 nostri
3310 1092 3411 1147 do-

1832 1185 2143 1239 minaretur
2179 1185 2232 1251 in
2261 1164 2402 1255 quos
2437 1164 2601 1242 antea
2636 1188 2941 1242 dominium
2975 1186 3256 1241 obtinebat
3292 1184 3413 1238 dia-

1832 1275 2219 1346 bolus.~ldque
2264 1278 2435 1331 David
2481 1287 2671 1348 aperte
2725 1281 3065 1351 prophetans
3113 1278 3166 1333 ei
3213 1277 3352 1332 dixit
3392 1293 3411 1331 :

1832 1367 2057 1423 Domine
2081 1368 2337 1424 Dominus
2359 1379 2555 1436 noster,
2582 1390 2743 1442 quam
2774 1371 3090 1427 admirabile
3110 1378 3186 1425 est
3223 1385 3412 1424 nomen

1835 1470 1983 1515 tuum
2010 1462 2068 1515 in
2106 1462 2350 1518 universa
2381 1473 2526 1519 terra
2560 1465 2648 1518 “"2
2680 1458 2942 1530 Quoniam
2989 1465 3053 1519 ab
3092 1472 3219 1545 ortu.
3250 1477 3417 1532 usque

1834 1554 1905 1608 ad
1945 1572 2186 1610 occasum
2216 1555 2482 1611 laudabile
2503 1574 2692 1612 nomen
2725 1557 2937 1613 Domini
2963 1559 3032 1612 ⁸⁸.
3067 1558 3138 1611 Et
3167 1575 3180 1610 :
3220 1553 3411 1610 Excel-

1834 1658 1922 1695 sus
1956 1659 2114 1712 super
2147 1660 2327 1698 omnes
2362 1655 2540 1714 gentes
2594 1645 2847 1699 Dominus
2876 1646 2922 1678 ⁶³
2943 1646 3122 1700 Iesus.
3156 1644 3222 1698 Et
3257 1662 3270 1696 :
3300 1642 3413 1696 Do-

1831 1737 2004 1790 minus
2035 1738 2296 1808 regnavit.
2333 1738 2572 1791 decorem
2614 1737 2831 1791 indutus
2872 1746 2948 1791 est
2983 1736 3189 1799 carnis,
3241 1735 3413 1788 induit

1833 1828 2090 1887 Dominus
2147 1829 2451 1892 hominem,
2496 1829 2679 1884 crucis
2733 1828 3125 1899 fortitudinem,
3187 1835 3415 1897 propter

1832 1907 2155 1990 ipsum‘qui
2198 1928 2316 1974 erat
2358 1919 2633 1981 inﬁrmus,
2668 1932 2713 1973 et
2744 1920 3022 1989 prwcinxit
3067 1935 3121 1972 se
3152 1918 3218 1971 ⁸³.
3254 1917 3322 1973 Et
3349 1932 3413 1972 ea

1831 2013 1899 2066 de
1944 2027 2109 2067 causa
2162 2012 2455 2066 Dominum
2514 2013 2684 2066 Deum
2748 2011 3045 2081 appellavit
3098 2010 3412 2080 Scriptura,

1831 2104 2054 2174 quando
2100 2103 2305 2173 duplex
2356 2104 2447 2158 ille
2497 2104 2665 2158 homo
2715 2102 3056 2172 compositus
3087 2109 3265 2155 estex
3298 2101 3415 2155 luto

1831 2196 2017 2250 divina
2038 2196 2425 2250 insuﬂlationc.
2457 2195 2635 2250 Finxit
2681 2196 2849 2257 enim,
2883 2194 3084 2263 inquit,
3142 2193 3282 2246 Deus
3316 2193 3415 2246 ho-

1831 2288 2046 2349 minem,
2072 2285 2340 2357 pulverem
2360 2287 2619 2349 accipiens
2640 2293 2853 2346 eterra,
2885 2292 2936 2336 et
2958 2283 3238 2352 insuﬂlavit
3259 2284 3313 2335 in
3341 2282 3419 2351 [a-

1829 2383 1960 2435 ciem
1976 2382 2089 2452 ejus
2112 2364 2362 2451 spiritum
2375 2383 2516 2444 vilaz,
2546 2390 2594 2433 et
2624 2380 2795 2448 factus
2814 2386 2889 2433 est
2915 2381 3069 2433 homo
3098 2378 3155 2431 in
3174 2378 3415 2431 animum

1831 2475 2112 2527 viventem.
2146 2474 2355 2527 Vellem
2402 2488 2552 2527 nunc
2596 2487 2764 2527 carne
2819 2470 2956 2524 mihi
3012 2470 3204 2524 adesse
3237 2469 3416 2539 ipsum

1831 2564 2036 2619 Mosem
2071 2564 2237 2634 hujus
2288 2564 2416 2618 libri
2477 2563 2830 2633 scriptorem,
2867 2570 2925 2616 et
2959 2562 3137 2631 ipsum
3174 2560 3417 2615 interro-

1832 2670 1962 2727 gare
2008 2670 2232 2709 causam
2291 2653 2689 2724 duplicationis
2734 2652 2980 2706 nominis
3039 2651 3159 2711 Dei,
3207 2650 3253 2703 si
3305 2664 3418 2704 non

1833 2745 2017 2799 statim
2063 2745 2375 2811 exspuis‘set
2422 2745 2479 2798 in
2528 2743 2728 2798 faciem
2756 2741 3095 2812 impudentis
3123 2741 3421 2812 Synagcgte

1831 2824 2169 2894 Iudaeorum.
2188 2838 2325 2905 Quis
2341 2838 2510 2898 enim.
2527 2851 2735 2906 quaeso,
2750 2851 2858 2890 non
2883 2834 3231 2903 obstupuerit
3247 2832 3417 2903 quod,

1833 2938 1963 3001 post
2007 2930 2475 2999 complementum
2534 2926 2811 2981 universae
2860 2941 2955 2980 sex
3011 2924 3227 2979 dierum
3260 2938 3419 2978 crea-

1836 3021 2022 3085 tionis,
2045 3035 2171 3074 cum
2192 3019 2436 3074 venisset
2468 3017 2643 3073 Moses
2673 3016 2738 3070 ad
2768 3016 3084 3070 summatim
3117 3014 3419 3069 faciendam

1835 3110 2251 3181 repetitionem,
2274 3109 2459 3163 statim
2487 3107 2699 3162 inducit
2732 3105 3164 3176 duplicationem
3196 3115 3251 3159 et
3268 3119 3422 3181 com-

1832 3178 2166 3272 positionem
2190 3198 2433 3268 nominis
2450 3196 2569 3261 Dei,
2590 3195 2908 3266 signiﬁcans
2925 3193 3131 3250 Christi
3150 3178 3422 3261 suscepta:

1832 3293 2015 3347 carnis
2043 3292 2541 3362 dispensationem,
2578 3304 2779 3359 nempe
2803 3287 2952 3359 quod
2975 3295 3243 3342 venturus
3273 3293 3423 3340 esset

1834 3386 1903 3439 ad
1942 3385 2124 3439 omnia
2174 3384 2228 3438 in
2279 3398 2552 3439 summam
2602 3392 2659 3436 et
2697 3389 2864 3451 caput
2912 3378 3273 3435 instauranda
3330 3393 3422 3434 re-

1833 3477 2219 3545 novandaque,
2272 3482 2328 3530 et
2380 3489 2580 3530 novam
2634 3471 2941 3528 faciendam
2984 3479 3315 3537 creaturam,
3367 3476 3424 3525 et

1833 3579 2039 3617 novum
2080 3562 2387 3629 hominem,
2423 3570 2481 3616 et
2510 3578 2715 3616 novum
2745 3561 2965 3625 cmlum,
2997 3569 3054 3614 et
3081 3575 3279 3615 novam
3312 3566 3423 3614 ter-

1835 3672 1976 3719 ram,
1996 3664 2051 3710 et
2079 3670 2221 3709 nova
2248 3654 2533 3714 animalia,
2559 3665 2616 3708 et
2653 3669 2825 3708 novas
2856 3653 3134 3710 volucres.
3164 3661 3221 3706 et
3252 3667 3425 3706 novos

1837 3744 2070 3809 fructus,
2112 3754 2169 3801 et
2214 3761 2390 3800 novos
2434 3745 2744 3815 paradisos,
2792 3753 2847 3799 et
2886 3759 3059 3798 novos
3105 3742 3322 3806 fluvios,
3368 3752 3425 3798 ct

1835 3855 2041 3895 novum
2085 3838 2277 3893 orbem
2336 3846 2495 3891 terra:
2522 3835 2722 3902 ?Quod
2763 3834 2988 3904 quidem
3024 3842 3214 3909 aperte
3242 3834 3425 3889 sciens

1835 3928 2042 3988 Paulus
2070 3930 2293 3985 dicebat
2325 3948 2337 3982 :
2359 3927 2417 3983 Si
2447 3945 2553 3999 qua
2574 3936 2650 3981 est
2680 3928 2736 3980 in
2759 3925 2966 3981 Christo
2990 3942 3125 3979 nova
3150 3935 3421 3989 creatura,

1836 4033 2013 4077 cetera
2046 4022 2439 4093 prwterierunt,
2475 4034 2591 4072 ecce
2623 4018 2765 4087 facta
2810 4027 2932 4071 sunt
2964 4017 3145 4070 omnia
3193 4032 3327 4069 noua
3353 4016 3422 4071 ".

1837 4111 1991 4178 Quod
2022 4118 2205 4165 autem
2232 4108 2385 4164 omni
2432 4116 2664 4176 stupore
2718 4114 2776 4161 et
2803 4104 3167 4159 admiratione
3195 4104 3425 4176 dignum

1837 4213 1944 4268 est,
1977 4214 2032 4259 et
2064 4202 2199 4257 illud
2241 4201 2386 4271 quod
2416 4215 2516 4270 per
2543 4198 2855 4253 universam
2890 4213 2985 4253 sex
3014 4197 3229 4252 dierum
3266 4213 3423 4253 crea-

1838 4295 2045 4350 tionem
2090 4292 2331 4362 simplici
2372 4298 2428 4347 et
2476 4289 2847 4360 incomposito
2881 4290 3105 4343 nomine
3130 4289 3422 4343 nominans

153 4384 211 4439 in
241 4382 644 4453 sapientissima
695 4398 793 4437 sua
849 4382 1169 4454 Theologia,
1192 4385 1338 4454 quod
1384 4387 1531 4441 Deus
1551 4387 1730 4445 Graece

1843 4387 2126 4458 Scriptura
2160 4386 2348 4441 divina
2387 4383 2732 4447 Creatorem,
2761 4381 3065 4451 simplicem
3096 4396 3316 4450 quoque
3344 4379 3428 4433 in-

151 4474 359 4527 dicitur
381 4472 534 4535 Θεὸς,
566 4488 632 4527 ex
667 4487 734 4527 eo
763 4472 911 4542 quod
938 4474 1122 4527 omnia
1147 4474 1362 4544 θεώρει,
1400 4476 1455 4531 id
1480 4487 1567 4533 est
1614 4496 1730 4534 con.

1838 4479 2200 4549 compositam
2252 4484 2635 4532 creaturarum
2701 4472 2942 4527 faciebat
2999 4470 3420 4525 narrationem:

153 4566 453 4635 templatur
480 4573 536 4620 et
566 4564 797 4634 aspicit:
832 4565 1100 4621 Dominus
1126 4575 1335 4631 autem,
1392 4584 1590 4637 nempe
1627 4574 1743 4627 Κύο
1832 4578 2124 4642 postquam
2147 4574 2334 4622 autem
2370 4579 2571 4620 nomen
2596 4562 2900 4633 duplicavit
2936 4558 3198 4629 Opiﬁcis,
3241 4558 3425 4612 statim

154 4674 292 4728 ριος,
324 4673 393 4711 ex
421 4672 489 4711 eo
517 4655 665 4726 quod
704 4658 984 4726 κυριεὺει,
1015 4656 1069 4710 id
1098 4666 1181 4711 est
1226 4658 1493 4714 ditionem
1544 4663 1746 4719 habeat
1836 4663 1894 4717 in
1940 4659 2274 4731 repetitione
2321 4655 2733 4726 conduplicavit
2768 4653 2936 4708 etiam
2968 4650 3111 4705 facta
3139 4663 3328 4718 opera,
3364 4649 3420 4702 in

155 4765 222 4804 ac
261 4748 599 4803 dominetur.
658 4746 862 4819 Κύριος
916 4749 1068 4803 enim
1114 4749 1321 4803 dicitur
1374 4742 1623 4821 potentia
1674 4770 1741 4810 ac

154 4839 499 4895 dominatio:
535 4841 739 4907 ἄκυρον
792 4838 1000 4892 dicitur
1056 4840 1231 4909 quod-
1260 4852 1346 4895 est
1394 4843 1632 4898 otiosum
1683 4853 1741 4900 et

154 4950 266 4989 non
312 4932 481 4988 habet
532 4932 707 4987 robur
744 4948 808 4987 ac
854 4940 1210 5002 potestatem,
1260 4934 1355 4989 sed
1409 4947 1645 4991 vacuum
1683 4945 1740 4993 et

159 5025 320 5080 inane
357 5024 629 5079 redditur.
930 5028 935 5033 ’

226 5117 397 5171 Recte
438 5132 572 5185 ergo
610 5124 845 5186 apteque
876 5126 933 5173 et
959 5117 1382 5180 convenienter,
1418 5119 1475 5173 in
1506 5136 1608 5175 suo
1634 5121 1735 5176 ad-

156 5217 325 5264 ventu
374 5208 442 5262 ad
482 5207 740 5263 homines
782 5209 1004 5277 quando
1049 5225 1272 5264 carnem
1324 5212 1569 5281 suscepit
1598 5215 1740 5268 etin

161 5309 305 5356 terra
339 5301 491 5355 visus
525 5307 611 5356 est
660 5301 806 5355 Deus
852 5302 1122 5367 Verbum,
1170 5310 1304 5358 tunc
1346 5304 1520 5357 etiam
1555 5306 1742 5375 appel—

160 5396 303 5450 latus
335 5401 422 5448 est
448 5392 719 5448 Dominus
752 5410 765 5445 :
800 5408 927 5446 nam
965 5403 1127 5448 antea
1158 5394 1383 5463 quidem
1413 5397 1706 5452 nominaba

162 5493 252 5540 tur
290 5485 425 5548 Θεός
451 5527 466 5546 ,
506 5492 565 5539 ut
605 5485 699 5555 qui
746 5494 893 5540 esset
940 5485 1132 5539 mundi
1164 5487 1443 5559 θεωρητὴς
1475 5530 1489 5553 ,
1527 5488 1582 5543 id
1630 5499 1734 5556 est,

254 5596 301 5627 "
341 5598 483 5652 Psal.
520 5615 682 5662 cxvn,
709 5598 798 5653 26.

876 5598 1086 5653 7"Psal.
1124 5615 1230 5666 cur,
1270 5601 1321 5653 1.

165 5669 205 5699 ⁸¹
258 5667 399 5722 Psal.
434 5685 549 5733 vni,
602 5670 647 5721 l.

726 5669 768 5699 ⁸²
810 5669 951 5723 PsaI.
998 5685 1122 5733 (LXII,
1167 5670 1218 5726 ὅ.
1297 5670 1342 5701 ⁸³
1383 5671 1516 5725 ibid.
1572 5674 1613 5725 4.

1431 5601 1474 5631 ⁷⁷
1507 5600 1641 5657 Luc.
1686 5620 1723 5663 ι,
1747 5604 1836 5658 28.

1691 5676 1734 5705 ’“
1780 5676 1925 5731 l’sal.
1979 5687 2137 5738 xcxu,
2183 5670 2233 5724 l.

1837 4753 1919 4809 eis
1969 4768 2079 4807 non
2131 4742 2307 4821 pauca
2354 4748 2567 4802 faciens
2617 4745 3029 4808 additamenta;
3090 4756 3189 4795 nos
3237 4746 3426 4809 aperte

1836 4845 2044 4900 docens
2083 4842 2405 4915 mysterium
2458 4854 2616 4893 nova:
2668 4837 2724 4891 in
2776 4835 3001 4892 Christo
3053 4841 3329 4888 creaturas
3372 4840 3429 4885 et

1834 4935 2121 4993 Ecclesiae.
2164 4934 2287 4989 Non
2318 4934 2519 4986 solum
2561 4928 2710 4984 enim
2746 4944 2915 4997 super
2938 4925 3155 4997 priores
3197 4939 3309 4987 res,
3343 4936 3430 4977 se-

1837 5028 2050 5085 cundas
2089 5024 2446 5095 multiplicat,
2483 5021 2579 5078 scd
2632 5021 2801 5074 etiam
2846 5032 3096 5088 magnam
3128 5023 3183 5071 et
3214 5016 3424 5070 incom-

1837 5120 2149 5191 parabilem
2173 5119 2228 5172 in
2256 5116 2501 5171 secunda
2529 5113 2812 5170 creatione
2846 5111 3010 5166 nobis
3043 5110 3287 5165 ostendit
3316 5107 3426 5162 dif.

1837 5212 2152 5268 ferentiam.
2178 5211 2314 5265 Nam
2347 5210 2402 5262 in
2442 5207 2612 5278 priori
2644 5204 2869 5275 quidem
2912 5202 3234 5265 narratione
3257 5201 3427 5257 Crea-

1840 5304 2030 5365 tionis,
2069 5302 2205 5357 dicit
2249 5301 2482 5355 herbam
2521 5308 2577 5353 et
2626 5298 2836 5367 lignum
2867 5295 3192 5366 frugiferum
3217 5306 3427 5350 eterra

1839 5397 2181 5468 germinasse
2216 5394 2315 5461 ;in
2371 5390 2612 5448 secunda
2652 5400 2837 5446 autem
2888 5388 3044 5444 brevi
3097 5386 3429 5458 repetitione

1842 5491 1980 5545 dicit
2034 5486 2353 5558 paradisum
2409 5484 2733 5539 deliciarum
2781 5492 3023 5537 ctomne
3054 5481 3262 5551 lignum
3298 5478 3423 5549 pul-

1939 5601 1984 5633 ⁷⁸
2012 5599 2148 5655 Luc.
2192 5616 2249 5664 ιι,
2286 5598 2367 5653 ll.
2502 5597 2545 5627 "’
2571 5596 2705 5649 Luc.
2736 5596 2881 5659 nili.
2996 5594 3038 5623 "°
3072 5590 3243 5649 lCor.
3282 5609 3340 5659 η,
3371 5591 3427 5649 8.

2310 5671 2354 5701 ⁸⁵
2398 5668 2439 5723 ll
2488 5668 2618 5722 Cor.
2654 5684 2703 5734 γ,
2774 5667 2856 5721 17.
