4042 6292
215 210 321 281 957

1273 217 1367 279 IN.
1392 214 1942 279 HEXAEMERON.
1970 243 2039 252 —
2073 219 2222 280 LIB.
2261 221 2397 282 VII.

3359 220 3482 284 958

214 341 273 387 et
307 326 487 397 Deus;
537 328 646 387 hoc
687 340 794 399 est,
828 331 976 391 Deus
1017 342 1077 390 et
1113 333 1283 390 homo
1327 332 1583 389 Christus
1608 332 1790 389 .lesus.
1820 337 1865 391 Α
1892 334 2032 388 dixit
2067 353 2080 388 :
2112 334 2232 389 Fiat
2265 338 2360 390 hoc
2398 346 2494 391 aut
2519 335 2676 400 illud,
2710 334 2807 390 sed
2836 349 2939 390 suo
2972 349 3073 405 per
3100 348 3158 388 se
3191 340 3248 388 et
3276 332 3471 387 divino

213 422 419 478 Audiat
446 430 601 478 tanto
634 423 819 481 animo
852 424 1112 497 mysteria
1133 423 1232 480 Dei
1254 424 1511 488 viventis,
1541 433 1598 479 et
1619 422 1790 478 admi-

213 531 362 571 rare.
409 512 640 582 Quando
668 516 820 572 enim
859 516 996 573 exiit
1027 515 1202 572 Adam
1243 531 1312 571 ex
1354 515 1637 586 paradiso,
1664 529 1796 585 pro-

214 606 367 663 tinus
410 606 697 678 Scriptura
746 624 861 671 non
902 609 1213 679 composito
1240 609 1464 664 nomine
1497 607 1797 678 appellavit

212 696 534 764 Dominum,
572 698 670 754 sed
714 698 974 769 simplici.
1013 699 1187 756 Nobis
1227 700 1379 756 enim
1429 715 1666 755 narrans
1712 698 1797 754 di-

213 789 424 846 vinitus
446 790 714 860 inspirata
739 791 969 846 historia
1003 800 1221 862 partum
1248 792 1395 856 Evae,
1441 791 1579 847 dicit
1611 792 1795 846 statim

212 890 343 952 post
391 881 599 941 exitum
642 896 674 936 e
717 883 1049 952 paradiso‘:
1099 882 1351 954 Cognovit
1402 891 1579 937 autem
1623 883 1797 939 Adam

213 988 437 1027 uxorem
480 988 657 1038 suam,
711 983 761 1026 et
797 991 917 1029 eum
957 976 1293 1043 concepisset,
1328 976 1529 1045 peperit
1570 972 1704 1029 Cain
1746 981 1798 1027 et

210 1063 353 1117 dixit
380 1079 400 1118 :
420 1063 635 1118 Possedi
649 1065 916 1119 hominem
950 1080 1042 1135 per
1080 1064 1251 1120 Deum
1278 1065 1346 1119 ".
1380 1064 1554 1131 Quam
1579 1065 1651 1119 ob
1680 1078 1794 1119 rem

213 1163 425 1224 autem,
450 1171 484 1210 ο
515 1155 725 1223 Iudaee,
758 1156 948 1212 divina
976 1155 1266 1228 Scriptura
1307 1173 1431 1229 quae
1464 1158 1520 1215 in
1555 1166 1796 1228 septem-

215 1246 399 1301 decim
453 1247 730 1317 capitibus
772 1258 1201 1318 consequenter,
1235 1249 1291 1303 in
1323 1249 1583 1320 paradiso
1622 1250 1797 1305 Deum

215 1337 429 1409 duplici
472 1339 700 1396 nomine
752 1340 1158 1406 nominaverat,
1206 1348 1266 1396 et
1328 1357 1458 1397 eum
1503 1340 1793 1397 Dominum

215 1440 275 1486 et
321 1430 490 1486 Deum
540 1431 940 1501 appellaverat,
978 1431 1164 1487 statim
1196 1440 1324 1502 post
1368 1432 1614 1488 hominis
1637 1448 1669 1488 e
1702 1448 1798 1503 pa-

217 1518 409 1574 radiso
435 1534 744 1590 egressum,
771 1519 955 1590 ipsum
998 1520 1172 1575 Deum
1203 1520 1524 1590 appellavit,
1560 1520 1656 1577 sed
1685 1536 1797 1576 non

217 1584 516 1684 Dominum
565 1617 623 1667 et
665 1584 883 1666 Deum?
931 1611 1002 1668 Ut
1035 1622 1095 1667 tu
1128 1584 1313 1667 discas
1358 1584 1506 1682 quod
1537 1611 1798 1667 Ecclesiae

214 1710 306 1758 est
355 1702 615 1773 proprius
660 1703 932 1759 Dominus
976 1712 1034 1759 et
1084 1704 1250 1769 Deus,
1282 1711 1340 1759 et
1379 1719 1491 1758 non
1541 1703 1799 1759 similiter

213 1810 416 1851 eorum
457 1795 554 1866 qui
592 1803 734 1851 sunt
773 1804 929 1851 extra
970 1796 1297 1852 Ecclesiam.
1346 1796 1483 1851 Nam
1513 1795 1798 1851 hominum

214 1884 449 1957 quidem
478 1887 575 1957 qui
603 1896 736 1942 sunt
765 1894 942 1954 extra,
974 1887 1121 1943 Deus
1140 1896 1257 1954 est;
1286 1902 1488 1958 nempe
1512 1887 1663 1953 Θεός,
1697 1887 1803 1942 hoc

216 1987 307 2033 est
336 1977 561 2049 θεατής,
589 1977 645 2033 id
674 1987 761 2033 est
794 1985 1107 2048 spectator;
1144 1978 1417 2035 Ecclesia:
1444 1986 1629 2034 autem
1659 1978 1804 2035 Deus

217 2078 307 2125 est
341 2079 399 2125 et
437 2078 716 2140 spectator
742 2078 802 2126 et
823 2070 1112 2136 Dominus,
1139 2071 1191 2127 ei
1209 2070 1543 2137 dominans,
1572 2072 1803 2142 ejusque

220 2172 418 2212 curam
451 2173 668 2229 gerens,
714 2172 948 2229 eamque
986 2160 1317 2230 suscipiens,
1371 2168 1557 2226 tuens,
1601 2175 1668 2215 ac
1704 2160 1803 2215 de—

219 2246 480 2303 tendens.
531 2246 688 2315 Quod
723 2248 772 2304 si
810 2249 978 2305 etiam
1026 2257 1154 2320 post
1195 2248 1582 2319 expulsionem
1610 2263 1678 2303 ex
1707 2263 1806 2317 pa-

222 2341 416 2397 radiso
463 2343 793 2399 nominatur
834 2343 892 2401 in
934 2343 1121 2401 divina
1186 2341 1474 2412 Scriptura
1520 2339 1805 2404 Dominus,

222 2433 497 2505 Dominus
546 2434 714 2500 Deus,
774 2449 847 2493 ne
915 2433 1175 2500 mireris;
1242 2432 1351 2489 erit
1401 2432 1551 2489 enim
1592 2441 1810 2501 tempus

222 2525 456 2597 quando
509 2526 679 2583 etiam
719 2524 789 2582 iis
838 2526 936 2596 qui
983 2532 1116 2582 sunt
1164 2534 1319 2581 extra
1366 2524 1670 2580 Ecclesiam
1714 2520 1814 2577 do-

224 2614 536 2671 minabitur
590 2631 690 2686 per
736 2615 1119 2685 Evangelium,
1156 2621 1205 2668 et
1256 2615 1378 2680 erit,
1405 2621 1469 2669 ut
1509 2613 1627 2683 ipse
1647 2612 1808 2678 dixit,

1893 443 2065 498 opere
2117 428 2400 498 operando
2439 426 2739 486 secundum
2784 426 2917 481 fecit
2955 424 3291 482 creationem
3339 437 3471 492 pro-

1894 522 2014 590 prie
2048 528 2105 575 et
2148 535 2278 575 vere
2325 528 2382 574 et
2428 519 2568 576 citra
2606 520 2771 574 ullam
2825 517 3251 580 dubitationem,
3282 513 3468 573 divina

1896 612 2227 684 praedicente
2269 610 2557 682 Scriptura
2598 612 2694 666 Dei
2717 612 2880 668 Verbi
2913 611 3213 666 adventum
3240 616 3297 663 et
3329 622 3468 677 pra:-

1897 704 2127 757 sentiam
2164 718 2286 771 quae
2316 702 2421 756 fuit
2461 718 2491 756 a
2530 702 2670 757 coelo
2714 702 2769 761 in
2816 710 3043 764 terram,
3081 701 3216 754 etin
3253 714 3316 753 ea
3347 712 3470 767 quae

1895 802 1980 848 est
2016 794 2071 848 in
2098 794 2341 849 secundo
2369 794 2564 849 ordine
2599 802 2910 849 creaturam
2941 791 3094 847 brevi
3136 789 3468 859 repetitione

1895 897 1999 939 nos
2035 883 2268 938 docente
2325 882 2473 952 quod
2518 882 2797 937 videbitur
2850 882 2995 937 Dens
3039 881 3272 936 deorum
3322 878 3468 949 apud

1895 989 2000 1029 nos
2044 989 2216 1043 super
2259 982 2483 1036 terram,
2526 982 2585 1028 et
2622 989 2719 1043 per
2764 989 2843 1038 se,
2890 988 2991 1026 suo
3042 987 3210 1041 opere
3257 979 3313 1024 et
3354 969 3470 1023 suis

1897 1064 2156 1119 manibus
2208 1064 2572 1119 iabricahitur
2626 1078 2824 1117 novam
2873 1071 3209 1125 creaturam,
3262 1073 3468 1113 novum

1897 1157 2099 1213 caelum
2141 1164 2199 1210 et
2235 1171 2432 1210 novam
2487 1164 2721 1220 terram,
2770 1165 2828 1210 ει
2877 1169 3079 1209 novum
3125 1170 3192 1209 ex
3246 1167 3357 1206 non
3385 1166 3472 1205 εε-

1894 1251 2106 1304 minata
2141 1257 2291 1303 terra
2319 1264 2433 1303 non
2459 1248 2791 1303 seminatum
2816 1248 3121 1303 hominem.
3143 1246 3317 1312 Quem
3350 1244 3473 1313 qui-

1898 1341 2026 1396 dem
2064 1339 2225 1394 nobis
2275 1339 2432 1410 prius
2472 1338 2791 1409 signiﬁcans
2832 1340 3020 1394 divina
3063 1338 3367 1407 Scriptura,
3415 1343 3473 1389 et

1899 1434 2146 1504 duplicat
2170 1431 2759 1487 creatumethominis
2784 1431 3252 1486 constructionem
3277 1439 3331 1483 et
3350 1442 3473 1481 nar-

1901 1525 2192 1589 rationem,
2230 1523 2364 1578 hinc
2395 1537 2608 1593 ponens
2631 1523 2987 1594 principium,
3015 1531 3073 1577 et
3110 1520 3472 1576 fundamenta

1895 1616 2108 1686 jaciens
2138 1615 2344 1672 Christi
2382 1600 2660 1677 Ecclesiae,
2687 1623 2745 1669 et
2778 1613 2970 1668 dicens
2992 1611 3316 1682 prophetice
3343 1608 3474 1663 :Hie

1900 1718 1975 1763 est
2015 1707 2145 1762 liber
2168 1709 2523 1779 generationis
2561 1706 2676 1761 caeli
2707 1716 2756 1760 et
2788 1714 2965 1763 terrae.
2995 1702 3207 1772 quando
3241 1700 3340 1770 fuit
3367 1699 3473 1753 dies

1900 1818 2007 1872 qua
2037 1801 2159 1870 fecit
2179 1800 2365 1857 ctutum
2398 1807 2449 1852 et
2480 1808 2701 1862 terram,
2727 1805 2776 1851 et
2799 1813 2951 1851 omne
2970 1795 3136 1849 viride
3161 1794 3277 1864 agri
3306 1792 3478 1862 prius-

1903 1909 2061 1964 quam
2114 1893 2305 1946 oritur.
2341 1890 2460 1945 Non
2499 1891 2640 1944 enim
2673 1890 2808 1959 pluit
2852 1887 3109 1942 Dominus
3147 1884 3288 1938 Deus
3318 1898 3478 1953 super

1906 1991 2126 2048 terram,
2156 1990 2205 2037 et
2235 1998 2339 2036 non
2376 1988 2491 2035 erat
2516 1984 2729 2051 operari
2768 1988 3009 2041 terram;
3038 1976 3153 2046 fons
3185 1982 3361 2029 autem
3391 1989 3479 2026 as-

1902 2076 2154 2130 cendebat
2187 2091 2215 2129 e
2243 2081 2408 2128 terra.
2446 2071 2516 2128 Et
2548 2073 2700 2142 finxit
2728 2071 2867 2124 Deus
2892 2070 3174 2129 hominem,
3216 2064 3476 2133 accipiens

1905 2167 2122 2220 humum
2146 2182 2174 2219 e
2209 2174 2378 2227 terra,
2404 2173 2452 2218 et
2489 2163 2769 2234 insuﬂiauit
2794 2162 2851 2215 in
2885 2160 3072 2230 faciem
3100 2158 3212 2228 ejus
3236 2157 3480 2226 spiritum

1907 2258 2046 2322 uiue,
2088 2264 2139 2310 et
2165 2257 2335 2326 [actus
2369 2264 2446 2310 est
2468 2255 2620 2308 homo
2643 2254 2699 2307 in
2728 2254 2965 2306 animam
2989 2252 3266 2304 viventem.
3288 2248 3479 2316 Magna

1907 2358 1993 2404 est
2042 2349 2096 2403 in
2149 2347 2338 2403 verbis
2388 2344 2685 2417 propositis
2729 2342 3059 2404 obscuritas,
3102 2349 3159 2394 et
3205 2348 3353 2393 totus
3390 2338 3483 2392 hic
3520 2389 3523 2393 .
3588 2328 3591 2331 ’

1872 2508 1875 2511 Α
1906 2442 2064 2497 locus
2098 2448 2184 2495 est
2208 2440 2367 2494 valde
2391 2440 2679 2502 obscurus,
2708 2451 2817 2490 non
2855 2435 3036 2490 solum
3077 2432 3223 2503 quod
3257 2431 3324 2485 ad
3363 2430 3481 2498 spi-

1911 2533 2164 2587 ritualem
2215 2531 2415 2585 attinet
2453 2532 2576 2600 ejus
2616 2542 2937 2598 anagogen,
2984 2525 3079 2581 sed
3115 2523 3283 2578 etiam
3332 2519 3481 2591 quod

1910 2623 1980 2679 ad
2024 2622 2366 2692 corporalem
2408 2621 2529 2691 ejus
2576 2619 2863 2674 historiam
2904 2624 3008 2681 est,
3065 2613 3290 2685 cognitu
3340 2609 3488 2666 ditii-

225 2723 401 2763 unum
436 2707 593 2773 ovile,
638 2723 777 2762 unus
825 2705 1128 2779 pastor}.
1179 2706 1371 2775 Neque
1417 2720 1450 2759 a
1485 2720 1608 2760 mea
1647 2719 1813 2774 quam

1913 2715 2056 2771 cilis.
2098 2712 2323 2784 Ergo.si
2364 2712 2605 2775 videtur,
2633 2724 2762 2765 eum
2801 2709 3041 2779 primum
3084 2706 3385 2785 dirigamus
3419 2701 3487 2755 ad

226 2798 390 2868 Prius
423 2796 537 2853 ἀίιί
589 2795 792 2855 recedo
831 2795 1128 2862 εθηιθιιιίειν
1160 2794 1326 2850 Simul
1371 2810 1404 2849 a
1433 2793 1623 2850 δυάωο
1660 2801 1717 2847 et
1744 2793 1815 2847 ab
1913 2807 2177 2877 majorem
2204 2805 2261 2859 in
2284 2803 2472 2859 littera
2503 2803 2831 2863 claritatem,
2863 2808 2922 2853 et
2950 2796 3152 2852 deinde
3175 2803 3492 2851 scrutemur

228 2886 428 2944 invido
460 2887 585 2943 ﬁdei
620 2888 716 2959 qui
749 2886 1018 2943 adversus
1062 2886 1209 2942 hanc
1256 2900 1436 2941 meam
1481 2884 1814 2940 contradicit

1916 2899 2205 2955 occultum
2241 2906 2307 2951 ει-
2337 2894 2679 2966 spiritualem
2718 2892 2839 2959 ejus
2888 2904 3131 2943 sensum.

230 2978 658 3050 intelligentiam
689 2979 914 3049 exigens
961 2985 1024 3032 ut
1055 2977 1113 3031 in
1165 2992 1324 3032 camo
1368 2985 1425 3031 et
1465 2975 1623 3031 freno
1652 2976 1814 3030 nobis
1840 2993 1885 3056 ο
1987 2991 2103 3046 Hoc
2130 2999 2215 3045 εει
2242 3003 2373 3059 ergo
2395 2985 2543 3057 quod
2573 3000 2675 3039 nos
2707 2983 2799 3037 hic
2820 2982 2982 3037 docet
3019 2979 3286 3050 propheta
3314 2976 3492 3031 Moses

230 3069 391 3151 dicat
418 3070 781 3140 quamobrem
826 3077 954 3125 ante
995 3067 1292 3124 adventum
1339 3067 1539 3122 divinae
1573 3067 1815 3123 insuma-

234 3160 414 3219 tionis
443 3160 514 3216 ad
540 3159 834 3225 Adamum,
878 3160 1025 3215 Deus
1071 3175 1183 3215 non
1225 3158 1333 3215 fuit
1367 3159 1686 3215 nominatus
1705 3159 1815 3214 Do.

241 3255 430 3311 minus
472 3260 532 3310 et
568 3253 738 3319 Deus,
771 3251 870 3309 sed
906 3252 1083 3308 solum
1128 3252 1295 3314 Deus,

310 3340 420 3397 Sed
446 3350 792 3399 revertamur
823 3341 891 3397 ad
918 3341 1261 3413 propositum
1292 3358 1307 3396 ε
1332 3340 1429 3394 Hic
1450 3349 1524 3395 est
1559 3339 1688 3394 liber
1722 3357 1814 3410 ge-

235 3435 541 3503 nerationis
561 3444 609 3489 et
631 3442 808 3500 teme,
835 3434 1048 3504 quando
1068 3433 1169 3504 fuit
1189 3434 1300 3488 dies
1317 3434 1374 3487 in
1396 3448 1498 3504 quo
1521 3433 1642 3502 fecit
1678 3432 1815 3488 Deus

234 3524 431 3583 emtum
466 3535 517 3582 et
558 3535 777 3581 terram.
809 3526 1078 3596 Exspecta
1102 3540 1318 3595 parum,
1348 3531 1407 3580 et
1444 3524 1638 3579 audies
1663 3540 1816 3579 eum-

236 3619 372 3695 dem
403 3618 732 3690 scriptorem
773 3618 979 3674 Mosem
1025 3617 1331 3683 dicentem,
1366 3617 1454 3672 vel
1502 3617 1687 3686 potius
1718 3632 1817 3686 per

235 3726 372 3767 eum
412 3710 755 3781 loquentem,
804 3710 1057 3766 sanctum
1112 3708 1378 3780 Spiritum
1412 3726 1425 3763 :
1458 3708 1555 3763 Hic
1580 3716 1656 3763 est
1691 3708 1820 3764 liber

235 3804 601 3878 generationis
642 3804 888 3868 hominis,
920 3818 1022 3873 quo
1060 3803 1145 3856 die
1189 3802 1306 3871 fecit
1338 3800 1479 3855 Deus
1514 3800 1820 3866 Adam,.ad

237 3897 531 3966 imaginem
556 3894 654 3950 Dei
680 3895 802 3966 fecit
823 3911 980 3962 eum;
1008 3893 1306 3950 masculum
1335 3903 1387 3948 et
1428 3895 1679 3964 feminam
1701 3895 1820 3964 fecit

238 4004 355 4052 eos,
386 3994 437 4041 et
456 3986 720 4042 benedixit
743 3987 836 4041 eis.
867 3985 1125 4053 Quanam
1153 3985 1224 4040 sit
1246 3984 1557 4041 diﬁ‘erentia
1587 3986 1819 4041 duarum

239 4077 703 4149 appellationum,
745 4092 943 4147 nempe
976 4064 1108 4132 libri
1152 4077 1278 4133 coeli
1303 4086 1361 4133 et
1388 4087 1572 4144 terrae,
1597 4087 1653 4134 et
1692 4079 1819 4135 libri

242 4168 515 4233 hominis,
552 4168 783 4224 alterius
817 4167 888 4222 ab
920 4149 1120 4234 altera,
1153 4168 1403 4225 dicemus
1430 4168 1726 4225 discrimen
1766 4171 1823 4224 in

245 4260 323 4316 iis
364 4275 488 4332 quae
522 4269 944 4329 consequuntur
988 4275 1225 4331 :nempe
1266 4260 1415 4331 quod
1466 4260 1692 4316 omnino
1728 4277 1825 4316 ne-

1920 3091 2289 3155 congruenter
2330 3081 2530 3135 litterae
2566 3096 2579 3130 :
2614 3077 2709 3132 Hic
2764 3083 2840 3129 est
2883 3073 3011 3127 liber
3048 3068 3398 3142 generationis
3443 3074 3492 3120 et

1920 3183 2095 3236 terrae,
2148 3171 2359 3241 quando
2416 3170 2514 3240 fuit
2555 3168 2664 3220 dies
2714 3181 2818 3237 quo
2858 3164 2976 3234 fecit
3018 3160 3158 3215 Deus
3210 3157 3395 3213 caelum
3443 3164 3492 3210 et

1920 3274 2149 3330 terram;
2179 3265 2285 3319 hoc
2313 3274 2417 3326 est,
2448 3261 2627 3331 primo
2653 3258 2764 3323 die,
2790 3258 3103 3328 priusquam
3140 3259 3326 3305 natum
3359 3255 3493 3303 esset

1920 3358 2133 3429 quodvis
2159 3356 2324 3411 uiride
2350 3368 2507 3424 super
2537 3359 2758 3415 terram,
2782 3357 2831 3405 et
2862 3348 3171 3418 priusquam
3198 3351 3328 3397 nata
3363 3349 3495 3395 esset

1922 3450 2115 3521 qumvis
2155 3447 2315 3501 herba
2358 3445 2495 3516 agri.
2523 3442 2772 3497 Nondum
2815 3441 2955 3494 enim
2998 3437 3211 3509 pluerat
3240 3434 3496 3489 Dominus

1920 3541 2062 3596 Deus
2103 3556 2260 3610 super
2289 3548 2510 3600 terram,
2561 3535 2813 3604 quoniam
2846 3534 2997 3586 homo
3040 3529 3274 3584 nondum
3327 3526 3497 3596 factus

1923 3644 2060 3697 erat,
2106 3649 2198 3687 nec
2234 3631 2558 3701 operabatur
2585 3644 2744 3698 super
2769 3635 3006 3689 terram;
3043 3624 3157 3694 fons
3201 3631 3374 3675 autem
3411 3635 3499 3673 as-

1925 3727 2175 3782 cendebat
2198 3740 2357 3794 super
2378 3730 2601 3777 terram.
2641 3718 2743 3785 Qui
2773 3718 3034 3778 litteram,
3068 3727 3299 3781 eamque
3324 3710 3498 3766 solam

1927 3821 2018 3875 hic
2061 3823 2394 3887 sequuntur,
2435 3814 2530 3868 hic
2547 3812 2738 3866 falsam
2775 3807 3058 3863 adducunt
3081 3803 3325 3858 divinam
3346 3800 3497 3855 Scri-

1925 3918 2168 3981 pturam.
2205 3906 2397 3974 Neque
2439 3902 2586 3957 enim
2614 3899 2840 3954 omnino
2885 3894 3197 3951 invenimus
3233 3891 3288 3944 in
3321 3889 3498 3959 primo

1926 3977 2017 4056 die
2058 4007 2186 4056 ante
2218 3996 2369 4051 olera
2408 4000 2466 4048 et
2509 3989 2713 4045 herbas
2756 3988 2813 4043 in
2865 4001 2961 4041 sex
3000 3982 3197 4037 diebus
3223 3977 3496 4033 nominari

1926 4090 2159 4153 fontem,
2192 4100 2372 4156 neque
2399 4082 2802 4154 irrigationem,
2832 4077 2927 4135 sed
2963 4089 3146 4144 neque
3172 4084 3371 4141 aquam
3396 4068 3499 4124 sub

1929 4188 2110 4245 terra;
2154 4176 2253 4233 sed
2289 4187 2508 4231 omnem
2539 4185 2807 4240 aquarum
2860 4174 3118 4222 naturam
3165 4176 3285 4218 esse
3335 4174 3500 4229 supra

1933 4278 2155 4326 terram.
2196 4265 2301 4323 Ubi
2337 4272 2520 4319 autem
2554 4268 2674 4317 erat
2717 4273 2880 4328 aqua,
2931 4271 3043 4310 non
3073 4260 3193 4309 erat
3232 4249 3499 4320 irrigatio,

245 4365 411 4407 (⁵⁸⁸³⁸
447 4359 533 4407 εει
568 4367 673 4406 ¹¹⁰⁸
723 4352 911 4406 οωηίτι
963 4367 1087 4423 (Ιυᾶ
1151 4360 1281 4408 sum
1314 4353 1372 4407 ίη
1413 4352 1520 4408 hoc
1559 4353 1701 4407 “bro
1739 4354 1824 4407 ίιι·
1859 4343 1901 4398 1)
1930 4377 2034 4417 nec
2066 4360 2320 4414 haustus.
2368 4356 2449 4411 Ex
2482 4367 2722 4424 quanam
2753 4358 2940 4404 autem
2977 4354 3128 4400 terra
3171 4341 3505 4398 ascendebat

246 4439 504 4511 telligere
548 4441 616 4495 de
665 4441 752 4495 his
799 4440 1062 4507 duobus,
1097 4456 1297 4511 nempe
1350 4442 1552 4497 caelum
1603 4441 1827 4511 quidem

244 4547 377 4589 esse
402 4542 589 4604 typum
612 4532 842 4597 Christi,
872 4542 1077 4589 terram
1107 4542 1291 4589 autem
1318 4543 1505 4606 typum
1532 4536 1822 4601 Ecclesiae;

245 4629 312 4677 et
348 4621 433 4676 sic
464 4621 727 4692 deinceps
777 4622 1097 4681 universam
1142 4639 1240 4679 sex
1278 4624 1494 4680 dierum
1518 4635 1829 4682 creaturam

247 4712 326 4770 ad
358 4726 456 4768 eos
489 4712 716 4779 referre,
760 4729 961 4784 nempe
994 4729 1184 4785 aquas,
1219 4715 1497 4788 abyssum,
1527 4724 1585 4773 et
1625 4717 1827 4784 lucem,

249 4810 312 4858 et
348 4801 600 4869 herbam,
637 4811 695 4861 et
738 4803 990 4871 arbores,
1028 4813 1087 4861 et
1116 4805 1549 4875 ﬁrmamentum,
1582 4818 1639 4865 et
1671 4809 1835 4865 lumi-

250 4892 440 4959 naria,
473 4900 530 4950 et
571 4894 850 4963 animalia,
884 4906 941 4951 et
968 4897 1243 4964 volucres,
1285 4907 1341 4954 et
1374 4899 1745 4971 irrigationes,
1780 4910 1837 4955 et

250 4992 465 5038 catcra
492 4983 714 5051 omnia;
749 4994 808 5041 et
831 4986 911 5042 sic
936 4986 1200 5058 impletur
1219 4989 1506 5059 eloquium
1528 4991 1674 5061 quod
1701 4990 1837 5047 dicit

252 5075 450 5131 omnia
502 5090 602 5146 per
627 5075 908 5133 Christum
940 5086 998 5132 et
1029 5078 1087 5133 in
1109 5077 1331 5135 Christo
1360 5095 1482 5136 esse
1514 5081 1736 5137 condita
1765 5084 1832 5138 “.

254 5167 365 5222 Est
401 5177 586 5222 autem
628 5176 836 5223 attente
880 5169 1433 5226 animadvertendum
1463 5171 1634 5241 quod,
1667 5189 1699 5227 a
1729 5190 1840 5243 quo

255 5258 356 5315 die
389 5258 459 5313 ad
496 5259 791 5331 imaginem
833 5261 1012 5318 factus
1048 5271 1133 5318 est
1179 5263 1348 5319 homo
1389 5263 1609 5334 (nempe
1648 5273 1840 5336 proto-

259 5361 431 5424 typus
460 5349 660 5407 Christi
705 5360 866 5423 typus
906 5352 1125 5424 Adam),
1169 5369 1282 5409 non
1310 5362 1395 5411 est
1420 5354 1658 5425 amplius
1695 5356 1841 5413 Deus

261 5438 480 5511 aliquid
528 5439 828 5498 fabricatus
875 5459 975 5513 per
1007 5444 1267 5514 iussum:
1309 5461 1490 5517 neque
1521 5445 1591 5501 de
1636 5456 1838 5503 caetero

341 5620 390 5655 ⁹⁹
427 5619 563 5675 Gen.
607 5636 680 5685 tv,
726 5620 776 5673 l.
852 5620 899 5653 ”
934 5620 1091 5676 Joan.
1132 5638 1184 5687 χ,
1227 5623 1313 5678 16.
1391 5626 1438 5658 ⁸⁸
1475 5622 1687 5679 Coloss.
1727 5639 1766 5690 ι,
1818 5624 1906 5680 16.

1930 4459 1987 4508 ει
2018 4449 2280 4520 irrigabat
2311 4444 2662 4517 superiorem
2690 4438 2945 4496 terram?
2974 4437 3123 4492 Duas
3155 4434 3302 4489 enim
3330 4442 3506 4487 terras

1932 4541 2225 4615 signiﬁcat,
2264 4539 2457 4595 dicens
2484 4534 2632 4606 quod
2670 4532 2794 4587 fons
2835 4526 3170 4585 ascendebat
3199 4523 3410 4579 inferne
3439 4538 3506 4579 ex

1933 4614 2102 4699 terra,
2147 4643 2204 4688 et
2242 4631 2508 4703 irrigabat
2551 4627 2865 4681 universam
2910 4622 3105 4677 faciem
3155 4627 3333 4672 terrae.
3368 4614 3506 4671 Cum

1930 4731 2118 4778 autem
2157 4722 2404 4777 nondum
2433 4724 2621 4774 essent
2662 4715 2898 4775 fructus,
2936 4723 3118 4779 neque
3158 4708 3374 4777 plantae,
3405 4720 3506 4759 ne-

1930 4831 2039 4886 que
2087 4813 2368 4876 animalia,
2433 4822 2614 4880 neque
2658 4807 2935 4867 volucres,
2998 4816 3178 4870 neque
3232 4797 3506 4868 agricolae,

1930 4921 2111 4976 neque
2158 4904 2385 4959 omnino
2430 4901 2724 4965 homines;
2760 4896 3021 4967 quidnam
3078 4890 3342 4961 irrigahat
3387 4888 3511 4942 fons

1932 4997 2026 5053 ille
2060 4995 2277 5051 inferne
2320 5009 2389 5048 ex
2434 4988 2818 5048 subterraneis
2869 4986 3009 5041 locis
3060 4979 3412 5038 ascendens?
3453 4976 3511 5032 Si

1934 5088 2082 5144 enim
2118 5085 2385 5153 irrigabat
2415 5091 2585 5138 totam
2620 5081 2818 5136 faciem
2865 5086 3046 5139 terrm,
3076 5074 3201 5145 quis
3226 5079 3344 5127 erat
3379 5084 3513 5122 usus

1937 5179 2094 5235 illius
2138 5176 2287 5231 ﬂuvii
2322 5174 2420 5244 qui
2455 5173 2852 5244 egrediebatur
2883 5185 2952 5223 ex
2981 5166 3152 5222 Edem
3183 5163 3245 5218 ad
3279 5163 3516 5227 irrigari-

1937 5269 2067 5325 dum
2098 5267 2441 5338 paradisum,
2482 5262 2758 5332 siquidem
2798 5262 2857 5314 in
2905 5268 3052 5315 terra
3103 5264 3187 5312 est
3215 5254 3379 5309 etiam
3412 5266 3514 5320 pa.

1936 5358 2200 5413 radisns?
2256 5355 2401 5412 Audi
2441 5353 2591 5410 enim
2642 5351 2944 5421 Scriptura:
3006 5343 3508 5417 consequentiam:

1937 5450 2003 5507 In
2055 5449 2312 5522 principio
2358 5462 2473 5502 cum
2517 5444 2718 5515 fecisset
2764 5442 2903 5495 Deus
2957 5439 3142 5495 coelum
3194 5443 3244 5491 et
3290 5442 3510 5498 terram,
