4042 6292
561 203 666 269 95')

1750 206 1813 267 S;
1859 198 2279 271 ANAST‘ASll
2310 191 2660 266 SINAI'LE'

3679 185 3686 191 ’
3722 206 3852 276 ssc

564 331 710 374 terra
743 327 858 372 erat
885 320 1161 376 invisibilis
1188 333 1237 377 et
1260 323 1629 393 incomposita,
1658 330 1708 376 et
1732 320 1956 375 tenebras
1983 319 2136 370 erant
2163 317 2214 374 Δ
2243 314 2312 369 ad
2342 330 2483 386 opus
2525 317 2889 388 processisset
2917 311 3189 389 ejusmodi
3222 297 3847 391 boni‘agrieolte'agri-

562 429 723 482 super
753 413 1020 484 abyssum.
1057 414 1115 469 Si
1142 422 1324 484 autem
1352 415 1777 470 tenebrae‘erant
1803 426 1969 481 super
1989 421 2142 464 crea-

566 515 769 571 turam,
822 522 922 560 cur
965 507 1226 576 irrigabat
1269 508 1325 562 in
1373 507 1658 563 tenebris?
1691 507 1760 560 Et
1817 505 1864 560 si
1912 503 2140 573 spiritus

565 597 664 651 Dei
710 597 992 652 ferebatur
1035 614 1201 667 super
1252 615 1486 669 aquam.
1535 599 1640 654 hoc
1682 605 1787 658 est,
1842 598 2141 650 vehemens

565 696 766 742 ventus
791 703 912 741 eam
940 687 1184 758 agitabat
1208 699 1264 744 et
1285 689 1669 744 commovebat
1692 685 2139 751 ﬂuctibus_(fcrri

563 777 712 832 enim
753 788 836 834 est
860 779 1221 834 vehementer
1248 781 1816 854 moveri),quomodo,
1843 794 2052 849 quaeso,
2083 777 2138 832 in

563 869 796 938 caligine
828 879 885 924 et
925 872 1170 926 tenebris
1214 882 1626 943 et-tempestate
1655 881 1848 943 operta
1881 871 2139 926 ﬂuctibus

562 959 778 1014 inferne
823 961 1020 1016 obruta
1059 964 1318 1019 universa
1354 975 1522 1028 terra,
1555 965 1624 1020 ab
1662 963 2028 1034 aliquo-fonte
2051 977 2139 1018 as-

561 1052 833 1108 cendente
861 1069 892 1108 e
920 1063 1069 1110 terra
1093 1056 1464 1126 irrigabatur?
1491 1058 1753 1128 Nunquid
1783 1073 1918 1127 ergo
1938 1057 2138 1110 litterae

561 1142 848 1198 historiam
872 1161 981 1200 non
1006 1149 1237 1204 omnino
1256 1150 1656 1206 concludentes
1688 1151 1743 1204 in
1768 1149 1954 1204 divina
1990 1145 2139 1202 Scri-

559 1243 744 1304 ptura,
793 1253 1088 1306 possumus
1129 1241 1298 1295 etiam
1345 1256 1446 1312 per
1490 1257 1776 1311 anagogen
1825 1241 2136 1310 intelligere

563 1332 710 1382 hunc
741 1329 949 1384 fontem
997 1332 1093 1400 qui
1144 1332 1361 1388 inferne
1403 1334 1654 1388 ascendit
1682 1350 1714 1388 a
1741 1340 1912 1398 terra,
1954 1342 2012 1388 et
2039 1333 2135 1402 qui

559 1416 617 1470 in
658 1417 892 1488 caligine
922 1436 987 1476 ac
1013 1422 1262 1476 tenebris
1299 1431 1354 1477 et
1391 1431 1714 1492 tempestate
1741 1424 1934 1494 irrigat
1964 1433 2134 1477 totam

557 1507 756 1564 faciem
798 1521 992 1571 terrae.
1017 1513 1340 1581 humanam,
1383 1516 1632 1585 inquam,
1663 1531 1862 1585 aquam
1895 1531 2017 1584 quae
2049 1523 2136 1570 est

554 1601 833 1668 contraria
868 1604 1068 1672 pluvize
1099 1621 1220 1674 quae
1252 1605 1492 1676 desuper
1517 1606 1808 1662 descendit
1830 1607 1884 1660 in
1917 1605 2134 1660 vellus?

554 1692 949 1761 Quamobrem,
969 1710 1094 1750 cum
1119 1672 1209 1751 _sit
1239 1672 1444 1752 sterilis
1483 1706 1540 1752 et
1569 1697 1828 1752 infertilis
1872 1712 2014 1767 aqua
2045 1697 2132 1752 illa
2167 1672 2210 1728 Β

556 1782 942 1852 subterranea,
993 1795 1050 1842 et
1076 1787 1216 1842 mala
1255 1797 1312 1844 et
1339 1787 1686 1843 tenebricosa
1714 1788 1984 1859 irrigatio,
2021 1802 2134 1843 non

555 1881 772 1942 poterat
821 1887 965 1934 terra
1013 1879 1296 1950 particeps
1347 1881 1582 1935 rationis
1627 1881 1934 1951 producere
1968 1895 2132 1935 omne

550 1982 730 2035 genus
746 1966 945 2033 viride,
984 1986 1183 2041 nempe
1204 1980 1301 2026 aut
1331 1971 1572 2027 fructum
1595 1980 1688 2028 aut
1714 1971 1962 2027 herbam.
1988 1971 2135 2026 Deus

552 2057 699 2112 enim
750 2058 1112 2116 voluntariam
1162 2061 1400 2133 pluviam
1438 2065 1486 2096 “
1513 2063 1754 2132 desuper
1777 2079 1889 2118 non
1917 2065 2134 2133 pluerat

551 2167 621 2205 ex
667 2154 900 2221 perenni
935 2153 1086 2210 fonte
1119 2157 1286 2222 vitae;
1329 2172 1444 2212 non
1477 2167 1599 2212 erat
1638 2172 1731 2212 ros
1773 2172 1840 2214 ex
1869 2157 2130 2222 Hermon,

549 2243 804 2300 Christus
818 2246 912 2315 qui
937 2261 1003 2300 ex
1028 2247 1187 2302 Patre
1211 2247 1536 2314 descendit,
1568 2264 1748 2318 neque
1769 2249 1862 2319 qui
1897 2250 2134 2304 seminat

548 2335 620 2388 ad
657 2337 1048 2392 seminandum
1092 2338 1584 2408 Evangelium,.et
1627 2340 1794 2394 homo
1845 2356 1956 2396 non
2008 2349 2132 2396 erat

549 2427 887 2496 apostolicus
912 2429 980 2484 ad
1006 2429 1345 2499 operandam
1367 2441 1566 2486 terram
1593 2446 1718 2500 quas
1742 2440 1828 2486 est
1849 2431 1902 2486 in
1924 2433 2128 2486 anima.

617 2517 868 2589 Intellige
897 2530 1185 2590 praeterea,
1209 2537 1416 2594 quaeso.
1440 2523 1560 2577 Non
1593 2522 1730 2577 dixit
1750 2523 1940 2578 divina
1978 2523 2130 2578 Scri-

550 2616 712 2676 ptura
750 2612 897 2680 quod
929 2629 1038 2666 non
1063 2622 1182 2668 erat
1215 2615 1380 2668 homo
1415 2633 1427 2668 :
1456 2614 1513 2670 in
1553 2615 1648 2669 illo
1672 2616 1820 2670 enim
1845 2615 1934 2670 die
1965 2615 2132 2670 homo

550 2698 730 2752 factus
767 2699 967 2755 fuerat.
1023 2702 1130 2756 Sed
1177 2719 1290 2757 non
1336 2714 1456 2759 erat
1511 2706 1785 2775 ejusmodi
1835 2706 2003 2760 homo
2035 2707 2130 2776 qui

550 2799 737 2858 posset
782 2791 1000 2858 operari
1033 2801 1090 2846 et
1127 2795 1311 2849 colere
1353 2802 1560 2850 terram
1615 2797 1832 2851 animae.
1873 2797 2130 2852 Nondum

548 2879 698 2934 enim
739 2881 951 2936 exierat
989 2883 1156 2938 homo
1189 2884 1286 2955 qui
1315 2901 1346 2940 c
1381 2886 1524 2941 caelo
1561 2887 1867 2952 descendit,
1903 2888 1970 2942 ad
2003 2903 2133 2958 ope-

2246 406 2484 470 cultura,
2510 416 2568 462 et
2592 407 2823 466 redditae
2849 418 3036 464 essent
3065 409 3340 480 frugiferae
3375 423 3497 479 quae
3520 411 3594 465 ab
3619 411 3719 466 illo
3750 414 3846 466 ir-

2246 496 2434 568 rigatm
2455 507 2616 554 erant
2643 499 2842 568 plantae
2861 540 2878 562 ,
2909 501 3090 555 statim
3119 501 3286 556 infert
3315 501 3602 571 Scriptura
3633 503 3844 560 dicens

2245 600 2692 659 consequenter:
2720 589 2790 644 Et
2813 591 2944 644 oriri
2979 591 3100 661 fecit
3139 591 3393 646 Dominus
3433 591 3578 646 Deus
3606 595 3792 650 adhuc
3811 612 3845 648 e

2245 688 2392 734 terra
2421 696 2574 736 omne
2598 681 2800 751 lignum
2833 683 3107 750 pulchrum
3136 684 3206 736 ad
3231 684 3529 748 uidendum,
3557 695 3608 738 et
3632 687 3843 741 bonum

2245 769 2316 824 ad
2339 771 2736 836 comedendum,
2777 781 2828 826 et
2874 772 3076 841 lignum
3111 775 3230 828 vita:
3272 775 3326 828 in
3359 775 3532 830 medio
3563 779 3838 845 paradisi,

2244 872 2294 918 et
2317 863 2518 934 lignum
2537 865 2736 918 sciendi
2756 865 2812 918 id
2830 865 2971 934 quod
2993 870 3233 936 cognosci
3261 875 3429 938 potest
3449 869 3574 923 boni
3595 880 3647 922 et
3671 870 3836 926 enati.

2241 955 2384 1023 Quid
2410 971 2542 1027 ergo
2582 957 2651 1011 de
2677 955 2897 1012 Christo
2921 967 2978 1012 et
3007 958 3275 1026 Ecclesia,
3315 959 3514 1022 Adam,
3545 971 3603 1016 et
3633 977 3840 1019 omnes

2241 1063 2365 1118 quae
2395 1047 2549 1118 prius
2589 1048 2751 1103 dicta
2792 1058 2924 1104 sunt
2968 1051 3202 1121 plantas,
3235 1060 3293 1106 et
3322 1053 3575 1118 arbores,
3609 1062 3670 1108 et
3711 1055 3839 1108 fru—

2241 1147 2384 1201 ctus,
2409 1146 2467 1192 et
2491 1139 2809 1208 paradisum
2847 1150 2999 1194 recte
3029 1141 3420 1196 intellexerunt
3459 1151 3516 1198 et
3548 1145 3837 1214 interpre-

2243 1227 2495 1283 tati-sunt
2525 1231 2904 1300 expositores?
2928 1233 3190 1288 dixerunt
3212 1235 3329 1289 haec
3348 1237 3676 1306 prOphetice
3700 1253 3836 1294 esse

2241 1322 2448 1391 scripta
2479 1337 2509 1377 a
2545 1323 2694 1378 Mose
2733 1323 2804 1378 de
2850 1324 3012 1380 nobis
3057 1334 3116 1380 et
3153 1325 3394 1382 Christo.
3430 1329 3565 1383 Dico
3609 1339 3830 1395 autem,

2240 1429 2364 1484 quae
2394 1415 2463 1469 de
2488 1415 2743 1484 paradiso
2784 1415 2934 1470 dicta
2975 1425 3128 1482 sunt,
3159 1428 3216 1472 et
3247 1419 3482 1488 plantas,
3519 1429 3577 1475 et
3604 1422 3833 1477 anima-

2240 1505 2334 1569 lia,
2363 1507 2639 1570 volucres,
2670 1507 2895 1572 bestias,
2931 1517 2989 1563 et
3031 1524 3152 1578 quae
3183 1510 3448 1581 deinceps
3484 1525 3830 1582 sequuntur.

2241 1595 2336 1652 Sin
2365 1604 2549 1651 autem
2581 1598 2926 1653 contendunt
2950 1599 3097 1669 quod
3130 1599 3216 1656 ha
3249 1602 3482 1658 arbores
3507 1615 3566 1658 et
3596 1605 3827 1674 planta,

2235 1693 2292 1740 et
2313 1685 2528 1745 fructus
2553 1702 2586 1741 e
2611 1695 2756 1742 terra
2778 1688 3031 1758 producti
3054 1699 3184 1743 sunt
3203 1691 3294 1746 die
3317 1693 3501 1757 tertio,
3526 1704 3585 1749 et
3603 1699 3826 1752 semina

2233 1791 2358 1844 quae
2397 1777 2784 1846 germinarunt
2827 1795 2841 1832 :
2875 1781 3192 1834 necessario
3233 1779 3422 1843 dicent
3463 1785 3611 1853 quod
3667 1801 3827 1841 com.

2235 1867 2420 1923 munis
2463 1867 2622 1922 cibus
2667 1868 2929 1933 hominis,
2965 1880 3016 1924 et
3059 1870 3376 1936 brutorum,
3409 1884 3466 1928 et
3495 1877 3820 1942 volucrum,

2234 1965 2292 2013 et
2336 1957 2650 2028 reptilium,
2699 1968 2818 2014 erat
2864 1959 3080 2016 fructus
3127 1962 3456 2033 ligni-vitae,
3493 1977 3552 2020 et
3597 1967 3824 2025 fructus

2232 2047 2365 2118 ligni
2396 2051 2762 2120 cognoscendi
2793 2052 2999 2107 bonum
3024 2063 3082 2108 et
3118 2056 3345 2110 malum.
3375 2057 3469 2113 Sic
3495 2060 3648 2114 enim
3675 2061 3824 2118 dixit

2232 2142 2378 2198 Deus
2419 2152 2583 2198 sexto
2614 2143 2702 2199 die
2739 2145 2950 2200 homini
2982 2165 2996 2201 :
3025 2147 3158 2202 Ecce
3191 2165 3286 2219 ego
3315 2151 3437 2204 dedi
3489 2153 3631 2208 vobis
3661 2171 3822 2210 omne

2233 2231 2601 2304 lignum-quod
2623 2235 2773 2288 habet
2804 2237 2859 2288 in
2886 2251 2943 2290 se
2971 2237 3202 2307 fructum
3224 2241 3816 2308 seminis-seminabilis',

2233 2325 2373 2381 vobis
2401 2329 2502 2380 erit
2545 2329 2600 2382 in
2646 2328 2817 2382 cibum
2850 2337 2919 2384 et'
2946 2331 3186 2386 omnibus
3230 2333 3524 2390 volucribus
3571 2338 3705 2393 coeli.
3753 2338 3818 2396 Si

2231 2430 2363 2486 ergo
2391 2417 2627 2472 Verbum
2659 2426 2716 2471 et
2739 2433 2924 2473 sermo
2949 2420 3164 2476 Domini
3187 2432 3275 2478 est
3303 2424 3360 2478 in
3378 2434 3669 2492 aeternum,
3693 2442 3819 2482 om-

2232 2509 2364 2561 nino
2397 2507 2442 2562 si
2475 2509 2640 2562 homu
2665 2524 2766 2578 per
2791 2510 3220 2568 inobedientiam
3245 2523 3332 2570 est
3355 2518 3604 2587 privatus
3632 2521 3816 2577 fructu

2231 2595 2364 2665 ligni
2391 2597 2538 2657 vitae.
2565 2596 2754 2652 bestia:
2779 2607 2838 2654 et
2867 2601 3082 2670 reptilia
3127 2619 3194 2658 ex
3241 2620 3310 2660 eo
3335 2608 3720 2688 comederunt,
3753 2611 3814 2666 Si

2231 2695 2414 2741 autem
2446 2688 2830 2754 comederunt,
2859 2693 3134 2760 quomodo
3175 2710 3286 2750 non
3317 2697 3513 2754 vivunt
3554 2700 3610 2755 in
3655 2712 3818 2756 teter-

2231 2793 2386 2842 num,
2417 2779 2514 2834 sed
2546 2780 2670 2850 plus
2701 2796 2864 2850 quam
2909 2783 3074 2840 homo
3103 2788 3387 2858 accipiunt
3417 2793 3721 2860 perfectum
3753 2807 3814 2852 et

2232 2870 2380 2924 omni
2426 2885 2494 2924 ex
2544 2883 2700 2940 parte
2748 2873 3063 2930 absolutum
3113 2878 3424 2944 interitum,
3471 2892 3529 2938 et
3578 2897 3812 2942 mortem

549 2971 778 3026 randam
823 2982 878 3027 et
927 2974 1216 3029 colendam
1264 2975 1461 3032 anima:
1503 2984 1726 3042 terram,
1777 2986 1836 3032 et
1883 2977 1951 3032 ad
1977 2979 2130 3033 evel-
2157 2999 2203 3058 ε
2234 2960 2648 3058 ίηθνξιθδηθφῗ
2828 2975 2886 3021 ει
2919 2965 2965 3022 3i
3000 2971 3351 3037 Posuel‘imlls
3377 2987 3472 3028 835
3497 2991 3608 3030 ηοη
3643 2977 3814 3034 inisse

548 3063 744 3119 lendas
789 3065 978 3134 spinas
1023 3074 1078 3120 et
1123 3068 1361 3123 tribulos
1399 3087 1413 3122 :
1470 3069 1539 3122 ad
1593 3069 1906 3124 faciendum
1948 3071 2128 3140 ipsum

548 3153 789 3208 fructum
827 3155 881 3208 in
916 3157 1162 3227 triginta,
1196 3166 1252 3212 et
1274 3159 1578 3229 sexaginta,
1601 3159 1766 3230 893
1793 3169 1849 3214 et
1880 3170 2123 3215 centum.

548 3243 820 3310 Quoniam
854 3263 986 3317 ergo
1013 3248 1257 3302 nondum
1283 3259 1616 3319 apparuerat
1641 3251 1955 3320 hujusmodi
1982 3252 2127 3308 Deus

549 3336 716 3392 homo
736 3337 803 3392 ad
823 3338 1157 3407 operandam
1179 3347 1382 3394 terram
1411 3359 1423 3392 :
1446 3341 1571 3395 fons
1591 3349 1772 3396 autem
1799 3343 1890 3396 ille
1911 3343 2128 3398 subter-

551 3444 753 3482 raneus
776 3428 994 3500 (nempe
1026 3431 1260 3500 maligna
1299 3432 1569 3504 potestas)
1612 3433 1917 3488 inundabat
1945 3441 2002 3489 et
2045 3433 2126 3488 ir-

549 3519 767 3588 rigabat
823 3529 991 3574 totam
1045 3521 1240 3576 faciem
1301 3530 1520 3578 terrae:
1581 3535 1876 3595 propterea
1937 3525 2125 3582 divina

551 3607 836 3680 Scriptura
865 3612 1050 3666 statim
1095 3613 1306 3669 inducit
1341 3614 1646 3679 hominem,
1685 3615 1916 3686 ﬁguram
1949 3617 2123 3672 homi'

548 3701 637 3755 nis
674 3703 936 3764 caelestis,
963 3704 1152 3759 dicens
1188 3723 1200 3759 :
1234 3705 1304 3761 Et
1322 3705 1479 3774 ﬁnxit
1519 3707 1652 3762 Deus
1681 3709 1941 3762 hominem
1965 3712 2124 3764 humo

549 3799 764 3862 accepta
809 3809 836 3845 e
881 3802 1048 3858 terra,
1093 3803 1142 3849 et
1175 3797 1460 3867 insufﬂauit
1496 3799 1550 3851 in
1595 3798 1780 3868 faciem
1821 3801 1933 3869 ejus
1967 3802 2125 3870 spiri—

548 3891 664 3936 tum
705 3885 844 3949 vitta,
877 3894 926 3938 et
968 3885 1136 3954 factus
1167 3895 1240 3938 est
1277 3889 1428 3940 homo
1477 3890 1531 3942 in
1566 3891 1805 3943 animum
1833 3892 2123 3956 viventem;

549 3971 720 4026 veluti
759 3972 864 4026 hoc
907 3973 1100 4029 dicens
1147 3976 1295 4046 quod
1340 3978 1571 4048 gratiam
1628 3979 1838 4034 habens
1877 3982 2122 4050 compri-

548 4059 763 4122 menda;
805 4077 960 4132 aqua:
989 4064 1322 4120 adversariae
1355 4067 1662 4135 potestatis,
1699 4069 1845 4123 Deus
1879 4070 2121 4124 Verbum

550 4150 716 4206 homo
764 4161 912 4208 terra
961 4156 1182 4224 genitus
1226 4157 1318 4212 lict
1365 4157 1642 4226 Christus,
1699 4175 1730 4214 a
1773 4160 1886 4215 Deo
1933 4161 2119 4217 fictum

547 4243 713 4296 simul
761 4251 816 4298 et
867 4260 898 4300 a
952 4247 1064 4300 Deo
1105 4247 1410 4316 plautatum
1459 4265 1720 4318 germen;
1782 4260 1842 4305 ut
1879 4268 2006 4307 cum
2046 4253 2120 4309 sit

2235 3053 2533 3123 participes
2559 3055 2694 3124 ligni
2734 3055 2862 3114 vita:
2887 3097 2902 3120 ,
2929 3067 3112 3114 tamen
3139 3068 3200 3115 ut
3222 3078 3346 3132 quae
3368 3065 3538 3134 jussaz
3565 3067 3677 3122 sint
3703 3067 3812 3124 sibi

2233 3162 2358 3201 cum
2417 3147 2740 3204 hominibus
2784 3150 2988 3206 habere
3041 3154 3380 3220 societatem,
3405 3151 3638 3216 omnino
3679 3163 3812 3233 ipsa:

2233 3257 2452 3312 quoque
2477 3243 2681 3299 fuerint
2710 3246 3010 3316 participes
3039 3249 3170 3318 ligni
3209 3255 3578 3321 cognoscendi
3603 3247 3808 3315 bonum

2233 3345 2290 3390 et
2327 3337 2528 3390 malum
2577 3354 2590 3390 :
2641 3344 2697 3392 et
2742 3339 3022 3407 quomodo
3067 3341 3182 3410 jam
3233 3345 3490 3399 nesciunt
3538 3364 3692 3418 aeque
3747 3361 3810 3404 ut

2234 3428 2398 3482 homo
2424 3428 2630 3482 bonum
2662 3436 2718 3483 et
2759 3431 2986 3495 malum,
3021 3433 3238 3502 reptilia
3267 3443 3322 3489 et
3351 3436 3542 3494 bestiae
3569 3449 3624 3494 et
3649 3442 3808 3496 volu—

2235 3521 2397 3576 cres?
2429 3520 2512 3574 Ab
2544 3521 2649 3574 hoc
2681 3536 2815 3592 ergo
2847 3537 3010 3578 sensu
3061 3537 3410 3582 recesserunt
3460 3530 3676 3598 plurimi
3718 3532 3808 3586 in-

2239 3621 2525 3681 terpretes,
2559 3621 2614 3665 et
2635 3612 2868 3666 maxime
2894 3623 3128 3674 veteres,
3153 3613 3388 3669 dicendo
3407 3632 3518 3671 non
3535 3618 3806 3676 'sensilem

2233 3719 2354 3759 esse
2387 3703 2720 3772 paradisum,
2750 3714 2808 3758 et
2849 3719 2972 3772 quae
3021 3716 3152 3759 sunt
3199 3707 3255 3760 in
3303 3707 3422 3777 ejus
3470 3711 3650 3765 medio
3693 3711 3808 3768 duo

2229 3795 2377 3866 ligna
2407 3796 2532 3850 vitae
2553 3795 2920 3866 cognitionis;
2946 3813 3014 3853 ne
3037 3802 3354 3855 necessario
3375 3802 3577 3858 faciant
3601 3804 3809 3863 bestias

2229 3895 2286 3942 et
2329 3887 2574 3956 jumenta
2624 3889 2944 3943 societatem
2989 3890 3195 3947 habere
3242 3902 3298 3947 et
3330 3895 3808 3966 participationem

2228 3977 2362 4048 ligni
2397 3977 2523 4033 vitae
2566 3987 2622 4034 et
2665 3977 2796 4048 ligni
2830 3981 3178 4050 cognitionis.
3211 3983 3332 4038 Non
3375 3985 3523 4040 enim
3558 3987 3809 4046 distinxit

2229 4067 2372 4120 Deus
2402 4066 2548 4122 inter
2577 4067 2760 4122 cibum
2805 4067 2998 4123 Adami
3031 4078 3090 4124 et
3122 4071 3304 4126 cibum
3344 4075 3669 4144 brutorum;
3708 4079 3808 4134 sed

2227 4158 2380 4212 dedit
2404 4158 2487 4212 eis
2518 4159 2888 4214 communiter
2931 4175 3095 4215 omne
3139 4161 3346 4232 lignum
3391 4164 3714 4236 frugiferum
3747 4180 3809 4226 et

2227 4249 2464 4302 sativum
2514 4248 2569 4302 in
2619 4249 2824 4303 cibum.
2868 4249 2925 4305 Si
2963 4265 3096 4322 ergo
3143 4263 3330 4308 essent
3369 4257 3611 4312 sensilia
3651 4260 3808 4330 (dicit

545 4352 747 4406 genere
793 4339 1142 4409 conjunctus,
1185 4349 1332 4396 recte
1377 4341 1571 4412 irriget
1627 4358 1692 4397 ea
1735 4359 1858 4412 qua:
1899 4353 2028 4400 sunt
2085 4361 2116 4401 θ
2157 4347 2200 4403 ι)
2226 4337 2500 4402 Clemens,
2532 4348 2590 4394 et
2620 4348 2836 4395 veteres
2861 4341 2956 4410 qui
2998 4358 3126 4397 eum
3157 4347 3332 4399 secuti
3367 4357 3499 4402 sunt
3531 4349 3808 4422 interpre-

548 4436 695 4483 terra
742 4433 924 4500 genita
965 4440 1022 4485 et
1071 4431 1154 4500 (ut
1180 4431 1361 4502 decet)
1406 4436 1620 4489 ratione
1669 4436 1960 4492 rationalia
1997 4453 2124 4507 ger-

545 4519 717 4586 mina,
754 4520 919 4576 simili
965 4522 1166 4578 similia
1214 4534 1504 4594 expurget,
1550 4534 1608 4580 et
1650 4525 1891 4582 fructum
1927 4527 2086 4583 ferat.

616 4609 773 4677 Quod
813 4613 855 4666 si
891 4628 1002 4667 non
1034 4613 1228 4668 credas
1262 4614 1450 4669 verbis
1497 4632 1757 4685 tanquam
1788 4633 1898 4672 non
1927 4619 2129 4688 proba-

543 4701 788 4766 bilibus,
825 4702 959 4772 quid
987 4703 1137 4760 dices
1177 4699 1362 4760 statim
1403 4705 1636 4761 audiens
1669 4707 1840 4762 Deum
1871 4710 2128 4778 plantan-

546 4803 656 4847 tem
698 4809 822 4848 cum
857 4811 1046 4865 opere,
1091 4797 1306 4866 plantas
1339 4813 1560 4868 quoque
1607 4807 1834 4868 propter
1875 4817 2011 4872 quas
2042 4805 2130 4859 vel

544 4886 724 4949 solas,
763 4887 830 4941 ad
877 4902 1071 4942 earum
1121 4889 1502 4957 operationem
1546 4890 1840 4960 agricolam
1875 4893 2130 4962 protinus

543 4979 701 5046 prius
736 4977 894 5033 ﬁnxit
922 4995 952 5034 e
981 4981 1158 5034 terra?
1193 4981 1488 5052 Postquam
1521 4983 1670 5037 enim
1703 4983 1844 5040 dixit
1877 4985 2128 5056 Scriptu-

546 5089 603 5128 ra
640 5091 654 5126 :
688 5073 757 5128 Et
795 5075 964 5145 factus
999 5083 1074 5130 est
1119 5077 1272 5130 homo
1312 5077 1367 5130 in
1411 5076 1650 5131 animam
1691 5079 1976 5141 viventem,
2017 5087 2128 5134 sta-

546 5165 643 5217 tim
672 5166 958 5236 subjunxit
987 5166 1119 5222 illud
1153 5186 1166 5221 :
1194 5177 1244 5220 et
1281 5167 1546 5239 plantavit
1579 5169 1834 5223 Dominus
1864 5169 2007 5224 Deus
2031 5187 2129 5240 pa-

546 5257 784 5312 radisum
809 5259 864 5312 in
891 5261 1038 5314 Edon
1061 5260 1131 5316 ad
1155 5262 1432 5327 orientem,
1454 5271 1502 5316 et
1536 5262 1706 5331 posuit
1734 5260 1847 5315 illic
1865 5262 2130 5316 hominem

548 5361 699 5412 (ptem
726 5346 865 5415 fecit,
896 5359 1158 5419 tanquam
1203 5351 1258 5405 in
1303 5350 1370 5404 iis
1403 5366 1528 5420 qua:
1554 5358 1712 5406 erant
1736 5349 1986 5414 colenda,
2011 5351 2130 5406 col-

549 5434 737 5491 locans
761 5439 1077 5508 agricolam.
1110 5443 1179 5496 Et
1219 5441 1344 5497 ideo
1367 5442 1523 5514 juxta
1556 5441 1670 5508 illa,
1697 5455 1824 5496 cum
1868 5448 2128 5510 lanquam

625 5616 667 5646 ’τ’
698 5615 841 5670 Psal.
879 5633 1042 5676 van,
1085 5620 1164 5672 ιο.

2225 4431 2330 4500 tes)
2364 4431 2627 4500 paradisi,
2672 4442 2732 4488 et
2771 4447 2895 4502 quae
2929 4443 3060 4489 sunt
3103 4451 3300 4490 eorum
3335 4439 3666 4497 intermedia
3697 4445 3808 4501 duo

2223 4522 2389 4592 ligna,
2415 4524 2789 4588 invenientur,
2817 4524 2992 4589 aiunt,
3026 4527 3217 4582 bestia:
3243 4541 3300 4582 et
3333 4532 3549 4600 reptilia
3583 4534 3806 4592 homine

2223 4615 2638 4684 pmstantiora,
2685 4621 2749 4668 ut
2799 4631 2922 4686 quae
2963 4631 3074 4671 non
3118 4618 3230 4672 sint
3281 4621 3563 4689 prohibita
3607 4626 3676 4679 ab
3707 4642 3801 4680 esu

2228 4705 2468 4774 cujusvis
2511 4705 2642 4774 ligni
2669 4713 2726 4760 et
2753 4705 2987 4760 fructus.
3031 4706 3399 4773 Quamobrem
3444 4727 3512 4766 ex
3547 4713 3667 4782 ipso
3711 4715 3803 4770 Dei

2227 4796 2486 4850 mandato
2513 4796 2582 4850 de
2610 4797 2893 4851 communi
2937 4797 3065 4852 cibo
3089 4813 3252 4868 quem
3281 4799 3438 4856 dedit
3471 4806 3805 4862 unanimiter

2229 4887 2439 4942 homini
2483 4896 2539 4942 et
2585 4888 2844 4943 omnibus
2892 4875 3104 4951 bestiis,
3135 4891 3265 4946 licet
3297 4905 3631 4964 cognoscere
3659 4899 3803 4968 quod

2228 4993 2339 5032 non
2367 4987 2496 5032 sunt
2525 4977 2717 5032 eadem
2745 4978 2891 5048 ligna
2919 4979 3212 5048 quae'facta
3242 4993 3373 5037 sunt
3410 4986 3578 5040 tertio
3611 4987 3720 5050 die,
3751 5000 3805 5044 et

2229 5083 2351 5138 qua:
2392 5069 2445 5122 in
2491 5067 2768 5138 paradiso.
2798 5069 2989 5124 Dicere
3019 5071 3165 5125 enim
3191 5073 3340 5142 quod
3365 5075 3634 5132 Dominus
3665 5079 3804 5135 Deus

2227 5161 2408 5216 adhuc
2441 5159 2574 5214 oriri
2600 5158 2734 5214 fecit
2758 5175 2789 5212 e
2821 5169 2967 5214 terra
2989 5176 3154 5216 omne
3184 5163 3392 5234 lignum
3420 5168 3715 5236 pulchrum
3736 5170 3801 5224 ad

2227 5249 2549 5314 videndum,
2578 5257 2636 5303 et
2657 5248 2866 5303 bonum
2893 5249 2961 5304 ad
2994 5252 3417 5317 comedendum,
3449 5271 3552 5326 per
3583 5258 3688 5314 hoc
3713 5260 3805 5313 ad-

2229 5341 2340 5396 huc
2365 5341 2528 5396 nobis
2569 5339 2816 5396 ostendit
2849 5339 3131 5412 Scriptura
3170 5346 3472 5401 secundam
3511 5352 3800 5420 quamdam

2230 5436 2565 5492 creationem
2595 5433 3037 5504 praestandorum
3070 5435 3365 5506 lignorum,
3400 5447 3500 5494 aut
3545 5457 3610 5498 ea
3641 5443 3804 5498 verba

2565 5610 2774 5656 ᾆδε.
