4042 6292
210 325 314 393 961

1305 316 1389 376 ΙΝ
1426 308 1979 375 ΗΕΧΑΕΜΕΒΟΝ.
2003 309 2243 369 -‘LlB.
2266 309 2419 371 ΥΠ.

208 452 333 493 esse
363 429 709 504 prophetiam
733 426 805 483 de
829 426 1042 481 ratione
1073 424 1322 495 praditis
1342 425 1509 495 lignis
1541 438 1662 493 qua
1692 437 1786 475 ex-

1912 416 2262 485 louybouvab;
2280 458 2296 483 ,
2359 415 2454 470 καὶ
2515 415 2644 470 Ἰου-

211 526 406 583 tremis
438 521 778 593 temporibus
806 527 928 573 orta
971 525 1099 573 sunt
1134 517 1189 571 in
1222 516 1478 586 paradiso
1509 516 1784 571 Ecclesia.

209 618 279 675 Et
322 615 586 687 quoniam
630 621 715 668 est
756 611 1014 680 frequens
1041 618 1099 665 et
1143 608 1507 679 interpretata
1558 607 1793 663 diﬂicilis

208 707 471 769 tractatio
497 704 565 760 de
595 704 868 773 paradiso,
897 710 955 757 et
982 716 1201 772 semper
1248 701 1418 755 dubia
1446 700 1590 770 apud
1617 701 1789 754 inter-

209 807 433 867 pretes,
476 794 763 849 videamus
826 808 1022 848 rursus
1065 791 1530 863 quemadmodum
1587 789 1793 844 factum

210 890 286 943 sit
320 887 418 942 Dei
449 884 765 940 mandatum
807 884 876 939 de
908 886 1188 940 communi
1213 898 1342 951 esu;
1375 882 1578 939 deinde
1612 881 1794 937 disce-

212 979 498 1051 ptabimus
527 978 595 1032 de
622 977 896 1046 paradiso.

285 1070 433 1125 Dicit
459 1083 591 1139 ergo
618 1070 763 1123 Deus
792 1067 1000 1123 Adamo
1041 1066 1262 1138 quando
1290 1082 1417 1122 eum
1460 1065 1592 1122 fecit
1619 1084 1633 1120 :
1661 1066 1796 1121 Ecce

212 1158 623 1214 dedimuslvobis
653 1174 861 1212 omnem
890 1158 1107 1212 herbam
1138 1156 1499 1211 seminabilem
1520 1158 1799 1210 seminan-

215 1260 325 1305 tem
355 1266 551 1315 semen,
592 1264 709 1320 quat
753 1256 828 1303 est
866 1265 1032 1320 supra
1059 1264 1266 1303 omnem
1295 1255 1516 1311 terram,
1554 1256 1605 1302 et
1645 1257 1800 1301 mune

218 1342 424 1412 lignum
459 1342 597 1412 quod
617 1342 768 1395 habet
798 1342 857 1419 in
875 1342 1046 1411 seipse
1073 1341 1305 1411 fructum
1328 1341 1542 1395 seminis
1567 1342 1799 1395 semina-

176 1504 181 1509 δ
215 1435 339 1488 bilis
382 1434 520 1488 vobis
566 1435 668 1487 erit
706 1436 762 1488 in
800 1433 988 1496 cibum,
1022 1441 1073 1487 et
1103 1432 1342 1486 omnibus
1368 1430 1660 1486 volucribus
1683 1430 1800 1486 caeli

214 1537 269 1581 et
299 1527 540 1580 omnibus
577 1526 750 1580 bestiis
788 1534 942 1581 terra:
964 1541 1090 1596 qua:
1132 1526 1324 1580 habent
1365 1528 1421 1580 in
1460 1542 1515 1581 se
1552 1518 1798 1598 spiritum

217 1620 363 1681 vita,
388 1626 437 1671 et
469 1634 675 1671 omnem
697 1617 912 1671 herbam
949 1616 1165 1671 viridem
1201 1618 1256 1671 in
1292 1618 1481 1683 cibum,
1519 1627 1568 1672 et
1600 1619 1800 1688 factum

218 1715 301 1762 est
343 1709 438 1761 ita.
474 1705 531 1760 Si
555 1721 690 1777 ergo
713 1706 768 1759 in
800 1706 889 1759 bis
912 1705 1074 1777 lignis
1106 1714 1236 1760 sunt
1263 1706 1429 1761 etiam
1462 1708 1608 1778 ligna
1640 1723 1799 1777 para-

216 1797 331 1852 disi
369 1792 585 1869 (nempe
615 1806 671 1852 et
710 1796 919 1867 lignum
952 1795 1380 1852 immortalitatis
1405 1805 1462 1852 et
1490 1798 1617 1852 vita
1639 1806 1802 1853 ater-

216 1901 308 1941 na
331 1883 705 1956 cognitionis),
731 1886 1062 1941 miserabilis
1088 1894 1145 1942 et
1167 1888 1338 1944 miser
1357 1888 1504 1944 solus
1530 1898 1613 1944 est
1640 1889 1807 1943 homo

217 1978 317 2046 qui
356 1985 441 2032 est
467 1977 535 2031 ad
571 1978 664 2032 Dei
712 1978 1003 2048 imaginem
1033 1986 1104 2034 et
1137 1980 1575 2046 similitudinem,
1619 1989 1680 2035 ut
1711 1982 1806 2050 qui

216 2075 377 2129 solus
409 2076 479 2128 sit
524 2074 768 2144 privatus
800 2074 1077 2143 paradiso,
1109 2081 1165 2128 et
1197 2075 1532 2145 cognitione,
1580 2083 1635 2130 et
1679 2075 1804 2131 cibo

214 2167 351 2220 vita
394 2172 633 2220 aeterna.
684 2164 919 2234 Serpens
964 2164 1109 2219 enim
1159 2165 1305 2234 aspis
1349 2174 1405 2220 et
1450 2168 1702 2236 scorpius
1746 2176 1803 2222 et

214 2258 380 2312 canis
425 2256 481 2311 in
544 2256 871 2311 hodiernum
922 2272 1097 2326 usque
1149 2258 1295 2313 diem
1346 2257 1607 2312 fruuntur
1650 2258 1800 2312 omni

217 2344 405 2399 fructu
451 2350 509 2400 et
555 2346 705 2399 omni
738 2344 885 2414 ligno
922 2360 1088 2414 super
1136 2347 1448 2401 universam
1493 2355 1700 2402 terram
1740 2355 1802 2401 et

217 2437 587 2507 paradisum:
619 2451 728 2490 non
778 2437 925 2491 enim
971 2437 1223 2493 exierunt
1271 2454 1337 2493 ex
1385 2454 1496 2509 quo
1544 2439 1801 2509 ingressa

216 2534 360 2582 sunt
376 2526 563 2581 bestia
585 2526 652 2581 ad
674 2525 942 2581 Adamum
972 2527 1026 2581 in
1050 2527 1322 2597 paradiso,
1350 2529 1444 2583 sed
1476 2529 1624 2583 intus
1648 2544 1803 2584 man-

198 2622 425 2674 ;serunt
469 2615 563 2670 illo
604 2630 854 2686 egresso,
900 2624 964 2670 ut
998 2631 1120 2686 qua
1161 2631 1272 2672 non
1317 2618 1522 2672 fuerint
1563 2618 1802 2686 expulsa

200 2715 458 2779 +pr0pter
485 2706 768 2763 delictum.
797 2707 1042 2778 Intellige
1064 2723 1195 2778 ergo
1216 2709 1389 2779 legem
1426 2709 1516 2763 Dei
1548 2708 1805 2778 spiritua-

198 2800 378 2863 Jiter,
413 2799 671 2868 quoniam
717 2798 805 2853 lex
847 2807 931 2854 est
972 2799 1291 2868 spiritualis,
1333 2809 1393 2854 ut
1434 2800 1631 2855 clamat
1661 2801 1804 2855 Pau-

206 2892 316 2945 .lus
342 2889 387 2920 ⁸⁷
412 2907 439 2955 «;
463 2889 664 2944 Littera
710 2892 850 2944 enim
892 2891 1075 2944 occidit
1111 2890 1182 2944 ⁸⁸.
1221 2891 1411 2947 Restat
1436 2907 1569 2963 ergo
1614 2900 1678 2946 ut
1713 2891 1804 2963 (ne

1893 513 2072 575 στῖνος
2104 514 2134 565 ὁ
2166 512 2388 584 μάρτυς
2420 512 2515 565 καὶ
2555 529 2645 581 φι-

1893 602 2138 671 λόσοφος,
2161 603 2522 667 Πανταίνετός
2545 603 2644 672 (le-

1891 710 1957 764 ge
1981 693 2308 763 Πάνταινος)
2344 710 2401 746 τε
2431 695 2460 746 ὁ
2501 692 2647 744 Ἀλε-

1896 785 2175 856 ξανδρεὺς,
2229 772 2585 853 καὶλΚλήμης
2618 784 2646 835 ὁ

1898 876 2286 947 Στρωματεὺς,
2318 875 2415 927 καὶ
2437 874 2487 926 οἱ
2507 874 2644 943 ἀμφ’

1896 967 2117 1033 αὐτοὺς,
2150 964 2536 1035 πνευματικῶς
2580 963 2650 1016 τὰ

1897 1060 2026 1130 περὶ
2048 1058 2380 1129 παραδείσου
2408 1056 2650 1125 ὲθεωρή-

1898 1153 2070 1223 θησαν
2100 1153 2278 1225 (forte
2311 1150 2647 1221 ἐθεώρησαν)

1899 1254 1978 1315 εἰς
2003 1250 2104 1322 τὴν
2139 1248 2377 1319 Χριστοῦ
2421 1247 2651 1318 Ἐκκλη-

1900 1346 2025 1400 σίαν
2083 1344 2488 1414 ἀναφερόμενα.
2562 1341 2653 1406 Ἐξ

1898 1432 1973 1493 ὧν
1996 1440 2137 1492 εἰσιν
2152 1438 2247 1491 καὶ
2261 1439 2310 1490 οἱ
2329 1454 2395 1490 πε
2403 1438 2457 1508 pl.
2475 1436 2654 1490 πάντα

1901 1533 2166 1601 πάνσοφοι
2206 1529 2301 1585 δύο
2349 1528 2651 1584 Καππαδό-

1894 1640 1992 1678 ’και
2028 1614 2343 1703 Γρηγόριοι.
2381 1624 2655 1686 Ἅπαντες

3358 300 3462 363 962

2718 423 2773 469 et
2832 416 3079 472 Justinus
3137 426 3343 488 martyr
3409 427 3467 471 ct

2716 510 3106 580 pbiIOSOpbus,
3148 521 3203 564 et
3250 511 3465 565 Panta-

2717 616 2822 656 nus
2894 602 3337 665 Alexandrinus,
3412 612 3468 656 et

2716 690 2970 746 Clemens
3007 691 3346 747 Stromateus
3366 733 3380 758 ,
3413 701 3469 747 et

2718 799 2910 838 eorum
2944 788 3167 840 assecla
3207 789 3468 856 spiritua-

2717 874 2845 928 liter
2865 884 2992 929 sunt
3014 879 3369 946 contemplati
3400 879 3469 933 de

2719 965 2923 1021 Christi
2959 969 3202 1023 Ecclesia
3244 987 3307 1023 ea
3348 986 3471 1039 qua

2722 1061 2925 1130 scripta
2949 1058 3077 1116 sunt
3096 1062 3162 1116 de
3193 1062 3469 1131 paradiso.

2721 1157 2801 1211 Ex
2846 1158 3050 1228 quibus
3091 1169 3220 1213 sunt
3261 1160 3370 1213 duo
3415 1159 3470 1212 in

2723 1250 2892 1306 rebus
2925 1251 3182 1305 omnibus
3219 1251 3475 1323 doctissi-

2724 1344 2799 1398 mi
2859 1344 3210 1415 Cappadoces
3256 1345 3472 1416 Grego-

2726 1435 2815 1490 rii.
2851 1437 2892 1491 li
2925 1452 3115 1491 omnes
3144 1436 3472 1506 quibusdam

2726 1527 2794 1583 de
2826 1529 3006 1583 causis
3050 1528 3308 1583 dicebant
3352 1542 3474 1582 esse

2726 1625 2890 1678 etiam
2909 1623 3144 1693 aliquem
3160 1621 3474 1693 paradisum

1902 1711 2050 1772 οὗτοι
2103 1716 2163 1780 ἐξ
2202 1715 2391 1770 αἰτιῶν
2434 1715 2653 1768 τοιῶνδε

1905 1811 2203 1879 φάσκοντες
2221 1805 2359 1863 εἶναι
2378 1808 2473 1863 καὶ⁸
2490 1826 2654 1862 πνευ-

1906 1905 2136 1975 ματικόν
2193 1922 2317 1959 τινα
2381 1904 2611 1976 παράδει
2624 1933 2651 1946 -

1905 2015 1996 2053 σον
2026 1997 2077 2068 (ο
2093 1998 2129 2068 ).

1971 2090 2237 2154 Primum,
2289 2089 2437 2160 quod
2474 2076 2525 2144 si
2550 2090 2719 2144 Adam
2771 2104 2880 2143 non
2913 2098 3033 2143 erat
3077 2088 3322 2144 interttui
3373 2089 3477 2143 ob-

1904 2167 2102 2235 noxius
2135 2181 2356 2250 quando
2402 2181 2578 2255 factus
2629 2188 2733 2245 est,
2787 2180 3137 2250 perspicuum
3186 2181 3334 2251 quod
3366 2197 3477 2236 ηοξ.

1905 2271 2010 2326 l‘uit
2041 2272 2317 2341 particeps
2360 2271 2606 2324 alimenti
2655 2270 2933 2325 terrestris
2980 2280 3036 2325 et
3080 2271 3131 2324 in
3182 2273 3328 2340 quod
3386 2288 3479 2327 ca-

1906 2363 1987 2420 dit
2016 2363 2294 2417 interitus.
2312 2344 2482 2429 Quod
2526 2362 2571 2417 si
2595 2370 2810 2431 poterat
2862 2377 2983 2416 esse
3029 2363 3305 2432 particeps
3331 2362 3482 2416 cibo-

1907 2472 2029 2510 rum
2064 2455 2370 2520 sensilium,
2398 2463 2483 2509 est
2518 2454 2683 2508 etiam
2712 2454 3061 2524 perspicuum
3088 2455 3233 2523 quod
3271 2455 3326 2508 in
3354 2469 3481 2509 eum

1908 2546 2067 2601 cadat
2096 2547 2374 2601 interitus.
2391 2544 2677 2617 (Quidquid
2721 2545 2868 2599 enim
2898 2547 3064 2599 intrat
3094 2563 3187 2616 per
3220 2563 3275 2600 os
3304 2564 3483 2603 rursus

1908 2640 2205 2692 excernitur
2229 2636 2319 2707 ⁸⁸.)
2351 2636 2408 2691 Si
2440 2646 2624 2690 autem
2671 2637 2725 2689 in
2761 2651 2886 2689 eum
2932 2635 3163 2713 cadebat
3206 2637 3481 2700 interitus,

1909 2729 2134 2784 omnino
2183 2737 2301 2784 erat
2343 2728 2511 2782 etiam
2544 2726 2827 2793 mortalis;
2858 2727 2903 2781 si
2940 2736 3125 2781 autem
3156 2738 3375 2783 creatus
3402 2738 3483 2782 est

1910 2820 2177 2883 mortalis,
2215 2835 2325 2875 non
2363 2819 2553 2890 utique
2583 2818 2726 2873 facta
2759 2826 2844 2873 est
2870 2834 3021 2874 mors
3041 2836 3141 2889 per
3165 2820 3489 2876 inobedien-

1912 2913 2042 2967 tiam
2072 2929 2085 2965 ε
2116 2921 2281 2980 atque
2324 2910 2441 2964 hac
2467 2906 2687 2979 quidem
2718 2918 2801 2963 est
2824 2909 2999 2978 prima
3026 2925 3189 2964 causa
3222 2911 3488 2979 interpre-

2726 1715 3079 1786 spiritualem.

216 2990 411 3039 ⁸⁸³0³⁵⁸⁸
440 2981 750 3039 rimam“?
793 2998 824 3036 ³
872 2982 1075 3053 Ιὶιι(9⁸⁸³³)
1126 2983 1402 3039 discamus
1447 2984 1542 3039 ubi
1589 2992 1807 3054 θρονιει
1834 3010 1876 3068 C.
1912 3013 2047 3060 tum.
2079 3002 2333 3059 Secunda
2356 3010 2539 3057 autem
2568 3009 2653 3055 est
2684 3000 2930 3056 mulieris
2958 3001 3163 3071 absque
3189 3003 3338 3056 exitu
3364 3018 3489 3072 per-

225 3074 618 3144 spiritualibus
653 3074 956 3145 spiritualia
986 3090 1334 3145 comparare,
1366 3091 1565 3146 nempe
1594 3077 1806 3132 litteras

220 3182 332 3237 per
363 3182 500 3236 quas
531 3167 782 3237 loquitur
823 3165 1062 3236 Spiritus
1102 3176 1344 3232 sanctus,
1386 3184 1455 3223 ex
1496 3168 1697 3239 quibus
1722 3178 1805 3225 est

224 3272 492 3327 magnum
524 3268 592 3312 et
650 3257 985 3327 pracipuum
1039 3266 1095 3313 et
1141 3259 1376 3313 maxime
1431 3274 1692 3314 arcanum
1736 3259 1805 3315 de

225 3348 489 3419 paradiso
512 3349 852 3420 mysterium.
868 3348 981 3416 Qui
1006 3358 1188 3405 autem
1214 3351 1509 3407 carnaliter
1532 3361 1589 3407 et
1611 3366 1810 3408 secun-

225 3443 366 3497 dum
385 3456 615 3497 carnem
660 3442 927 3514 intelligis
953 3454 1276 3514 praesentem
1306 3444 1487 3500 locum
1537 3446 1605 3501 de
1646 3445 1810 3517 lignis

222 3540 288 3589 et
328 3532 621 3597 fructibus,
661 3532 751 3588 die
780 3534 913 3588 mihi
945 3526 1138 3591 rursus
1168 3537 1464 3605 quomodo,
1497 3552 1624 3591 cum
1662 3536 1810 3593 Deus

229 3639 405 3680 unum
449 3633 734 3695 et'parem
768 3626 1025 3681 omnibus
1058 3627 1376 3682 hominibus
1423 3635 1481 3683 et
1528 3628 1723 3683 bestiis
1752 3637 1809 3683 et

225 3715 553 3771 volucribus
577 3714 759 3770 cibum
787 3716 1012 3786 jusserit
1042 3716 1210 3787 (eum,
1241 3718 1487 3787 inquam,
1515 3718 1611 3788 qui
1634 3726 1720 3773 est
1741 3734 1807 3774 ex

228 3806 443 3871 herbis,
480 3806 750 3876 virgultis,
786 3814 841 3860 et
869 3805 1202 3877 arboribus),
1233 3807 1327 3876 qui
1366 3807 1426 3861 fit
1451 3809 1596 3878 quod
1638 3809 1810 3864 multa

227 3896 530 3949 animantia
579 3910 689 3950 non
724 3904 1022 3951 vescuntur
1064 3897 1253 3963 herbis
1293 3898 1390 3953 sed
1430 3900 1710 3964 carnibus,
1746 3908 1809 3954 ut

224 4002 357 4056 qua
390 3987 500 4040 sint
531 3987 701 4056 magis
731 3987 1056 4042 carnivora?
1094 3986 1382 4054 Quomodo
1412 4004 1629 4045 rursum
1664 3991 1809 4045 Deus

224 4078 327 4148 qui
356 4077 534 4131 omnis
568 4078 753 4133 herba
796 4086 853 4133 et
884 4079 1097 4134 arboris
1124 4095 1242 4149 qua
1269 4088 1354 4134 est
1388 4095 1555 4150 supra
1585 4090 1808 4147 terram,

1911 3097 2144 3154 mansio.
2171 3088 2357 3150 Tertia
2380 3110 2535 3159 vero,
2564 3093 2926 3147 animantium
2953 3108 3075 3161 qua
3099 3108 3223 3146 cum
3248 3108 3311 3147 ea
3337 3109 3490 3148 man-

1911 3197 2097 3245 serant
2142 3188 2197 3241 in
2244 3186 2520 3257 paradiso.
2559 3184 2785 3252 Quarta,
2825 3184 2975 3254 prior
3007 3185 3317 3240 communis
3360 3200 3489 3240 esus

1911 3281 2161 3337 ciborum
2187 3279 2474 3335 hominum
2503 3284 2559 3331 et
2588 3275 2899 3330 brutorum.
2936 3276 3159 3342 Quinta,
3193 3274 3338 3346 quod
3368 3276 3487 3330 fieri

1908 3386 2020 3426 non
2046 3378 2261 3440 poterat
2289 3376 2351 3424 ut
2387 3384 2533 3423 unus
2579 3367 2745 3422 homo
2776 3367 2984 3422 coleret
3024 3376 3134 3422 tam
3166 3368 3487 3433 immensam

1909 3459 2152 3530 paradisi
2193 3457 2651 3529 magnitudinem,
2701 3456 2795 3511 ubi
2842 3456 3070 3527 quidem
3118 3465 3267 3511 certe
3311 3456 3490 3510 abun-

1913 3550 2098 3605 dantia
2130 3551 2249 3620 ejus
2284 3547 2622 3622 irrigationis
2650 3546 2919 3602 dividitur
2963 3547 3020 3600 in
3047 3555 3285 3617 quatuor
3313 3547 3490 3601 initia.

1913 3642 2055 3710 Quid
2086 3650 2267 3696 autem
2290 3654 2431 3709 opus
2453 3645 2573 3694 erat
2597 3639 2845 3708 cperari,
2880 3654 3004 3693 eum
3032 3655 3175 3708 sape
3200 3655 3307 3693 una
3329 3640 3493 3694 arbor

1915 3745 1972 3793 et
2003 3737 2174 3791 altera
2220 3733 2270 3788 ei
2319 3730 2591 3787 subiceret
2623 3731 2691 3785 ad
2724 3731 3082 3785 alimentum?
3108 3731 3250 3797 Quid
3297 3741 3484 3791 autem

1915 3844 2054 3899 opus
2082 3835 2203 3883 erat
2231 3825 2395 3880 etiam
2416 3823 2718 3885 custodire,
2741 3836 2867 3877 eum
2891 3836 3001 3874 non
3028 3821 3219 3890 plures
3240 3822 3493 3894 adessent

1915 3920 2168 3976 homines
2196 3916 2440 3971 nondum
2474 3914 2657 3980 fures;
2690 3921 2747 3968 et
2790 3928 2982 3968 omnes
3019 3913 3207 3967 bestia
3250 3922 3306 3967 et
3334 3914 3494 3967 volu-
3570 3973 3575 3979 _

1915 4029 2037 4068 cres
2079 4012 2132 4067 ei
2181 4017 2367 4066 essent
2415 4007 2695 4078 subjecta,
2732 4013 2789 4061 et
2823 4006 2942 4076 ejus
2985 4006 3155 4059 verbo
3202 4007 3498 4075 parerent?

1913 4105 2027 4161 Nec
2052 4105 2159 4157 hoc
2190 4102 2388 4165 solum,
2426 4098 2519 4153 sed
2550 4096 2716 4152 etiam
2744 4113 2866 4167 qua
2893 4112 2922 4150 a
2952 4096 3064 4151 Deo
3092 4096 3237 4152 dicta
3267 4105 3322 4151 et
3356 4096 3495 4152 facta

222 4169 396 4265 ξ’θὶῖίδ
416 4169 650 4265 ﬁnem?“
676 4169 997 4265 permitte?“
1018 4169 1328 4265 comedet?
1350 4170 1808 4265 e‘F‘Ci‘F'KmW‘”
1837 4206 1883 4264 ι)
1912 4196 2112 4256 suntin
2134 4191 2422 4265 paradiso?
2454 4189 2501 4244 si
2547 4188 2614 4243 ad
2666 4187 2925 4252 litteram,
2957 4187 3250 4257 inquiunt,
3298 4188 3499 4242 intelli-

224 4261 422 4317 herba
450 4270 507 4315 et
538 4261 764 4315 arbores
804 4261 1057 4330 plurima
1098 4277 1206 4317 non
1252 4262 1361 4316 sint
1394 4261 1710 4317 hominibus
1751 4270 1808 4317 et

229 4350 423 4406 brutis
449 4350 764 4413 esculenta,
807 4352 1025 4420 sintque
1071 4365 1358 4405 venenosa
1387 4359 1445 4405 et
1479 4350 1810 4406 mortifera?

223 4443 384 4509 Quas
412 4454 520 4494 non
554 4440 730 4494 solum
754 4455 875 4501 nos,
904 4440 998 4495 sed
1025 4440 1142 4511 ipsa
1169 4441 1334 4503 etiam
1360 4440 1590 4495 rationis
1615 4455 1811 4510 expers

223 4541 436 4588 natura
469 4530 644 4601 rejicit
667 4546 733 4586 ac
764 4540 1002 4596 recusat,
1036 4540 1093 4586 et
1117 4532 1223 4586 alia
1260 4532 1529 4602 ejusmodi
1563 4532 1812 4587 innume-

228 4622 437 4679 rabilia
463 4632 591 4678 sunt
619 4631 675 4678 et
701 4623 859 4679 nobis
889 4633 948 4679 et
990 4623 1191 4690 brutis,
1225 4632 1421 4679 natura
1457 4623 1683 4680 minime
1719 4638 1812 4679 es-

226 4715 460 4772 culenta
500 4723 556 4769 et
585 4714 860 4770 letbil’era.

308 4829 377 4882 οι
410 4827 512 4896 μὲν
530 4822 625 4881 οὖν
646 4828 991 4899 ἀρχαιότεροι

227 4922 351 4975 τῶν
417 4918 756 4990 Ἐκκλησιῶν
789 4936 804 4952 ⁸
850 4920 996 4989 λέγω

226 5015 304 5083 δὴ
331 5011 507 5064 Φίλων
534 5012 567 5079 ὁ,
590 5010 877 5081 φιλόσοφος
899 5012 994 5065 καὶ

229 5103 352 5157 τῶν
399 5102 716 5157 ἀποστόλων
760 5103 994 5172 ὁμόχρο-

231 5210 357 5256 νος,
381 5192 476 5245 καὶ
498 5192 717 5256 Παπίας
747 5194 776 5246 ὁ
806 5193 993 5258 πολὺς,

228 5291 263 5340 ὁ
315 5286 569 5339 Ἰωάννου
616 5283 711 5338 τοῦ
765 5287 997 5354 εὐαγγε-
1070 5293 1544 5363 Hierapolitanus,
1596 5292 1824 5348 Joannis

232 5379 431 5435 λιστοῦ
461 5380 724 5451 φοιτητὴς
754 5382 784 5434 ὁ
826 5380 996 5450 ἰεραι
1071 5386 1417 5455 evangelista
1477 5383 1785 5454 discipulus
1806 5426 1822 5449 ,

234 5473 508 5542 πολίτης,
544 5473 832 5544 Εἰρηναῖὁς
873 5490 933 5527 τε
972 5477 1000 5528 ὁ
1072 5484 1130 5529 et
1154 5475 1390 5529 lrenaus
1417 5474 1821 5545 Lugdunensis,

1135 4829 1360 4884 Veteres
1388 4844 1520 4900 ergo
1545 4828 1817 4884 Ecclesia-

1067 4937 1189 4976 rum
1222 4923 1552 4992 interpretes
1572 4962 1587 4986 ,
1622 4922 1811 4987 Philo,

1069 5016 1291 5085 inquam
1307 5054 1322 5073 .
1371 5014 1733 5084 pbi1050pbus
1763 5021 1820 5069 et

1070 5117 1316 5177 tempore
1343 5099 1570 5175 aqualis
1599 5113 1821 5175 aposto-

1069 5201 1173 5265 lis,
1210 5191 1283 5256 'et
1339 5201 1577 5256 celebris
1626 5201 1822 5270 Papias

1908 4304 2135 4362 gamus,
2200 4283 2508 4339 incidemus
2567 4281 2622 4335 in
2687 4278 3117 4333 innumerabiles
3186 4278 3395 4350 Scyllas
3443 4289 3500 4333 et

1908 4375 2226 4449 Charybdes
2247 4368 2763 4441 etlabyrinthorum
2813 4366 3138 4437 pracipitia.
3170 4366 3306 4421 Cum
3355 4368 3501 4421 Deus

1909 4466 2109 4525 calum
2134 4475 2190 4521 et
2212 4473 2415 4519 terram
2438 4461 2665 4531 impleat
2686 4461 2819 4515 citra
2846 4459 3011 4513 ullam
3037 4458 3503 4527 circumscriptio-

1909 4566 2125 4625 nem,et
2140 4557 2282 4612 adsit
2299 4555 2526 4624 ubique,
2539 4560 2593 4607 et
2615 4552 2684 4607 sit
2700 4567 2864 4621 supra
2889 4549 3324 4614 universitatem,
3340 4557 3394 4605 et
3411 4566 3504 4605 ne.

1914 4668 2022 4724 que
2040 4657 2348 4712 moveatur,
2374 4659 2554 4716 neque
2579 4645 2951 4706 contineatur,
2976 4656 3157 4712 neque
3183 4652 3500 4727 transmcet,

1914 4758 2096 4814 neque
2153 4739 2453 4796 descendat
2500 4753 2603 4792 nec
2665 4736 2957 4802 ascendat;
3005 4737 3284 4806 quomodo
3329 4736 3504 4791 audiit

1915 4836 2090 4891 Adam
2144 4834 2267 4904 ejus
2311 4845 2504 4885 vocem
2552 4828 2810 4899 ingressi,
2858 4826 3025 4899 894
3068 4833 3127 4882 et
3172 4827 3506 4886 ambulantis

1918 4941 2150 4997 vespere
2176 4925 2232 4979 in
2257 4922 2551 4995 paradiso?
2574 4920 2860 4987 Quomodo
2888 4920 3027 4974 vidit
3054 4920 3232 4990 ipsum
3272 4919 3409 4974 facie
3436 4920 3506 4975 ad

1920 5022 2139 5083 faciem,
2196 5017 2382 5086 idque,
2438 5013 2714 5084 inquiunt,
2774 5028 2902 5067 cum
2956 5011 3105 5067 dicat
3156 5011 3440 5081 Scriptura
3490 5027 3506 5066 :

1922 5111 2089 5166 Nemo
2119 5108 2289 5163 Deam
2320 5105 2451 5160 vidit
2482 5119 2720 5173 unquam
2745 5103 2786 5167 ‘,
2836 5116 3017 5171 neque
3056 5100 3153 5156 Dei
3183 5115 3373 5154 vocem
3404 5115 3507 5154 au—

1923 5202 2048 5258 diit.
2075 5202 2248 5256 Porro
2280 5200 2464 5252 autem
2500 5194 2629 5264 ipse
2658 5208 2880 5261 quoque
2912 5192 3090 5249 Moses
3116 5191 3211 5257 qui
3240 5206 3309 5246 ea
3346 5191 3510 5248 nobis

1924 5300 2112 5347 narrat
2140 5290 2207 5344 de
2234 5286 2505 5358 paradiso,
2530 5292 2767 5339 testatur
2787 5283 2963 5337 Deum
2990 5279 3096 5351 ipsi
3120 5280 3325 5337 dixisse
3353 5298 3375 5347 ε,
3392 5280 3507 5335 Non

1923 5382 2113 5439 videbit
2140 5382 2293 5434 homo
2317 5378 2504 5448 faciem
2537 5392 2709 5430 meam
2753 5385 2803 5428 et
2829 5375 2961 5428 vivet
2992 5376 3034 5428 ’.
3065 5375 3184 5431 Jam
3210 5389 3343 5431 vero
3373 5374 3515 5429 divi-

1926 5489 2033 5530 nus
2064 5486 2286 5543 quoque
2308 5469 2512 5525 Paulus
2554 5475 2738 5539 raptus
2772 5469 2828 5521 in
2857 5468 3072 5520 tertium
3118 5466 3304 5523 caelum
3331 5476 3389 5523 et
3418 5482 3515 5539 pa-

316 5613 366 5643 ⁹⁷
396 5611 555 5665 Rom.
589 5626 684 5674 vn,
720 5611 806 5663 Μ.
881 5609 927 5640 ’⁸
957 5608 1002 5662 ll
1039 5609 1168 5662 Cor.
1198 5624 1277 5673 Ill,
1304 5606 1357 5661 6.
1433 5609 1477 5641 ’θ
1513 5608 1704 5665 Matth.
1741 5623 1804 5661 xv

1912 5608 1952 5662 7.
2031 5610 2047 5640 ί
2082 5608 2237 5662 Joan.
2271 5623 2307 5667 ι,
2357 5606 2442 5658 l8.
2519 5607 2538 5635 ¹
2570 5603 2741 5659 Exod.
2775 5617 2961 5666 xxxm,
2994 5601 3085 5655 ΞΟ.

308 5727 391 5799 (ι)
423 5725 480 5782 S.
508 5726 706 5782 Joann.
737 5724 985 5777 Damase.
1027 5720 1368 5807 Leqainiana:
1396 5722 1520 5778 edit.
1559 5731 1595 5776 t.
1646 5723 1686 5787 Ι,
1715 5738 1770 5790 p.
1816 5721 1935 5785 174,
1965 5723 2021 5775 in
2051 5720 2218 5775 Notis.
