4042 6292
989 252 1013 278 Ι

560 326 667 391 953

1674 370 1677 371 ν
1769 316 1831 377 S.
1870 316 2269 379 ANASTASII
2309 318 2634 377 SINAleE

3713 324 3828 388 96L

560 433 827 495 radisum,
865 438 926 485 ut
967 439 1115 493 recte
1140 426 1444 497 inspiceret
1476 423 1712 495 paradisi
1743 424 1907 479 verba
1949 425 2135 495 ineﬁ'a-
2165 432 2207 484 Α
2237 423 2305 478 Et
2321 424 2456 478 dixit
2475 424 2643 478 Deus:
2662 422 2780 478 Fiat
2807 442 2971 495 aqua.
2994 426 3202 491 Alii,ex
3227 428 3436 499 quibus
3462 438 3597 486 sunt
3618 429 3824 493 Persae.

559 522 687 577 bilia
719 520 763 587 ³,
804 536 930 576 cum
977 520 1088 575 illic
1127 521 1297 573 Deum
1342 516 1650 586 qumsiissct
1678 514 1890 579 videre,
1923 524 1981 570 et
2022 531 2134 570 non

558 625 706 669 esset
750 613 1169 681 contemplatus,
1216 624 1473 665 reversus
1520 615 1607 663 est
1639 607 1832 662 dicens
1872 606 1942 661 de
1974 607 2131 662 Deo:

561 708 726 772 Quem
775 705 953 759 nullus
997 706 1265 759 hominum
1294 706 1445 767 vidit,
1489 720 1657 774 neque
1697 710 1862 773 potest
1890 703 2063 757 videre
2092 704 2132 755 ⁸.

560 798 630 852 Et
649 799 695 851 si
721 798 836 851 haec
858 797 932 851 ita
957 812 1015 850 se
1041 796 1263 859 habent,
1293 804 1353 849 ut
1377 803 1531 849 certe
1569 795 1794 859 habent,
1820 794 1953 864 quid
1983 793 2139 848 dein-

552 902 690 955 ceps
716 901 862 955 ages,
893 902 927 940 o
957 886 1225 946 Israelita,
1257 884 1352 956 qui
1378 885 1657 954 corporali
1680 899 1847 939 sensu
1878 883 2138 953 intelligis

557 992 625 1031 ea
670 993 792 1047 qua:
834 977 1095 1032 dicuntur
1140 977 1209 1030 de
1254 976 1531 1045 paradiso,
1561 990 1687 1030 cum
1730 975 1961 1030 audies:
1992 975 2138 1030 Deus

558 1066 948 1138 incorporeus,
982 1077 1040 1122 et
1071 1067 1252 1122 carnis
1277 1083 1474 1137 expers
1501 1067 1743 1122 materia:
1764 1076 1820 1121 et
1848 1066 2055 1137 ﬁgurae,
2082 1074 2138 1121 et

558 1160 799 1213 sonitum
851 1160 1052 1229 pedum
1098 1159 1229 1213 Ibcit
1279 1159 1334 1212 in
1381 1159 1671 1229 paradiso?
1713 1158 2000 1224 Quomodo
2039 1156 2135 1227 qui

561 1262 716 1306 caret.
763 1251 1267 1321 manibusdicitur
1319 1251 1557 1319 pr0priis
1605 1252 1859 1306 manibus
1908 1251 2136 1306 humum

563 1344 925 1414 prehendisse
953 1353 1008 1398 et
1052 1343 1271 1398 tinxisse
1298 1343 1611 1397 hominem?
1635 1342 1922 1408 Quomodo
1950 1343 2140 1399 lateris

563 1432 757 1488 Adami
804 1434 933 1489 fecit
962 1435 1320 1497 excisionem,
1358 1442 1413 1488 et
1458 1433 1706 1487 mulieris
1734 1433 2028 1488 aediﬁcium
2055 1433 2139 1489 fa-

562 1524 807 1579 bricatus
832 1534 915 1580 est
940 1525 1338 1594 incorporeus?
1361 1524 1476 1580 Nec
1494 1525 1599 1580 hoc
1622 1526 1823 1589 solum,
1853 1525 1948 1580 sed
1968 1525 2139 1580 etiam

560 1609 669 1664 fuit
697 1612 1045 1673 hortulanus,
1073 1621 1130 1667 et
1156 1628 1269 1667 suae
1297 1621 1560 1668 creaturae
1587 1613 1941 1679 administer;
1972 1614 2140 1669 boves

560 1712 619 1760 et
646 1719 793 1767 oves,
833 1704 1036 1759 bestias
1068 1715 1125 1760 et
1152 1706 1400 1775 jumenta
1426 1704 1495 1759 ad
1523 1705 1792 1760 Adamum
1826 1706 2134 1773 adducens;

563 1803 626 1849 ut
665 1810 729 1849 ea
782 1795 1058 1865 sigillatim
1103 1803 1348 1859 voearet,
1399 1794 1492 1865 qui
1541 1796 1726 1850 omnia
1774 1798 2141 1867 cognoscebat

561 1894 689 1940 ante
718 1901 911 1940 eorum
946 1895 1151 1940 ortum.
1194 1885 1444 1951 Quonam
1486 1894 1672 1940 autem
1719 1900 1817 1940 ore
1848 1895 1910 1941 et
1946 1887 2137 1953 labris,

563 1978 655 2046 qui
675 1993 739 2032 ea
764 1992 875 2031 non
898 1977 1129 2041 ferebat,
1154 1985 1213 2030 ut
1228 1977 1320 2046 qui
1347 1978 1417 2031 sit
1440 1979 1825 2046 incorporeus,
1842 1978 2141 2033 insuillavit

563 2068 619 2122 in
649 2069 842 2124 faciem
879 2069 1120 2123 hominis
1149 2068 1401 2139 spiritum
1446 2068 1611 2123 vitaz?
1638 2068 1771 2123 Nam
1805 2070 1851 2123 si
1886 2079 2019 2124 tunc
2052 2070 2140 2124 in-

560 2169 885 2229 corporatns
920 2168 976 2215 et
1007 2161 1245 2215 humana
1276 2160 1447 2213 forma
1474 2160 1737 2230 praeditus
1778 2162 1973 2218 fuisset
1995 2163 2141 2218 Deus

565 2250 821 2315 Verbum,
851 2266 1193 2320 nequaquam
1245 2250 1300 2303 in
1361 2248 1624 2305 extremis
1687 2252 2028 2320 temporibus
2071 2267 2139 2307 ex

562 2349 751 2398 sancta
777 2341 996 2411 Virgine
1023 2357 1247 2395 carnem
1283 2340 1616 2409 suscepisset
1639 2341 1806 2395 homo
1832 2341 2029 2396 factus.

634 2432 797 2486 Ὅθεν
832 2432 922 2485 διὰ
964 2433 1166 2494 ταύτας,
1218 2431 1315 2493 τὰς

560 2523 978 2593 ἁκαταλήπτους
1136 2524 1314 2585 αἰτίας

561 2618 948 2687 πνευματικῶς
1021 2618 1315 2688 νοήσαντες

560 2708 741 2762 πάντα
809 2708 877 2761 τὰ
951 2708 1080 2778 περὶ
1137 2724 1314 2777 παρα-

560 2798 740 2853 δείσου
771 2801 817 2852 οἱ
851 2798 1313 2870 μνημονευθέντες

560 2891 864 2963 ἐξηγηταὶ,
930 2890 1173 2959 ἔφασαν,
1230 2892 1310 2944 ὅτι

561 2979 806 3051 διάφοροι
832 2979 1068 3050 αἱρέσεις
1095 2976 1313 3047 ἐτέχθη-

566 3089 665 3125 σαν
691 3071 794 3125 ὑπὸ
825 3088 984 3125 τινων
1009 3070 1310 3140 ἀνθρώπων

563 3165 841 3235 σαρκικῶς
869 3162 1215 3217 ἀκουσάντων
1244 3161 1311 3213 τὰ

564 3261 695 3329 περὶ
748 3257 882 3311 Θεοῦ
925 3258 1019 3311 καὶ
1055 3255 1314 3326 παραδει-

560 3365 655 3402 σου
687 3350 745 3402 ὲν
778 3350 845 3419 τῇ
888 3347 1108 3402 Γενέσει
1158 3346 1313 3414 λεγό-

564 3430 728 3514 μενά·
751 3446 799 3496 οἱ
833 3442 931 3512 μὲν
955 3442 1313 3511 σωματόμορ-

562 3552 663 3605 φον
684 3535 776 3588 τὸν
797 3534 951 3597 Θεὸν,
976 3534 1097 3587 κατ’
1128 3535 1312 3587 εἰκόνα

561 3630 658 3684 καὶ
703 3628 961 3698 ὁμοίωσιν
997 3627 1186 3698 ὑλικὴν
1215 3624 1309 3681 τοῦ

561 3718 850 3789 ἀνθρώπου
865 3718 1307 3787 δογματίσαντες·

560 3813 609 3865 οἱ
662 3812 719 3866 δὲ
774 3812 1033 3883 μεγίστας
1091 3812 1314 3881 εὐχαρι-

561 3904 713 3967 στίας
737 3903 810 3974 τῷ
849 3903 969 3974 ὄφει
1008 3904 1312 3974 προσάξειν·

558 4013 681 4061 τες,
738 3995 813 4058 ὡς
869 3995 955 4048 διὰ
1007 3995 1107 4064 τῆς
1146 3994 1311 4047 αὐτοῦ

561 4084 871 4155 συμϐουλῆς
915 4085 1009 4137 καὶ
1061 4085 1158 4154 τῆς
1208 4101 1312 4136 πα·-

561 4177 842 4246 ραδάσεως
870 4177 971 4247 τῆς
1009 4176 1311 4247 γενομένης

556 4265 907 4337 γεννηθέντος
935 4266 1055 4319 ὅλου
1087 4264 1181 4319 τοῦ
1213 4266 1308 4319 ἀν-

558 4354 793 4425 θρώπων
843 4358 1051 4425 γένους,
1112 4357 1309 4421 οἵτινες

556 4453 652 4507 καὶ
673 4453 884 4522 Ὀφῖται
900 4455 1123 4520 δικαίως
1141 4472 1308 4527 προσ-

554 4548 933 4620 αγορεύονται.
1017 4552 1305 4621 Μανιχαῖοι

552 4640 631 4704 δὲ,
678 4639 813 4712 ὁμοῦ
860 4658 923 4694 τε
956 4643 1050 4695 καὶ
1078 4643 1301 4712 ἄνδρες,

554 4735 650 4787 καὶ
678 4736 959 4803 γυναῖκες,
995 4736 1192 4806 γυμνοὶ
1246 4737 1304 4789 ὲν

553 4829 675 4890 ταῖς
698 4825 1014 4896 ἐκκλησίαις
1046 4829 1304 4896 συνάγον-

551 4934 645 4970 ται
711 4918 849 4971 κατὰ
923 4919 1154 4989 μίμησιν
1209 4920 1300 4974 τοῦ

563 5008 734 5080 ’Δδὰμ
764 5011 857 5063 καὶ
888 5009 987 5081 τῆς
1006 5008 1148 5075 Εὔας
1172 5011 1233 5083 (1
1257 5014 1299 5083 ).

1460 2429 1613 2487 Unde
1636 2440 1860 2501 propter
1880 2432 1976 2486 has
2003 2447 2138 2487 cau-

1388 2535 1475 2575 sas
1516 2520 2135 2591 incomprehensibiles,

1386 2614 1568 2667 omnia
1607 2630 1729 2683 quat
1769 2614 1837 2670 de
1881 2615 2137 2670 Paradiso

1386 2707 1533 2760 dicta
1585 2717 1714 2762 sunt
1777 2709 2139 2779 spiritualiter

1386 2801 1754 2872 intelligentes
1807 2804 2137 2873 interpretes

1383 2910 1618 2964 quorum
1727 2897 2083 2952 meminimus
2117 2937 2136 2963 ,

1384 2988 1643 3044 dixerunt
1691 2990 1837 3059 quod
1901 2990 2136 3046 diversa:

1383 3089 1523 3133 nata:
1547 3090 1677 3134 sunt
1696 3081 1934 3136 hmreses
1954 3098 1984 3136 a
2008 3083 2136 3152 qui-

1384 3170 1614 3227 busdam
1653 3173 1976 3232 hominibus
1995 3217 2009 3241 ,
2038 3177 2137 3245 qui

1383 3266 1678 3321 carnaliter
1698 3267 1994 3323 audierunt
2017 3286 2138 3341 qua:

1384 3356 1451 3412 de
1495 3359 1607 3413 Deo
1650 3368 1706 3414 et
1748 3359 2004 3429 paradiso
2048 3361 2136 3416 di-

1384 3453 1586 3499 cuntur
1632 3443 1689 3499 in
1728 3443 1928 3501 Genesi
1957 3485 1971 3509 ,
2016 3447 2138 3502 aliis

1384 3520 1605 3605 quidem
1767 3539 2138 3594 statuentibus

1383 3629 1559 3683 Deum
1629 3628 1837 3685 habere
1905 3630 2139 3686 formam

1385 3722 1673 3790 corporis,
1757 3721 1880 3777 aliis
1950 3732 2134 3778 autem

1387 3813 1628 3881 serpenti
1704 3828 1927 3884 magnas
2004 3816 2139 3870 olfe-

1386 3912 1573 3958 rentes
1618 3904 1915 3974 gratiarum
1962 3905 2135 3960 actio-

1384 4015 1503 4064 nes,
1519 4008 1710 4068 utpote
1731 4000 1877 4069 quod
1898 4016 1995 4069 per
2015 4001 2135 4070 ejus

1383 4093 1672 4148 consilium
1694 4103 1749 4147 et
1770 4093 1965 4148 factam
1997 4110 2136 4165 prae-

1385 4184 1777 4238 varicationem
1860 4200 1929 4239 ex
2006 4200 2131 4239 mu-

1383 4273 1514 4328 liere
1535 4273 1936 4344 sitgeneratum
1957 4281 2129 4330 totum

1379 4379 1553 4435 genus
1617 4365 1918 4420 humanum
1944 4382 1959 4433 ;
2033 4368 2129 4437 qui

2241 530 2365 570 cum
2401 515 2689 570 sororibus
2716 523 2773 570 et
2805 516 3075 571 matribus
3106 526 3506 575 contraxerunt
3534 521 3822 575 matrimo-

2240 607 2419 672 nium,
2448 614 2742 677 propterea
2775 608 2925 677 quod
2973 611 3148 664 nostri
3195 611 3362 680 primi
3393 622 3659 682 parentes
3685 629 3824 669 con-

2235 697 2604 767 jungerentur
2630 712 2758 752 cum
2787 699 2904 753 suis
2936 700 3207 755 matribus
3245 710 3306 756 et
3342 702 3653 758 sororibus.
3684 703 3825 759 Sunt

2240 786 2407 841 etiam
2444 786 2695 856 quaedam
2741 786 2980 842 haereses
3018 803 3141 857 quae
3178 789 3353 843 Deum
3380 798 3648 844 accusant
3674 791 3821 859 quod

2241 892 2352 932 non
2383 878 2734 949 prohibuerit
2772 894 2843 934 ne
2887 879 3163 949 malignus
3184 879 3357 934 Evam
3399 879 3700 935 seduceret
3724 896 3826 950 per

2241 978 2578 1039 serpentem.
2610 970 2731 1024 Alia
2760 977 2942 1024 autem
2975 986 3170 1025 rursus
3194 970 3702 1027 haeresisrdecrevit
3727 972 3827 1027 be-

2239 1059 2471 1115 stiarum
2493 1075 2715 1130 quoque
2741 1060 2953 1116 animas
2978 1076 3108 1116 esse
3149 1062 3365 1117 ratione
3388 1061 3673 1132 praeditas,
3700 1079 3825 1134 quae

2236 1160 2471 1221 possunt
2497 1153 2809 1209 orationem
2833 1152 3029 1208 audire
3058 1162 3116 1208 et
3142 1155 3418 1220 excolere,
3444 1168 3579 1210 cum
3609 1155 3816 1210 audiis-

2189 1261 2191 1263 ί
2239 1250 2327 1296 set
2352 1243 2522 1297 Deum
2566 1242 2988 1300 benedicentem
3017 1244 3340 1300 volucribus
3371 1257 3429 1301 et
3460 1247 3730 1317 piscibus,
3766 1256 3822 1301 et

2238 1343 2612 1390 exsecrantem
2640 1345 2975 1405 serpentem,
2996 1344 3055 1391 et
3072 1334 3441 1391 adducentem
3458 1337 3528 1395 ad
3551 1336 3820 1391 Adamnan

2239 1425 2447 1482 bestias
2478 1434 2535 1481 et
2564 1427 2824 1482 volucres
2859 1435 2920 1481 et
2959 1428 3232 1497 iumenta,
3282 1436 3345 1481 ut
3379 1427 3517 1482 sciat
3557 1427 3821 1499 quidnam

2193 1570 2202 1581 ,
2236 1530 2305 1570 ea
2348 1516 2615 1571 nominet.
2651 1515 2762 1571 Has
2804 1516 2990 1586 itaque
3018 1524 3076 1572 et
3102 1517 3239 1573 alias
3260 1518 3527 1588 plurimas
3560 1519 3821 1579 haereses.

2239 1621 2362 1676 qua:
2391 1617 2751 1676 sumpserunt
2782 1607 3129 1662 occasionem
3171 1622 3241 1662 ex
3285 1608 3589 1679 Scriptura:
3637 1610 3822 1667 verbis

2239 1698 2310 1754 de
2340 1699 2621 1769 paradiso,
2652 1699 3008 1755 admirabiles
3058 1714 3198 1770 quos
3246 1699 3402 1770 prius
3445 1700 3689 1756 diximus
3730 1700 3821 1755 in-

2171 1776 2212 1831 Β
2240 1797 2515 1861 terpretes
2539 1791 2804 1847 .voleates
2831 1800 3103 1856 evertere,
3136 1792 3193 1846 in
3229 1807 3444 1847 sacram
3479 1792 3822 1863 Scripturam

2241 1881 2309 1936 de
2356 1893 2557 1941 caetero
2606 1882 2798 1937 oculos
2846 1882 3212 1951 spiritualiter
3255 1883 3636 1948 intendentes,
3677 1883 3823 1939 sicut

2235 1974 2398 2045 jubet
2434 1974 2660 2041 Paulus,
2687 1973 3056 2029 decreverunt
3085 1974 3228 2029 duos
3266 1975 3533 2045 quosdam
3561 1989 3686 2030 esse
3725 1988 3821 2043 pa-

2241 2065 2475 2131 radisos,
2502 2065 2649 2120 sicut
2674 2072 2732 2119 et
2750 2065 3063 2135 Dionysius,
3086 2066 3430 2136 spiritualem
3457 2076 3515 2123 et
3537 2066 3823 2133 sensilem,

2242 2162 2559 2209 terrestrem
2603 2162 2664 2210 et
2690 2155 2992 2221 caelestem,
3041 2155 3137 2226 qui
3181 2156 3432 2211 cernitur
3468 2165 3527 2212 et
3577 2156 3673 2226 qui
3730 2155 3827 2210 in-

2241 2249 2527 2319 telligitur,
2559 2248 2704 2304 sicut
2723 2249 2891 2304 etiam
2916 2259 3003 2305 est
3026 2249 3282 2306 Christus
3302 2250 3551 2306 cmlestis
3570 2249 3736 2305 simul
3758 2258 3828 2305 et

2240 2344 2545 2409 terrestris,
2584 2353 2959 2416 congruenter
2993 2355 3121 2416 typo
3153 2344 3823 2409 duarum-Ecclesium,

2240 2443 2497 2501 terrenae,
2532 2436 2779 2507 inquam,
2810 2446 2870 2492 et
2898 2437 3139 2493 caelestis
3168 2437 3409 2492 civitatis
3451 2436 3667 2491 Domini
3704 2437 3829 2490 vir-

2243 2535 2441 2595 tutum,
2485 2529 2579 2585 ubi
2622 2537 2707 2585 est
2746 2530 2915 2589 etlam
2948 2531 3193 2587 secunda
3214 2538 3273 2585 et
3292 2530 3478 2585 verior
3508 2537 3655 2584 terra
3680 2542 3826 2599 pro-

2238 2619 2541 2685 missionis,
2579 2622 2732 2692 regio
2760 2621 3088 2688 viventium,
3117 2632 3172 2678 et
3218 2622 3534 2677 mansiones
3557 2620 3826 2676 taberna-

2236 2715 2363 2770 cula
2385 2725 2595 2771 aeterna"
2617 2726 2677 2771 et
2699 2732 2822 2786 quae
2846 2717 3293 2772 nullam-habent
3307 2716 3735 2780 successionem,
3763 2724 3828 2770 et

2240 2815 2388 2862 terra
2422 2808 2640 2861 mitium
2685 2808 2929 2863 secunda
2957 2816 3014 2863 et
3038 2808 3095 2862 in
3119 2823 3282 2878 quam
3310 2822 3424 2862 non
3452 2806 3594 2862 cadit
3624 2806 3831 2860 interi-

2236 2905 2350 2963 tus,
2382 2916 2506 2970 quae
2532 2900 2696 2955 habet
2728 2900 2954 2955 arbores
2994 2909 3052 2955 et
3078 2915 3249 2969 aquas
3276 2899 3522 2953 interitui
3556 2912 3666 2951 non
3713 2895 3832 2952 ob-

2239 2990 2453 3056 noxias,
2485 2998 2541 3047 et
2569 2991 2788 3061 plantas
2812 3006 2934 3061 qua
2974 3006 3090 3045 non
3117 2999 3490 3055 marcescunt,
3514 2997 3570 3044 et
3594 2988 3830 3045 fructus

2164 3118 2206 3175 ο
2240 3094 2461 3151 semper
2488 3082 2882 3151 germinantes,
2912 3082 3006 3152 qui
3041 3096 3073 3136 a
3115 3080 3346 3152 perenni
3377 3080 3528 3135 fonte
3555 3079 3687 3134 vita:
3714 3096 3832 3150 pe-

2239 3172 2486 3226 renniter
2518 3172 2835 3243 irrigantur,
2860 3180 2918 3229 et
2946 3174 3003 3227 in
3036 3174 3233 3230 secula
3262 3172 3587 3228 seculorum
3631 3175 3837 3241 quoti-

2238 3261 2327 3317 die
2372 3262 2691 3330 ﬂorescunt,
2733 3272 2791 3319 et
2840 3280 3058 3335 semper
3093 3272 3354 3321 crescunt
3396 3264 3454 3319 in
3497 3264 3714 3328 melius,
3770 3277 3839 3321 et

2237 3368 2522 3423 nunquam
2551 3365 2770 3411 cessant
2794 3356 3061 3424 prolicere
3093 3365 3163 3412 et~
3179 3357 3369 3428 augeri
3412 3367 3468 3413 et
3505 3357 3733 3411 formari
3767 3359 3835 3414 in

2238 3443 2293 3498 id
2335 3445 2485 3514 quod
2527 3454 2615 3500 est
2645 3447 2846 3502 melius
2876 3455 2932 3502 et
2972 3448 3247 3519 superius,
3275 3455 3334 3504 et
3364 3449 3459 3519 qui
3497 3457 3626 3503 sunt
3653 3449 3835 3518 plan-

2239 3537 2336 3590 tati
2366 3548 2422 3592 et
2454 3537 2713 3592 collocati
2740 3539 2795 3593 in
2832 3539 2998 3595 domo
3026 3540 3145 3607 Dei,
3173 3550 3232 3595 et
3252 3541 3451 3596 ﬂorent
3478 3541 3533 3595 in
3557 3543 3835 3610 supernis

2235 3629 2359 3698 ejus
2391 3629 2582 3695 atriis;
2619 3630 2929 3701 cujusmodi
2974 3643 3104 3687 sunt
3145 3633 3289 3686 cedri
3337 3633 3576 3689 cmlestis
3597 3632 3835 3700 Libani,

2237 3736 2369 3791 quas
2414 3719 2681 3790 plantavit
2726 3722 2946 3792 (nempe
2991 3723 3361 3794 intelligentes
3394 3724 3635 3795 naturas)
3673 3724 3835 3781 Uni~

2235 3811 2479 3881 genitus,
2516 3826 2646 3865 cum
2688 3812 2892 3881 quibus
2929 3812 3040 3867 illic
3065 3813 3355 3882 nidiﬁcavit
3397 3830 3633 3885 passeres
3680 3829 3837 3871 san-

2236 3916 2450 3972 clarum
2483 3908 2813 3973 animarum,
2864 3918 2914 3963 et
2957 3910 3179 3975 herodii,
3214 3925 3412 3980 nempe
3447 3910 3675 3973 Christi,
3714 3915 3841 3966 do-

2234 4014 2349 4052 mus
2374 3999 2481 4052 dua:
2497 4008 2572 4054 est
2598 4016 2783 4055 eorum
2796 4000 2838 4064 ',
2867 4011 3097 4070 propter
3115 4014 3254 4071 quos
3274 4001 3420 4056 solos
3433 4013 3645 4071 pratum
3672 4002 3839 4060 illud

2232 4095 2381 4163 quod
2414 4109 2524 4151 non
2569 4097 2947 4167 corrumpitur
2992 4114 3095 4154 nec
3124 4096 3381 4163 senescit,
3417 4098 3730 4170 intelligens
3766 4114 3843 4160 et

2232 4199 2432 4253 expers
2473 4186 2748 4252 materiai,
2798 4187 3064 4256 plantavit
3110 4196 3168 4243 et
3213 4187 3521 4243 constituit.
3572 4189 3650 4243 De
3696 4206 3840 4262 quo

2233 4276 2440 4332 dictum
2483 4284 2571 4332 est
2599 4295 2613 4332 :
2644 4277 2713 4331 Et
2750 4277 3013 4348 plantavit
3043 4277 3296 4332 Dominus
3325 4278 3466 4333 Deus
3498 4280 3841 4350 paradisum

2232 4369 2287 4422 in
2317 4368 2483 4424 Edam
2510 4370 2581 4424 ad
2609 4371 2894 4437 orientem,
2932 4378 2980 4424 et
3011 4372 3184 4441 posuit
3221 4368 3333 4425 illic
3364 4371 3624 4426 hominem
3652 4388 3839 4442 quem

1379 4455 1604 4524 quidem
1676 4454 1876 4511 merito
1957 4458 2125 4512 etiam
2160 4462 2205 4519 D
2232 4459 2373 4529 fecit.
2418 4460 2489 4516 Et
2529 4460 2927 4531 interpretatur
2972 4462 3196 4531 quidem
3251 4460 3440 4527 Edent,
3484 4465 3841 4535 ignoscentrs

1378 4548 1726 4618 appellantur
1774 4546 1990 4618 Ophilm
2004 4590 2017 4612 ,
2074 4550 2130 4606 id

1376 4650 1481 4707 est,
1595 4640 1933 4710 Serpentini.
1957 4643 2131 4700 Mani-

1378 4732 1515 4787 chaei
1538 4735 1920 4791 autemsimul
1946 4746 2001 4791 et
2023 4738 2130 4792 viri

1375 4837 1434 4884 et
1450 4830 1715 4888 mulieres
1739 4831 1875 4892 nudi
1901 4848 2136 4905 congre-

1375 4930 1576 4993 gantur
1608 4924 1667 4979 in
1714 4927 1831 4981 suis
1876 4927 2129 4983 ecclesiis

1376 5015 1443 5075 ad
1505 5016 1877 5072 imitationem
1931 5017 2125 5092 Adami

1373 5117 1429 5164 et
1458 5110 1601 5166 Evae.

623 5194 726 5249 Alii
760 5205 944 5251 autem
980 5196 1279 5255 increatam
1328 5200 1470 5272 ignis
1499 5202 1804 5260 adorarunt
1845 5213 2125 5271 naturam,

549 5294 842 5354 pr0pterea
874 5288 1020 5357 quod
1049 5291 1199 5346 nulla
1226 5290 1495 5349 inferatur
1518 5294 1663 5365 ignis
1690 5297 1898 5351 mentio
1922 5297 1983 5350 in
2003 5298 2128 5351 uni-

548 5383 708 5428 versa
750 5390 845 5430 sex
879 5377 1094 5433 dierum
1140 5382 1440 5437 creatione.
1467 5384 1576 5438 Alii
1603 5400 1801 5454 aquam
1833 5387 2127 5443 coluerunt

550 5469 809 5534 tanquam
858 5468 1177 5537 increatam,
1219 5474 1483 5541 quoniam
1528 5492 1636 5530 non
1682 5477 1949 5546 scriptum
1978 5489 2065 5533 est
2106 5497 2119 5534 :

619 5600 639 5629 ³
669 5598 713 5653 ll
748 5598 976 5667 Comm,
1013 5603 1129 5660 2-4.

626 5713 700 5782 Il)
730 5712 786 5767 S.
830 5712 1038 5770 Joann.
1064 5717 1460 5785 Damasr.,!oco
1494 5724 1581 5774 rit.

2228 4559 2324 4606 aut
2351 4553 2774 4624 sanguinolenta:
2805 4554 3024 4609 deliciae.
3071 4553 3144 4610 Ut
3183 4562 3368 4610 autem
3409 4555 3543 4610 dicit
3586 4555 3842 4625 priscus

2224 4644 2466 4711 ludens,
2484 4647 2653 4702 Edam
2674 4650 3093 4721 interpretatur,
3115 4652 3464 4723 inﬂammatio
3483 4650 3793 4708 carbonum
3817 4674 3839 4711 .-

2226 4738 2373 4806 quod
2400 4739 2625 4808 quidem
2656 4742 2953 4796 admodum
2996 4750 3123 4812 apte
3153 4742 3291 4797 dicit
3318 4747 3571 4798 convenit
3597 4741 3669 4795 de
3702 4759 3835 4812 pa-

2225 4829 2410 4886 radiso
2452 4832 2747 4901 spirituali,
2782 4842 2838 4888 et
2880 4835 3125 4889 materiae
3171 4844 3417 4906 experte,
3447 4843 3503 4889 et
3533 4834 3836 4903 angelico,

2226 4927 2284 4974 et
2305 4919 2633 4991 intelligenti
2666 4940 2680 4976 :
2713 4921 2818 4987 Qui
2850 4923 2977 4992 facit
3001 4924 3174 4988 enim,
3204 4923 3405 4992 inquit,
3436 4922 3647 4992 angelos
3682 4939 3839 4981 suos

2227 5011 2466 5080 spiritus,
2500 5018 2552 5065 et
2574 5014 2841 5068 ministros
2884 5014 2998 5084 ejus
3034 5015 3321 5084 ﬂammam
3344 5015 3481 5084 ignis
3505 5014 3548 5083 f.
3575 5012 3659 5067 Ad
3689 5021 3835 5084 spi-

2226 5106 2444 5162 ritualis
2472 5116 2665 5164 autem.
2698 5109 2938 5179 paradisi
2968 5110 3235 5166 rationem
3261 5126 3321 5166 se
3348 5110 3579 5165 maxime
3602 5113 3831 5171 conﬁro

2230 5210 2455 5255 marunt
2479 5200 3199 5272 interpretes,.adduceutes
3221 5212 3415 5258 testem
3434 5202 3831 5270 Ezechielem.

2225 5302 2281 5348 et
2312 5294 2483 5348 Deum
2511 5294 2604 5364 qui
2636 5294 2691 5349 in
2727 5294 2846 5364 ipso
2875 5295 3226 5365 loquebatur,
3266 5294 3362 5349 ubi
3402 5294 3620 5351 videtur
3661 5296 3836 5354 Deus

2225 5388 2386 5443 nobis
2409 5388 2751 5460 aenigmatiee
2773 5390 3038 5456 revelare,
3068 5390 3213 5461 apud
3240 5391 3418 5461 ipsum
3455 5390 3828 5461 prophetam,

2225 5480 2430 5535 diaboli
2459 5496 2492 5536 e
2522 5481 2668 5536 coelo
2701 5497 2911 5546 casum,
2946 5483 3028 5538 sic
3060 5482 3284 5537 dicens:
3316 5482 3387 5536 Et
3416 5490 3493 5546 tu,
3526 5480 3611 5550 ﬁli
3639 5483 3834 5540 homi-

1205 5603 1227 5637 ⁸
1261 5608 1277 5660 Ι
1310 5609 1451 5663 Tim.
1488 5625 1563 5675 vr,
1601 5610 1684 5665 l6.
1762 5612 1783 5643 ⁵
1830 5611 1972 5666 Psal.
2005 5628 2114 5677 cm,
2146 5611 2233 5679 16,
2268 5613 2354 5669 18.
2431 5614 2453 5645 ⁸
2485 5613 2619 5669 ibid.
2657 5614 2710 5669 4.
