4042 6292
180 339 288 400 965

1255 324 1336 403 IN
1372 341 2003 403 HEXAEMERON.—
2031 342 2179 404 LIB.
2219 341 2358 403 vn.

3342 349 3450 411 966

179 455 285 513 nis,
338 451 515 521 accipe
544 451 1002 507 lamentationem
1024 469 1181 523 super
1219 456 1507 524 principem
1546 455 1687 526 Tyri,
1724 464 1772 508 et
1806 458 1847 515 λ
1879 452 2085 507 bonum
2109 450 2553 508 Cherubicorum
2584 453 2638 507 in
2674 460 2874 507 terram
2917 463 3001 509 est
3043 457 3324 526 projectus
3353 460 3458 516 iste

176 546 266 597 dic
298 545 349 598 ei
374 560 392 598 :
417 544 540 598 Haec
579 546 704 598 dicit
721 543 976 599 Dominus
1002 561 1020 599 :
1053 545 1129 599 Tu
1158 546 1491 616 signaculum
1525 548 1774 602 similitu-

176 635 320 692 dinis
361 645 411 688 et
450 650 646 687 corona
686 633 1092 705 pulchritudinis
1113 638 1168 690 in
1191 636 1388 691 deliciis
1421 637 1659 708 paradisi
1682 637 1775 692 Dei

176 733 463 794 generatus
493 742 546 779 es
580 725 623 778 ".
662 726 793 781 Erat
855 727 1002 781 enim
1065 727 1268 797 impius
1324 730 1588 799 princeps
1642 729 1771 801 Tyri

174 825 233 872 et
276 815 568 870 idololatra
604 816 661 870 in
702 816 901 871 diebus
936 818 1257 874 Ezechielis
1282 820 1587 889 prophetat.
1633 821 1773 876 Dicit

174 907 331 963 enim
358 908 543 978 ipsum
575 908 886 978 principem
920 910 1175 963 indutum
1209 911 1501 966 duodecim
1532 912 1771 983 insigni-

174 999 284 1054 bus
313 1000 583 1069 pretiosis
608 1000 905 1069 lapidibus,
936 1010 1205 1071 potestate
1228 1003 1371 1057 forte
1398 1015 1766 1073 supernarum

172 1095 474 1149 virtutum.
524 1094 592 1148 Et
643 1095 833 1159 statim
878 1104 1006 1165 post
1049 1094 1435 1149 indumentum
1487 1095 1765 1164 lapidum“,

174 1186 486 1258 subjungit,
523 1187 715 1242 dicens
745 1204 758 1239 :
786 1187 830 1240 Α
862 1203 963 1256 quo
992 1186 1075 1240 die
1103 1194 1311 1239 creatus
1335 1202 1389 1240 es
1421 1203 1543 1240 cum
1571 1186 1768 1242 Cheru-

174 1278 303 1341 bim,
333 1278 458 1331 dedi
482 1278 613 1331 tein
639 1288 815 1331 monte
842 1285 1025 1330 sancto
1056 1276 1150 1330 Dei
1181 1277 1223 1336 ⁸,
1253 1278 1358 1331 hoc
1386 1276 1471 1332 cut
1506 1278 1560 1331 in
1603 1280 1766 1333 cmlo.

176 1368 271 1425 Sic
297 1370 449 1424 enim
484 1368 621 1424 dicit
642 1378 1056 1440 consequenter
1083 1387 1096 1422 :
1125 1368 1291 1423 Fuisti
1332 1371 1389 1424 in
1423 1369 1594 1424 medio
1631 1370 1767 1440 lapi-

174 1465 303 1519 dum
346 1466 623 1535 igneoru'm
663 1466 706 1529 ’,
740 1470 940 1535 nempe
970 1464 1370 1521 ﬂammantium
1403 1468 1523 1536 ejus
1557 1466 1765 1520 intelli-

173 1555 429 1624 gentium
461 1555 761 1617 Virtutum,
791 1556 1190 1611 convenienter
1226 1558 1275 1612 ei
1317 1558 1412 1627 qui
1450 1557 1628 1612 dicit:
1661 1555 1764 1622 Qui

174 1644 309 1714 facit
356 1645 572 1715 angelos
614 1648 862 1717 spiritus,
908 1656 956 1701 et
1004 1650 1269 1702 ministros
1300 1665 1441 1703 suos
1486 1652 1762 1720 ﬂammam

172 1736 668 1806 ignis.'Audiamus
697 1745 753 1790 et
781 1754 904 1808 qua:
929 1739 1193 1809 deinceps
1217 1749 1527 1810 sequuntur
1554 1758 1568 1794 :
1593 1743 1635 1796 Α
1659 1758 1759 1812 quo

173 1828 265 1881 die
300 1837 513 1883 treaties
554 1846 627 1895 es,
663 1847 930 1902 quousque
960 1833 1187 1887 irwenta:
1215 1842 1336 1887 sunt
1369 1834 1677 1905 iniquitates
1704 1837 1760 1889 in

1870 1801 2190 1896 παράδεισος
2218 1823 2434 1892 λέγεται
2461 1822 2619 1885 οὗτος

173 1928 226 1972 te
258 1919 326 1972 ι’.
365 1918 499 1975 Haec
532 1922 756 1991 proprie
804 1923 859 1977 in
889 1922 1171 1978 diabolum
1219 1925 1364 1979 dicta
1397 1938 1525 1981 sunt
1553 1943 1583 1981 a
1612 1927 1756 1992 Deo;

170 2025 460 2079 nunquam
505 2012 650 2067 enim
694 2010 769 2067 ita
802 2014 945 2068 vixit
976 2016 1235 2085 princeps
1268 2016 1395 2088 Tyri
1435 2026 1494 2071 ut
1533 2012 1588 2072 in
1633 2032 1773 2074 eum'

168 2114 288 2154 non
331 2098 556 2158 caderet
595 2102 715 2158 vitii
762 2104 915 2160 labes
962 2114 1019 2161 et
1052 2109 1200 2178 justa
1233 2110 1612 2178 reprehensio.
1661 2111 1757 2167 llle

167 2190 322 2244 enim
355 2201 475 2246 erat
505 2192 728 2263 impius,
762 2203 819 2249 et
842 2193 987 2250 ﬁlius
1020 2197 1316 2267 impiorum
1361 2208 1445 2254 est
1481 2209 1754 2257 mortuus.

150 2281 283 2336 Sed
316 2298 423 2337 nec
458 2283 563 2338 fuit
590 2284 645 2339 in
671 2285 853 2341 medio
880 2288 1178 2343 carbonum
1203 2301 1259 2345 et
1284 2291 1527 2361 lapidum
1563 2294 1755 2366 igneo-

160 2389 320 2437 rnm,
351 2375 515 2430 sicut
541 2375 854 2433 audivimus
880 2378 949 2434 de
979 2380 1230 2451 principe
1258 2382 1422 2452 hujus
1449 2386 1655 2440 saeculi.
1689 2386 1756 2442 Et

163 2460 462 2535 subiungit
486 2465 629 2521 Deus
657 2466 726 2522 de
761 2481 828 2522 eo
856 2468 1048 2525 dicens
1074 2489 1086 2524 :
1112 2471 1155 2526 Α
1188 2469 1525 2527 ήιιιιιίιαάἱηε
1554 2492 1756 2530 merca-

149 2557 419 2621 turas“;
456 2558 699 2630 intelligo
730 2561 1163 2616 multitudinem
1214 2564 1549 2633 cognitionis
1580 2576 1635 2620 et
1667 2582 1754 2621 sa-

163 2647 414 2717 pientia,
443 2664 607 2720 quam
635 2663 796 2708 antea
827 2663 1085 2723 tanquam
1122 2669 1370 2708 summus
1413 2656 1672 2726 princeps
1696 2666 1752 2711 et

162 2735 282 2792 dux
315 2738 595 2795 exercitus
629 2742 946 2811 possidebat
991 2743 1265 2799 diabolus.
1316 2746 1419 2799 Per
1448 2763 1612 2817 quam
1655 2764 1751 2803 co-

160 2829 473 2899 gnitionem
500 2832 683 2902 lapsus
696 2834 762 2889 in
797 2835 1110 2905 superbiam
1137 2837 1216 2891 sic
1238 2839 1498 2907 cogitavit
1519 2839 1745 2894 dicens:

150 2919 379 2976 Ponant
413 2923 656 2978 thronum
704 2942 880 2980 meum
919 2944 1079 2999 super
1121 2929 1301 2989 nubes,
1346 2939 1398 2983 et
1441 2947 1533 2985 ero
1557 2932 1749 2987 similis

159 3010 440 3065 ditissima
468 3013 530 3068 ".
560 3013 927 3080 Quamobrem
955 3032 1149 3072 rursus
1178 3018 1231 3071 in
1259 3033 1385 3072 eum
1416 3021 1748 3076 vociferatur

1877 544 1971 613 qui
1993 544 2202 598 dicitur
2228 544 2487 613 princeps
2511 543 2636 614 Tyri
2665 544 2873 615 :T‘yrus
2895 555 3078 601 autem
3103 546 3293 603 Graece
3314 550 3456 605 dici-

1875 644 1967 690 tur
1996 636 2194 706 κράτος
2228 635 2322 687 καὶ
2363 635 2509 705 ὅρος,
2550 634 2604 687 id
2651 643 2738 689 est
2766 637 3003 705 potentia
3049 646 3097 689 et
3133 654 3303 692 mons.
3334 639 3456 706 Quo

1873 728 1936 782 ﬁt
1983 738 2042 781 ut
2072 728 2202 781 hinc
2233 742 2301 779 ex
2334 725 2402 779 iis
2433 740 2556 794 qua:
2595 725 2742 780 dicta
2776 737 2904 781 sunt
2928 727 3228 793 Ezccliieli,
3263 739 3454 800 aperte

1871 818 2039 874 liceat
2077 832 2410 887 cognoscere
2447 815 2610 885 .quod
2638 832 2830 871 omnes
2852 818 3043 874 Patres
3066 820 3162 889 qui
3193 820 3454 875 dixerunt

1871 923 1997 963 cum
2031 907 2220 963 sensili
2249 922 2370 961 esse
2396 905 2634 975 aliquem
2666 906 2982 975 paradisum
3023 909 3366 978 spiritualem
3395 920 3453 966 et

1869 998 2016 1070 ligna
2041 998 2368 1070 spiritualia,
2404 997 2459 1051 id
2488 997 2749 1051 dixerunt
2781 1007 3078 1067 sequentes
3100 999 3288 1054 divina
3330 1002 3452 1072 ejus

1871 1093 2157 1163 prophetas
2195 1090 2365 1146 verba
2400 1107 2413 1142 :
2446 1105 2514 1142 ex
2546 1088 2750 1158 quibus
2779 1098 2909 1144 sunt
2938 1091 3105 1145 etiam
3150 1074 3448 1162 sapientis-

1873 1184 1996 1239 simi
2044 1183 2317 1254 Gregorii,
2364 1181 2458 1251 qui
2491 1180 2684 1234 dicunt
2723 1181 2944 1250 plantas
2988 1198 3111 1238 esse
3159 1184 3445 1253 quasdam,

1870 1276 2386 1346 contemplationes,
2416 1284 2479 1328 ut
2509 1274 2667 1343 ponit
2690 1288 2884 1327 eorum
2920 1274 3085 1345 895
3111 1278 3450 1346 contempla~

1867 1368 1966 1422 tio.
2013 1367 2272 1434 Quaenam
2319 1375 2503 1421 autem
2534 1371 2655 1418 erat
2689 1363 2943 1436 Gregorii
2975 1367 3277 1436 spiritualis
3310 1383 3445 1423 con-

1868 1462 2172 1530 templatio,
2216 1460 2321 1514 nisi
2355 1459 2446 1513 illa
2491 1456 2732 1525 Spiritus
2772 1458 2947 1512 sancti
2978 1459 3341 1514 illuminatio?
3368 1460 3447 1514 De

1866 1569 1973 1623 qua
2022 1550 2487 1621 contemplatione
2522 1548 2661 1602 dicit
2700 1548 2966 1604 Dominus
3005 1568 3019 1603 :
3057 1550 3209 1605 Beati
3251 1554 3445 1605 mundo

1865 1644 2043 1708 corde,
2068 1644 2318 1714 quoniam
2357 1641 2457 1711 ipsi
2479 1639 2649 1692 Deum
2675 1636 2920 1693 videbunt
2956 1640 3017 1694 η.
3278 1636 3283 1643 ’

1939 1732 2078 1803 Ὅρα
2094 1733 2202 1802 γὰρ
2218 1732 2299 1785 ὃτι
2317 1730 2415 1800 οὐχ
2431 1727 2618 1789 ἁπλῶς
2760 1729 2899 1784 Vide
2951 1730 3097 1785 enim
3145 1730 3291 1800 quod
3332 1746 3441 1786 non

2689 1821 2940 1877 absolute
2972 1823 3177 1878 dicitur
3216 1824 3437 1893 paradi-

1862 1919 1892 1972 ὁ
1947 1917 2099 1989 παρά
2160 1916 2242 1987 τῷ
2306 1917 2563 1985 προφήτῃ
2597 1955 2613 1978 ,

1860 2009 1996 2064 ἀλλὰ
2019 2009 2346 2079 παράδεισος
2369 2005 2524 2060 Θεοῦ.
2560 2006 2615 2060 Ὀ

1858 2100 1915 2154 δὲ
1933 2098 2227 2162 Μωσαῖκὸς
2257 2096 2610 2167 παράδεισος,

1858 2192 1919 2244 οὐ
1951 2190 2252 2259 θεώνυμος,
2278 2187 2389 2241 ἀλλ’
2425 2187 2611 2249 ἁπλῶς

1857 2283 2203 2353 παράδεισος.
2245 2281 2406 2334 Ὅθεν
2444 2282 2539 2333 καὶ
2582 2279 2613 2333 6

1857 2373 2002 2427 κατὰ
2018 2373 2193 2426 πάντα
2213 2370 2355 2434 θεῖος
2379 2372 2432 2423 Ἀ
2444 2370 2611 2440 p.696-

1858 2485 2009 2543 etog,
2067 2466 2164 2519 καὶ
2240 2464 2523 2527 Ίουστῖνος
2579 2466 2610 2518 ὁ

1856 2558 2152 2629 θεόληπτος
2231 2560 2440 2630 μάρτυς
2464 2599 2479 2622 ,
2549 2558 2608 2611 ἐν

1851 2654 1965 2714 τοῖς
2013 2653 2092 2713 εἰς
2129 2651 2229 2718 τὴν
2273 2649 2608 2718 Ἐξαήμερον

1853 2743 2034 2796 αὐτῶν
2112 2742 2466 2811 ὑπομνήμασι
2536 2740 2606 2794 τὰ

1856 2832 1986 2903 περὶ
2022 2832 2353 2904 παραδείσου
2382 2829 2604 2895 διεξιόν·

1848 2944 1963 2992 τες,
1998 2928 2138 2997 μετὰ
2178 2931 2238 2979 τὸ
2275 2929 2448 2981 εἰπεῖν
2476 2927 2604 2996 περὶ

1848 3021 1958 3072 τῶν
2028 3018 2304 3088 αἰσθητῶν
2368 3019 2602 3089 δένδρων

159 3118 265 3172 per
292 3102 466 3159 verba
493 3120 615 3174 qua:
649 3118 1067 3177 consequuntur
1090 3109 1343 3164 Ezechiel
1366 3119 1424 3166 et
1456 3102 1631 3178 'Deus,
1660 3114 1746 3168 di-

1870 3113 1946 3163 ta‘t
1965 3111 2193 3169 ὑδάτων.
2218 3110 2313 3163 καὶ
2339 3109 2601 3179 γηγενοῦς

160 3209 298 3248 cens
322 3211 335 3246 :
358 3194 428 3247 Et
453 3200 697 3265 peccasti,
721 3207 768 3251 et
788 3201 1055 3255 sauciatus
1076 3218 1130 3254 es
1154 3219 1186 3255 ιι
1215 3212 1391 3257 monte
1416 3202 1512 3257 Dei
1544 3205 1750 3270 u{hoc

159 3293 250 3339 ρει
293 3284 545 3355 dejectus
574 3303 636 3342 es
668 3287 740 3343 ab
780 3290 1071 3345 altitudine
1114 3291 1211 3346 Dei
1263 3293 1411 3357 coeli,
1464 3294 1569 3348 hoc
1601 3295 1748 3349 enim

158 3383 352 3439 statim
396 3383 579 3439 innuit
620 3385 957 3456 subjungens
982 3404 994 3440 :
1021 3386 1090 3441 Et
1121 3388 1342 3443 adduxit
1376 3399 1426 3441 te
1470 3388 1750 3445 Cherubim

157 3494 228 3532 ea:
259 3476 523 3547 lapidibus
554 3480 720 3550 igneis
754 3480 818 3533 “.
846 3480 976 3534 Mihi
1002 3481 1224 3534 videtur
1251 3479 1401 3549 quod
1448 3481 1594 3535 Deus
1626 3483 1748 3552 jus-

158 3566 301 3621 serit
325 3568 489 3623 alicui
524 3570 980 3639 praastantissimo
1009 3580 1065 3626 et
1104 3570 1652 3641 magniﬁcentissimo
1681 3588 1748 3627 ex

155 3661 486 3730 Cherubim,
512 3678 572 3721 ut
602 3682 755 3722 reum
779 3668 1054 3738 accipiens
1076 3669 1355 3723 diabolum
1377 3669 1445 3724 de
1466 3684 1533 3723 eo
1554 3684 1746 3738 poenas

156 3764 412 3809 sumeret
438 3773 452 3807 :
478 3756 575 3825 qui
615 3772 743 3812 eum
793 3758 985 3818 eduit
1029 3773 1061 3813 e
1103 3757 1287 3812 medio
1318 3758 1744 3829 intelligentiam

156 3844 544 3910 exercituum,
587 3853 645 3901 et
677 3860 804 3901 eum
854 3847 1054 3917 dejecit
1097 3863 1129 3902 e
1178 3849 1338 3903 caalo.
1379 3849 1743 3915 Quamobrem

156 3940 385 3995 dicebat
408 3939 664 3995 Christus
694 3958 708 3994 :
744 3940 857 3995 Vidi
890 3940 1153 3998 Satanam
1187 3944 1459 3996 cadentem
1487 3952 1742 4012 tanquam

155 4031 345 4102 fulgur
374 4047 403 4084 e
446 4030 572 4085 coelo
606 4032 669 4084 η.
702 4032 1004 4087 Audiamus
1030 4033 1196 4087 etiam
1232 4049 1353 4103 quae
1383 4046 1694 4102 sequuntur
1725 4053 1739 4089 :

155 4122 300 4178 dicit
330 4120 478 4177 enim
505 4121 769 4193 deinceps
791 4132 847 4178 et
884 4133 1288 4193 consequenter
1315 4142 1328 4177 :
1355 4124 1637 4179 Sublatum
1666 4134 1742 4178 est

153 4228 251 4267 cor
280 4221 434 4266 tuum
457 4222 671 4284 propter
698 4215 1139 4284 pulchritudinem
1172 4224 1354 4280 tuam;
1378 4224 1628 4286 corrupta
1667 4224 1744 4269 est

149 4304 377 4359 scientia
410 4311 502 4358 tua
534 4320 653 4358 cum
682 4304 1069 4374 pulchritudine
1107 4314 1200 4358 tua
1248 4306 1312 4358 ιθ.
1362 4305 1740 4361 Pulchritudi-

150 4408 286 4450 nem
333 4394 504 4467 enim,
558 4393 746 4450 formae
795 4395 930 4450 dicit
974 4395 1381 4460 excellentiam,
1430 4411 1538 4466 qua
1585 4397 1740 4467 prius

1855 3204 2180 3273 παραδείσου
2199 3204 2523 3273 παρήγαγον
2543 3203 2601 3255 ἐν

1857 3293 2003 3363 μέσῳ
2032 3294 2099 3345 τὰ
2134 3291 2476 3362 προκείμενα
2507 3290 2601 3344 τοῦ

1852 3386 1995 3439 θείου
2036 3384 2295 3455 Ίεζεκιὴλ
2329 3384 2459 3454 περὶ
2494 3401 2602 3437 πα-

1855 3479 2098 3549 ραδείσου
2132 3478 2387 3547 οὐρανίου
2425 3478 2490 3547 ρή
2500 3494 2603 3543 μα-

1848 3588 1949 3633 τα,
1983 3572 2078 3624 καὶ
2118 3571 2317 3640 πολλὴν
2360 3569 2604 3633 ἐξέτασιν

1849 3661 1943 3712 καὶ
1998 3658 2232 3730 θεωρίαν
2286 3656 2490 3725 λεπτὴν
2544 3658 2602 3709 ὲν

1849 3751 2032 3813 αὐτοῖς
2055 3748 2440 3812 διεξελθόντες,
2466 3748 2600 3814 ὲπή-

1846 3858 2013 3910 γαγον
2052 3841 2321 3909 λέγοντες,
2365 3838 2440 3902 ὡς
2477 3838 2596 3891 αῖσο

1845 3932 2028 4003 κιστόν
2067 3948 2127 3983 τε
2175 3930 2269 3983 καὶ
2306 3928 2594 3996 θεοστυγὲς

1842 4022 1904 4074 τὸ
1925 4022 2175 4089 φάσκειν,
2211 4020 2242 4090 ἦ
2267 4021 2328 4072 τὸ
2347 4019 2483 4081 ὅλως
2515 4020 2593 4082 εἰς

1843 4112 2053 4167 ἔννοιαν
2111 4110 2297 4164 λαϐεῖν
2339 4110 2440 4181 τὴν
2492 4128 2591 4179 μαι

1843 4207 2041 4277 κειρίαν
2066 4224 2123 4259 τε
2160 4206 2256 4258 καὶ
2285 4221 2593 4276 προσκυνη-

1839 4300 1938 4369 τὴν
1968 4298 2061 4352 τοῦ
2093 4295 2230 4351 Θεοῦ
2258 4296 2430 4364 Λόγου
2472 4294 2587 4348 θεό⁴

1839 4406 1977 4459 τητα
1999 4389 2095 4442 σὺν
2111 4385 2188 4457 τῷ
2209 4385 2401 4455 δικαίῳ
2422 4385 2589 4458 λῃστῇ

150 4495 424 4555 tanquam
477 4484 673 4554 igneus
719 4493 776 4541 et
826 4485 1056 4552 lucifer,
1105 4483 1392 4540 fruebatur
1445 4486 1772 4555 diabolus,

1875 4482 1922 4543 ἱς
1955 4478 2180 4551 ρευστόν
2205 4495 2262 4531 τε
2287 4477 2379 4531 καί
2409 4475 2591 4529 ὑλικὸν

145 4574 448 4635 scientiam
496 4584 679 4633 autem
722 4592 997 4647 magnam,
1039 4576 1409 4651 cognitionem
1441 4578 1736 4650 mysterio-

146 4682 277 4722 rum
308 4675 366 4720 et
396 4666 698 4737 sapientiae.
732 4668 832 4724 llic
874 4669 1060 4739 itaque
1105 4669 1372 4725 discimus
1431 4671 1580 4741 quod
1622 4671 1738 4726 ele-

145 4758 357 4829 gantize
382 4766 438 4814 et
466 4758 683 4817 decoris
707 4760 1056 4829 splendorem
1082 4777 1244 4831 quem
1276 4763 1433 4832 prius
1460 4762 1739 4819 habebant

145 4851 439 4905 daemones
456 4857 519 4904 et:
539 4864 731 4904 eorum
761 4850 1037 4920 princeps,
1062 4866 1409 4921 nequaquam
1442 4852 1608 4908 hodie
1639 4853 1737 4909 ha-

146 4943 309 5000 bent.
340 4942 411 4998 Et
450 4958 632 5013 neque
663 4945 917 5014 priorem.
946 4946 1160 5003 habent
1194 4947 1519 5017 sapientiam
1551 4956 1608 5003 et
1636 4964 1732 5004 co-

143 5034 480 5105 gnitionem.
540 5035 683 5091 Audi
733 5038 844 5107 jam
911 5039 1034 5108 ejus
1113 5040 1440 5108 prteclarum
1495 5040 1733 5110 desuper

142 5142 351 5183 usum
386 5142 454 5183 ex
493 5128 591 5182 illo
634 5128 729 5184 Dei
777 5130 1033 5198 paradiso
1070 5129 1417 5191 deliciarum.
1455 5141 1512 5197 et
1545 5142 1731 5188 monte

141 5217 401 5283 cmlesti;
448 5218 530 5273 sic
558 5219 706 5274 enim
750 5220 889 5276 dicit
918 5223 975 5276 in
999 5222 1066 5277 iis
1101 5238 1224 5291 quae
1265 5232 1685 5292 consequuntur
1714 5240 1729 5278 :

140 5308 377 5379 Propter
408 5308 801 5365 multitudinem
844 5323 1178 5382 peccatorum
1209 5321 1421 5367 tuorum
1450 5316 1647 5385 projeci
1685 5325 1735 5370 te

138 5403 197 5456 in
238 5411 448 5455 terram
478 5403 538 5454 ³⁷.
577 5402 719 5460 Ecce
748 5413 936 5474 aperte
970 5405 1284 5461 audivimus
1309 5406 1458 5474 quod
1487 5422 1555 5462 ex
1598 5423 1736 5477 quo-

138 5492 270 5547 dam
313 5494 533 5549 cxcelso
562 5496 819 5564 paradiso
849 5497 1174 5553 deliciarum
1207 5506 1264 5552 et
1297 5497 1579 5568 igneorum
1611 5514 1732 5553 car-

237 5629 259 5661 "
292 5627 498 5682 Ezech.
527 5644 712 5693 xxvm,
743 5629 829 5694 12,
862 5630 945 5684 13.
1052 5630 1074 5663 ⁸
1102 5631 1238 5687 ibid.
1272 5634 1359 5686 Μ.
1462 5634 1482 5665 ⁹
1515 5632 1650 5686 ibid.

138 5713 331 5753 xn‘III.
373 5697 462 5752 16.
541 5698 585 5729 ³⁸⁵
626 5700 761 5753 ibid.
841 5700 884 5730 ¹⁵
915 5699 1048 5754 Luc.
1092 5717 1145 5764 κ,
1181 5700 1261 5755 18.

209 5793 288 5854 (ll
316 5790 374 5845 S.
399 5788 595 5844 Joann.
630 5789 879 5843 Damasc.
911 5789 1020 5843 loco
1047 5791 1136 5842 cit.

1837 4571 2159 4642 παράδεισον
2183 4568 2447 4625 εἰσελθεῖν
2474 4567 2588 4639 (1).

1905 4850 2019 4903 Kal.
2062 4850 2146 4914 τις
2199 4849 2348 4914 ἄξιος
2397 4850 2589 4921 μισθὸς

1836 4941 1935 5012 τῆς
1977 4939 2181 5007 σεπτῆς
2228 4939 2446 5010 ὲκείνης
2495 4943 2597 4995 καὶ

1839 5031 2182 5103 θεοπρεποῦς
2255 5033 2548 5102 ὁμολογίας
2569 5075 2585 5100 ν

1841 5124 2039 5195 ῥοῖκῶν
2062 5123 2160 5177 καὶ
2182 5124 2476 5195 ὁπωρικῶν
2498 5125 2590 5179 καὶ

1839 5216 2125 5286 σταφυλῶν
2150 5255 2167 5281 ,
2248 5217 2345 5270 καὶ
2424 5218 2588 5273 σύκον

1834 5313 2197 5385 ἐφθαρμένων
2262 5312 2466 5383 βρῶσιν
2513 5314 2589 5376 ὡς

1838 5405 2027 5473 μισθὸν
2052 5403 2473 5457 ἁνταποδοῦνται
2507 5404 2589 5475 τῷ

1832 5495 2045 5569 lno-tif};
2106 5493 2203 5558 Τίς
2259 5493 2316 5548 δὲ
2376 5494 2581 5562 πάλιν,

1759 5632 1802 5664 ¹⁰
1838 5629 1971 5685 ibid.
2021 5630 2108 5684 15.
2187 5631 2227 5662 ”
2264 5629 2400 5684 ibid.
2436 5629 2520 5683 lli.

1363 5703 1405 5732 “
1439 5701 1634 5756 Ezech.
1672 5717 1855 5765 xxvm,
1900 5701 1982 5753 17.
2060 5701 2102 5732 ’⁷
2137 5699 2273 5753 ibid.
2311 5700 2398 5752 18.
2479 5698 2520 5731 "
2546 5699 2734 5755 Matth.
2764 5714 2817 5763 ν,
2852 5698 2903 5753 8.

2674 1929 2803 1993 sus,
2839 1916 2889 1970 is
2906 1916 3001 1985 qui
3026 1927 3113 1970 est
3136 1916 3283 1986 apud
3310 1932 3440 1986 pro-

2688 2005 2909 2072 phetam
2928 2023 2943 2072 ;
2994 2006 3090 2062 sed
3145 2006 3440 2076 paradisus

2686 2096 2803 2151 Dei.
2831 2097 3106 2152 Mosaicus
3124 2107 3309 2152 autem
3334 2113 3437 2168 pa-

2686 2188 2900 2242 radisus
2935 2204 3047 2243 non
3081 2196 3167 2243 est
3196 2189 3437 2259 scriptus

2683 2296 2751 2336 ex
2795 2281 2889 2336 Dei
2924 2283 3169 2347 nomine,
3207 2281 3303 2336 sed
3332 2280 3435 2335 ab-

2683 2376 2864 2430 solute
2914 2376 3226 2446 paradisus.
3277 2375 3434 2433 Unde

2682 2468 2851 2523 etiam
2882 2467 3107 2523 divin-us
3149 2468 3206 2521 in
3238 2468 3434 2522 omni-

2682 2557 2789 2612 bus
2813 2558 3159 2621 Ambrosius,
3182 2566 3238 2613 et
3257 2556 3434 2613 Justi-

2680 2667 2787 2709 nus
2808 2663 3015 2723 martyr
3048 2669 3077 2706 a
3111 2653 3225 2707 Deo
3253 2651 3432 2722 inspi-

2679 2749 2861 2806 ratus,
2893 2742 2951 2796 in
2972 2742 3094 2797 suis
3129 2743 3183 2794 in
3216 2741 3433 2797 Hexae-

2679 2849 2873 2888 meron
2901 2833 3334 2898 commentariis,
3365 2849 3433 2888 ea

2676 2937 3078 2998 persequentes
3122 2942 3246 2996 quae
3281 2927 3435 2983 dicta.

2679 3028 2809 3075 sunt
2842 3020 2912 3073 de
2948 3018 3239 3089 paradiso,
3275 3028 3429 3088 post-

2678 3129 2841 3181 quam
2871 3112 3132 3167 dixerunt
3160 3113 3227 3166 de
3253 3111 3432 3166 sensi-
3534 3165 3537 3167 _

2675 3206 2823 3261 libus
2854 3205 3151 3260 arboribus
3174 3213 3233 3259 et
3267 3203 3424 3273 aquis

2674 3306 2730 3352 et
2757 3298 3060 3360 fructibus,
3091 3305 3147 3350 et
3170 3294 3429 3366 paradiso

2675 3402 2706 3442 e
2746 3399 2893 3444 terra
2925 3388 3135 3458 genito,
3160 3386 3213 3440 in
3245 3384 3427 3439 medio

2676 3479 3029 3533 adduxerunt
3048 3476 3429 3548 propositadi-

2677 3569 2789 3623 vini
2825 3569 3134 3624 Ezechielis
3162 3568 3331 3622 verba
3357 3567 3426 3621 de

2675 3656 2933 3726 paradiso
2968 3657 3178 3712 caelesti
3202 3673 3217 3721 ;
3248 3671 3426 3724 eaque

2673 3748 2951 3816 persecuti
2974 3789 2988 3812 ,
3048 3761 3300 3815 magnam
3367 3751 3427 3798 et

2672 3833 2932 3887 subtilem
2952 3833 3020 3888 de
3051 3834 3118 3886 iis
3145 3832 3428 3885 examina-

2674 3925 2878 3977 tionem
2905 3931 2963 3977 et
3000 3921 3423 3990 contemplatio-

2671 4030 2793 4068 nem
2840 4016 3249 4085 subjunxerunt
3271 4052 3286 4077 ,
3334 4012 3423 4066 di-

2667 4113 2856 4160 centes
2901 4104 3047 4175 quod
3091 4106 3163 4158 sit
3216 4102 3422 4173 turpis~

2665 4197 2865 4251 simum
2918 4204 2976 4251 et
3015 4197 3126 4251 Deo
3177 4195 3417 4250 invisum

2667 4286 2852 4342 dicere
2879 4295 2975 4341 aut
3012 4285 3239 4340 omnino
3267 4285 3420 4356 cogi-

2668 4393 2785 4437 tare
2835 4382 3051 4437 beatam
3090 4387 3146 4434 et
3178 4380 3419 4436 adoran-

2664 4476 2789 4532 dam
2820 4474 2915 4530 Dei
2952 4472 3120 4529 Verbi
3154 4472 3416 4527 divinita-

2665 4574 2774 4620 tem
2829 4579 2955 4619 cum
3000 4564 3153 4633 justo
3203 4562 3415 4616 latrone

2662 4656 2878 4726 ingredi
2902 4655 2958 4709 in
2984 4653 3192 4709 ﬂuxum
3222 4662 3279 4708 et
3300 4667 3416 4707 ma-

2664 4747 2909 4802 terialem
2933 4744 3270 4815 paradisum.

2732 4842 2802 4896 Et
2832 4854 3085 4911 quasnam
3123 4846 3210 4893 est
3249 4837 3412 4907 digna

2659 4948 2878 4989 merces
2909 4932 3059 4986 illius
3084 4928 3412 4985 veneranda;

2658 5037 2716 5084 et
2745 5044 2868 5098 qua:
2894 5028 3068 5083 Deum
3090 5027 3252 5080 decet
3278 5039 3413 5079 con-

2659 5117 2948 5182 fessionis,
2997 5115 3269 5169 malorum
3313 5129 3411 5183 pu-

2657 5213 2938 5277 nicorum,
2968 5224 3255 5281 pyrorum,
3277 5224 3409 5262 uva-

2658 5324 2779 5364 rum
2805 5315 2864 5362 et
2893 5307 3096 5361 ﬂcuum
3119 5312 3411 5373 corrupta-

2658 5417 2780 5456 rum
2873 5415 3072 5465 esum,
3146 5405 3406 5466 tanquam

2658 5492 2968 5550 mercedem
2994 5533 3008 5555 ,
3050 5489 3284 5545 reddere
3326 5490 3407 5542 la-

2603 5631 2645 5661 "
2678 5629 2780 5683 lsa.
2816 5645 2923 5693 xlv,
2961 5629 3045 5685 14.
3125 5626 3168 5659 ¹³
3201 5623 3403 5679 Ezech.
