  <div class='ocr_page' id='page_1' title='image "/cluster/home/n/w/nwhite01/storage/ocr_20150623/89/pst.000005712953/491.png"; bbox 0 0 3942 6298; ppageno 0'>
   <div class='ocr_carea' id='block_1_1' title="bbox 576 302 680 367">
    <p class='ocr_par' dir='ltr' id='par_1_1' title="bbox 576 302 680 367">
     <span class='ocr_line' id='line_1_1' title="bbox 576 302 680 367; baseline 0.029 -3"><span class='ocrx_word' id='word_1_1' title='bbox 576 302 680 367; x_wconf 68' lang='grc' dir='ltr'><strong>Βίὶῖ</strong></span> 
     </span>
    </p>
   </div>
   <div class='ocr_carea' id='block_1_2' title="bbox 571 415 1326 486">
    <p class='ocr_par' dir='ltr' id='par_1_2' title="bbox 571 415 1326 486">
     <span class='ocr_line' id='line_1_2' title="bbox 571 415 1326 486; baseline -0.004 -15"><span class='ocrx_word' id='word_1_2' title='bbox 571 416 780 485; x_wconf 75' lang='grc' dir='ltr'>φασὶν,</span> <span class='ocrx_word' id='word_1_3' title='bbox 834 415 961 470; x_wconf 72' lang='grc' dir='ltr'>νοῦν</span> <span class='ocrx_word' id='word_1_4' title='bbox 1013 415 1150 486; x_wconf 79' lang='grc' dir='ltr'><strong>ἔχων</strong></span> <span class='ocrx_word' id='word_1_5' title='bbox 1209 416 1326 469; x_wconf 81' lang='grc' dir='ltr'><strong>Θεό-</strong></span> 
     </span>
    </p>
   </div>
   <div class='ocr_carea' id='block_1_3' title="bbox 572 509 1324 582">
    <p class='ocr_par' dir='ltr' id='par_1_3' title="bbox 572 509 1324 582">
     <span class='ocr_line' id='line_1_3' title="bbox 572 509 1324 582; baseline 0 -20"><span class='ocrx_word' id='word_1_6' title='bbox 572 526 767 582; x_wconf 80' lang='grc' dir='ltr'><strong>φρονα,</strong></span> <span class='ocrx_word' id='word_1_7' title='bbox 787 509 951 576; x_wconf 76' lang='grc' dir='ltr'><strong>λέξει,</strong></span> <span class='ocrx_word' id='word_1_8' title='bbox 974 511 1033 562; x_wconf 84' lang='grc' dir='ltr'>ὲν</span> <span class='ocrx_word' id='word_1_9' title='bbox 1060 509 1324 563; x_wconf 84' lang='grc' dir='ltr'><strong>σικυκλά-</strong></span> 
     </span>
    </p>
   </div>
   <div class='ocr_carea' id='block_1_4' title="bbox 573 602 1323 674">
    <p class='ocr_par' dir='ltr' id='par_1_4' title="bbox 573 602 1323 674">
     <span class='ocr_line' id='line_1_4' title="bbox 573 602 1323 674; baseline -0.001 -17"><span class='ocrx_word' id='word_1_10' title='bbox 573 622 687 668; x_wconf 78' lang='grc' dir='ltr'>τοις</span> <span class='ocrx_word' id='word_1_11' title='bbox 715 605 968 674; x_wconf 75' lang='grc' dir='ltr'><strong>σκαπάνῃ</strong></span> <span class='ocrx_word' id='word_1_12' title='bbox 992 602 1084 657; x_wconf 61' lang='lat' dir='ltr'><strong>ita!</strong></span> <span class='ocrx_word' id='word_1_13' title='bbox 1104 603 1323 656; x_wconf 78' lang='grc' dir='ltr'>πελέκει</span> 
     </span>
    </p>
   </div>
   <div class='ocr_carea' id='block_1_5' title="bbox 573 694 1324 763">
    <p class='ocr_par' dir='ltr' id='par_1_5' title="bbox 573 694 1324 763">
     <span class='ocr_line' id='line_1_5' title="bbox 573 694 1324 763; baseline 0.004 -18"><span class='ocrx_word' id='word_1_14' title='bbox 573 694 1005 763; x_wconf 70' lang='grc' dir='ltr'><strong>χειμαζομένοις.</strong></span> <span class='ocrx_word' id='word_1_15' title='bbox 1032 696 1111 753; x_wconf 81' lang='grc' dir='ltr'><strong>εἰς</strong></span> <span class='ocrx_word' id='word_1_16' title='bbox 1128 695 1324 762; x_wconf 82' lang='grc' dir='ltr'>πτήσιν</span> 
     </span>
    </p>
   </div>
   <div class='ocr_carea' id='block_1_6' title="bbox 573 785 1324 854">
    <p class='ocr_par' dir='ltr' id='par_1_6' title="bbox 573 785 1324 854">
     <span class='ocr_line' id='line_1_6' title="bbox 573 785 1324 854; baseline 0.004 -18"><span class='ocrx_word' id='word_1_17' title='bbox 573 785 665 837; x_wconf 72' lang='grc' dir='ltr'>τὸν</span> <span class='ocrx_word' id='word_1_18' title='bbox 687 785 1086 854; x_wconf 75' lang='grc' dir='ltr'>οὐρανοδρὸμον</span> <span class='ocrx_word' id='word_1_19' title='bbox 1115 786 1324 839; x_wconf 80' lang='grc' dir='ltr'><strong>Παῦλον</strong></span> 
     </span>
    </p>
   </div>
   <div class='ocr_carea' id='block_1_7' title="bbox 576 874 1327 949">
    <p class='ocr_par' dir='ltr' id='par_1_7' title="bbox 576 874 1327 949">
     <span class='ocr_line' id='line_1_7' title="bbox 576 874 1327 949; baseline 0.008 -24"><span class='ocrx_word' id='word_1_20' title='bbox 576 874 964 944; x_wconf 77' lang='grc' dir='ltr'><strong>μετενεχθῆναι</strong></span> <span class='ocrx_word' id='word_1_21' title='bbox 995 893 1006 904; x_wconf 92' lang='grc'><strong>·</strong></span> <span class='ocrx_word' id='word_1_22' title='bbox 1057 877 1153 929; x_wconf 75' lang='grc' dir='ltr'><strong>καὶ</strong></span> <span class='ocrx_word' id='word_1_23' title='bbox 1184 879 1327 949; x_wconf 75' lang='grc' dir='ltr'><strong>ἅπερ</strong></span> 
     </span>
    </p>
   </div>
   <div class='ocr_carea' id='block_1_8' title="bbox 570 966 1325 1039">
    <p class='ocr_par' dir='ltr' id='par_1_8' title="bbox 570 966 1325 1039">
     <span class='ocr_line' id='line_1_8' title="bbox 570 966 1325 1039; baseline 0.005 -19"><span class='ocrx_word' id='word_1_24' title='bbox 570 966 693 1020; x_wconf 72' lang='grc' dir='ltr'><strong>οὔτε</strong></span> <span class='ocrx_word' id='word_1_25' title='bbox 731 969 788 1019; x_wconf 75' lang='grc' dir='ltr'>ὲν</span> <span class='ocrx_word' id='word_1_26' title='bbox 822 966 899 1036; x_wconf 75' lang='grc' dir='ltr'><strong>τῷ</strong></span> <span class='ocrx_word' id='word_1_27' title='bbox 931 969 1168 1039; x_wconf 78' lang='grc' dir='ltr'><strong>δευτέρῳ</strong></span> <span class='ocrx_word' id='word_1_28' title='bbox 1201 969 1325 1024; x_wconf 71' lang='grc' dir='ltr'><strong>οὔτε</strong></span> 
     </span>
    </p>
   </div>
   <div class='ocr_carea' id='block_1_9' title="bbox 573 1059 1324 1133">
    <p class='ocr_par' dir='ltr' id='par_1_9' title="bbox 573 1059 1324 1133">
     <span class='ocr_line' id='line_1_9' title="bbox 573 1059 1324 1133; baseline 0.005 -22"><span class='ocrx_word' id='word_1_29' title='bbox 573 1059 740 1129; x_wconf 80' lang='grc' dir='ltr'><strong>τρίτῳ</strong></span> <span class='ocrx_word' id='word_1_30' title='bbox 798 1059 1049 1129; x_wconf 74' lang='grc' dir='ltr'><strong>οὐρανῷ,</strong></span> <span class='ocrx_word' id='word_1_31' title='bbox 1110 1062 1324 1133; x_wconf 74' lang='grc' dir='ltr'><strong>ἄῤῥητα</strong></span> 
     </span>
    </p>
   </div>
   <div class='ocr_carea' id='block_1_10' title="bbox 574 1145 1325 1223">
    <p class='ocr_par' dir='ltr' id='par_1_10' title="bbox 574 1145 1325 1223">
     <span class='ocr_line' id='line_1_10' title="bbox 574 1145 1325 1223; baseline 0.008 -21"><span class='ocrx_word' id='word_1_32' title='bbox 574 1150 796 1223; x_wconf 75' lang='grc' dir='ltr'><strong>ῥήματα</strong></span> <span class='ocrx_word' id='word_1_33' title='bbox 842 1145 1005 1222; x_wconf 71' lang='grc' dir='ltr'>εὗρε,</span> <span class='ocrx_word' id='word_1_34' title='bbox 1047 1154 1219 1207; x_wconf 77' lang='grc' dir='ltr'><strong>ταῦτα</strong></span> <span class='ocrx_word' id='word_1_35' title='bbox 1268 1157 1325 1208; x_wconf 79' lang='grc' dir='ltr'>ἐν</span> 
     </span>
    </p>
   </div>
   <div class='ocr_carea' id='block_1_11' title="bbox 576 1239 1327 1315">
    <p class='ocr_par' dir='ltr' id='par_1_11' title="bbox 576 1239 1327 1315">
     <span class='ocr_line' id='line_1_11' title="bbox 576 1239 1327 1315; baseline 0.009 -6"><span class='ocrx_word' id='word_1_36' title='bbox 576 1239 813 1310; x_wconf 73' lang='grc' dir='ltr'><strong>ὑδροχόῳ</strong></span> <span class='ocrx_word' id='word_1_37' title='bbox 827 1240 1036 1313; x_wconf 73' lang='grc' dir='ltr'><strong>ἀρούρῃ</strong></span> <span class='ocrx_word' id='word_1_38' title='bbox 1048 1247 1221 1315; x_wconf 77' lang='grc' dir='ltr'><strong>γεηρᾷ</strong></span> <span class='ocrx_word' id='word_1_39' title='bbox 1238 1263 1327 1314; x_wconf 80' lang='grc' dir='ltr'><strong>μυ·</strong></span> 
     </span>
    </p>
   </div>
   <div class='ocr_carea' id='block_1_12' title="bbox 577 1333 1330 1408">
    <p class='ocr_par' dir='ltr' id='par_1_12' title="bbox 577 1333 1330 1408">
     <span class='ocr_line' id='line_1_12' title="bbox 577 1333 1330 1408; baseline 0.008 -25"><span class='ocrx_word' id='word_1_40' title='bbox 577 1333 1002 1403; x_wconf 77' lang='grc' dir='ltr'><strong>σταγωγηοῆναι</strong></span> <span class='ocrx_word' id='word_1_41' title='bbox 1032 1336 1091 1400; x_wconf 80' lang='grc' dir='ltr'>ἐξ</span> <span class='ocrx_word' id='word_1_42' title='bbox 1126 1338 1330 1408; x_wconf 75' lang='grc' dir='ltr'><strong>ἀκράν-</strong></span> 
     </span>
    </p>
   </div>
   <div class='ocr_carea' id='block_1_13' title="bbox 574 1421 1328 1498">
    <p class='ocr_par' dir='ltr' id='par_1_13' title="bbox 574 1421 1328 1498">
     <span class='ocr_line' id='line_1_13' title="bbox 574 1421 1328 1498; baseline 0.008 -24"><span class='ocrx_word' id='word_1_43' title='bbox 574 1421 670 1476; x_wconf 69' lang='lat' dir='ltr'><strong>toﬁ</strong></span> <span class='ocrx_word' id='word_1_44' title='bbox 718 1426 810 1476; x_wconf 76' lang='grc' dir='ltr'>καὶ</span> <span class='ocrx_word' id='word_1_45' title='bbox 860 1426 1005 1479; x_wconf 78' lang='grc' dir='ltr'><strong>ϐείου</strong></span> <span class='ocrx_word' id='word_1_46' title='bbox 1058 1429 1328 1498; x_wconf 78' lang='grc' dir='ltr'><strong>στόματος</strong></span> 
     </span>
    </p>
   </div>
   <div class='ocr_carea' id='block_1_14' title="bbox 574 1512 991 1585">
    <p class='ocr_par' dir='ltr' id='par_1_14' title="bbox 574 1512 991 1585">
     <span class='ocr_line' id='line_1_14' title="bbox 574 1512 991 1585; baseline 0.012 -21"><span class='ocrx_word' id='word_1_47' title='bbox 574 1512 811 1582; x_wconf 63' lang='grc' dir='ltr'><strong>Χρητοῦ</strong></span> <span class='ocrx_word' id='word_1_48' title='bbox 846 1515 991 1585; x_wconf 51' lang='grc' dir='ltr'><strong>(ίη;</strong></span> 
     </span>
    </p>
   </div>
   <div class='ocr_carea' id='block_1_15' title="bbox 1761 282 2654 356">
    <p class='ocr_par' dir='ltr' id='par_1_15' title="bbox 1761 282 2654 356">
     <span class='ocr_line' id='line_1_15' title="bbox 1761 282 2654 356; baseline -0.006 0"><span class='ocrx_word' id='word_1_49' title='bbox 1761 296 1824 356; x_wconf 85' lang='lat' dir='ltr'><strong>s.</strong></span> <span class='ocrx_word' id='word_1_50' title='bbox 1872 282 2274 352; x_wconf 73' lang='lat' dir='ltr'><strong>ANASTASII</strong></span> <span class='ocrx_word' id='word_1_51' title='bbox 2330 290 2654 351; x_wconf 68' lang='lat' dir='ltr'><strong>SlNAlTAi</strong></span> 
     </span>
    </p>
   </div>
   <div class='ocr_carea' id='block_1_16' title="bbox 3763 305 3853 371">
    <p class='ocr_par' dir='ltr' id='par_1_16' title="bbox 3763 305 3853 371">
     <span class='ocr_line' id='line_1_16' title="bbox 3763 305 3853 371; baseline 0 0"><span class='ocrx_word' id='word_1_52' title='bbox 3763 305 3853 371; x_wconf 76' lang='lat'><strong>968</strong></span> 
     </span>
    </p>
   </div>
   <div class='ocr_carea' id='block_1_17' title="bbox 1401 411 3852 484">
    <p class='ocr_par' dir='ltr' id='par_1_17' title="bbox 1401 411 3852 484">
     <span class='ocr_line' id='line_1_17' title="bbox 1401 411 3852 484; baseline 0.004 -17"><span class='ocrx_word' id='word_1_53' title='bbox 1401 415 1587 469; x_wconf 81' lang='lat' dir='ltr'><strong>troni?</strong></span> <span class='ocrx_word' id='word_1_54' title='bbox 1625 414 1766 480; x_wconf 86' lang='lat' dir='ltr'><strong>Quis</strong></span> <span class='ocrx_word' id='word_1_55' title='bbox 1812 425 1995 469; x_wconf 83' lang='lat' dir='ltr'><strong>autem</strong></span> <span class='ocrx_word' id='word_1_56' title='bbox 2031 428 2151 465; x_wconf 83' lang='lat' dir='ltr'><strong>rur-</strong></span> <span class='ocrx_word' id='word_1_57' title='bbox 2182 411 2226 467; x_wconf 80' lang='grc' dir='ltr'><strong>Δ</strong></span> <span class='ocrx_word' id='word_1_58' title='bbox 2256 414 2487 481; x_wconf 80' lang='lat' dir='ltr'><strong>quidem</strong></span> <span class='ocrx_word' id='word_1_59' title='bbox 2513 425 2638 484; x_wconf 80' lang='lat' dir='ltr'><strong>apte</strong></span> <span class='ocrx_word' id='word_1_60' title='bbox 2667 413 2969 469; x_wconf 78' lang='lat' dir='ltr'><strong>admodum</strong></span> <span class='ocrx_word' id='word_1_61' title='bbox 3013 419 3276 472; x_wconf 85' lang='lat' dir='ltr'><strong>convenit</strong></span> <span class='ocrx_word' id='word_1_62' title='bbox 3308 418 3364 472; x_wconf 91' lang='lat' dir='ltr'><strong>in</strong></span> <span class='ocrx_word' id='word_1_63' title='bbox 3396 418 3618 475; x_wconf 89' lang='lat' dir='ltr'><strong>Christi</strong></span> <span class='ocrx_word' id='word_1_64' title='bbox 3651 422 3711 474; x_wconf 85' lang='lat' dir='ltr'><strong>in</strong></span> <span class='ocrx_word' id='word_1_65' title='bbox 3757 437 3852 477; x_wconf 69' lang='lat' dir='ltr'><strong>cm-</strong></span> 
     </span>
    </p>
   </div>
   <div class='ocr_carea' id='block_1_18' title="bbox 1397 507 2146 577">
    <p class='ocr_par' dir='ltr' id='par_1_18' title="bbox 1397 507 2146 577">
     <span class='ocr_line' id='line_1_18' title="bbox 1397 507 2146 577; baseline 0.001 -16"><span class='ocrx_word' id='word_1_66' title='bbox 1397 522 1492 561; x_wconf 90' lang='lat' dir='ltr'><strong>sus</strong></span> <span class='ocrx_word' id='word_1_67' title='bbox 1516 548 1530 572; x_wconf 99' lang='lat'><strong>,</strong></span> <span class='ocrx_word' id='word_1_68' title='bbox 1569 507 1867 577; x_wconf 89' lang='lat' dir='ltr'><strong>inquiunt,</strong></span> <span class='ocrx_word' id='word_1_69' title='bbox 1904 518 2146 562; x_wconf 86' lang='lat' dir='ltr'><strong>mentem</strong></span> 
     </span>
    </p>
   </div>
   <div class='ocr_carea' id='block_1_19' title="bbox 1399 598 2147 669">
    <p class='ocr_par' dir='ltr' id='par_1_19' title="bbox 1399 598 2147 669">
     <span class='ocr_line' id='line_1_19' title="bbox 1399 598 2147 669; baseline 0.004 -18"><span class='ocrx_word' id='word_1_70' title='bbox 1399 598 1606 654; x_wconf 85' lang='lat' dir='ltr'><strong>habens</strong></span> <span class='ocrx_word' id='word_1_71' title='bbox 1620 599 1803 654; x_wconf 79' lang='lat' dir='ltr'><strong>divina</strong></span> <span class='ocrx_word' id='word_1_72' title='bbox 1818 601 2147 669; x_wconf 89' lang='lat' dir='ltr'><strong>sapientem,</strong></span> 
     </span>
    </p>
   </div>
   <div class='ocr_carea' id='block_1_20' title="bbox 1398 690 2149 747">
    <p class='ocr_par' dir='ltr' id='par_1_20' title="bbox 1398 690 2149 747">
     <span class='ocr_line' id='line_1_20' title="bbox 1398 690 2149 747; baseline 0.003 -4"><span class='ocrx_word' id='word_1_73' title='bbox 1398 690 1600 745; x_wconf 67' lang='lat' dir='ltr'><strong>dixerit</strong></span> <span class='ocrx_word' id='word_1_74' title='bbox 1664 692 1718 745; x_wconf 92' lang='lat' dir='ltr'><strong>in</strong></span> <span class='ocrx_word' id='word_1_75' title='bbox 1781 692 2149 747; x_wconf 87' lang='lat' dir='ltr'><strong>cucumcrarii</strong></span> 
     </span>
    </p>
   </div>
   <div class='ocr_carea' id='block_1_21' title="bbox 1402 786 2151 858">
    <p class='ocr_par' dir='ltr' id='par_1_21' title="bbox 1402 786 2151 858">
     <span class='ocr_line' id='line_1_21' title="bbox 1402 786 2151 858; baseline 0.004 -20"><span class='ocrx_word' id='word_1_76' title='bbox 1402 786 1625 855; x_wconf 79' lang='lat' dir='ltr'><strong>regione</strong></span> <span class='ocrx_word' id='word_1_77' title='bbox 1664 802 1728 841; x_wconf 84' lang='lat' dir='ltr'><strong>ac</strong></span> <span class='ocrx_word' id='word_1_78' title='bbox 1778 788 1959 843; x_wconf 84' lang='lat' dir='ltr'><strong>securi</strong></span> <span class='ocrx_word' id='word_1_79' title='bbox 1995 788 2151 858; x_wconf 77' lang='lat' dir='ltr'><strong>(quae</strong></span> 
     </span>
    </p>
   </div>
   <div class='ocr_carea' id='block_1_22' title="bbox 1399 881 2151 953">
    <p class='ocr_par' dir='ltr' id='par_1_22' title="bbox 1399 881 2151 953">
     <span class='ocr_line' id='line_1_22' title="bbox 1399 881 2151 953; baseline 0.004 -19"><span class='ocrx_word' id='word_1_80' title='bbox 1399 881 1742 937; x_wconf 88' lang='lat' dir='ltr'><strong>conveniunt</strong></span> <span class='ocrx_word' id='word_1_81' title='bbox 1759 883 2077 953; x_wconf 88' lang='lat' dir='ltr'><strong>olitoribus)</strong></span> <span class='ocrx_word' id='word_1_82' title='bbox 2096 883 2151 937; x_wconf 89' lang='lat' dir='ltr'><strong>in</strong></span> 
     </span>
    </p>
   </div>
   <div class='ocr_carea' id='block_1_23' title="bbox 1398 975 2153 1046">
    <p class='ocr_par' dir='ltr' id='par_1_23' title="bbox 1398 975 2153 1046">
     <span class='ocr_line' id='line_1_23' title="bbox 1398 975 2153 1046; baseline 0.005 -19"><span class='ocrx_word' id='word_1_83' title='bbox 1398 975 1570 1028; x_wconf 81' lang='lat' dir='ltr'><strong>emlos</strong></span> <span class='ocrx_word' id='word_1_84' title='bbox 1583 990 1807 1030; x_wconf 88' lang='lat' dir='ltr'><strong>cursum</strong></span> <span class='ocrx_word' id='word_1_85' title='bbox 1824 976 2153 1046; x_wconf 73' lang='lat' dir='ltr'><strong>dirigentem</strong></span> 
     </span>
    </p>
   </div>
   <div class='ocr_carea' id='block_1_24' title="bbox 1398 1065 2146 1132">
    <p class='ocr_par' dir='ltr' id='par_1_24' title="bbox 1398 1065 2146 1132">
     <span class='ocr_line' id='line_1_24' title="bbox 1398 1065 2146 1132; baseline 0.007 -14"><span class='ocrx_word' id='word_1_86' title='bbox 1398 1065 1466 1118; x_wconf 92' lang='lat' dir='ltr'><strong>ad</strong></span> <span class='ocrx_word' id='word_1_87' title='bbox 1500 1067 1741 1120; x_wconf 82' lang='lat' dir='ltr'><strong>volatum</strong></span> <span class='ocrx_word' id='word_1_88' title='bbox 1765 1108 1779 1132; x_wconf 95' lang='lat'><strong>,</strong></span> <span class='ocrx_word' id='word_1_89' title='bbox 1833 1068 2146 1123; x_wconf 87' lang='lat' dir='ltr'><strong>traductum</strong></span> 
     </span>
    </p>
   </div>
   <div class='ocr_carea' id='block_1_25' title="bbox 1400 1159 2153 1230">
    <p class='ocr_par' dir='ltr' id='par_1_25' title="bbox 1400 1159 2153 1230">
     <span class='ocr_line' id='line_1_25' title="bbox 1400 1159 2153 1230; baseline 0.007 -20"><span class='ocrx_word' id='word_1_90' title='bbox 1400 1171 1522 1212; x_wconf 87' lang='lat' dir='ltr'><strong>esse</strong></span> <span class='ocrx_word' id='word_1_91' title='bbox 1541 1159 1793 1224; x_wconf 83' lang='lat' dir='ltr'><strong>Paulum,</strong></span> <span class='ocrx_word' id='word_1_92' title='bbox 1822 1168 1879 1214; x_wconf 87' lang='lat' dir='ltr'><strong>et</strong></span> <span class='ocrx_word' id='word_1_93' title='bbox 1911 1176 2034 1230; x_wconf 67' lang='lat' dir='ltr'><strong>qum</strong></span> <span class='ocrx_word' id='word_1_94' title='bbox 2054 1176 2153 1215; x_wconf 86' lang='lat' dir='ltr'><strong>ne-</strong></span> 
     </span>
    </p>
   </div>
   <div class='ocr_carea' id='block_1_26' title="bbox 1401 1250 2148 1320">
    <p class='ocr_par' dir='ltr' id='par_1_26' title="bbox 1401 1250 2148 1320">
     <span class='ocr_line' id='line_1_26' title="bbox 1401 1250 2148 1320; baseline 0.007 -19"><span class='ocrx_word' id='word_1_95' title='bbox 1401 1264 1508 1317; x_wconf 88' lang='lat' dir='ltr'><strong>que</strong></span> <span class='ocrx_word' id='word_1_96' title='bbox 1526 1250 1580 1303; x_wconf 90' lang='lat' dir='ltr'><strong>in</strong></span> <span class='ocrx_word' id='word_1_97' title='bbox 1601 1250 1865 1313; x_wconf 88' lang='lat' dir='ltr'><strong>secundo,</strong></span> <span class='ocrx_word' id='word_1_98' title='bbox 1890 1266 2068 1320; x_wconf 89' lang='lat' dir='ltr'><strong>neque</strong></span> <span class='ocrx_word' id='word_1_99' title='bbox 2092 1252 2148 1306; x_wconf 91' lang='lat' dir='ltr'><strong>in</strong></span> 
     </span>
    </p>
   </div>
   <div class='ocr_carea' id='block_1_27' title="bbox 1403 1342 2155 1401">
    <p class='ocr_par' dir='ltr' id='par_1_27' title="bbox 1403 1342 2155 1401">
     <span class='ocr_line' id='line_1_27' title="bbox 1403 1342 2155 1401; baseline 0.009 -7"><span class='ocrx_word' id='word_1_100' title='bbox 1403 1342 1565 1395; x_wconf 87' lang='lat' dir='ltr'><strong>tertio</strong></span> <span class='ocrx_word' id='word_1_101' title='bbox 1593 1344 1733 1398; x_wconf 72' lang='lat' dir='ltr'><strong>cmlo</strong></span> <span class='ocrx_word' id='word_1_102' title='bbox 1749 1343 1916 1398; x_wconf 82' lang='lat' dir='ltr'><strong>verba</strong></span> <span class='ocrx_word' id='word_1_103' title='bbox 1942 1344 2155 1401; x_wconf 78' lang='lat' dir='ltr'><strong>invenit</strong></span> 
     </span>
    </p>
   </div>
   <div class='ocr_carea' id='block_1_28' title="bbox 1402 1435 2144 1502">
    <p class='ocr_par' dir='ltr' id='par_1_28' title="bbox 1402 1435 2144 1502">
     <span class='ocr_line' id='line_1_28' title="bbox 1402 1435 2144 1502; baseline 0.005 -13"><span class='ocrx_word' id='word_1_104' title='bbox 1402 1435 1727 1502; x_wconf 71' lang='lat' dir='ltr'><strong>ineﬂabilia,</strong></span> <span class='ocrx_word' id='word_1_105' title='bbox 1753 1454 1817 1492; x_wconf 86' lang='lat' dir='ltr'><strong>ea</strong></span> <span class='ocrx_word' id='word_1_106' title='bbox 1843 1439 1898 1493; x_wconf 91' lang='lat' dir='ltr'><strong>in</strong></span> <span class='ocrx_word' id='word_1_107' title='bbox 1921 1450 2144 1495; x_wconf 89' lang='lat' dir='ltr'><strong>terreno</strong></span> 
     </span>
    </p>
   </div>
   <div class='ocr_carea' id='block_1_29' title="bbox 1399 1530 2137 1604">
    <p class='ocr_par' dir='ltr' id='par_1_29' title="bbox 1399 1530 2137 1604">
     <span class='ocr_line' id='line_1_29' title="bbox 1399 1530 2137 1604; baseline 0.011 -25"><span class='ocrx_word' id='word_1_108' title='bbox 1399 1542 1532 1597; x_wconf 86' lang='lat' dir='ltr'><strong>agro</strong></span> <span class='ocrx_word' id='word_1_109' title='bbox 1556 1530 1718 1598; x_wconf 89' lang='lat' dir='ltr'><strong>aquis</strong></span> <span class='ocrx_word' id='word_1_110' title='bbox 1743 1531 1966 1600; x_wconf 83' lang='lat' dir='ltr'><strong>irrigato</strong></span> <span class='ocrx_word' id='word_1_111' title='bbox 1996 1549 2137 1604; x_wconf 84' lang='lat' dir='ltr'><strong>mys-</strong></span> 
     </span>
    </p>
   </div>
   <div class='ocr_carea' id='block_1_30' title="bbox 1400 1620 2151 1680">
    <p class='ocr_par' dir='ltr' id='par_1_30' title="bbox 1400 1620 2151 1680">
     <span class='ocr_line' id='line_1_30' title="bbox 1400 1620 2151 1680; baseline 0.011 -8"><span class='ocrx_word' id='word_1_112' title='bbox 1400 1620 1509 1674; x_wconf 70' lang='lat' dir='ltr'><strong>tice</strong></span> <span class='ocrx_word' id='word_1_113' title='bbox 1575 1637 1696 1676; x_wconf 83' lang='lat' dir='ltr'><strong>esse.</strong></span> <span class='ocrx_word' id='word_1_114' title='bbox 1771 1625 2060 1680; x_wconf 85' lang='lat' dir='ltr'><strong>enuntiata</strong></span> <span class='ocrx_word' id='word_1_115' title='bbox 2120 1642 2151 1680; x_wconf 89' lang='lat' dir='ltr'><strong>a</strong></span> 
     </span>
    </p>
   </div>
   <div class='ocr_carea' id='block_1_31' title="bbox 1399 1713 2143 1779">
    <p class='ocr_par' dir='ltr' id='par_1_31' title="bbox 1399 1713 2143 1779">
     <span class='ocr_line' id='line_1_31' title="bbox 1399 1713 2143 1779; baseline 0.015 -18"><span class='ocrx_word' id='word_1_116' title='bbox 1399 1726 1537 1779; x_wconf 83' lang='lat' dir='ltr'><strong>puro</strong></span> <span class='ocrx_word' id='word_1_117' title='bbox 1621 1721 1677 1766; x_wconf 87' lang='lat' dir='ltr'><strong>ct</strong></span> <span class='ocrx_word' id='word_1_118' title='bbox 1762 1713 1952 1769; x_wconf 69' lang='lat' dir='ltr'><strong>divino</strong></span> <span class='ocrx_word' id='word_1_119' title='bbox 2047 1732 2143 1772; x_wconf 89' lang='lat' dir='ltr'><strong>ore</strong></span> 
     </span>
    </p>
   </div>
   <div class='ocr_carea' id='block_1_32' title="bbox 2256 504 3851 581">
    <p class='ocr_par' dir='ltr' id='par_1_32' title="bbox 2256 504 3851 581">
     <span class='ocr_line' id='line_1_32' title="bbox 2256 504 3851 581; baseline 0.007 -24"><span class='ocrx_word' id='word_1_120' title='bbox 2256 504 2370 557; x_wconf 91' lang='lat' dir='ltr'><strong>lum</strong></span> <span class='ocrx_word' id='word_1_121' title='bbox 2397 507 2854 574; x_wconf 85' lang='lat' dir='ltr'><strong>assumptionem.</strong></span> <span class='ocrx_word' id='word_1_122' title='bbox 2883 507 3018 561; x_wconf 79' lang='lat' dir='ltr'><strong>Nam</strong></span> <span class='ocrx_word' id='word_1_123' title='bbox 3051 508 3104 561; x_wconf 92' lang='lat' dir='ltr'><strong>in</strong></span> <span class='ocrx_word' id='word_1_124' title='bbox 3137 518 3417 563; x_wconf 79' lang='lat' dir='ltr'><strong>terrenam</strong></span> <span class='ocrx_word' id='word_1_125' title='bbox 3442 526 3683 581; x_wconf 83' lang='lat' dir='ltr'><strong>quoque</strong></span> <span class='ocrx_word' id='word_1_126' title='bbox 3709 513 3851 568; x_wconf 80' lang='lat' dir='ltr'><strong>Jeru-</strong></span> 
     </span>
    </p>
   </div>
   <div class='ocr_carea' id='block_1_33' title="bbox 2255 593 3844 671">
    <p class='ocr_par' dir='ltr' id='par_1_33' title="bbox 2255 593 3844 671">
     <span class='ocr_line' id='line_1_33' title="bbox 2255 593 3844 671; baseline 0.006 -24"><span class='ocrx_word' id='word_1_127' title='bbox 2255 593 2447 658; x_wconf 85' lang='lat' dir='ltr'><strong>salem,</strong></span> <span class='ocrx_word' id='word_1_128' title='bbox 2474 605 2766 665; x_wconf 84' lang='lat' dir='ltr'><strong>postquam</strong></span> <span class='ocrx_word' id='word_1_129' title='bbox 2796 606 2962 651; x_wconf 80' lang='lat' dir='ltr'><strong>natns</strong></span> <span class='ocrx_word' id='word_1_130' title='bbox 2997 596 3099 651; x_wconf 80' lang='lat' dir='ltr'><strong>fuit</strong></span> <span class='ocrx_word' id='word_1_131' title='bbox 3132 597 3186 651; x_wconf 92' lang='lat' dir='ltr'><strong>in</strong></span> <span class='ocrx_word' id='word_1_132' title='bbox 3222 598 3545 665; x_wconf 79' lang='lat' dir='ltr'><strong>Bethleem,</strong></span> <span class='ocrx_word' id='word_1_133' title='bbox 3578 602 3844 671; x_wconf 63' lang='lat' dir='ltr'><strong>ingressu“</strong></span> 
     </span>
    </p>
   </div>
   <div class='ocr_carea' id='block_1_34' title="bbox 2253 684 2921 757">
    <p class='ocr_par' dir='ltr' id='par_1_34' title="bbox 2253 684 2921 757">
     <span class='ocr_line' id='line_1_34' title="bbox 2253 684 2921 757; baseline 0.01 -20"><span class='ocrx_word' id='word_1_134' title='bbox 2253 692 2339 737; x_wconf 89' lang='lat' dir='ltr'><strong>est</strong></span> <span class='ocrx_word' id='word_1_135' title='bbox 2364 684 2456 739; x_wconf 89' lang='lat' dir='ltr'><strong>die</strong></span> <span class='ocrx_word' id='word_1_136' title='bbox 2477 686 2921 757; x_wconf 82' lang='lat' dir='ltr'><strong>quadragesimo.</strong></span> 
     </span>
    </p>
   </div>
   <div class='ocr_carea' id='block_1_35' title="bbox 2325 777 3843 855">
    <p class='ocr_par' dir='ltr' id='par_1_35' title="bbox 2325 777 3843 855">
     <span class='ocr_line' id='line_1_35' title="bbox 2325 777 3843 855; baseline 0.005 -24"><span class='ocrx_word' id='word_1_137' title='bbox 2325 777 2498 837; x_wconf 86' lang='lat' dir='ltr'><strong>Nobis</strong></span> <span class='ocrx_word' id='word_1_138' title='bbox 2544 789 2729 833; x_wconf 89' lang='lat' dir='ltr'><strong>autem</strong></span> <span class='ocrx_word' id='word_1_139' title='bbox 2779 781 2896 836; x_wconf 72' lang='lat' dir='ltr'><strong>lucc</strong></span> <span class='ocrx_word' id='word_1_140' title='bbox 2921 783 3236 838; x_wconf 79' lang='lat' dir='ltr'><strong>dicentibus</strong></span> <span class='ocrx_word' id='word_1_141' title='bbox 3262 790 3332 838; x_wconf 85' lang='lat' dir='ltr'><strong>de</strong></span> <span class='ocrx_word' id='word_1_142' title='bbox 3378 784 3654 854; x_wconf 78' lang='lat' dir='ltr'><strong>paradiso</strong></span> <span class='ocrx_word' id='word_1_143' title='bbox 3699 787 3843 855; x_wconf 76' lang='lat' dir='ltr'><strong>spiri-</strong></span> 
     </span>
    </p>
   </div>
   <div class='ocr_carea' id='block_1_36' title="bbox 2256 870 3841 946">
    <p class='ocr_par' dir='ltr' id='par_1_36' title="bbox 2256 870 3841 946">
     <span class='ocr_line' id='line_1_36' title="bbox 2256 870 3841 946; baseline 0.007 -23"><span class='ocrx_word' id='word_1_144' title='bbox 2256 870 2410 935; x_wconf 91' lang='lat' dir='ltr'><strong>tuali,</strong></span> <span class='ocrx_word' id='word_1_145' title='bbox 2441 885 2508 925; x_wconf 90' lang='lat' dir='ltr'><strong>ne</strong></span> <span class='ocrx_word' id='word_1_146' title='bbox 2538 872 2810 942; x_wconf 78' lang='lat' dir='ltr'><strong>glorietur</strong></span> <span class='ocrx_word' id='word_1_147' title='bbox 2835 874 3101 930; x_wconf 86' lang='lat' dir='ltr'><strong>incurvus</strong></span> <span class='ocrx_word' id='word_1_148' title='bbox 3132 875 3399 946; x_wconf 80' lang='lat' dir='ltr'><strong>Origenes</strong></span> <span class='ocrx_word' id='word_1_149' title='bbox 3417 886 3841 946; x_wconf 73' lang='lat' dir='ltr'><strong>tanquamrecte</strong></span> 
     </span>
    </p>
   </div>
   <div class='ocr_carea' id='block_1_37' title="bbox 2255 963 3839 1038">
    <p class='ocr_par' dir='ltr' id='par_1_37' title="bbox 2255 963 3839 1038">
     <span class='ocr_line' id='line_1_37' title="bbox 2255 963 3839 1038; baseline 0.006 -23"><span class='ocrx_word' id='word_1_150' title='bbox 2255 963 2519 1016; x_wconf 66' lang='lat' dir='ltr'><strong>sentiens.</strong></span> <span class='ocrx_word' id='word_1_151' title='bbox 2561 964 2679 1033; x_wconf 88' lang='lat' dir='ltr'><strong>Ipse</strong></span> <span class='ocrx_word' id='word_1_152' title='bbox 2710 966 2857 1019; x_wconf 85' lang='lat' dir='ltr'><strong>enim</strong></span> <span class='ocrx_word' id='word_1_153' title='bbox 2890 968 3169 1038; x_wconf 80' lang='lat' dir='ltr'><strong>anagogiis</strong></span> <span class='ocrx_word' id='word_1_154' title='bbox 3200 978 3257 1022; x_wconf 90' lang='lat' dir='ltr'><strong>et</strong></span> <span class='ocrx_word' id='word_1_155' title='bbox 3297 968 3699 1038; x_wconf 84' lang='lat' dir='ltr'><strong>spiritualibus</strong></span> <span class='ocrx_word' id='word_1_156' title='bbox 3726 985 3839 1024; x_wconf 79' lang='lat' dir='ltr'><strong>cou-</strong></span> 
     </span>
    </p>
   </div>
   <div class='ocr_carea' id='block_1_38' title="bbox 2257 1051 3838 1131">
    <p class='ocr_par' dir='ltr' id='par_1_38' title="bbox 2257 1051 3838 1131">
     <span class='ocr_line' id='line_1_38' title="bbox 2257 1051 3838 1131; baseline 0.006 -29"><span class='ocrx_word' id='word_1_157' title='bbox 2257 1051 2705 1120; x_wconf 86' lang='lat' dir='ltr'><strong>templatiombus</strong></span> <span class='ocrx_word' id='word_1_158' title='bbox 2740 1069 2873 1109; x_wconf 90' lang='lat' dir='ltr'><strong>usus</strong></span> <span class='ocrx_word' id='word_1_159' title='bbox 2910 1056 3347 1131; x_wconf 74' lang='lat' dir='ltr'><strong>inexplebiliter,</strong></span> <span class='ocrx_word' id='word_1_160' title='bbox 3400 1073 3610 1113; x_wconf 85' lang='lat' dir='ltr'><strong>omnes</strong></span> <span class='ocrx_word' id='word_1_161' title='bbox 3634 1074 3759 1127; x_wconf 65' lang='lat' dir='ltr'><strong>qua</strong></span> <span class='ocrx_word' id='word_1_162' title='bbox 3794 1061 3838 1112; x_wconf 85' lang='lat' dir='ltr'><strong>in</strong></span> 
     </span>
    </p>
   </div>
   <div class='ocr_carea' id='block_1_39' title="bbox 2257 1141 3841 1218">
    <p class='ocr_par' dir='ltr' id='par_1_39' title="bbox 2257 1141 3841 1218">
     <span class='ocr_line' id='line_1_39' title="bbox 2257 1141 3841 1218; baseline 0.006 -24"><span class='ocrx_word' id='word_1_163' title='bbox 2257 1157 2353 1195; x_wconf 79' lang='lat' dir='ltr'><strong>sex</strong></span> <span class='ocrx_word' id='word_1_164' title='bbox 2382 1141 2581 1199; x_wconf 87' lang='lat' dir='ltr'><strong>diebus</strong></span> <span class='ocrx_word' id='word_1_165' title='bbox 2612 1142 2768 1199; x_wconf 78' lang='lat' dir='ltr'><strong>facta:</strong></span> <span class='ocrx_word' id='word_1_166' title='bbox 2797 1156 2948 1210; x_wconf 84' lang='lat' dir='ltr'><strong>sunt,</strong></span> <span class='ocrx_word' id='word_1_167' title='bbox 2972 1156 3256 1201; x_wconf 86' lang='lat' dir='ltr'><strong>creaturas</strong></span> <span class='ocrx_word' id='word_1_168' title='bbox 3271 1147 3507 1202; x_wconf 78' lang='lat' dir='ltr'><strong>deduxit</strong></span> <span class='ocrx_word' id='word_1_169' title='bbox 3534 1164 3639 1218; x_wconf 89' lang='lat' dir='ltr'><strong>per</strong></span> <span class='ocrx_word' id='word_1_170' title='bbox 3658 1150 3841 1218; x_wconf 73' lang='lat' dir='ltr'><strong>allego-</strong></span> 
     </span>
    </p>
   </div>
   <div class='ocr_carea' id='block_1_40' title="bbox 2256 1231 3836 1307">
    <p class='ocr_par' dir='ltr' id='par_1_40' title="bbox 2256 1231 3836 1307">
     <span class='ocr_line' id='line_1_40' title="bbox 2256 1231 3836 1307; baseline 0.006 -24"><span class='ocrx_word' id='word_1_171' title='bbox 2256 1231 2392 1284; x_wconf 86' lang='lat' dir='ltr'><strong>riam</strong></span> <span class='ocrx_word' id='word_1_172' title='bbox 2431 1232 2499 1286; x_wconf 90' lang='lat' dir='ltr'><strong>ad</strong></span> <span class='ocrx_word' id='word_1_173' title='bbox 2526 1232 2806 1289; x_wconf 76' lang='lat' dir='ltr'><strong>fabulosas</strong></span> <span class='ocrx_word' id='word_1_174' title='bbox 2835 1236 3151 1306; x_wconf 77' lang='lat' dir='ltr'><strong>tragmdias,</strong></span> <span class='ocrx_word' id='word_1_175' title='bbox 3174 1253 3355 1307; x_wconf 88' lang='lat' dir='ltr'><strong>neque</strong></span> <span class='ocrx_word' id='word_1_176' title='bbox 3377 1239 3593 1295; x_wconf 71' lang='lat' dir='ltr'><strong>coelum</strong></span> <span class='ocrx_word' id='word_1_177' title='bbox 3632 1241 3836 1299; x_wconf 78' lang='lat' dir='ltr'><strong>sensile.</strong></span> 
     </span>
    </p>
   </div>
   <div class='ocr_carea' id='block_1_41' title="bbox 2255 1330 3838 1399">
    <p class='ocr_par' dir='ltr' id='par_1_41' title="bbox 2255 1330 3838 1399">
     <span class='ocr_line' id='line_1_41' title="bbox 2255 1330 3838 1399; baseline 0.004 -23"><span class='ocrx_word' id='word_1_178' title='bbox 2255 1337 2433 1393; x_wconf 84' lang='lat' dir='ltr'><strong>neque</strong></span> <span class='ocrx_word' id='word_1_179' title='bbox 2482 1333 2708 1392; x_wconf 81' lang='lat' dir='ltr'><strong>terram,</strong></span> <span class='ocrx_word' id='word_1_180' title='bbox 2750 1342 2930 1395; x_wconf 89' lang='lat' dir='ltr'><strong>neque</strong></span> <span class='ocrx_word' id='word_1_181' title='bbox 2978 1343 3171 1398; x_wconf 83' lang='lat' dir='ltr'><strong>aquas,</strong></span> <span class='ocrx_word' id='word_1_182' title='bbox 3214 1345 3399 1398; x_wconf 90' lang='lat' dir='ltr'><strong>neque</strong></span> <span class='ocrx_word' id='word_1_183' title='bbox 3455 1330 3684 1399; x_wconf 81' lang='lat' dir='ltr'><strong>plantas</strong></span> <span class='ocrx_word' id='word_1_184' title='bbox 3728 1346 3838 1383; x_wconf 72' lang='lat' dir='ltr'><strong>vere</strong></span> 
     </span>
    </p>
   </div>
   <div class='ocr_carea' id='block_1_42' title="bbox 2256 1413 3840 1492">
    <p class='ocr_par' dir='ltr' id='par_1_42' title="bbox 2256 1413 3840 1492">
     <span class='ocr_line' id='line_1_42' title="bbox 2256 1413 3840 1492; baseline 0.009 -26"><span class='ocrx_word' id='word_1_185' title='bbox 2256 1413 2488 1483; x_wconf 88' lang='lat' dir='ltr'><strong>plantas,</strong></span> <span class='ocrx_word' id='word_1_186' title='bbox 2549 1432 2728 1486; x_wconf 88' lang='lat' dir='ltr'><strong>neque</strong></span> <span class='ocrx_word' id='word_1_187' title='bbox 2761 1419 2969 1480; x_wconf 86' lang='lat' dir='ltr'><strong>stellas.</strong></span> <span class='ocrx_word' id='word_1_188' title='bbox 3010 1436 3139 1475; x_wconf 83' lang='lat' dir='ltr'><strong>vere</strong></span> <span class='ocrx_word' id='word_1_189' title='bbox 3162 1421 3352 1475; x_wconf 84' lang='lat' dir='ltr'><strong>stellas</strong></span> <span class='ocrx_word' id='word_1_190' title='bbox 3405 1437 3601 1492; x_wconf 73' lang='lat' dir='ltr'><strong>neque</strong></span> <span class='ocrx_word' id='word_1_191' title='bbox 3648 1423 3840 1492; x_wconf 79' lang='lat' dir='ltr'><strong>aliquid</strong></span> 
     </span>
    </p>
   </div>
   <div class='ocr_carea' id='block_1_43' title="bbox 2255 1502 3839 1583">
    <p class='ocr_par' dir='ltr' id='par_1_43' title="bbox 2255 1502 3839 1583">
     <span class='ocr_line' id='line_1_43' title="bbox 2255 1502 3839 1583; baseline 0.008 -25"><span class='ocrx_word' id='word_1_192' title='bbox 2255 1502 2405 1560; x_wconf 87' lang='lat' dir='ltr'><strong>aliud</strong></span> <span class='ocrx_word' id='word_1_193' title='bbox 2434 1510 2831 1564; x_wconf 81' lang='lat' dir='ltr'><strong>convenienter</strong></span> <span class='ocrx_word' id='word_1_194' title='bbox 2852 1511 3049 1566; x_wconf 72' lang='lat' dir='ltr'><strong>litterae</strong></span> <span class='ocrx_word' id='word_1_195' title='bbox 3070 1512 3404 1583; x_wconf 81' lang='lat' dir='ltr'><strong>intelligens,</strong></span> <span class='ocrx_word' id='word_1_196' title='bbox 3423 1529 3543 1568; x_wconf 88' lang='lat' dir='ltr'><strong>non</strong></span> <span class='ocrx_word' id='word_1_197' title='bbox 3570 1517 3839 1577; x_wconf 74' lang='lat' dir='ltr'><strong>tenebras.</strong></span> 
     </span>
    </p>
   </div>
   <div class='ocr_carea' id='block_1_44' title="bbox 2256 1598 3840 1674">
    <p class='ocr_par' dir='ltr' id='par_1_44' title="bbox 2256 1598 3840 1674">
     <span class='ocr_line' id='line_1_44' title="bbox 2256 1598 3840 1674; baseline 0.008 -24"><span class='ocrx_word' id='word_1_198' title='bbox 2256 1613 2365 1651; x_wconf 91' lang='lat' dir='ltr'><strong>non</strong></span> <span class='ocrx_word' id='word_1_199' title='bbox 2393 1598 2594 1663; x_wconf 85' lang='lat' dir='ltr'><strong>lucem,</strong></span> <span class='ocrx_word' id='word_1_200' title='bbox 2625 1616 2737 1655; x_wconf 92' lang='lat' dir='ltr'><strong>non</strong></span> <span class='ocrx_word' id='word_1_201' title='bbox 2759 1602 3037 1673; x_wconf 78' lang='lat' dir='ltr'><strong>abyssum,</strong></span> <span class='ocrx_word' id='word_1_202' title='bbox 3073 1619 3182 1658; x_wconf 91' lang='lat' dir='ltr'><strong>non</strong></span> <span class='ocrx_word' id='word_1_203' title='bbox 3206 1605 3495 1674; x_wconf 87' lang='lat' dir='ltr'><strong>spiritum,</strong></span> <span class='ocrx_word' id='word_1_204' title='bbox 3519 1622 3641 1661; x_wconf 89' lang='lat' dir='ltr'><strong>non</strong></span> <span class='ocrx_word' id='word_1_205' title='bbox 3673 1608 3840 1662; x_wconf 77' lang='lat' dir='ltr'><strong>ﬁrma-</strong></span> 
     </span>
    </p>
   </div>
   <div class='ocr_carea' id='block_1_45' title="bbox 2257 1689 3841 1756">
    <p class='ocr_par' dir='ltr' id='par_1_45' title="bbox 2257 1689 3841 1756">
     <span class='ocr_line' id='line_1_45' title="bbox 2257 1689 3841 1756; baseline 0.008 -14"><span class='ocrx_word' id='word_1_206' title='bbox 2257 1698 2522 1743; x_wconf 86' lang='lat' dir='ltr'><strong>mentum.</strong></span> <span class='ocrx_word' id='word_1_207' title='bbox 2551 1689 2674 1756; x_wconf 82' lang='lat' dir='ltr'><strong>Quo</strong></span> <span class='ocrx_word' id='word_1_208' title='bbox 2708 1689 2771 1745; x_wconf 85' lang='lat' dir='ltr'><strong>ﬁt</strong></span> <span class='ocrx_word' id='word_1_209' title='bbox 2810 1701 2872 1746; x_wconf 87' lang='lat' dir='ltr'><strong>ut</strong></span> <span class='ocrx_word' id='word_1_210' title='bbox 2904 1693 2975 1749; x_wconf 91' lang='lat' dir='ltr'><strong>de</strong></span> <span class='ocrx_word' id='word_1_211' title='bbox 3002 1704 3205 1750; x_wconf 73' lang='lat' dir='ltr'><strong>caztero</strong></span> <span class='ocrx_word' id='word_1_212' title='bbox 3244 1711 3476 1751; x_wconf 85' lang='lat' dir='ltr'><strong>necesse</strong></span> <span class='ocrx_word' id='word_1_213' title='bbox 3507 1698 3720 1754; x_wconf 80' lang='lat' dir='ltr'><strong>habeat</strong></span> <span class='ocrx_word' id='word_1_214' title='bbox 3751 1700 3841 1753; x_wconf 77' lang='lat' dir='ltr'><strong>Ec-</strong></span> 
     </span>
    </p>
   </div>
   <div class='ocr_carea' id='block_1_46' title="bbox 1396 1776 3841 1871">
    <p class='ocr_par' dir='ltr' id='par_1_46' title="bbox 1396 1776 3841 1871">
     <span class='ocr_line' id='line_1_46' title="bbox 1396 1776 3841 1871; baseline 0.002 -33"><span class='ocrx_word' id='word_1_215' title='bbox 1396 1776 1598 1857; x_wconf 60' lang='lat' dir='ltr'><strong>Chrisﬁ</strong></span> <span class='ocrx_word' id='word_1_216' title='bbox 1619 1846 1635 1871; x_wconf 54' lang='lat'><strong>,</strong></span> <span class='ocrx_word' id='word_1_217' title='bbox 1870 1845 1877 1854; x_wconf 87' lang='lat'>_</span> <span class='ocrx_word' id='word_1_218' title='bbox 2184 1776 2225 1830; x_wconf 86' lang='lat' dir='ltr'><strong>B</strong></span> <span class='ocrx_word' id='word_1_219' title='bbox 2257 1781 2446 1871; x_wconf 84' lang='lat' dir='ltr'><strong>clcsia,</strong></span> <span class='ocrx_word' id='word_1_220' title='bbox 2470 1781 2845 1871; x_wconf 20' lang='lat' dir='ltr'><strong>quod&#39;attinct</strong></span> <span class='ocrx_word' id='word_1_221' title='bbox 2868 1783 2937 1837; x_wconf 91' lang='lat' dir='ltr'><strong>ad</strong></span> <span class='ocrx_word' id='word_1_222' title='bbox 2961 1800 3134 1855; x_wconf 83' lang='lat' dir='ltr'><strong>nugas</strong></span> <span class='ocrx_word' id='word_1_223' title='bbox 3161 1794 3218 1840; x_wconf 88' lang='lat' dir='ltr'><strong>et</strong></span> <span class='ocrx_word' id='word_1_224' title='bbox 3240 1785 3563 1841; x_wconf 86' lang='lat' dir='ltr'><strong>doctrinam</strong></span> <span class='ocrx_word' id='word_1_225' title='bbox 3582 1787 3841 1859; x_wconf 79' lang='lat' dir='ltr'><strong>Origeuis,</strong></span> 
     </span>
    </p>
   </div>
   <div class='ocr_carea' id='block_1_47' title="bbox 573 1911 2153 1992">
    <p class='ocr_par' dir='ltr' id='par_1_47' title="bbox 573 1911 2153 1992">
     <span class='ocr_line' id='line_1_47' title="bbox 573 1911 2153 1992; baseline 0.013 -35"><span class='ocrx_word' id='word_1_226' title='bbox 573 1911 631 1957; x_wconf 83' lang='lat' dir='ltr'><strong>et</strong></span> <span class='ocrx_word' id='word_1_227' title='bbox 672 1921 822 1960; x_wconf 87' lang='lat' dir='ltr'><strong>nunc</strong></span> <span class='ocrx_word' id='word_1_228' title='bbox 872 1921 1040 1973; x_wconf 86' lang='lat' dir='ltr'><strong>super</strong></span> <span class='ocrx_word' id='word_1_229' title='bbox 1075 1917 1280 1965; x_wconf 88' lang='lat' dir='ltr'><strong>terram</strong></span> <span class='ocrx_word' id='word_1_230' title='bbox 1312 1911 1368 1967; x_wconf 90' lang='lat' dir='ltr'><strong>in</strong></span> <span class='ocrx_word' id='word_1_231' title='bbox 1398 1914 1576 1971; x_wconf 83' lang='lat' dir='ltr'><strong>hortis</strong></span> <span class='ocrx_word' id='word_1_232' title='bbox 1623 1919 1902 1975; x_wconf 88' lang='lat' dir='ltr'><strong>custodire</strong></span> <span class='ocrx_word' id='word_1_233' title='bbox 1927 1938 1992 1977; x_wconf 88' lang='lat' dir='ltr'><strong>ea</strong></span> <span class='ocrx_word' id='word_1_234' title='bbox 2031 1939 2153 1992; x_wconf 66' lang='lat' dir='ltr'><strong>quae</strong></span> 
     </span>
    </p>
   </div>
   <div class='ocr_carea' id='block_1_48' title="bbox 576 1996 2156 2073">
    <p class='ocr_par' dir='ltr' id='par_1_48' title="bbox 576 1996 2156 2073">
     <span class='ocr_line' id='line_1_48' title="bbox 576 1996 2156 2073; baseline 0.013 -26"><span class='ocrx_word' id='word_1_235' title='bbox 576 2002 706 2047; x_wconf 79' lang='lat' dir='ltr'><strong>sunt</strong></span> <span class='ocrx_word' id='word_1_236' title='bbox 753 1996 1057 2051; x_wconf 80' lang='lat' dir='ltr'><strong>excelsiora</strong></span> <span class='ocrx_word' id='word_1_237' title='bbox 1104 2001 1363 2057; x_wconf 90' lang='lat' dir='ltr'><strong>omnibus</strong></span> <span class='ocrx_word' id='word_1_238' title='bbox 1415 2006 1669 2073; x_wconf 87' lang='lat' dir='ltr'><strong>supernis</strong></span> <span class='ocrx_word' id='word_1_239' title='bbox 1718 2009 2040 2073; x_wconf 86' lang='lat' dir='ltr'><strong>virtutibus,</strong></span> <span class='ocrx_word' id='word_1_240' title='bbox 2100 2022 2156 2067; x_wconf 80' lang='lat' dir='ltr'><strong>et</strong></span> 
     </span>
    </p>
   </div>
   <div class='ocr_carea' id='block_1_49' title="bbox 576 2085 2155 2163">
    <p class='ocr_par' dir='ltr' id='par_1_49' title="bbox 576 2085 2155 2163">
     <span class='ocr_line' id='line_1_49' title="bbox 576 2085 2155 2163; baseline 0.013 -26"><span class='ocrx_word' id='word_1_241' title='bbox 576 2085 688 2139; x_wconf 88' lang='lat' dir='ltr'><strong>Deo</strong></span> <span class='ocrx_word' id='word_1_242' title='bbox 716 2088 1110 2157; x_wconf 86' lang='lat' dir='ltr'><strong>propinquiora</strong></span> <span class='ocrx_word' id='word_1_243' title='bbox 1142 2107 1305 2160; x_wconf 87' lang='lat' dir='ltr'><strong>quam</strong></span> <span class='ocrx_word' id='word_1_244' title='bbox 1335 2098 1791 2163; x_wconf 68' lang='lat' dir='ltr'><strong>praestantissima</strong></span> <span class='ocrx_word' id='word_1_245' title='bbox 1810 2100 2155 2157; x_wconf 70' lang='lat' dir='ltr'><strong>Cherubin]?</strong></span> 
     </span>
    </p>
   </div>
   <div class='ocr_carea' id='block_1_50' title="bbox 578 2173 2155 2248">
    <p class='ocr_par' dir='ltr' id='par_1_50' title="bbox 578 2173 2155 2248">
     <span class='ocr_line' id='line_1_50' title="bbox 578 2173 2155 2248; baseline 0.013 -21"><span class='ocrx_word' id='word_1_246' title='bbox 578 2173 686 2228; x_wconf 87' lang='lat' dir='ltr'><strong>Sed</strong></span> <span class='ocrx_word' id='word_1_247' title='bbox 717 2176 784 2230; x_wconf 90' lang='lat' dir='ltr'><strong>de</strong></span> <span class='ocrx_word' id='word_1_248' title='bbox 818 2177 905 2232; x_wconf 87' lang='lat' dir='ltr'><strong>his</strong></span> <span class='ocrx_word' id='word_1_249' title='bbox 933 2180 1157 2248; x_wconf 88' lang='lat' dir='ltr'><strong>quidem</strong></span> <span class='ocrx_word' id='word_1_250' title='bbox 1184 2184 1340 2248; x_wconf 86' lang='lat' dir='ltr'><strong>satis;</strong></span> <span class='ocrx_word' id='word_1_251' title='bbox 1372 2186 1718 2242; x_wconf 89' lang='lat' dir='ltr'><strong>redeundum</strong></span> <span class='ocrx_word' id='word_1_252' title='bbox 1757 2200 1843 2245; x_wconf 86' lang='lat' dir='ltr'><strong>est</strong></span> <span class='ocrx_word' id='word_1_253' title='bbox 1869 2204 2052 2246; x_wconf 88' lang='lat' dir='ltr'><strong>autem</strong></span> <span class='ocrx_word' id='word_1_254' title='bbox 2087 2195 2155 2248; x_wconf 86' lang='lat' dir='ltr'><strong>ad</strong></span> 
     </span>
    </p>
   </div>
   <div class='ocr_carea' id='block_1_51' title="bbox 576 2263 2159 2353">
    <p class='ocr_par' dir='ltr' id='par_1_51' title="bbox 576 2263 2159 2353">
     <span class='ocr_line' id='line_1_51' title="bbox 576 2263 2159 2353; baseline 0.013 -36"><span class='ocrx_word' id='word_1_255' title='bbox 576 2263 866 2321; x_wconf 80' lang='lat' dir='ltr'><strong>Mosaicam</strong></span> <span class='ocrx_word' id='word_1_256' title='bbox 895 2268 1203 2337; x_wconf 89' lang='lat' dir='ltr'><strong>historiam,</strong></span> <span class='ocrx_word' id='word_1_257' title='bbox 1230 2282 1285 2327; x_wconf 90' lang='lat' dir='ltr'><strong>et</strong></span> <span class='ocrx_word' id='word_1_258' title='bbox 1318 2276 1783 2334; x_wconf 88' lang='lat' dir='ltr'><strong>considerandum</strong></span> <span class='ocrx_word' id='word_1_259' title='bbox 1813 2291 1899 2337; x_wconf 84' lang='lat' dir='ltr'><strong>est</strong></span> <span class='ocrx_word' id='word_1_260' title='bbox 1927 2283 1994 2337; x_wconf 90' lang='lat' dir='ltr'><strong>de</strong></span> <span class='ocrx_word' id='word_1_261' title='bbox 2027 2299 2159 2353; x_wconf 90' lang='lat' dir='ltr'><strong>pro-</strong></span> 
     </span>
    </p>
   </div>
   <div class='ocr_carea' id='block_1_52' title="bbox 577 2356 2157 2434">
    <p class='ocr_par' dir='ltr' id='par_1_52' title="bbox 577 2356 2157 2434">
     <span class='ocr_line' id='line_1_52' title="bbox 577 2356 2157 2434; baseline 0.014 -27"><span class='ocrx_word' id='word_1_262' title='bbox 577 2356 793 2424; x_wconf 82' lang='lat' dir='ltr'><strong>positis.</strong></span> <span class='ocrx_word' id='word_1_263' title='bbox 838 2359 972 2413; x_wconf 87' lang='lat' dir='ltr'><strong>Nam</strong></span> <span class='ocrx_word' id='word_1_264' title='bbox 1002 2361 1118 2417; x_wconf 87' lang='lat' dir='ltr'><strong>illic</strong></span> <span class='ocrx_word' id='word_1_265' title='bbox 1153 2379 1397 2434; x_wconf 91' lang='lat' dir='ltr'><strong>quoque,</strong></span> <span class='ocrx_word' id='word_1_266' title='bbox 1426 2377 1489 2422; x_wconf 90' lang='lat' dir='ltr'><strong>ut</strong></span> <span class='ocrx_word' id='word_1_267' title='bbox 1518 2369 1784 2430; x_wconf 81' lang='lat' dir='ltr'><strong>arbitror.</strong></span> <span class='ocrx_word' id='word_1_268' title='bbox 1809 2373 1943 2427; x_wconf 90' lang='lat' dir='ltr'><strong>licet</strong></span> <span class='ocrx_word' id='word_1_269' title='bbox 1970 2375 2157 2430; x_wconf 88' lang='lat' dir='ltr'><strong>videre</strong></span> 
     </span>
    </p>
   </div>
   <div class='ocr_carea' id='block_1_53' title="bbox 577 2448 2159 2535">
    <p class='ocr_par' dir='ltr' id='par_1_53' title="bbox 577 2448 2159 2535">
     <span class='ocr_line' id='line_1_53' title="bbox 577 2448 2159 2535; baseline 0.012 -34"><span class='ocrx_word' id='word_1_270' title='bbox 577 2448 647 2503; x_wconf 92' lang='lat' dir='ltr'><strong>iis</strong></span> <span class='ocrx_word' id='word_1_271' title='bbox 669 2449 763 2518; x_wconf 89' lang='lat' dir='ltr'><strong>qui</strong></span> <span class='ocrx_word' id='word_1_272' title='bbox 793 2451 999 2507; x_wconf 84' lang='lat' dir='ltr'><strong>habent</strong></span> <span class='ocrx_word' id='word_1_273' title='bbox 1028 2454 1207 2510; x_wconf 89' lang='lat' dir='ltr'><strong>lucem</strong></span> <span class='ocrx_word' id='word_1_274' title='bbox 1230 2456 1431 2513; x_wconf 72' lang='lat' dir='ltr'><strong>divinae</strong></span> <span class='ocrx_word' id='word_1_275' title='bbox 1454 2461 1812 2532; x_wconf 85' lang='lat' dir='ltr'><strong>cognitionis,</strong></span> <span class='ocrx_word' id='word_1_276' title='bbox 1841 2480 1905 2519; x_wconf 86' lang='lat' dir='ltr'><strong>ea</strong></span> <span class='ocrx_word' id='word_1_277' title='bbox 1939 2481 2061 2535; x_wconf 76' lang='lat' dir='ltr'><strong>qua:</strong></span> <span class='ocrx_word' id='word_1_278' title='bbox 2077 2466 2159 2520; x_wconf 89' lang='lat' dir='ltr'><strong>di-</strong></span> 
     </span>
    </p>
   </div>
   <div class='ocr_carea' id='block_1_54' title="bbox 575 2541 2158 2623">
    <p class='ocr_par' dir='ltr' id='par_1_54' title="bbox 575 2541 2158 2623">
     <span class='ocr_line' id='line_1_54' title="bbox 575 2541 2158 2623; baseline 0.011 -31"><span class='ocrx_word' id='word_1_279' title='bbox 575 2547 782 2594; x_wconf 85' lang='lat' dir='ltr'><strong>cuntur</strong></span> <span class='ocrx_word' id='word_1_280' title='bbox 817 2541 886 2595; x_wconf 92' lang='lat' dir='ltr'><strong>de</strong></span> <span class='ocrx_word' id='word_1_281' title='bbox 927 2544 1180 2613; x_wconf 85' lang='lat' dir='ltr'><strong>utrisque</strong></span> <span class='ocrx_word' id='word_1_282' title='bbox 1212 2545 1301 2600; x_wconf 89' lang='lat' dir='ltr'><strong>his</strong></span> <span class='ocrx_word' id='word_1_283' title='bbox 1342 2549 1612 2616; x_wconf 87' lang='lat' dir='ltr'><strong>paradisis</strong></span> <span class='ocrx_word' id='word_1_284' title='bbox 1641 2569 1653 2603; x_wconf 91' lang='lat'><strong>:</strong></span> <span class='ocrx_word' id='word_1_285' title='bbox 1686 2567 1883 2622; x_wconf 89' lang='lat' dir='ltr'><strong>nempe</strong></span> <span class='ocrx_word' id='word_1_286' title='bbox 1918 2570 2158 2623; x_wconf 87' lang='lat' dir='ltr'><strong>quanam</strong></span> 
     </span>
    </p>
   </div>
   <div class='ocr_carea' id='block_1_55' title="bbox 579 2637 2160 2716">
    <p class='ocr_par' dir='ltr' id='par_1_55' title="bbox 579 2637 2160 2716">
     <span class='ocr_line' id='line_1_55' title="bbox 579 2637 2160 2716; baseline 0.011 -32"><span class='ocrx_word' id='word_1_287' title='bbox 579 2639 742 2686; x_wconf 89' lang='lat' dir='ltr'><strong>utens</strong></span> <span class='ocrx_word' id='word_1_288' title='bbox 797 2637 1193 2702; x_wconf 85' lang='lat' dir='ltr'><strong>consequentia</strong></span> <span class='ocrx_word' id='word_1_289' title='bbox 1247 2638 1487 2707; x_wconf 84' lang='lat' dir='ltr'><strong>primum</strong></span> <span class='ocrx_word' id='word_1_290' title='bbox 1538 2642 1700 2697; x_wconf 85' lang='lat' dir='ltr'><strong>nobis</strong></span> <span class='ocrx_word' id='word_1_291' title='bbox 1736 2653 1995 2714; x_wconf 88' lang='lat' dir='ltr'><strong>tanquam</strong></span> <span class='ocrx_word' id='word_1_292' title='bbox 2044 2647 2160 2716; x_wconf 89' lang='lat' dir='ltr'><strong>pri-</strong></span> 
     </span>
    </p>
   </div>
   <div class='ocr_carea' id='block_1_56' title="bbox 579 2727 2159 2804">
    <p class='ocr_par' dir='ltr' id='par_1_56' title="bbox 579 2727 2159 2804">
     <span class='ocr_line' id='line_1_56' title="bbox 579 2727 2159 2804; baseline 0.009 -30"><span class='ocrx_word' id='word_1_293' title='bbox 579 2736 729 2775; x_wconf 81' lang='lat' dir='ltr'><strong>mum</strong></span> <span class='ocrx_word' id='word_1_294' title='bbox 763 2734 951 2778; x_wconf 89' lang='lat' dir='ltr'><strong>narrat</strong></span> <span class='ocrx_word' id='word_1_295' title='bbox 975 2727 1342 2795; x_wconf 86' lang='lat' dir='ltr'><strong>spiritualem,</strong></span> <span class='ocrx_word' id='word_1_296' title='bbox 1363 2731 1507 2786; x_wconf 90' lang='lat' dir='ltr'><strong>sicut</strong></span> <span class='ocrx_word' id='word_1_297' title='bbox 1529 2734 1693 2787; x_wconf 88' lang='lat' dir='ltr'><strong>etiam</strong></span> <span class='ocrx_word' id='word_1_298' title='bbox 1715 2736 1826 2803; x_wconf 89' lang='lat' dir='ltr'><strong>jam</strong></span> <span class='ocrx_word' id='word_1_299' title='bbox 1853 2738 2007 2804; x_wconf 91' lang='lat' dir='ltr'><strong>prius</strong></span> <span class='ocrx_word' id='word_1_300' title='bbox 2023 2738 2159 2803; x_wconf 80' lang='lat' dir='ltr'><strong>dixi,</strong></span> 
     </span>
    </p>
   </div>
   <div class='ocr_carea' id='block_1_57' title="bbox 581 2813 2162 2895">
    <p class='ocr_par' dir='ltr' id='par_1_57' title="bbox 581 2813 2162 2895">
     <span class='ocr_line' id='line_1_57' title="bbox 581 2813 2162 2895; baseline 0.012 -33"><span class='ocrx_word' id='word_1_301' title='bbox 581 2818 644 2864; x_wconf 87' lang='lat' dir='ltr'><strong>ut</strong></span> <span class='ocrx_word' id='word_1_302' title='bbox 671 2813 894 2880; x_wconf 88' lang='lat' dir='ltr'><strong>quando</strong></span> <span class='ocrx_word' id='word_1_303' title='bbox 924 2814 1094 2870; x_wconf 87' lang='lat' dir='ltr'><strong>dicit:</strong></span> <span class='ocrx_word' id='word_1_304' title='bbox 1138 2816 1203 2869; x_wconf 86' lang='lat' dir='ltr'><strong>Et</strong></span> <span class='ocrx_word' id='word_1_305' title='bbox 1237 2817 1502 2887; x_wconf 78' lang='lat' dir='ltr'><strong>plantavit</strong></span> <span class='ocrx_word' id='word_1_306' title='bbox 1546 2821 1804 2877; x_wconf 82' lang='lat' dir='ltr'><strong>Dominus</strong></span> <span class='ocrx_word' id='word_1_307' title='bbox 1829 2824 1966 2878; x_wconf 91' lang='lat' dir='ltr'><strong>Deus</strong></span> <span class='ocrx_word' id='word_1_308' title='bbox 1997 2844 2162 2895; x_wconf 85' lang='lat' dir='ltr'><strong>para-</strong></span> 
     </span>
    </p>
   </div>
   <div class='ocr_carea' id='block_1_58' title="bbox 581 2901 2162 2973">
    <p class='ocr_par' dir='ltr' id='par_1_58' title="bbox 581 2901 2162 2973">
     <span class='ocr_line' id='line_1_58' title="bbox 581 2901 2162 2973; baseline 0.012 -19"><span class='ocrx_word' id='word_1_309' title='bbox 581 2901 753 2955; x_wconf 86' lang='lat' dir='ltr'><strong>disum</strong></span> <span class='ocrx_word' id='word_1_310' title='bbox 783 2904 839 2956; x_wconf 85' lang='lat' dir='ltr'><strong>in</strong></span> <span class='ocrx_word' id='word_1_311' title='bbox 873 2904 1040 2959; x_wconf 87' lang='lat' dir='ltr'><strong>Edem</strong></span> <span class='ocrx_word' id='word_1_312' title='bbox 1066 2908 1136 2961; x_wconf 89' lang='lat' dir='ltr'><strong>ad</strong></span> <span class='ocrx_word' id='word_1_313' title='bbox 1167 2906 1434 2963; x_wconf 77' lang='lat' dir='ltr'><strong>Orientem</strong></span> <span class='ocrx_word' id='word_1_314' title='bbox 1460 2929 1479 2965; x_wconf 92' lang='lat'><strong><em>:</em></strong></span> <span class='ocrx_word' id='word_1_315' title='bbox 1505 2927 1615 2966; x_wconf 90' lang='lat' dir='ltr'><strong>non</strong></span> <span class='ocrx_word' id='word_1_316' title='bbox 1641 2913 1957 2970; x_wconf 77' lang='lat' dir='ltr'><strong>invenimus</strong></span> <span class='ocrx_word' id='word_1_317' title='bbox 1979 2927 2162 2973; x_wconf 90' lang='lat' dir='ltr'><strong>autem</strong></span> 
     </span>
    </p>
   </div>
   <div class='ocr_carea' id='block_1_59' title="bbox 582 2993 2162 3079">
    <p class='ocr_par' dir='ltr' id='par_1_59' title="bbox 582 2993 2162 3079">
     <span class='ocr_line' id='line_1_59' title="bbox 582 2993 2162 3079; baseline 0.011 -33"><span class='ocrx_word' id='word_1_318' title='bbox 582 2993 637 3046; x_wconf 91' lang='lat' dir='ltr'><strong>in</strong></span> <span class='ocrx_word' id='word_1_319' title='bbox 662 3001 810 3047; x_wconf 86' lang='lat' dir='ltr'><strong>terra</strong></span> <span class='ocrx_word' id='word_1_320' title='bbox 840 2994 1026 3049; x_wconf 87' lang='lat' dir='ltr'><strong>locum</strong></span> <span class='ocrx_word' id='word_1_321' title='bbox 1051 2997 1144 3066; x_wconf 91' lang='lat' dir='ltr'><strong>qui</strong></span> <span class='ocrx_word' id='word_1_322' title='bbox 1171 2998 1499 3055; x_wconf 87' lang='lat' dir='ltr'><strong>nominatur</strong></span> <span class='ocrx_word' id='word_1_323' title='bbox 1522 3002 1715 3067; x_wconf 90' lang='lat' dir='ltr'><strong>Edem,</strong></span> <span class='ocrx_word' id='word_1_324' title='bbox 1746 3014 1802 3058; x_wconf 83' lang='lat' dir='ltr'><strong>et</strong></span> <span class='ocrx_word' id='word_1_325' title='bbox 1821 3021 1930 3061; x_wconf 91' lang='lat' dir='ltr'><strong>non</strong></span> <span class='ocrx_word' id='word_1_326' title='bbox 1952 3009 2162 3079; x_wconf 82' lang='lat' dir='ltr'><strong>signiti-</strong></span> 
     </span>
    </p>
   </div>
   <div class='ocr_carea' id='block_1_60' title="bbox 580 3085 2230 3167">
    <p class='ocr_par' dir='ltr' id='par_1_60' title="bbox 580 3085 2230 3167">
     <span class='ocr_line' id='line_1_60' title="bbox 580 3085 2230 3167; baseline 0.012 -30"><span class='ocrx_word' id='word_1_327' title='bbox 580 3092 669 3138; x_wconf 88' lang='lat' dir='ltr'><strong>cet</strong></span> <span class='ocrx_word' id='word_1_328' title='bbox 700 3085 770 3137; x_wconf 87' lang='lat' dir='ltr'><strong>ad</strong></span> <span class='ocrx_word' id='word_1_329' title='bbox 797 3087 1069 3141; x_wconf 88' lang='lat' dir='ltr'><strong>orientem</strong></span> <span class='ocrx_word' id='word_1_330' title='bbox 1103 3104 1200 3143; x_wconf 85' lang='lat' dir='ltr'><strong>seu</strong></span> <span class='ocrx_word' id='word_1_331' title='bbox 1233 3090 1413 3157; x_wconf 67' lang='lat' dir='ltr'><strong>terrae,</strong></span> <span class='ocrx_word' id='word_1_332' title='bbox 1448 3108 1542 3147; x_wconf 89' lang='lat' dir='ltr'><strong>seu</strong></span> <span class='ocrx_word' id='word_1_333' title='bbox 1564 3096 1710 3161; x_wconf 70' lang='lat' dir='ltr'><strong>caeli,</strong></span> <span class='ocrx_word' id='word_1_334' title='bbox 1741 3097 1836 3152; x_wconf 91' lang='lat' dir='ltr'><strong>dat</strong></span> <span class='ocrx_word' id='word_1_335' title='bbox 1868 3099 2030 3155; x_wconf 89' lang='lat' dir='ltr'><strong>nobis</strong></span> <span class='ocrx_word' id='word_1_336' title='bbox 2068 3103 2161 3155; x_wconf 89' lang='lat' dir='ltr'><strong>ali-</strong></span> <span class='ocrx_word' id='word_1_337' title='bbox 2190 3115 2230 3167; x_wconf 73' lang='grc' dir='ltr'><strong>(ζ</strong></span> 
     </span>
    </p>
   </div>
   <div class='ocr_carea' id='block_1_61' title="bbox 581 3177 2162 3254">
    <p class='ocr_par' dir='ltr' id='par_1_61' title="bbox 581 3177 2162 3254">
     <span class='ocr_line' id='line_1_61' title="bbox 581 3177 2162 3254; baseline 0.012 -27"><span class='ocrx_word' id='word_1_338' title='bbox 581 3191 747 3244; x_wconf 87' lang='lat' dir='ltr'><strong>quam</strong></span> <span class='ocrx_word' id='word_1_339' title='bbox 795 3177 1253 3246; x_wconf 79' lang='lat' dir='ltr'><strong>signiﬁcationem</strong></span> <span class='ocrx_word' id='word_1_340' title='bbox 1283 3181 1351 3235; x_wconf 89' lang='lat' dir='ltr'><strong>de</strong></span> <span class='ocrx_word' id='word_1_341' title='bbox 1384 3198 1622 3252; x_wconf 88' lang='lat' dir='ltr'><strong>superna</strong></span> <span class='ocrx_word' id='word_1_342' title='bbox 1671 3187 1906 3254; x_wconf 88' lang='lat' dir='ltr'><strong>oriente,</strong></span> <span class='ocrx_word' id='word_1_343' title='bbox 1936 3191 2031 3244; x_wconf 90' lang='lat' dir='ltr'><strong>ubi</strong></span> <span class='ocrx_word' id='word_1_344' title='bbox 2077 3202 2162 3246; x_wconf 88' lang='lat' dir='ltr'><strong>est</strong></span> 
     </span>
    </p>
   </div>
   <div class='ocr_carea' id='block_1_62' title="bbox 583 3266 2164 3348">
    <p class='ocr_par' dir='ltr' id='par_1_62' title="bbox 583 3266 2164 3348">
     <span class='ocr_line' id='line_1_62' title="bbox 583 3266 2164 3348; baseline 0.011 -28"><span class='ocrx_word' id='word_1_345' title='bbox 583 3266 746 3321; x_wconf 88' lang='lat' dir='ltr'><strong>Pater</strong></span> <span class='ocrx_word' id='word_1_346' title='bbox 773 3268 1042 3323; x_wconf 88' lang='lat' dir='ltr'><strong>luminum</strong></span> <span class='ocrx_word' id='word_1_347' title='bbox 1081 3280 1136 3325; x_wconf 94' lang='lat' dir='ltr'><strong>et</strong></span> <span class='ocrx_word' id='word_1_348' title='bbox 1168 3273 1260 3326; x_wconf 82' lang='lat' dir='ltr'><strong>lux</strong></span> <span class='ocrx_word' id='word_1_349' title='bbox 1294 3274 1647 3343; x_wconf 73' lang='lat' dir='ltr'><strong>viventium,</strong></span> <span class='ocrx_word' id='word_1_350' title='bbox 1668 3286 1723 3332; x_wconf 88' lang='lat' dir='ltr'><strong>et</strong></span> <span class='ocrx_word' id='word_1_351' title='bbox 1761 3280 1909 3348; x_wconf 91' lang='lat' dir='ltr'><strong>quod</strong></span> <span class='ocrx_word' id='word_1_352' title='bbox 1935 3283 2006 3336; x_wconf 91' lang='lat' dir='ltr'><strong>sit</strong></span> <span class='ocrx_word' id='word_1_353' title='bbox 2048 3283 2164 3338; x_wconf 92' lang='lat' dir='ltr'><strong>illic</strong></span> 
     </span>
    </p>
   </div>
   <div class='ocr_carea' id='block_1_63' title="bbox 581 3356 2161 3442">
    <p class='ocr_par' dir='ltr' id='par_1_63' title="bbox 581 3356 2161 3442">
     <span class='ocr_line' id='line_1_63' title="bbox 581 3356 2161 3442; baseline 0.013 -33"><span class='ocrx_word' id='word_1_354' title='bbox 581 3356 851 3425; x_wconf 85' lang='lat' dir='ltr'><strong>ejusmodi</strong></span> <span class='ocrx_word' id='word_1_355' title='bbox 882 3360 1192 3427; x_wconf 88' lang='lat' dir='ltr'><strong>paradisus,</strong></span> <span class='ocrx_word' id='word_1_356' title='bbox 1248 3363 1390 3419; x_wconf 89' lang='lat' dir='ltr'><strong>adeo</strong></span> <span class='ocrx_word' id='word_1_357' title='bbox 1420 3379 1480 3420; x_wconf 85' lang='lat' dir='ltr'><strong>ut</strong></span> <span class='ocrx_word' id='word_1_358' title='bbox 1511 3366 1580 3421; x_wconf 91' lang='lat' dir='ltr'><strong>de</strong></span> <span class='ocrx_word' id='word_1_359' title='bbox 1607 3369 1883 3437; x_wconf 87' lang='lat' dir='ltr'><strong>spirituali</strong></span> <span class='ocrx_word' id='word_1_360' title='bbox 1926 3373 2161 3442; x_wconf 89' lang='lat' dir='ltr'><strong>loquens</strong></span> 
     </span>
    </p>
   </div>
   <div class='ocr_carea' id='block_1_64' title="bbox 582 3445 2161 3532">
    <p class='ocr_par' dir='ltr' id='par_1_64' title="bbox 582 3445 2161 3532">
     <span class='ocr_line' id='line_1_64' title="bbox 582 3445 2161 3532; baseline 0.013 -36"><span class='ocrx_word' id='word_1_361' title='bbox 582 3445 862 3513; x_wconf 88' lang='lat' dir='ltr'><strong>paradiso,</strong></span> <span class='ocrx_word' id='word_1_362' title='bbox 889 3463 1072 3518; x_wconf 88' lang='lat' dir='ltr'><strong>neque</strong></span> <span class='ocrx_word' id='word_1_363' title='bbox 1110 3450 1178 3506; x_wconf 92' lang='lat' dir='ltr'><strong>de</strong></span> <span class='ocrx_word' id='word_1_364' title='bbox 1211 3452 1410 3523; x_wconf 81' lang='lat' dir='ltr'><strong>lignis,</strong></span> <span class='ocrx_word' id='word_1_365' title='bbox 1438 3471 1618 3524; x_wconf 90' lang='lat' dir='ltr'><strong>neque</strong></span> <span class='ocrx_word' id='word_1_366' title='bbox 1654 3457 1723 3512; x_wconf 92' lang='lat' dir='ltr'><strong>de</strong></span> <span class='ocrx_word' id='word_1_367' title='bbox 1751 3461 1932 3528; x_wconf 88' lang='lat' dir='ltr'><strong>aquis.</strong></span> <span class='ocrx_word' id='word_1_368' title='bbox 1978 3478 2161 3532; x_wconf 85' lang='lat' dir='ltr'><strong>neque</strong></span> 
     </span>
    </p>
   </div>
   <div class='ocr_carea' id='block_1_65' title="bbox 582 3534 2163 3618">
    <p class='ocr_par' dir='ltr' id='par_1_65' title="bbox 582 3534 2163 3618">
     <span class='ocr_line' id='line_1_65' title="bbox 582 3534 2163 3618; baseline 0.013 -30"><span class='ocrx_word' id='word_1_369' title='bbox 582 3534 651 3590; x_wconf 91' lang='lat' dir='ltr'><strong>de</strong></span> <span class='ocrx_word' id='word_1_370' title='bbox 682 3536 981 3605; x_wconf 88' lang='lat' dir='ltr'><strong>lapidibus,</strong></span> <span class='ocrx_word' id='word_1_371' title='bbox 1011 3556 1192 3611; x_wconf 87' lang='lat' dir='ltr'><strong>neque</strong></span> <span class='ocrx_word' id='word_1_372' title='bbox 1215 3543 1283 3598; x_wconf 90' lang='lat' dir='ltr'><strong>de</strong></span> <span class='ocrx_word' id='word_1_373' title='bbox 1324 3554 1469 3600; x_wconf 86' lang='lat' dir='ltr'><strong>terra</strong></span> <span class='ocrx_word' id='word_1_374' title='bbox 1504 3589 1516 3609; x_wconf 86' lang='lat'><strong>,</strong></span> <span class='ocrx_word' id='word_1_375' title='bbox 1559 3564 1739 3618; x_wconf 90' lang='lat' dir='ltr'><strong>neque</strong></span> <span class='ocrx_word' id='word_1_376' title='bbox 1773 3550 1843 3605; x_wconf 90' lang='lat' dir='ltr'><strong>de</strong></span> <span class='ocrx_word' id='word_1_377' title='bbox 1874 3568 2031 3617; x_wconf 80' lang='lat' dir='ltr'><strong>auro,</strong></span> <span class='ocrx_word' id='word_1_378' title='bbox 2062 3570 2163 3609; x_wconf 85' lang='lat' dir='ltr'><strong>ne-</strong></span> 
     </span>
    </p>
   </div>
   <div class='ocr_carea' id='block_1_66' title="bbox 582 3627 2158 3710">
    <p class='ocr_par' dir='ltr' id='par_1_66' title="bbox 582 3627 2158 3710">
     <span class='ocr_line' id='line_1_66' title="bbox 582 3627 2158 3710; baseline 0.012 -30"><span class='ocrx_word' id='word_1_379' title='bbox 582 3642 692 3696; x_wconf 90' lang='lat' dir='ltr'><strong>que</strong></span> <span class='ocrx_word' id='word_1_380' title='bbox 715 3627 784 3682; x_wconf 90' lang='lat' dir='ltr'><strong>de</strong></span> <span class='ocrx_word' id='word_1_381' title='bbox 807 3629 956 3694; x_wconf 85' lang='lat' dir='ltr'><strong>cibo,</strong></span> <span class='ocrx_word' id='word_1_382' title='bbox 976 3647 1158 3702; x_wconf 90' lang='lat' dir='ltr'><strong>neque</strong></span> <span class='ocrx_word' id='word_1_383' title='bbox 1181 3635 1249 3690; x_wconf 84' lang='lat' dir='ltr'><strong>de</strong></span> <span class='ocrx_word' id='word_1_384' title='bbox 1272 3638 1617 3707; x_wconf 78' lang='lat' dir='ltr'><strong>regionibus,</strong></span> <span class='ocrx_word' id='word_1_385' title='bbox 1638 3656 1819 3710; x_wconf 90' lang='lat' dir='ltr'><strong>neque</strong></span> <span class='ocrx_word' id='word_1_386' title='bbox 1838 3642 1907 3696; x_wconf 90' lang='lat' dir='ltr'><strong>de</strong></span> <span class='ocrx_word' id='word_1_387' title='bbox 1933 3643 2158 3708; x_wconf 83' lang='lat' dir='ltr'><strong>ﬁnibus,</strong></span> 
     </span>
    </p>
   </div>
   <div class='ocr_carea' id='block_1_67' title="bbox 583 3720 2157 3796">
    <p class='ocr_par' dir='ltr' id='par_1_67' title="bbox 583 3720 2157 3796">
     <span class='ocr_line' id='line_1_67' title="bbox 583 3720 2157 3796; baseline 0.013 -26"><span class='ocrx_word' id='word_1_388' title='bbox 583 3733 763 3787; x_wconf 89' lang='lat' dir='ltr'><strong>neque</strong></span> <span class='ocrx_word' id='word_1_389' title='bbox 797 3720 866 3775; x_wconf 90' lang='lat' dir='ltr'><strong>de</strong></span> <span class='ocrx_word' id='word_1_390' title='bbox 897 3723 1005 3776; x_wconf 90' lang='lat' dir='ltr'><strong>ulla</strong></span> <span class='ocrx_word' id='word_1_391' title='bbox 1053 3739 1112 3777; x_wconf 90' lang='lat' dir='ltr'><strong>re</strong></span> <span class='ocrx_word' id='word_1_392' title='bbox 1157 3725 1263 3780; x_wconf 88' lang='lat' dir='ltr'><strong>alia</strong></span> <span class='ocrx_word' id='word_1_393' title='bbox 1292 3744 1413 3796; x_wconf 62' lang='lat' dir='ltr'><strong>qua;</strong></span> <span class='ocrx_word' id='word_1_394' title='bbox 1455 3731 1529 3783; x_wconf 81' lang='lat' dir='ltr'><strong>sit</strong></span> <span class='ocrx_word' id='word_1_395' title='bbox 1584 3732 1640 3784; x_wconf 92' lang='lat' dir='ltr'><strong>in</strong></span> <span class='ocrx_word' id='word_1_396' title='bbox 1675 3746 1764 3796; x_wconf 89' lang='lat' dir='ltr'><strong>eo,</strong></span> <span class='ocrx_word' id='word_1_397' title='bbox 1821 3735 2157 3792; x_wconf 88' lang='lat' dir='ltr'><strong>meminerit.</strong></span> 
     </span>
    </p>
   </div>
   <div class='ocr_carea' id='block_1_68' title="bbox 585 3809 2158 3895">
    <p class='ocr_par' dir='ltr' id='par_1_68' title="bbox 585 3809 2158 3895">
     <span class='ocr_line' id='line_1_68' title="bbox 585 3809 2158 3895; baseline 0.013 -33"><span class='ocrx_word' id='word_1_398' title='bbox 585 3809 723 3864; x_wconf 82' lang='lat' dir='ltr'><strong>illud</strong></span> <span class='ocrx_word' id='word_1_399' title='bbox 746 3821 960 3878; x_wconf 88' lang='lat' dir='ltr'><strong>autem,</strong></span> <span class='ocrx_word' id='word_1_400' title='bbox 1002 3815 1071 3868; x_wconf 80' lang='lat' dir='ltr'><strong>Et</strong></span> <span class='ocrx_word' id='word_1_401' title='bbox 1128 3820 1302 3887; x_wconf 79' lang='lat' dir='ltr'><strong>posuit</strong></span> <span class='ocrx_word' id='word_1_402' title='bbox 1331 3820 1443 3874; x_wconf 85' lang='lat' dir='ltr'><strong>illic</strong></span> <span class='ocrx_word' id='word_1_403' title='bbox 1471 3823 1732 3877; x_wconf 84' lang='lat' dir='ltr'><strong>hominem</strong></span> <span class='ocrx_word' id='word_1_404' title='bbox 1776 3841 1929 3889; x_wconf 83' lang='lat' dir='ltr'><strong>quem</strong></span> <span class='ocrx_word' id='word_1_405' title='bbox 1982 3827 2158 3895; x_wconf 74' lang='lat' dir='ltr'><strong>ﬁnxit,</strong></span> 
     </span>
    </p>
   </div>
   <div class='ocr_carea' id='block_1_69' title="bbox 584 3905 2161 3987">
    <p class='ocr_par' dir='ltr' id='par_1_69' title="bbox 584 3905 2161 3987">
     <span class='ocr_line' id='line_1_69' title="bbox 584 3905 2161 3987; baseline 0.014 -34"><span class='ocrx_word' id='word_1_406' title='bbox 584 3916 781 3972; x_wconf 88' lang='lat' dir='ltr'><strong>nempe</strong></span> <span class='ocrx_word' id='word_1_407' title='bbox 817 3905 870 3958; x_wconf 92' lang='lat' dir='ltr'><strong>in</strong></span> <span class='ocrx_word' id='word_1_408' title='bbox 920 3908 1188 3974; x_wconf 85' lang='lat' dir='ltr'><strong>paradiso</strong></span> <span class='ocrx_word' id='word_1_409' title='bbox 1221 3912 1431 3966; x_wconf 70' lang='lat' dir='ltr'><strong>caelesti</strong></span> <span class='ocrx_word' id='word_1_410' title='bbox 1471 3914 1629 3978; x_wconf 82' lang='lat' dir='ltr'><strong>dixit,</strong></span> <span class='ocrx_word' id='word_1_411' title='bbox 1696 3918 2040 3987; x_wconf 77' lang='lat' dir='ltr'><strong>prophetiam</strong></span> <span class='ocrx_word' id='word_1_412' title='bbox 2093 3920 2161 3975; x_wconf 89' lang='lat' dir='ltr'><strong>de</strong></span> 
     </span>
    </p>
   </div>
   <div class='ocr_carea' id='block_1_70' title="bbox 583 3992 2163 4078">
    <p class='ocr_par' dir='ltr' id='par_1_70' title="bbox 583 3992 2163 4078">
     <span class='ocr_line' id='line_1_70' title="bbox 583 3992 2163 4078; baseline 0.013 -33"><span class='ocrx_word' id='word_1_413' title='bbox 583 3992 798 4046; x_wconf 72' lang='lat' dir='ltr'><strong>facta‘in</strong></span> <span class='ocrx_word' id='word_1_414' title='bbox 818 3997 1083 4052; x_wconf 79' lang='lat' dir='ltr'><strong>extremis</strong></span> <span class='ocrx_word' id='word_1_415' title='bbox 1100 4001 1441 4068; x_wconf 82' lang='lat' dir='ltr'><strong>temporibus</strong></span> <span class='ocrx_word' id='word_1_416' title='bbox 1461 4004 1514 4057; x_wconf 91' lang='lat' dir='ltr'><strong>in</strong></span> <span class='ocrx_word' id='word_1_417' title='bbox 1541 4004 1762 4061; x_wconf 87' lang='lat' dir='ltr'><strong>Christo</strong></span> <span class='ocrx_word' id='word_1_418' title='bbox 1784 4010 2163 4078; x_wconf 86' lang='lat' dir='ltr'><strong>assumptione</strong></span> 
     </span>
    </p>
   </div>
   <div class='ocr_carea' id='block_1_71' title="bbox 584 4080 2159 4170">
    <p class='ocr_par' dir='ltr' id='par_1_71' title="bbox 584 4080 2159 4170">
     <span class='ocr_line' id='line_1_71' title="bbox 584 4080 2159 4170; baseline 0.014 -37"><span class='ocrx_word' id='word_1_419' title='bbox 584 4080 640 4134; x_wconf 89' lang='lat' dir='ltr'><strong>in</strong></span> <span class='ocrx_word' id='word_1_420' title='bbox 672 4085 843 4138; x_wconf 75' lang='lat' dir='ltr'><strong>ctelos</strong></span> <span class='ocrx_word' id='word_1_421' title='bbox 888 4085 1142 4142; x_wconf 73' lang='lat' dir='ltr'><strong>humana:</strong></span> <span class='ocrx_word' id='word_1_422' title='bbox 1173 4103 1405 4146; x_wconf 77' lang='lat' dir='ltr'><strong>naturze.</strong></span> <span class='ocrx_word' id='word_1_423' title='bbox 1443 4093 1598 4160; x_wconf 86' lang='lat' dir='ltr'><strong>Quod</strong></span> <span class='ocrx_word' id='word_1_424' title='bbox 1655 4095 1699 4150; x_wconf 93' lang='lat' dir='ltr'><strong>si</strong></span> <span class='ocrx_word' id='word_1_425' title='bbox 1750 4106 2011 4168; x_wconf 90' lang='lat' dir='ltr'><strong>tanquam</strong></span> <span class='ocrx_word' id='word_1_426' title='bbox 2047 4101 2159 4170; x_wconf 82' lang='lat' dir='ltr'><strong>jam</strong></span> 
     </span>
    </p>
   </div>
   <div class='ocr_carea' id='block_1_72' title="bbox 585 4175 2156 4260">
    <p class='ocr_par' dir='ltr' id='par_1_72' title="bbox 585 4175 2156 4260">
     <span class='ocr_line' id='line_1_72' title="bbox 585 4175 2156 4260; baseline 0.013 -35"><span class='ocrx_word' id='word_1_427' title='bbox 585 4175 951 4243; x_wconf 59' lang='lat' dir='ltr'><strong>praeteritum,</strong></span> <span class='ocrx_word' id='word_1_428' title='bbox 985 4178 1038 4233; x_wconf 89' lang='lat' dir='ltr'><strong>id</strong></span> <span class='ocrx_word' id='word_1_429' title='bbox 1070 4182 1218 4250; x_wconf 87' lang='lat' dir='ltr'><strong>quod</strong></span> <span class='ocrx_word' id='word_1_430' title='bbox 1252 4182 1502 4239; x_wconf 81' lang='lat' dir='ltr'><strong>futurum</strong></span> <span class='ocrx_word' id='word_1_431' title='bbox 1533 4195 1637 4251; x_wconf 87' lang='lat' dir='ltr'><strong>est,</strong></span> <span class='ocrx_word' id='word_1_432' title='bbox 1688 4188 1824 4243; x_wconf 91' lang='lat' dir='ltr'><strong>dicit</strong></span> <span class='ocrx_word' id='word_1_433' title='bbox 1850 4191 2156 4260; x_wconf 89' lang='lat' dir='ltr'><strong>propheta;</strong></span> 
     </span>
    </p>
   </div>
   <div class='ocr_carea' id='block_1_73' title="bbox 587 4263 2162 4351">
    <p class='ocr_par' dir='ltr' id='par_1_73' title="bbox 587 4263 2162 4351">
     <span class='ocr_line' id='line_1_73' title="bbox 587 4263 2162 4351; baseline 0.013 -34"><span class='ocrx_word' id='word_1_434' title='bbox 587 4263 777 4331; x_wconf 87' lang='lat' dir='ltr'><strong>habes,</strong></span> <span class='ocrx_word' id='word_1_435' title='bbox 806 4268 983 4338; x_wconf 89' lang='lat' dir='ltr'><strong>inquit</strong></span> <span class='ocrx_word' id='word_1_436' title='bbox 1014 4287 1243 4342; x_wconf 84' lang='lat' dir='ltr'><strong>magnus</strong></span> <span class='ocrx_word' id='word_1_437' title='bbox 1294 4275 1638 4343; x_wconf 86' lang='lat' dir='ltr'><strong>Ambrosius,</strong></span> <span class='ocrx_word' id='word_1_438' title='bbox 1679 4279 1748 4334; x_wconf 92' lang='lat' dir='ltr'><strong>de</strong></span> <span class='ocrx_word' id='word_1_439' title='bbox 1776 4296 1843 4337; x_wconf 93' lang='lat' dir='ltr'><strong>co</strong></span> <span class='ocrx_word' id='word_1_440' title='bbox 1897 4282 2162 4351; x_wconf 65' lang='lat' dir='ltr'><strong>plurimas</strong></span> 
     </span>
    </p>
   </div>
   <div class='ocr_carea' id='block_1_74' title="bbox 587 4354 2162 4439">
    <p class='ocr_par' dir='ltr' id='par_1_74' title="bbox 587 4354 2162 4439">
     <span class='ocr_line' id='line_1_74' title="bbox 587 4354 2162 4439; baseline 0.013 -31"><span class='ocrx_word' id='word_1_441' title='bbox 587 4354 644 4409; x_wconf 89' lang='lat' dir='ltr'><strong>in</strong></span> <span class='ocrx_word' id='word_1_442' title='bbox 672 4357 952 4427; x_wconf 86' lang='lat' dir='ltr'><strong>Scriptura</strong></span> <span class='ocrx_word' id='word_1_443' title='bbox 1001 4365 1371 4432; x_wconf 87' lang='lat' dir='ltr'><strong>probationes,</strong></span> <span class='ocrx_word' id='word_1_444' title='bbox 1415 4377 1475 4421; x_wconf 88' lang='lat' dir='ltr'><strong>ut</strong></span> <span class='ocrx_word' id='word_1_445' title='bbox 1533 4372 1925 4439; x_wconf 84' lang='lat' dir='ltr'><strong>quando-dicit</strong></span> <span class='ocrx_word' id='word_1_446' title='bbox 1966 4394 1979 4428; x_wconf 92' lang='lat'>:</span> <span class='ocrx_word' id='word_1_447' title='bbox 2017 4374 2162 4429; x_wconf 88' lang='lat' dir='ltr'><strong>Puer</strong></span> 
     </span>
    </p>
   </div>
   <div class='ocr_carea' id='block_1_75' title="bbox 2250 1869 3840 1946">
    <p class='ocr_par' dir='ltr' id='par_1_75' title="bbox 2250 1869 3840 1946">
     <span class='ocr_line' id='line_1_75' title="bbox 2250 1869 3840 1946; baseline 0.005 -21"><span class='ocrx_word' id='word_1_448' title='bbox 2250 1870 2480 1925; x_wconf 87' lang='lat' dir='ltr'><strong>credere</strong></span> <span class='ocrx_word' id='word_1_449' title='bbox 2514 1869 2611 1925; x_wconf 89' lang='lat' dir='ltr'><strong>Dei</strong></span> <span class='ocrx_word' id='word_1_450' title='bbox 2650 1887 2774 1927; x_wconf 90' lang='lat' dir='ltr'><strong>esse</strong></span> <span class='ocrx_word' id='word_1_451' title='bbox 2798 1883 3084 1929; x_wconf 89' lang='lat' dir='ltr'><strong>creaturas</strong></span> <span class='ocrx_word' id='word_1_452' title='bbox 3130 1875 3400 1930; x_wconf 81' lang='lat' dir='ltr'><strong>mundum</strong></span> <span class='ocrx_word' id='word_1_453' title='bbox 3445 1878 3551 1946; x_wconf 86' lang='lat' dir='ltr'><strong>qui</strong></span> <span class='ocrx_word' id='word_1_454' title='bbox 3581 1880 3840 1933; x_wconf 76' lang='lat' dir='ltr'><strong>cernitur.</strong></span> 
     </span>
    </p>
   </div>
   <div class='ocr_carea' id='block_1_76' title="bbox 2250 1958 3842 2041">
    <p class='ocr_par' dir='ltr' id='par_1_76' title="bbox 2250 1958 3842 2041">
     <span class='ocr_line' id='line_1_76' title="bbox 2250 1958 3842 2041; baseline 0.008 -31"><span class='ocrx_word' id='word_1_455' title='bbox 2250 1958 2619 2022; x_wconf 87' lang='lat' dir='ltr'><strong>Quamobrem</strong></span> <span class='ocrx_word' id='word_1_456' title='bbox 2648 1961 2773 2041; x_wconf 74' lang='lat' dir='ltr'><strong>jure</strong></span> <span class='ocrx_word' id='word_1_457' title='bbox 2803 1976 3025 2031; x_wconf 89' lang='lat' dir='ltr'><strong>quoque</strong></span> <span class='ocrx_word' id='word_1_458' title='bbox 3057 1961 3348 2033; x_wconf 86' lang='lat' dir='ltr'><strong>Origenem</strong></span> <span class='ocrx_word' id='word_1_459' title='bbox 3378 1965 3659 2035; x_wconf 81' lang='lat' dir='ltr'><strong>synodica</strong></span> <span class='ocrx_word' id='word_1_460' title='bbox 3689 1968 3842 2037; x_wconf 77' lang='lat' dir='ltr'><strong>depo-</strong></span> 
     </span>
    </p>
   </div>
   <div class='ocr_carea' id='block_1_77' title="bbox 2252 2050 3843 2126">
    <p class='ocr_par' dir='ltr' id='par_1_77' title="bbox 2252 2050 3843 2126">
     <span class='ocr_line' id='line_1_77' title="bbox 2252 2050 3843 2126; baseline 0.008 -25"><span class='ocrx_word' id='word_1_461' title='bbox 2252 2064 2391 2102; x_wconf 91' lang='lat' dir='ltr'><strong>nens</strong></span> <span class='ocrx_word' id='word_1_462' title='bbox 2419 2050 2693 2105; x_wconf 85' lang='lat' dir='ltr'><strong>sententia</strong></span> <span class='ocrx_word' id='word_1_463' title='bbox 2725 2052 2937 2122; x_wconf 87' lang='lat' dir='ltr'><strong>rejecit.</strong></span> <span class='ocrx_word' id='word_1_464' title='bbox 2968 2051 3268 2122; x_wconf 85' lang='lat' dir='ltr'><strong>Oportebat</strong></span> <span class='ocrx_word' id='word_1_465' title='bbox 3291 2055 3443 2108; x_wconf 71' lang='lat' dir='ltr'><strong>extim</strong></span> <span class='ocrx_word' id='word_1_466' title='bbox 3470 2057 3724 2126; x_wconf 80' lang='lat' dir='ltr'><strong>primum</strong></span> <span class='ocrx_word' id='word_1_467' title='bbox 3759 2059 3843 2112; x_wconf 73' lang='lat' dir='ltr'><strong>ad-</strong></span> 
     </span>
    </p>
   </div>
   <div class='ocr_carea' id='block_1_78' title="bbox 2209 2140 3844 2214">
    <p class='ocr_par' dir='ltr' id='par_1_78' title="bbox 2209 2140 3844 2214">
     <span class='ocr_line' id='line_1_78' title="bbox 2209 2140 3844 2214; baseline 0.009 -21"><span class='ocrx_word' id='word_1_468' title='bbox 2209 2196 2213 2199; x_wconf 46' lang='lat'>.</span> <span class='ocrx_word' id='word_1_469' title='bbox 2254 2141 2475 2195; x_wconf 87' lang='lat' dir='ltr'><strong>mittere</strong></span> <span class='ocrx_word' id='word_1_470' title='bbox 2510 2140 2799 2196; x_wconf 82' lang='lat' dir='ltr'><strong>historiam</strong></span> <span class='ocrx_word' id='word_1_471' title='bbox 2833 2160 2956 2214; x_wconf 71' lang='lat' dir='ltr'><strong>qua:</strong></span> <span class='ocrx_word' id='word_1_472' title='bbox 2978 2146 3237 2200; x_wconf 79' lang='lat' dir='ltr'><strong>convenit</strong></span> <span class='ocrx_word' id='word_1_473' title='bbox 3259 2146 3466 2202; x_wconf 69' lang='lat' dir='ltr'><strong>littera:</strong></span> <span class='ocrx_word' id='word_1_474' title='bbox 3495 2149 3743 2206; x_wconf 81' lang='lat' dir='ltr'><strong>:deinde</strong></span> <span class='ocrx_word' id='word_1_475' title='bbox 3766 2153 3844 2208; x_wconf 82' lang='lat' dir='ltr'><strong>ubi</strong></span> 
     </span>
    </p>
   </div>
   <div class='ocr_carea' id='block_1_79' title="bbox 2254 2234 3844 2309">
    <p class='ocr_par' dir='ltr' id='par_1_79' title="bbox 2254 2234 3844 2309">
     <span class='ocr_line' id='line_1_79' title="bbox 2254 2234 3844 2309; baseline 0.01 -25"><span class='ocrx_word' id='word_1_476' title='bbox 2254 2242 2473 2302; x_wconf 83' lang='lat' dir='ltr'><strong>Oportet</strong></span> <span class='ocrx_word' id='word_1_477' title='bbox 2500 2234 2803 2303; x_wconf 90' lang='lat' dir='ltr'><strong>procedere</strong></span> <span class='ocrx_word' id='word_1_478' title='bbox 2829 2237 2901 2290; x_wconf 91' lang='lat' dir='ltr'><strong>ad</strong></span> <span class='ocrx_word' id='word_1_479' title='bbox 2953 2252 3242 2307; x_wconf 89' lang='lat' dir='ltr'><strong>anagogas.</strong></span> <span class='ocrx_word' id='word_1_480' title='bbox 3274 2239 3516 2309; x_wconf 87' lang='lat' dir='ltr'><strong>Propter</strong></span> <span class='ocrx_word' id='word_1_481' title='bbox 3552 2242 3705 2299; x_wconf 80' lang='lat' dir='ltr'><strong>hanc</strong></span> <span class='ocrx_word' id='word_1_482' title='bbox 3732 2261 3844 2299; x_wconf 77' lang='lat' dir='ltr'><strong>ean-</strong></span> 
     </span>
    </p>
   </div>
   <div class='ocr_carea' id='block_1_80' title="bbox 2256 2327 3845 2408">
    <p class='ocr_par' dir='ltr' id='par_1_80' title="bbox 2256 2327 3845 2408">
     <span class='ocr_line' id='line_1_80' title="bbox 2256 2327 3845 2408; baseline 0.008 -27"><span class='ocrx_word' id='word_1_483' title='bbox 2256 2342 2373 2381; x_wconf 87' lang='lat' dir='ltr'><strong>sam</strong></span> <span class='ocrx_word' id='word_1_484' title='bbox 2411 2327 2559 2398; x_wconf 90' lang='lat' dir='ltr'><strong>(dico</strong></span> <span class='ocrx_word' id='word_1_485' title='bbox 2591 2337 2776 2383; x_wconf 83' lang='lat' dir='ltr'><strong>autem</strong></span> <span class='ocrx_word' id='word_1_486' title='bbox 2796 2339 3024 2399; x_wconf 87' lang='lat' dir='ltr'><strong>propter</strong></span> <span class='ocrx_word' id='word_1_487' title='bbox 3054 2331 3275 2386; x_wconf 90' lang='lat' dir='ltr'><strong>inanem</strong></span> <span class='ocrx_word' id='word_1_488' title='bbox 3315 2333 3577 2389; x_wconf 83' lang='lat' dir='ltr'><strong>laborem</strong></span> <span class='ocrx_word' id='word_1_489' title='bbox 3609 2336 3845 2408; x_wconf 78' lang='lat' dir='ltr'><strong>Origenis</strong></span> 
     </span>
    </p>
   </div>
   <div class='ocr_carea' id='block_1_81' title="bbox 2255 2418 3844 2488">
    <p class='ocr_par' dir='ltr' id='par_1_81' title="bbox 2255 2418 3844 2488">
     <span class='ocr_line' id='line_1_81' title="bbox 2255 2418 3844 2488; baseline 0.009 -17"><span class='ocrx_word' id='word_1_490' title='bbox 2255 2418 2351 2488; x_wconf 92' lang='lat' dir='ltr'><strong>qui</strong></span> <span class='ocrx_word' id='word_1_491' title='bbox 2376 2419 2692 2475; x_wconf 85' lang='lat' dir='ltr'><strong>universam</strong></span> <span class='ocrx_word' id='word_1_492' title='bbox 2732 2436 2830 2476; x_wconf 75' lang='lat' dir='ltr'><strong>sex</strong></span> <span class='ocrx_word' id='word_1_493' title='bbox 2862 2420 3075 2477; x_wconf 91' lang='lat' dir='ltr'><strong>dierum</strong></span> <span class='ocrx_word' id='word_1_494' title='bbox 3109 2433 3419 2480; x_wconf 85' lang='lat' dir='ltr'><strong>creaturam</strong></span> <span class='ocrx_word' id='word_1_495' title='bbox 3442 2427 3844 2485; x_wconf 76' lang='lat' dir='ltr'><strong>ad-Iabulosam</strong></span> 
     </span>
    </p>
   </div>
   <div class='ocr_carea' id='block_1_82' title="bbox 2256 2508 3847 2587">
    <p class='ocr_par' dir='ltr' id='par_1_82' title="bbox 2256 2508 3847 2587">
     <span class='ocr_line' id='line_1_82' title="bbox 2256 2508 3847 2587; baseline 0.007 -25"><span class='ocrx_word' id='word_1_496' title='bbox 2256 2508 2486 2563; x_wconf 84' lang='lat' dir='ltr'><strong>deduxit</strong></span> <span class='ocrx_word' id='word_1_497' title='bbox 2520 2510 2858 2579; x_wconf 89' lang='lat' dir='ltr'><strong>allegoriam,</strong></span> <span class='ocrx_word' id='word_1_498' title='bbox 2893 2519 2952 2565; x_wconf 88' lang='lat' dir='ltr'><strong>et</strong></span> <span class='ocrx_word' id='word_1_499' title='bbox 2986 2527 3187 2582; x_wconf 84' lang='lat' dir='ltr'><strong>corpus</strong></span> <span class='ocrx_word' id='word_1_500' title='bbox 3217 2528 3390 2569; x_wconf 73' lang='lat' dir='ltr'><strong>sacrae</strong></span> <span class='ocrx_word' id='word_1_501' title='bbox 3414 2514 3738 2587; x_wconf 74' lang='lat' dir='ltr'><strong>Scriptura:</strong></span> <span class='ocrx_word' id='word_1_502' title='bbox 3758 2520 3847 2572; x_wconf 77' lang='lat' dir='ltr'><strong>im-</strong></span> 
     </span>
    </p>
   </div>
   <div class='ocr_carea' id='block_1_83' title="bbox 2258 2599 2892 2671">
    <p class='ocr_par' dir='ltr' id='par_1_83' title="bbox 2258 2599 2892 2671">
     <span class='ocr_line' id='line_1_83' title="bbox 2258 2599 2892 2671; baseline 0.006 -20"><span class='ocrx_word' id='word_1_503' title='bbox 2258 2599 2492 2653; x_wconf 84' lang='lat' dir='ltr'><strong>mutavit</strong></span> <span class='ocrx_word' id='word_1_504' title='bbox 2515 2607 2571 2653; x_wconf 90' lang='lat' dir='ltr'><strong>et</strong></span> <span class='ocrx_word' id='word_1_505' title='bbox 2595 2599 2892 2671; x_wconf 77' lang='lat' dir='ltr'><strong>alteravit.)</strong></span> 
     </span>
    </p>
   </div>
   <div class='ocr_carea' id='block_1_84' title="bbox 2330 2711 3016 2783">
    <p class='ocr_par' dir='ltr' id='par_1_84' title="bbox 2330 2711 3016 2783">
     <span class='ocr_line' id='line_1_84' title="bbox 2330 2711 3016 2783; baseline 0.004 -19"><span class='ocrx_word' id='word_1_506' title='bbox 2330 2713 2394 2765; x_wconf 90' lang='grc' dir='ltr'><strong>Οἱ</strong></span> <span class='ocrx_word' id='word_1_507' title='bbox 2427 2711 2684 2783; x_wconf 85' lang='grc' dir='ltr'><strong>νεώτεροι</strong></span> <span class='ocrx_word' id='word_1_508' title='bbox 2706 2713 2814 2765; x_wconf 83' lang='grc' dir='ltr'>τῶν</span> <span class='ocrx_word' id='word_1_509' title='bbox 2837 2714 3016 2767; x_wconf 85' lang='grc' dir='ltr'><strong>Ποιτέ-</strong></span> 
     </span>
    </p>
   </div>
   <div class='ocr_carea' id='block_1_85' title="bbox 2214 2807 3011 2879">
    <p class='ocr_par' dir='ltr' id='par_1_85' title="bbox 2214 2807 3011 2879">
     <span class='ocr_line' id='line_1_85' title="bbox 2214 2807 3011 2879; baseline 0.009 -24"><span class='ocrx_word' id='word_1_510' title='bbox 2214 2850 2217 2855; x_wconf 89' lang='grc'>.</span> <span class='ocrx_word' id='word_1_511' title='bbox 2264 2824 2392 2878; x_wconf 78' lang='grc' dir='ltr'>ρων·</span> <span class='ocrx_word' id='word_1_512' title='bbox 2417 2807 2561 2874; x_wconf 82' lang='grc' dir='ltr'><strong>λέγω</strong></span> <span class='ocrx_word' id='word_1_513' title='bbox 2584 2808 2671 2878; x_wconf 78' lang='grc' dir='ltr'><strong>δὴ,</strong></span> <span class='ocrx_word' id='word_1_514' title='bbox 2699 2809 2749 2860; x_wconf 87' lang='grc' dir='ltr'>οἱ</span> <span class='ocrx_word' id='word_1_515' title='bbox 2771 2809 2898 2879; x_wconf 69' lang='grc' dir='ltr'>περὶ</span> <span class='ocrx_word' id='word_1_516' title='bbox 2919 2809 3011 2862; x_wconf 81' lang='grc' dir='ltr'><strong>τὸν</strong></span> 
     </span>
    </p>
   </div>
   <div class='ocr_carea' id='block_1_86' title="bbox 2263 2901 3014 2967">
    <p class='ocr_par' dir='ltr' id='par_1_86' title="bbox 2263 2901 3014 2967">
     <span class='ocr_line' id='line_1_86' title="bbox 2263 2901 3014 2967; baseline 0.001 -14"><span class='ocrx_word' id='word_1_517' title='bbox 2263 2901 2404 2954; x_wconf 75' lang='grc' dir='ltr'><strong>Οείον</strong></span> <span class='ocrx_word' id='word_1_518' title='bbox 2441 2901 2753 2967; x_wconf 75' lang='grc' dir='ltr'><strong>Βασίλειον,</strong></span> <span class='ocrx_word' id='word_1_519' title='bbox 2799 2901 3014 2954; x_wconf 72' lang='grc' dir='ltr'><strong>καὶτὸν</strong></span> 
     </span>
    </p>
   </div>
   <div class='ocr_carea' id='block_1_87' title="bbox 2266 2994 3014 3063">
    <p class='ocr_par' dir='ltr' id='par_1_87' title="bbox 2266 2994 3014 3063">
     <span class='ocr_line' id='line_1_87' title="bbox 2266 2994 3014 3063; baseline 0.003 -18"><span class='ocrx_word' id='word_1_520' title='bbox 2266 2995 2502 3063; x_wconf 78' lang='grc' dir='ltr'><strong>Χριστοῦ</strong></span> <span class='ocrx_word' id='word_1_521' title='bbox 2547 2994 2791 3063; x_wconf 78' lang='grc' dir='ltr'><strong>ποταμὸν</strong></span> <span class='ocrx_word' id='word_1_522' title='bbox 2830 2995 3014 3048; x_wconf 79' lang='grc' dir='ltr'><strong>Ἰωάν-</strong></span> 
     </span>
    </p>
   </div>
   <div class='ocr_carea' id='block_1_88' title="bbox 2265 3086 3011 3156">
    <p class='ocr_par' dir='ltr' id='par_1_88' title="bbox 2265 3086 3011 3156">
     <span class='ocr_line' id='line_1_88' title="bbox 2265 3086 3011 3156; baseline 0.004 -19"><span class='ocrx_word' id='word_1_523' title='bbox 2265 3103 2361 3155; x_wconf 85' lang='grc' dir='ltr'><strong>νην</strong></span> <span class='ocrx_word' id='word_1_524' title='bbox 2427 3087 2520 3138; x_wconf 84' lang='grc' dir='ltr'><strong>τὸν</strong></span> <span class='ocrx_word' id='word_1_525' title='bbox 2588 3086 3011 3156; x_wconf 78' lang='grc' dir='ltr'><strong>Χρυσόστομον,</strong></span> 
     </span>
    </p>
   </div>
   <div class='ocr_carea' id='block_1_89' title="bbox 2264 3181 3017 3250">
    <p class='ocr_par' dir='ltr' id='par_1_89' title="bbox 2264 3181 3017 3250">
     <span class='ocr_line' id='line_1_89' title="bbox 2264 3181 3017 3250; baseline 0.001 -16"><span class='ocrx_word' id='word_1_526' title='bbox 2264 3181 2538 3250; x_wconf 84' lang='grc' dir='ltr'><strong>Θεόδωρόν</strong></span> <span class='ocrx_word' id='word_1_527' title='bbox 2566 3199 2626 3233; x_wconf 81' lang='grc' dir='ltr'><strong>τε</strong></span> <span class='ocrx_word' id='word_1_528' title='bbox 2654 3181 2746 3233; x_wconf 78' lang='grc' dir='ltr'><strong>τὸν</strong></span> <span class='ocrx_word' id='word_1_529' title='bbox 2782 3181 3017 3235; x_wconf 74' lang='grc' dir='ltr'><strong>ἐλεεινὸν</strong></span> 
     </span>
    </p>
   </div>
   <div class='ocr_carea' id='block_1_90' title="bbox 2262 3273 3013 3342">
    <p class='ocr_par' dir='ltr' id='par_1_90' title="bbox 2262 3273 3013 3342">
     <span class='ocr_line' id='line_1_90' title="bbox 2262 3273 3013 3342; baseline 0.001 -18"><span class='ocrx_word' id='word_1_530' title='bbox 2262 3273 2428 3336; x_wconf 81' lang='grc' dir='ltr'>ὄντως</span> <span class='ocrx_word' id='word_1_531' title='bbox 2461 3273 2760 3342; x_wconf 82' lang='grc' dir='ltr'><strong>Ἀντιοχέα,</strong></span> <span class='ocrx_word' id='word_1_532' title='bbox 2795 3274 2891 3326; x_wconf 75' lang='grc' dir='ltr'><strong>καὶ</strong></span> <span class='ocrx_word' id='word_1_533' title='bbox 2922 3274 3013 3325; x_wconf 89' lang='grc' dir='ltr'><strong>Σε-</strong></span> 
     </span>
    </p>
   </div>
   <div class='ocr_carea' id='block_1_91' title="bbox 2263 3366 3012 3438">
    <p class='ocr_par' dir='ltr' id='par_1_91' title="bbox 2263 3366 3012 3438">
     <span class='ocr_line' id='line_1_91' title="bbox 2263 3366 3012 3438; baseline 0 -19"><span class='ocrx_word' id='word_1_534' title='bbox 2263 3366 2432 3437; x_wconf 86' lang='grc' dir='ltr'>6ἧρον</span> <span class='ocrx_word' id='word_1_535' title='bbox 2475 3367 2567 3420; x_wconf 78' lang='grc' dir='ltr'><strong>τὸν</strong></span> <span class='ocrx_word' id='word_1_536' title='bbox 2610 3366 2969 3438; x_wconf 74' lang='grc' dir='ltr'><strong>Γασαλεαπὴν</strong></span> <span class='ocrx_word' id='word_1_537' title='bbox 2997 3407 3012 3431; x_wconf 82' lang='grc'><em>,</em></span> 
     </span>
    </p>
   </div>
   <div class='ocr_carea' id='block_1_92' title="bbox 2264 3459 3015 3528">
    <p class='ocr_par' dir='ltr' id='par_1_92' title="bbox 2264 3459 3015 3528">
     <span class='ocr_line' id='line_1_92' title="bbox 2264 3459 3015 3528; baseline -0.001 -16"><span class='ocrx_word' id='word_1_538' title='bbox 2264 3459 2523 3513; x_wconf 79' lang='grc' dir='ltr'><strong>Εὐσέϐιόν</strong></span> <span class='ocrx_word' id='word_1_539' title='bbox 2556 3473 2616 3511; x_wconf 84' lang='grc' dir='ltr'>τε</span> <span class='ocrx_word' id='word_1_540' title='bbox 2650 3459 2739 3511; x_wconf 78' lang='grc' dir='ltr'><strong>τὸν</strong></span> <span class='ocrx_word' id='word_1_541' title='bbox 2781 3459 3015 3528; x_wconf 76' lang='grc' dir='ltr'><strong>Ἐμεση-</strong></span> 
     </span>
    </p>
   </div>
   <div class='ocr_carea' id='block_1_93' title="bbox 2263 3548 3015 3619">
    <p class='ocr_par' dir='ltr' id='par_1_93' title="bbox 2263 3548 3015 3619">
     <span class='ocr_line' id='line_1_93' title="bbox 2263 3548 3015 3619; baseline 0.003 -17"><span class='ocrx_word' id='word_1_542' title='bbox 2263 3550 2391 3611; x_wconf 82' lang='grc' dir='ltr'>νῶν,</span> <span class='ocrx_word' id='word_1_543' title='bbox 2435 3552 2531 3602; x_wconf 75' lang='grc' dir='ltr'><strong>καὶ</strong></span> <span class='ocrx_word' id='word_1_544' title='bbox 2569 3548 2661 3602; x_wconf 79' lang='grc' dir='ltr'>τὸν</span> <span class='ocrx_word' id='word_1_545' title='bbox 2699 3551 2878 3619; x_wconf 80' lang='grc' dir='ltr'>λόγοις</span> <span class='ocrx_word' id='word_1_546' title='bbox 2923 3552 3015 3604; x_wconf 75' lang='grc' dir='ltr'><strong>καὶ</strong></span> 
     </span>
    </p>
   </div>
   <div class='ocr_carea' id='block_1_94' title="bbox 2263 3640 3015 3715">
    <p class='ocr_par' dir='ltr' id='par_1_94' title="bbox 2263 3640 3015 3715">
     <span class='ocr_line' id='line_1_94' title="bbox 2263 3640 3015 3715; baseline 0 -21"><span class='ocrx_word' id='word_1_547' title='bbox 2263 3640 2447 3710; x_wconf 71' lang='grc' dir='ltr'><strong>ἔργοις</strong></span> <span class='ocrx_word' id='word_1_548' title='bbox 2550 3644 3015 3715; x_wconf 75' lang='grc' dir='ltr'><strong>τρισμακάριστον</strong></span> 
     </span>
    </p>
   </div>
   <div class='ocr_carea' id='block_1_95' title="bbox 2275 3736 3016 3808">
    <p class='ocr_par' dir='ltr' id='par_1_95' title="bbox 2275 3736 3016 3808">
     <span class='ocr_line' id='line_1_95' title="bbox 2275 3736 3016 3808; baseline -0.003 -20"><span class='ocrx_word' id='word_1_549' title='bbox 2275 3736 2612 3804; x_wconf 80' lang='grc' dir='ltr'>Ἐπιφάνιον,</span> <span class='ocrx_word' id='word_1_550' title='bbox 2653 3737 2923 3808; x_wconf 61' lang='lat' dir='ltr'><strong>nepam</strong></span> <span class='ocrx_word' id='word_1_551' title='bbox 2956 3751 3016 3786; x_wconf 87' lang='grc' dir='ltr'>τε</span> 
     </span>
    </p>
   </div>
   <div class='ocr_carea' id='block_1_96' title="bbox 2262 3831 3014 3904">
    <p class='ocr_par' dir='ltr' id='par_1_96' title="bbox 2262 3831 3014 3904">
     <span class='ocr_line' id='line_1_96' title="bbox 2262 3831 3014 3904; baseline -0.001 -20"><span class='ocrx_word' id='word_1_552' title='bbox 2262 3832 2354 3886; x_wconf 82' lang='grc' dir='ltr'><strong>τὸν</strong></span> <span class='ocrx_word' id='word_1_553' title='bbox 2374 3831 2745 3904; x_wconf 74' lang='grc' dir='ltr'><strong>Θεοφάντορα,</strong></span> <span class='ocrx_word' id='word_1_554' title='bbox 2769 3833 2864 3884; x_wconf 71' lang='grc' dir='ltr'><strong>καὶ</strong></span> <span class='ocrx_word' id='word_1_555' title='bbox 2887 3831 3014 3884; x_wconf 77' lang='grc' dir='ltr'><strong>Θεό-</strong></span> 
     </span>
    </p>
   </div>
   <div class='ocr_carea' id='block_1_97' title="bbox 2265 3920 3017 3998">
    <p class='ocr_par' dir='ltr' id='par_1_97' title="bbox 2265 3920 3017 3998">
     <span class='ocr_line' id='line_1_97' title="bbox 2265 3920 3017 3998; baseline -0.001 -18"><span class='ocrx_word' id='word_1_556' title='bbox 2265 3928 2417 3995; x_wconf 83' lang='grc' dir='ltr'>φιλον</span> <span class='ocrx_word' id='word_1_557' title='bbox 2432 3944 2445 3956; x_wconf 89' lang='grc'><strong>·</strong></span> <span class='ocrx_word' id='word_1_558' title='bbox 2484 3927 2683 3998; x_wconf 68' lang='grc' dir='ltr'>μᾶλλον</span> <span class='ocrx_word' id='word_1_559' title='bbox 2711 3920 2857 3981; x_wconf 76' lang='grc' dir='ltr'>οὗτοι</span> <span class='ocrx_word' id='word_1_560' title='bbox 2881 3926 3017 3980; x_wconf 84' lang='grc' dir='ltr'><strong>πάν-</strong></span> 
     </span>
    </p>
   </div>
   <div class='ocr_carea' id='block_1_98' title="bbox 2262 4020 3014 4092">
    <p class='ocr_par' dir='ltr' id='par_1_98' title="bbox 2262 4020 3014 4092">
     <span class='ocr_line' id='line_1_98' title="bbox 2262 4020 3014 4092; baseline 0 -19"><span class='ocrx_word' id='word_1_561' title='bbox 2262 4039 2352 4084; x_wconf 85' lang='grc' dir='ltr'><strong>τες</strong></span> <span class='ocrx_word' id='word_1_562' title='bbox 2396 4021 2537 4074; x_wconf 81' lang='grc' dir='ltr'>κατὰ</span> <span class='ocrx_word' id='word_1_563' title='bbox 2577 4020 2637 4074; x_wconf 87' lang='grc' dir='ltr'><strong>τδ</strong></span> <span class='ocrx_word' id='word_1_564' title='bbox 2671 4021 2905 4092; x_wconf 80' lang='grc' dir='ltr'><strong>γράμμα</strong></span> <span class='ocrx_word' id='word_1_565' title='bbox 2946 4020 3014 4073; x_wconf 83' lang='grc' dir='ltr'><strong>τὰ</strong></span> 
     </span>
    </p>
   </div>
   <div class='ocr_carea' id='block_1_99' title="bbox 2265 4112 3016 4185">
    <p class='ocr_par' dir='ltr' id='par_1_99' title="bbox 2265 4112 3016 4185">
     <span class='ocr_line' id='line_1_99' title="bbox 2265 4112 3016 4185; baseline -0.003 -19"><span class='ocrx_word' id='word_1_566' title='bbox 2265 4115 2668 4185; x_wconf 73' lang='grc' dir='ltr'><strong>συγγράμματα</strong></span> <span class='ocrx_word' id='word_1_567' title='bbox 2809 4112 3016 4165; x_wconf 78' lang='grc' dir='ltr'>ἑαυτῶν</span> 
     </span>
    </p>
   </div>
   <div class='ocr_carea' id='block_1_100' title="bbox 3167 2718 3841 2786">
    <p class='ocr_par' dir='ltr' id='par_1_100' title="bbox 3167 2718 3841 2786">
     <span class='ocr_line' id='line_1_100' title="bbox 3167 2718 3841 2786; baseline 0.012 -15"><span class='ocrx_word' id='word_1_568' title='bbox 3167 2718 3538 2776; x_wconf 81' lang='lat' dir='ltr'><strong>Reeentiores</strong></span> <span class='ocrx_word' id='word_1_569' title='bbox 3627 2724 3811 2779; x_wconf 82' lang='lat' dir='ltr'><strong>Patres</strong></span> <span class='ocrx_word' id='word_1_570' title='bbox 3829 2768 3841 2786; x_wconf 83' lang='grc'>,</span> 
     </span>
    </p>
   </div>
   <div class='ocr_carea' id='block_1_101' title="bbox 3086 2810 3837 2882">
    <p class='ocr_par' dir='ltr' id='par_1_101' title="bbox 3086 2810 3837 2882">
     <span class='ocr_line' id='line_1_101' title="bbox 3086 2810 3837 2882; baseline 0.013 -20"><span class='ocrx_word' id='word_1_571' title='bbox 3086 2810 3330 2873; x_wconf 89' lang='lat' dir='ltr'><strong>divinus,</strong></span> <span class='ocrx_word' id='word_1_572' title='bbox 3385 2813 3630 2882; x_wconf 86' lang='lat' dir='ltr'><strong>inquam</strong></span> <span class='ocrx_word' id='word_1_573' title='bbox 3648 2856 3666 2878; x_wconf 88' lang='lat'><strong>,</strong></span> <span class='ocrx_word' id='word_1_574' title='bbox 3708 2816 3837 2871; x_wconf 79' lang='lat' dir='ltr'><strong>Basi-</strong></span> 
     </span>
    </p>
   </div>
   <div class='ocr_carea' id='block_1_102' title="bbox 3088 2902 3848 2966">
    <p class='ocr_par' dir='ltr' id='par_1_102' title="bbox 3088 2902 3848 2966">
     <span class='ocr_line' id='line_1_102' title="bbox 3088 2902 3848 2966; baseline 0.013 -12"><span class='ocrx_word' id='word_1_575' title='bbox 3088 2902 3227 2966; x_wconf 90' lang='lat' dir='ltr'><strong>lius,</strong></span> <span class='ocrx_word' id='word_1_576' title='bbox 3277 2912 3335 2957; x_wconf 88' lang='lat' dir='ltr'><strong>et</strong></span> <span class='ocrx_word' id='word_1_577' title='bbox 3382 2904 3607 2962; x_wconf 89' lang='lat' dir='ltr'><strong>Christi</strong></span> <span class='ocrx_word' id='word_1_578' title='bbox 3664 2908 3848 2965; x_wconf 69' lang='lat' dir='ltr'><strong>ﬂuvius</strong></span> 
     </span>
    </p>
   </div>
   <div class='ocr_carea' id='block_1_103' title="bbox 3062 2996 3845 3072">
    <p class='ocr_par' dir='ltr' id='par_1_103' title="bbox 3062 2996 3845 3072">
     <span class='ocr_line' id='line_1_103' title="bbox 3062 2996 3845 3072; baseline 0.006 -20"><span class='ocrx_word' id='word_1_579' title='bbox 3062 3034 3070 3041; x_wconf 89' lang='grc'><strong>-</strong></span> <span class='ocrx_word' id='word_1_580' title='bbox 3086 2996 3327 3052; x_wconf 82' lang='lat' dir='ltr'><strong>Joannes</strong></span> <span class='ocrx_word' id='word_1_581' title='bbox 3378 2999 3817 3072; x_wconf 79' lang='lat' dir='ltr'><strong>Cbrysostomus</strong></span> <span class='ocrx_word' id='word_1_582' title='bbox 3831 3046 3845 3069; x_wconf 82' lang='lat'><strong>,</strong></span> 
     </span>
    </p>
   </div>
   <div class='ocr_carea' id='block_1_104' title="bbox 3087 3091 3849 3151">
    <p class='ocr_par' dir='ltr' id='par_1_104' title="bbox 3087 3091 3849 3151">
     <span class='ocr_line' id='line_1_104' title="bbox 3087 3091 3849 3151; baseline 0.01 -7"><span class='ocrx_word' id='word_1_583' title='bbox 3087 3099 3143 3145; x_wconf 90' lang='lat' dir='ltr'><strong>et</strong></span> <span class='ocrx_word' id='word_1_584' title='bbox 3172 3091 3505 3148; x_wconf 86' lang='lat' dir='ltr'><strong>Theodorus</strong></span> <span class='ocrx_word' id='word_1_585' title='bbox 3528 3109 3673 3151; x_wconf 84' lang='lat' dir='ltr'><strong>vere</strong></span> <span class='ocrx_word' id='word_1_586' title='bbox 3698 3098 3849 3151; x_wconf 77' lang='lat' dir='ltr'><strong>mira-</strong></span> 
     </span>
    </p>
   </div>
   <div class='ocr_carea' id='block_1_105' title="bbox 3088 3182 3850 3253">
    <p class='ocr_par' dir='ltr' id='par_1_105' title="bbox 3088 3182 3850 3253">
     <span class='ocr_line' id='line_1_105' title="bbox 3088 3182 3850 3253; baseline 0.014 -18"><span class='ocrx_word' id='word_1_587' title='bbox 3088 3182 3217 3237; x_wconf 91' lang='lat' dir='ltr'><strong>bilis</strong></span> <span class='ocrx_word' id='word_1_588' title='bbox 3245 3184 3667 3253; x_wconf 83' lang='lat' dir='ltr'><strong>Antiochenus,</strong></span> <span class='ocrx_word' id='word_1_589' title='bbox 3696 3190 3850 3245; x_wconf 75' lang='lat' dir='ltr'><strong>etSe-</strong></span> 
     </span>
    </p>
   </div>
   <div class='ocr_carea' id='block_1_106' title="bbox 3087 3278 3847 3347">
    <p class='ocr_par' dir='ltr' id='par_1_106' title="bbox 3087 3278 3847 3347">
     <span class='ocr_line' id='line_1_106' title="bbox 3087 3278 3847 3347; baseline 0.008 -16"><span class='ocrx_word' id='word_1_590' title='bbox 3087 3293 3253 3332; x_wconf 85' lang='lat' dir='ltr'><strong>verus</strong></span> <span class='ocrx_word' id='word_1_591' title='bbox 3275 3278 3641 3347; x_wconf 84' lang='lat' dir='ltr'><strong>Gabaleotes,</strong></span> <span class='ocrx_word' id='word_1_592' title='bbox 3676 3293 3734 3339; x_wconf 87' lang='lat' dir='ltr'><strong>et</strong></span> <span class='ocrx_word' id='word_1_593' title='bbox 3755 3285 3847 3339; x_wconf 81' lang='lat' dir='ltr'><strong>Eu-</strong></span> 
     </span>
    </p>
   </div>
   <div class='ocr_carea' id='block_1_107' title="bbox 3087 3366 3847 3439">
    <p class='ocr_par' dir='ltr' id='par_1_107' title="bbox 3087 3366 3847 3439">
     <span class='ocr_line' id='line_1_107' title="bbox 3087 3366 3847 3439; baseline 0.009 -16"><span class='ocrx_word' id='word_1_594' title='bbox 3087 3366 3272 3425; x_wconf 87' lang='lat' dir='ltr'><strong>sebius</strong></span> <span class='ocrx_word' id='word_1_595' title='bbox 3292 3371 3625 3439; x_wconf 86' lang='lat' dir='ltr'><strong>Emisenus,</strong></span> <span class='ocrx_word' id='word_1_596' title='bbox 3657 3385 3717 3431; x_wconf 88' lang='lat' dir='ltr'><strong>et</strong></span> <span class='ocrx_word' id='word_1_597' title='bbox 3734 3392 3847 3429; x_wconf 81' lang='lat' dir='ltr'><strong>ver-</strong></span> 
     </span>
    </p>
   </div>
   <div class='ocr_carea' id='block_1_108' title="bbox 3091 3460 3847 3521">
    <p class='ocr_par' dir='ltr' id='par_1_108' title="bbox 3091 3460 3847 3521">
     <span class='ocr_line' id='line_1_108' title="bbox 3091 3460 3847 3521; baseline 0.011 -8"><span class='ocrx_word' id='word_1_598' title='bbox 3091 3460 3173 3515; x_wconf 87' lang='lat' dir='ltr'><strong>bis</strong></span> <span class='ocrx_word' id='word_1_599' title='bbox 3201 3472 3257 3516; x_wconf 86' lang='lat' dir='ltr'><strong>et</strong></span> <span class='ocrx_word' id='word_1_600' title='bbox 3279 3461 3444 3519; x_wconf 79' lang='lat' dir='ltr'><strong>factis</strong></span> <span class='ocrx_word' id='word_1_601' title='bbox 3493 3465 3847 3521; x_wconf 84' lang='lat' dir='ltr'><strong>beatissimus</strong></span> 
     </span>
    </p>
   </div>
   <div class='ocr_carea' id='block_1_109' title="bbox 3084 3551 3845 3620">
    <p class='ocr_par' dir='ltr' id='par_1_109' title="bbox 3084 3551 3845 3620">
     <span class='ocr_line' id='line_1_109' title="bbox 3084 3551 3845 3620; baseline 0.012 -17"><span class='ocrx_word' id='word_1_602' title='bbox 3084 3551 3473 3620; x_wconf 84' lang='lat' dir='ltr'><strong>Epiphanius.</strong></span> <span class='ocrx_word' id='word_1_603' title='bbox 3515 3565 3575 3610; x_wconf 84' lang='lat' dir='ltr'><strong>et</strong></span> <span class='ocrx_word' id='word_1_604' title='bbox 3628 3558 3728 3611; x_wconf 87' lang='lat' dir='ltr'><strong>Dei</strong></span> <span class='ocrx_word' id='word_1_605' title='bbox 3770 3560 3845 3611; x_wconf 88' lang='lat' dir='ltr'><strong>in-</strong></span> 
     </span>
    </p>
   </div>
   <div class='ocr_carea' id='block_1_110' title="bbox 3090 3644 3845 3729">
    <p class='ocr_par' dir='ltr' id='par_1_110' title="bbox 3090 3644 3845 3729">
     <span class='ocr_line' id='line_1_110' title="bbox 3090 3644 3845 3729; baseline 0.011 -32"><span class='ocrx_word' id='word_1_606' title='bbox 3090 3653 3302 3714; x_wconf 90' lang='lat' dir='ltr'><strong>terpres</strong></span> <span class='ocrx_word' id='word_1_607' title='bbox 3322 3644 3571 3717; x_wconf 83' lang='lat' dir='ltr'><strong>Cyrillus</strong></span> <span class='ocrx_word' id='word_1_608' title='bbox 3592 3661 3655 3729; x_wconf 80' lang='lat' dir='ltr'><strong>et</strong></span> <span class='ocrx_word' id='word_1_609' title='bbox 3674 3650 3845 3704; x_wconf 82' lang='lat' dir='ltr'><strong>Theo-</strong></span> 
     </span>
    </p>
   </div>
   <div class='ocr_carea' id='block_1_111' title="bbox 3089 3739 3845 3808">
    <p class='ocr_par' dir='ltr' id='par_1_111' title="bbox 3089 3739 3845 3808">
     <span class='ocr_line' id='line_1_111' title="bbox 3089 3739 3845 3808; baseline 0.012 -17"><span class='ocrx_word' id='word_1_610' title='bbox 3089 3739 3315 3808; x_wconf 91' lang='lat' dir='ltr'><strong>philus,</strong></span> <span class='ocrx_word' id='word_1_611' title='bbox 3378 3743 3416 3795; x_wconf 92' lang='lat' dir='ltr'><strong>ii</strong></span> <span class='ocrx_word' id='word_1_612' title='bbox 3488 3758 3700 3799; x_wconf 87' lang='lat' dir='ltr'><strong>omnes</strong></span> <span class='ocrx_word' id='word_1_613' title='bbox 3756 3759 3845 3800; x_wconf 77' lang='lat' dir='ltr'><strong>sua</strong></span> 
     </span>
    </p>
   </div>
   <div class='ocr_carea' id='block_1_112' title="bbox 3085 3833 3845 3902">
    <p class='ocr_par' dir='ltr' id='par_1_112' title="bbox 3085 3833 3845 3902">
     <span class='ocr_line' id='line_1_112' title="bbox 3085 3833 3845 3902; baseline 0.009 -18"><span class='ocrx_word' id='word_1_614' title='bbox 3085 3833 3289 3902; x_wconf 88' lang='lat' dir='ltr'><strong>scripta</strong></span> <span class='ocrx_word' id='word_1_615' title='bbox 3359 3833 3427 3887; x_wconf 91' lang='lat' dir='ltr'><strong>de</strong></span> <span class='ocrx_word' id='word_1_616' title='bbox 3488 3850 3589 3889; x_wconf 76' lang='lat' dir='ltr'><strong>sex</strong></span> <span class='ocrx_word' id='word_1_617' title='bbox 3656 3837 3845 3891; x_wconf 85' lang='lat' dir='ltr'><strong>diebus</strong></span> 
     </span>
    </p>
   </div>
   <div class='ocr_carea' id='block_1_113' title="bbox 3086 3936 3844 4001">
    <p class='ocr_par' dir='ltr' id='par_1_113' title="bbox 3086 3936 3844 4001">
     <span class='ocr_line' id='line_1_113' title="bbox 3086 3936 3844 4001; baseline 0.008 -21"><span class='ocrx_word' id='word_1_618' title='bbox 3086 3936 3463 3997; x_wconf 78' lang='lat' dir='ltr'><strong>exposuerunt</strong></span> <span class='ocrx_word' id='word_1_619' title='bbox 3529 3946 3844 4001; x_wconf 83' lang='lat' dir='ltr'><strong>congruen-</strong></span> 
     </span>
    </p>
   </div>
   <div class='ocr_carea' id='block_1_114' title="bbox 3089 4020 3844 4083">
    <p class='ocr_par' dir='ltr' id='par_1_114' title="bbox 3089 4020 3844 4083">
     <span class='ocr_line' id='line_1_114' title="bbox 3089 4020 3844 4083; baseline 0.005 -9"><span class='ocrx_word' id='word_1_620' title='bbox 3089 4030 3172 4074; x_wconf 87' lang='lat' dir='ltr'><strong>ter</strong></span> <span class='ocrx_word' id='word_1_621' title='bbox 3199 4020 3399 4074; x_wconf 71' lang='lat' dir='ltr'><strong>littera:</strong></span> <span class='ocrx_word' id='word_1_622' title='bbox 3422 4061 3436 4083; x_wconf 88' lang='lat'><strong>,</strong></span> <span class='ocrx_word' id='word_1_623' title='bbox 3488 4022 3688 4077; x_wconf 83' lang='lat' dir='ltr'><strong>missis</strong></span> <span class='ocrx_word' id='word_1_624' title='bbox 3716 4024 3844 4077; x_wconf 84' lang='lat' dir='ltr'><strong>alle-</strong></span> 
     </span>
    </p>
   </div>
   <div class='ocr_carea' id='block_1_115' title="bbox 3090 4111 3699 4184">
    <p class='ocr_par' dir='ltr' id='par_1_115' title="bbox 3090 4111 3699 4184">
     <span class='ocr_line' id='line_1_115' title="bbox 3090 4111 3699 4184; baseline 0.003 -18"><span class='ocrx_word' id='word_1_625' title='bbox 3090 4111 3259 4183; x_wconf 87' lang='lat' dir='ltr'><strong>goriis</strong></span> <span class='ocrx_word' id='word_1_626' title='bbox 3291 4122 3347 4167; x_wconf 89' lang='lat' dir='ltr'><strong>et</strong></span> <span class='ocrx_word' id='word_1_627' title='bbox 3377 4115 3699 4184; x_wconf 38' lang='lat' dir='ltr'><strong>anagogiss</strong></span> 
     </span>
    </p>
   </div>
   <div class='ocr_carea' id='block_1_116' title="bbox 2265 4200 3844 4274">
    <p class='ocr_par' dir='ltr' id='par_1_116' title="bbox 2265 4200 3844 4274">
     <span class='ocr_line' id='line_1_116' title="bbox 2265 4200 3844 4274; baseline 0.001 -20"><span class='ocrx_word' id='word_1_628' title='bbox 2265 4203 2391 4273; x_wconf 70' lang='grc' dir='ltr'>περὶ</span> <span class='ocrx_word' id='word_1_629' title='bbox 2427 4205 2524 4274; x_wconf 82' lang='grc' dir='ltr'><strong>τῆς</strong></span> <span class='ocrx_word' id='word_1_630' title='bbox 2560 4201 2908 4272; x_wconf 80' lang='grc' dir='ltr'><strong>Ἕξοιημέρου</strong></span> <span class='ocrx_word' id='word_1_631' title='bbox 2954 4201 3229 4266; x_wconf 70' lang='grc' dir='ltr'><strong>ἐξέθεντο,</strong></span> <span class='ocrx_word' id='word_1_632' title='bbox 3259 4200 3358 4264; x_wconf 80' lang='grc' dir='ltr'><strong>τὰς</strong></span> <span class='ocrx_word' id='word_1_633' title='bbox 3389 4200 3736 4274; x_wconf 69' lang='grc' dir='ltr'><strong>ἀλληγορίας</strong></span> <span class='ocrx_word' id='word_1_634' title='bbox 3764 4207 3844 4257; x_wconf 60' lang='grc' dir='ltr'><strong>καὶ</strong></span> 
     </span>
    </p>
   </div>
   <div class='ocr_carea' id='block_1_117' title="bbox 2260 4291 2993 4363">
    <p class='ocr_par' dir='ltr' id='par_1_117' title="bbox 2260 4291 2993 4363">
     <span class='ocr_line' id='line_1_117' title="bbox 2260 4291 2993 4363; baseline -0.004 -16"><span class='ocrx_word' id='word_1_635' title='bbox 2260 4294 2549 4362; x_wconf 78' lang='grc' dir='ltr'><strong>ἀναγωγὰς</strong></span> <span class='ocrx_word' id='word_1_636' title='bbox 2579 4294 2679 4361; x_wconf 84' lang='grc' dir='ltr'><strong>ὰφέ</strong></span> <span class='ocrx_word' id='word_1_637' title='bbox 2690 4310 2845 4363; x_wconf 71' lang='lat' dir='ltr'><strong>pauci</strong></span> <span class='ocrx_word' id='word_1_638' title='bbox 2869 4292 2936 4362; x_wconf 71' lang='lat'><strong>(2</strong></span> <span class='ocrx_word' id='word_1_639' title='bbox 2953 4291 2993 4353; x_wconf 86' lang='lat'><strong>).</strong></span> 
     </span>
    </p>
   </div>
   <div class='ocr_carea' id='block_1_118' title="bbox 2333 4378 3842 4453">
    <p class='ocr_par' dir='ltr' id='par_1_118' title="bbox 2333 4378 3842 4453">
     <span class='ocr_line' id='line_1_118' title="bbox 2333 4378 3842 4453; baseline 0.001 -16"><span class='ocrx_word' id='word_1_640' title='bbox 2333 4384 2564 4451; x_wconf 88' lang='lat' dir='ltr'><strong>Propter</strong></span> <span class='ocrx_word' id='word_1_641' title='bbox 2594 4382 2909 4445; x_wconf 84' lang='lat' dir='ltr'><strong>inanem,ut</strong></span> <span class='ocrx_word' id='word_1_642' title='bbox 2932 4381 3084 4451; x_wconf 91' lang='lat' dir='ltr'><strong>prius</strong></span> <span class='ocrx_word' id='word_1_643' title='bbox 3107 4379 3219 4434; x_wconf 82' lang='lat' dir='ltr'><strong>dixi</strong></span> <span class='ocrx_word' id='word_1_644' title='bbox 3242 4422 3258 4447; x_wconf 92' lang='lat'><strong>,</strong></span> <span class='ocrx_word' id='word_1_645' title='bbox 3296 4378 3559 4453; x_wconf 76' lang='lat' dir='ltr'><strong>Origenis</strong></span> <span class='ocrx_word' id='word_1_646' title='bbox 3577 4384 3842 4441; x_wconf 79' lang='lat' dir='ltr'><strong>laborem.</strong></span> 
     </span>
    </p>
   </div>
   <div class='ocr_carea' id='block_1_119' title="bbox 588 4451 3844 4543">
    <p class='ocr_par' dir='ltr' id='par_1_119' title="bbox 588 4451 3844 4543">
     <span class='ocr_line' id='line_1_119' title="bbox 588 4451 3844 4543; baseline 0.01 -42"><span class='ocrx_word' id='word_1_647' title='bbox 588 4457 747 4502; x_wconf 83' lang='lat' dir='ltr'><strong>natus</strong></span> <span class='ocrx_word' id='word_1_648' title='bbox 771 4461 845 4504; x_wconf 85' lang='lat' dir='ltr'><strong>est</strong></span> <span class='ocrx_word' id='word_1_649' title='bbox 879 4453 1023 4507; x_wconf 80' lang='lat' dir='ltr'><strong>nobis</strong></span> <span class='ocrx_word' id='word_1_650' title='bbox 1043 4456 1107 4507; x_wconf 70' lang='grc' dir='ltr'><strong>ι’.</strong></span> <span class='ocrx_word' id='word_1_651' title='bbox 1135 4458 1235 4510; x_wconf 85' lang='lat' dir='ltr'><strong>Et:</strong></span> <span class='ocrx_word' id='word_1_652' title='bbox 1270 4458 1535 4514; x_wconf 82' lang='lat' dir='ltr'><strong>Fodernnt</strong></span> <span class='ocrx_word' id='word_1_653' title='bbox 1584 4480 1773 4518; x_wconf 86' lang='lat' dir='ltr'><strong>manus</strong></span> <span class='ocrx_word' id='word_1_654' title='bbox 1823 4481 1966 4520; x_wconf 86' lang='lat' dir='ltr'><strong>meas</strong></span> <span class='ocrx_word' id='word_1_655' title='bbox 1994 4477 2043 4520; x_wconf 84' lang='lat' dir='ltr'><strong>et</strong></span> <span class='ocrx_word' id='word_1_656' title='bbox 2072 4485 2161 4539; x_wconf 85' lang='lat' dir='ltr'><strong>pe-</strong></span> <span class='ocrx_word' id='word_1_657' title='bbox 2192 4451 2236 4507; x_wconf 76' lang='grc' dir='ltr'><strong>υ</strong></span> <span class='ocrx_word' id='word_1_658' title='bbox 2266 4472 2366 4542; x_wconf 91' lang='lat' dir='ltr'><strong>ipsi</strong></span> <span class='ocrx_word' id='word_1_659' title='bbox 2399 4489 2619 4542; x_wconf 89' lang='lat' dir='ltr'><strong>quoque</strong></span> <span class='ocrx_word' id='word_1_660' title='bbox 2645 4472 2942 4527; x_wconf 80' lang='lat' dir='ltr'><strong>aﬂ‘ercntes</strong></span> <span class='ocrx_word' id='word_1_661' title='bbox 2972 4471 3078 4526; x_wconf 81' lang='lat' dir='ltr'><strong>ﬁde</strong></span> <span class='ocrx_word' id='word_1_662' title='bbox 3115 4451 3465 4542; x_wconf 81' lang='lat' dir='ltr'><strong>dignissimas</strong></span> <span class='ocrx_word' id='word_1_663' title='bbox 3487 4476 3844 4543; x_wconf 77' lang='lat' dir='ltr'><strong>probationes</strong></span> 
     </span>
    </p>
   </div>
   <div class='ocr_carea' id='block_1_120' title="bbox 589 4541 3842 4634">
    <p class='ocr_par' dir='ltr' id='par_1_120' title="bbox 589 4541 3842 4634">
     <span class='ocr_line' id='line_1_120' title="bbox 589 4541 3842 4634; baseline 0.008 -41"><span class='ocrx_word' id='word_1_664' title='bbox 589 4541 678 4594; x_wconf 85' lang='lat' dir='ltr'><strong>des</strong></span> <span class='ocrx_word' id='word_1_665' title='bbox 707 4558 845 4597; x_wconf 81' lang='lat' dir='ltr'><strong>meos</strong></span> <span class='ocrx_word' id='word_1_666' title='bbox 861 4546 926 4597; x_wconf 81' lang='lat'><strong>&quot;.</strong></span> <span class='ocrx_word' id='word_1_667' title='bbox 946 4547 1010 4599; x_wconf 82' lang='lat' dir='ltr'><strong>Et</strong></span> <span class='ocrx_word' id='word_1_668' title='bbox 1036 4565 1048 4600; x_wconf 90' lang='lat'><strong>:</strong></span> <span class='ocrx_word' id='word_1_669' title='bbox 1082 4548 1224 4602; x_wconf 71' lang='lat' dir='ltr'><strong>Dixit</strong></span> <span class='ocrx_word' id='word_1_670' title='bbox 1249 4550 1502 4607; x_wconf 79' lang='lat' dir='ltr'><strong>Dominus</strong></span> <span class='ocrx_word' id='word_1_671' title='bbox 1531 4555 1753 4610; x_wconf 88' lang='lat' dir='ltr'><strong>Domino</strong></span> <span class='ocrx_word' id='word_1_672' title='bbox 1779 4575 1895 4612; x_wconf 88' lang='lat' dir='ltr'><strong>meo</strong></span> <span class='ocrx_word' id='word_1_673' title='bbox 1917 4576 1934 4612; x_wconf 93' lang='lat'><strong><em>:</em></strong></span> <span class='ocrx_word' id='word_1_674' title='bbox 1958 4558 2095 4614; x_wconf 84' lang='lat' dir='ltr'><strong>Sede</strong></span> <span class='ocrx_word' id='word_1_675' title='bbox 2126 4580 2159 4616; x_wconf 90' lang='lat' dir='ltr'><strong>a</strong></span> <span class='ocrx_word' id='word_1_676' title='bbox 2256 4541 2314 4619; x_wconf 84' lang='lat' dir='ltr'><strong>et</strong></span> <span class='ocrx_word' id='word_1_677' title='bbox 2343 4541 2841 4618; x_wconf 81' lang='lat' dir='ltr'><strong>demonstrationes</strong></span> <span class='ocrx_word' id='word_1_678' title='bbox 2889 4564 2959 4617; x_wconf 91' lang='lat' dir='ltr'><strong>de</strong></span> <span class='ocrx_word' id='word_1_679' title='bbox 3008 4541 3196 4618; x_wconf 87' lang='lat' dir='ltr'><strong>sensili</strong></span> <span class='ocrx_word' id='word_1_680' title='bbox 3238 4564 3494 4633; x_wconf 87' lang='lat' dir='ltr'><strong>paradiso</strong></span> <span class='ocrx_word' id='word_1_681' title='bbox 3536 4567 3638 4634; x_wconf 90' lang='lat' dir='ltr'><strong>qui</strong></span> <span class='ocrx_word' id='word_1_682' title='bbox 3670 4570 3842 4623; x_wconf 79' lang='lat' dir='ltr'><strong>statim</strong></span> 
     </span>
    </p>
   </div>
   <div class='ocr_carea' id='block_1_121' title="bbox 589 4632 2159 4720">
    <p class='ocr_par' dir='ltr' id='par_1_121' title="bbox 589 4632 2159 4720">
     <span class='ocr_line' id='line_1_121' title="bbox 589 4632 2159 4720; baseline 0.016 -37"><span class='ocrx_word' id='word_1_683' title='bbox 589 4632 785 4687; x_wconf 68' lang='lat' dir='ltr'><strong>dextris</strong></span> <span class='ocrx_word' id='word_1_684' title='bbox 804 4637 1106 4693; x_wconf 78' lang='lat' dir='ltr'><strong>meis&quot;.Et:</strong></span> <span class='ocrx_word' id='word_1_685' title='bbox 1131 4640 1390 4697; x_wconf 82' lang='lat' dir='ltr'><strong>Dederunt</strong></span> <span class='ocrx_word' id='word_1_686' title='bbox 1406 4646 1459 4698; x_wconf 88' lang='lat' dir='ltr'><strong>in</strong></span> <span class='ocrx_word' id='word_1_687' title='bbox 1478 4663 1651 4701; x_wconf 85' lang='lat' dir='ltr'><strong>escam</strong></span> <span class='ocrx_word' id='word_1_688' title='bbox 1669 4666 1843 4704; x_wconf 86' lang='lat' dir='ltr'><strong>meam</strong></span> <span class='ocrx_word' id='word_1_689' title='bbox 1856 4651 1928 4720; x_wconf 76' lang='lat' dir='ltr'><strong>[et</strong></span> <span class='ocrx_word' id='word_1_690' title='bbox 1941 4655 2007 4715; x_wconf 80' lang='lat'><strong>“,</strong></span> <span class='ocrx_word' id='word_1_691' title='bbox 2026 4664 2159 4719; x_wconf 89' lang='lat' dir='ltr'><strong>etc.,</strong></span> 
     </span>
    </p>
   </div>
   <div class='ocr_carea' id='block_1_122' title="bbox 589 4728 2160 4801">
    <p class='ocr_par' dir='ltr' id='par_1_122' title="bbox 589 4728 2160 4801">
     <span class='ocr_line' id='line_1_122' title="bbox 589 4728 2160 4801; baseline 0.016 -27"><span class='ocrx_word' id='word_1_692' title='bbox 589 4730 648 4775; x_wconf 91' lang='lat' dir='ltr'><strong>et</strong></span> <span class='ocrx_word' id='word_1_693' title='bbox 675 4738 796 4792; x_wconf 75' lang='lat' dir='ltr'><strong>qua:</strong></span> <span class='ocrx_word' id='word_1_694' title='bbox 826 4736 957 4780; x_wconf 85' lang='lat' dir='ltr'><strong>sunt</strong></span> <span class='ocrx_word' id='word_1_695' title='bbox 982 4728 1319 4797; x_wconf 73' lang='lat' dir='ltr'><strong>huiusmodi.</strong></span> <span class='ocrx_word' id='word_1_696' title='bbox 1357 4735 1528 4791; x_wconf 81' lang='lat' dir='ltr'><strong>Recte</strong></span> <span class='ocrx_word' id='word_1_697' title='bbox 1561 4746 1744 4793; x_wconf 91' lang='lat' dir='ltr'><strong>autem</strong></span> <span class='ocrx_word' id='word_1_698' title='bbox 1776 4740 1986 4798; x_wconf 86' lang='lat' dir='ltr'><strong>dictum</strong></span> <span class='ocrx_word' id='word_1_699' title='bbox 2033 4754 2115 4801; x_wconf 82' lang='lat' dir='ltr'><strong>est</strong></span> <span class='ocrx_word' id='word_1_700' title='bbox 2144 4763 2160 4799; x_wconf 87' lang='lat'><strong>:</strong></span> 
     </span>
    </p>
   </div>
   <div class='ocr_carea' id='block_1_123' title="bbox 593 4809 2163 4905">
    <p class='ocr_par' dir='ltr' id='par_1_123' title="bbox 593 4809 2163 4905">
     <span class='ocr_line' id='line_1_123' title="bbox 593 4809 2163 4905; baseline 0.018 -40"><span class='ocrx_word' id='word_1_701' title='bbox 593 4809 852 4883; x_wconf 72' lang='lat' dir='ltr'><strong>Exposuit</strong></span> <span class='ocrx_word' id='word_1_702' title='bbox 891 4818 1002 4872; x_wconf 84' lang='lat' dir='ltr'><strong>illic</strong></span> <span class='ocrx_word' id='word_1_703' title='bbox 1034 4822 1295 4877; x_wconf 77' lang='lat' dir='ltr'><strong>hominem</strong></span> <span class='ocrx_word' id='word_1_704' title='bbox 1343 4842 1498 4895; x_wconf 81' lang='lat' dir='ltr'><strong>quem</strong></span> <span class='ocrx_word' id='word_1_705' title='bbox 1543 4828 1698 4896; x_wconf 75' lang='lat' dir='ltr'><strong>ﬁnxit</strong></span> <span class='ocrx_word' id='word_1_706' title='bbox 1733 4848 1941 4902; x_wconf 91' lang='lat' dir='ltr'><strong>:quem</strong></span> <span class='ocrx_word' id='word_1_707' title='bbox 1976 4838 2163 4905; x_wconf 89' lang='lat' dir='ltr'><strong>posuit</strong></span> 
     </span>
    </p>
   </div>
   <div class='ocr_carea' id='block_1_124' title="bbox 590 4903 2165 4982">
    <p class='ocr_par' dir='ltr' id='par_1_124' title="bbox 590 4903 2165 4982">
     <span class='ocr_line' id='line_1_124' title="bbox 590 4903 2165 4982; baseline 0.017 -26"><span class='ocrx_word' id='word_1_708' title='bbox 590 4903 849 4960; x_wconf 68' lang='lat' dir='ltr'><strong>Ita’redem</strong></span> <span class='ocrx_word' id='word_1_709' title='bbox 872 4911 1237 4967; x_wconf 80' lang='lat' dir='ltr'><strong>universorum</strong></span> <span class='ocrx_word' id='word_1_710' title='bbox 1254 4916 1318 4977; x_wconf 83' lang='lat'><strong>“,</strong></span> <span class='ocrx_word' id='word_1_711' title='bbox 1351 4916 1653 4974; x_wconf 85' lang='lat' dir='ltr'><strong>Christum.</strong></span> <span class='ocrx_word' id='word_1_712' title='bbox 1674 4922 1829 4977; x_wconf 88' lang='lat' dir='ltr'><strong>Unde</strong></span> <span class='ocrx_word' id='word_1_713' title='bbox 1864 4903 2074 4980; x_wconf 70' lang='lat' dir='ltr'><strong>Hebraei</strong></span> <span class='ocrx_word' id='word_1_714' title='bbox 2096 4943 2165 4982; x_wconf 81' lang='lat' dir='ltr'><strong>ex</strong></span> 
     </span>
    </p>
   </div>
   <div class='ocr_carea' id='block_1_125' title="bbox 590 4991 2165 5083">
    <p class='ocr_par' dir='ltr' id='par_1_125' title="bbox 590 4991 2165 5083">
     <span class='ocr_line' id='line_1_125' title="bbox 590 4991 2165 5083; baseline 0.015 -37"><span class='ocrx_word' id='word_1_715' title='bbox 590 4991 736 5083; x_wconf 84' lang='lat' dir='ltr'><strong>libro</strong></span> <span class='ocrx_word' id='word_1_716' title='bbox 764 4998 858 5067; x_wconf 90' lang='lat' dir='ltr'><strong>qui</strong></span> <span class='ocrx_word' id='word_1_717' title='bbox 894 5012 1003 5052; x_wconf 88' lang='lat' dir='ltr'><strong>non</strong></span> <span class='ocrx_word' id='word_1_718' title='bbox 1032 5008 1118 5054; x_wconf 89' lang='lat' dir='ltr'><strong>est</strong></span> <span class='ocrx_word' id='word_1_719' title='bbox 1139 5004 1397 5060; x_wconf 88' lang='lat' dir='ltr'><strong>redactus</strong></span> <span class='ocrx_word' id='word_1_720' title='bbox 1420 5006 1476 5060; x_wconf 89' lang='lat' dir='ltr'><strong>in</strong></span> <span class='ocrx_word' id='word_1_721' title='bbox 1500 5006 1800 5075; x_wconf 88' lang='lat' dir='ltr'><strong>Canonem,</strong></span> <span class='ocrx_word' id='word_1_722' title='bbox 1825 5012 1917 5082; x_wconf 92' lang='lat' dir='ltr'><strong>qui</strong></span> <span class='ocrx_word' id='word_1_723' title='bbox 1943 5014 2165 5083; x_wconf 88' lang='lat' dir='ltr'><strong>quidem</strong></span> 
     </span>
    </p>
   </div>
   <div class='ocr_carea' id='block_1_126' title="bbox 593 5081 2167 5175">
    <p class='ocr_par' dir='ltr' id='par_1_126' title="bbox 593 5081 2167 5175">
     <span class='ocr_line' id='line_1_126' title="bbox 593 5081 2167 5175; baseline 0.016 -39"><span class='ocrx_word' id='word_1_724' title='bbox 593 5081 799 5139; x_wconf 89' lang='lat' dir='ltr'><strong>dicitur</strong></span> <span class='ocrx_word' id='word_1_725' title='bbox 831 5087 1241 5147; x_wconf 83' lang='lat' dir='ltr'><strong>Testamentum</strong></span> <span class='ocrx_word' id='word_1_726' title='bbox 1275 5097 1762 5166; x_wconf 85' lang='lat' dir='ltr'><strong>protoplastorum,</strong></span> <span class='ocrx_word' id='word_1_727' title='bbox 1793 5081 1987 5158; x_wconf 82' lang='lat' dir='ltr'><strong>dicunt</strong></span> <span class='ocrx_word' id='word_1_728' title='bbox 2024 5121 2167 5175; x_wconf 84' lang='lat' dir='ltr'><strong>qua-</strong></span> 
     </span>
    </p>
   </div>
   <div class='ocr_carea' id='block_1_127' title="bbox 594 5174 2162 5264">
    <p class='ocr_par' dir='ltr' id='par_1_127' title="bbox 594 5174 2162 5264">
     <span class='ocr_line' id='line_1_127' title="bbox 594 5174 2162 5264; baseline 0.015 -35"><span class='ocrx_word' id='word_1_729' title='bbox 594 5174 901 5248; x_wconf 86' lang='lat' dir='ltr'><strong>dragesima</strong></span> <span class='ocrx_word' id='word_1_730' title='bbox 925 5180 1015 5236; x_wconf 89' lang='lat' dir='ltr'><strong>die</strong></span> <span class='ocrx_word' id='word_1_731' title='bbox 1048 5183 1357 5254; x_wconf 86' lang='lat' dir='ltr'><strong>ingressum</strong></span> <span class='ocrx_word' id='word_1_732' title='bbox 1374 5202 1496 5244; x_wconf 87' lang='lat' dir='ltr'><strong>esse</strong></span> <span class='ocrx_word' id='word_1_733' title='bbox 1514 5190 1687 5246; x_wconf 85' lang='lat' dir='ltr'><strong>Adam</strong></span> <span class='ocrx_word' id='word_1_734' title='bbox 1721 5194 1777 5248; x_wconf 86' lang='lat' dir='ltr'><strong>in</strong></span> <span class='ocrx_word' id='word_1_735' title='bbox 1806 5174 2162 5264; x_wconf 85' lang='lat' dir='ltr'><strong>paradisum;</strong></span> 
     </span>
    </p>
   </div>
   <div class='ocr_carea' id='block_1_128' title="bbox 594 5267 2161 5359">
    <p class='ocr_par' dir='ltr' id='par_1_128' title="bbox 594 5267 2161 5359">
     <span class='ocr_line' id='line_1_128' title="bbox 594 5267 2161 5359; baseline 0.016 -40"><span class='ocrx_word' id='word_1_736' title='bbox 594 5267 739 5322; x_wconf 86' lang='lat' dir='ltr'><strong>sicut</strong></span> <span class='ocrx_word' id='word_1_737' title='bbox 769 5270 934 5324; x_wconf 88' lang='lat' dir='ltr'><strong>etiam</strong></span> <span class='ocrx_word' id='word_1_738' title='bbox 970 5272 1191 5329; x_wconf 85' lang='lat' dir='ltr'><strong>videtur</strong></span> <span class='ocrx_word' id='word_1_739' title='bbox 1238 5276 1458 5333; x_wconf 89' lang='lat' dir='ltr'><strong>cuidam</strong></span> <span class='ocrx_word' id='word_1_740' title='bbox 1493 5279 1762 5339; x_wconf 89' lang='lat' dir='ltr'><strong>historico</strong></span> <span class='ocrx_word' id='word_1_741' title='bbox 1822 5285 2161 5359; x_wconf 84' lang='lat' dir='ltr'><strong>chronogra-</strong></span> 
     </span>
    </p>
   </div>
   <div class='ocr_carea' id='block_1_129' title="bbox 596 5358 2163 5444">
    <p class='ocr_par' dir='ltr' id='par_1_129' title="bbox 596 5358 2163 5444">
     <span class='ocr_line' id='line_1_129' title="bbox 596 5358 2163 5444; baseline 0.014 -33"><span class='ocrx_word' id='word_1_742' title='bbox 596 5358 705 5424; x_wconf 89' lang='lat' dir='ltr'><strong>pho</strong></span> <span class='ocrx_word' id='word_1_743' title='bbox 743 5360 1038 5431; x_wconf 82' lang='lat' dir='ltr'><strong>Pyrrhoni,</strong></span> <span class='ocrx_word' id='word_1_744' title='bbox 1085 5373 1143 5419; x_wconf 90' lang='lat' dir='ltr'><strong>et</strong></span> <span class='ocrx_word' id='word_1_745' title='bbox 1180 5366 1509 5434; x_wconf 86' lang='lat' dir='ltr'><strong>quibusdam</strong></span> <span class='ocrx_word' id='word_1_746' title='bbox 1548 5373 1978 5441; x_wconf 77' lang='lat' dir='ltr'><strong>expositoribus.</strong></span> <span class='ocrx_word' id='word_1_747' title='bbox 2007 5358 2163 5444; x_wconf 87' lang='lat' dir='ltr'><strong>Quod</strong></span> 
     </span>
    </p>
   </div>
   <div class='ocr_carea' id='block_1_130' title="bbox 2260 4654 3841 4725">
    <p class='ocr_par' dir='ltr' id='par_1_130' title="bbox 2260 4654 3841 4725">
     <span class='ocr_line' id='line_1_130' title="bbox 2260 4654 3841 4725; baseline 0.003 -16"><span class='ocrx_word' id='word_1_748' title='bbox 2260 4656 2513 4724; x_wconf 84' lang='lat' dir='ltr'><strong>sequitur</strong></span> <span class='ocrx_word' id='word_1_749' title='bbox 2544 4661 2670 4723; x_wconf 89' lang='lat' dir='ltr'><strong>post</strong></span> <span class='ocrx_word' id='word_1_750' title='bbox 2703 4669 2830 4708; x_wconf 88' lang='lat' dir='ltr'><strong>eum</strong></span> <span class='ocrx_word' id='word_1_751' title='bbox 2864 4669 3027 4724; x_wconf 89' lang='lat' dir='ltr'><strong>quem</strong></span> <span class='ocrx_word' id='word_1_752' title='bbox 3045 4654 3286 4709; x_wconf 81' lang='lat' dir='ltr'><strong>diximus</strong></span> <span class='ocrx_word' id='word_1_753' title='bbox 3305 4656 3682 4725; x_wconf 84' lang='lat' dir='ltr'><strong>spiritualem.</strong></span> <span class='ocrx_word' id='word_1_754' title='bbox 3718 4660 3841 4715; x_wconf 77' lang='lat' dir='ltr'><strong>Nam</strong></span> 
     </span>
    </p>
   </div>
   <div class='ocr_carea' id='block_1_131' title="bbox 2259 4743 3845 4815">
    <p class='ocr_par' dir='ltr' id='par_1_131' title="bbox 2259 4743 3845 4815">
     <span class='ocr_line' id='line_1_131' title="bbox 2259 4743 3845 4815; baseline 0.003 -18"><span class='ocrx_word' id='word_1_755' title='bbox 2259 4744 2538 4814; x_wconf 87' lang='lat' dir='ltr'><strong>legislator</strong></span> <span class='ocrx_word' id='word_1_756' title='bbox 2570 4744 2747 4798; x_wconf 78' lang='lat' dir='ltr'><strong>Moses</strong></span> <span class='ocrx_word' id='word_1_757' title='bbox 2778 4743 2979 4799; x_wconf 86' lang='lat' dir='ltr'><strong>‘statim</strong></span> <span class='ocrx_word' id='word_1_758' title='bbox 3026 4743 3268 4815; x_wconf 84' lang='lat' dir='ltr'><strong>subjecit</strong></span> <span class='ocrx_word' id='word_1_759' title='bbox 3289 4785 3304 4807; x_wconf 88' lang='lat'><strong>,</strong></span> <span class='ocrx_word' id='word_1_760' title='bbox 3335 4746 3571 4803; x_wconf 84' lang='lat' dir='ltr'><strong>dicens:</strong></span> <span class='ocrx_word' id='word_1_761' title='bbox 3606 4748 3689 4804; x_wconf 81' lang='lat' dir='ltr'><strong>Et</strong></span> <span class='ocrx_word' id='word_1_762' title='bbox 3724 4752 3845 4803; x_wconf 76' lang='lat' dir='ltr'><strong>oriri</strong></span> 
     </span>
    </p>
   </div>
   <div class='ocr_carea' id='block_1_132' title="bbox 2264 4834 3843 4912">
    <p class='ocr_par' dir='ltr' id='par_1_132' title="bbox 2264 4834 3843 4912">
     <span class='ocr_line' id='line_1_132' title="bbox 2264 4834 3843 4912; baseline 0.004 -24"><span class='ocrx_word' id='word_1_763' title='bbox 2264 4834 2384 4905; x_wconf 78' lang='lat' dir='ltr'><strong>fecit</strong></span> <span class='ocrx_word' id='word_1_764' title='bbox 2420 4834 2676 4890; x_wconf 75' lang='lat' dir='ltr'><strong>Dominus</strong></span> <span class='ocrx_word' id='word_1_765' title='bbox 2706 4834 2843 4905; x_wconf 78' lang='lat' dir='ltr'><strong>Deus</strong></span> <span class='ocrx_word' id='word_1_766' title='bbox 2870 4835 3041 4890; x_wconf 83' lang='lat' dir='ltr'><strong>adhuc</strong></span> <span class='ocrx_word' id='word_1_767' title='bbox 3074 4846 3269 4891; x_wconf 81' lang='lat' dir='ltr'><strong>eterra</strong></span> <span class='ocrx_word' id='word_1_768' title='bbox 3304 4854 3458 4892; x_wconf 82' lang='lat' dir='ltr'><strong>omne</strong></span> <span class='ocrx_word' id='word_1_769' title='bbox 3495 4838 3712 4910; x_wconf 74' lang='lat' dir='ltr'><strong>lignum</strong></span> <span class='ocrx_word' id='word_1_770' title='bbox 3738 4846 3843 4912; x_wconf 69' lang='grc' dir='ltr'><strong>ρι’-</strong></span> 
     </span>
    </p>
   </div>
   <div class='ocr_carea' id='block_1_133' title="bbox 2264 4924 3843 4993">
    <p class='ocr_par' dir='ltr' id='par_1_133' title="bbox 2264 4924 3843 4993">
     <span class='ocr_line' id='line_1_133' title="bbox 2264 4924 3843 4993; baseline 0.005 -16"><span class='ocrx_word' id='word_1_771' title='bbox 2264 4924 2448 4977; x_wconf 81' lang='lat' dir='ltr'><strong>cltrum</strong></span> <span class='ocrx_word' id='word_1_772' title='bbox 2477 4925 2546 4977; x_wconf 85' lang='lat' dir='ltr'><strong>ad</strong></span> <span class='ocrx_word' id='word_1_773' title='bbox 2588 4924 2872 4979; x_wconf 83' lang='lat' dir='ltr'><strong>uidendum</strong></span> <span class='ocrx_word' id='word_1_774' title='bbox 2919 4933 2968 4978; x_wconf 84' lang='lat' dir='ltr'><strong>et</strong></span> <span class='ocrx_word' id='word_1_775' title='bbox 2990 4925 3189 4979; x_wconf 75' lang='lat' dir='ltr'><strong>bonum</strong></span> <span class='ocrx_word' id='word_1_776' title='bbox 3223 4928 3292 4980; x_wconf 86' lang='lat' dir='ltr'><strong>ad</strong></span> <span class='ocrx_word' id='word_1_777' title='bbox 3339 4929 3758 4993; x_wconf 67' lang='lat' dir='ltr'><strong>comedendum.</strong></span> <span class='ocrx_word' id='word_1_778' title='bbox 3797 4938 3843 4984; x_wconf 61' lang='grc' dir='ltr'><em>α</em></span> 
     </span>
    </p>
   </div>
   <div class='ocr_carea' id='block_1_134' title="bbox 2266 5014 3840 5092">
    <p class='ocr_par' dir='ltr' id='par_1_134' title="bbox 2266 5014 3840 5092">
     <span class='ocr_line' id='line_1_134' title="bbox 2266 5014 3840 5092; baseline 0.006 -24"><span class='ocrx_word' id='word_1_779' title='bbox 2266 5014 2469 5085; x_wconf 81' lang='lat' dir='ltr'><strong>lignum</strong></span> <span class='ocrx_word' id='word_1_780' title='bbox 2524 5019 2645 5071; x_wconf 64' lang='lat' dir='ltr'><strong>vita;</strong></span> <span class='ocrx_word' id='word_1_781' title='bbox 2697 5019 2755 5070; x_wconf 85' lang='lat' dir='ltr'><strong>in</strong></span> <span class='ocrx_word' id='word_1_782' title='bbox 2788 5019 2959 5072; x_wconf 84' lang='lat' dir='ltr'><strong>medio</strong></span> <span class='ocrx_word' id='word_1_783' title='bbox 2993 5019 3234 5089; x_wconf 75' lang='lat' dir='ltr'><strong>paradisi</strong></span> <span class='ocrx_word' id='word_1_784' title='bbox 3270 5035 3287 5073; x_wconf 91' lang='lat'><strong><em>:</em></strong></span> <span class='ocrx_word' id='word_1_785' title='bbox 3316 5028 3365 5072; x_wconf 78' lang='lat' dir='ltr'><strong>et</strong></span> <span class='ocrx_word' id='word_1_786' title='bbox 3414 5020 3616 5092; x_wconf 75' lang='lat' dir='ltr'><strong>lignum</strong></span> <span class='ocrx_word' id='word_1_787' title='bbox 3652 5023 3840 5077; x_wconf 70' lang='lat' dir='ltr'><strong>sciendi</strong></span> 
     </span>
    </p>
   </div>
   <div class='ocr_carea' id='block_1_135' title="bbox 2263 5108 3839 5179">
    <p class='ocr_par' dir='ltr' id='par_1_135' title="bbox 2263 5108 3839 5179">
     <span class='ocr_line' id='line_1_135' title="bbox 2263 5108 3839 5179; baseline 0.005 -18"><span class='ocrx_word' id='word_1_788' title='bbox 2263 5108 2318 5161; x_wconf 88' lang='lat' dir='ltr'><strong>id</strong></span> <span class='ocrx_word' id='word_1_789' title='bbox 2348 5108 2487 5178; x_wconf 84' lang='lat' dir='ltr'><strong>quod</strong></span> <span class='ocrx_word' id='word_1_790' title='bbox 2510 5110 2749 5178; x_wconf 82' lang='lat' dir='ltr'><strong>cognosci</strong></span> <span class='ocrx_word' id='word_1_791' title='bbox 2781 5119 2946 5179; x_wconf 75' lang='lat' dir='ltr'><strong>potest</strong></span> <span class='ocrx_word' id='word_1_792' title='bbox 2985 5112 3106 5163; x_wconf 76' lang='lat' dir='ltr'><strong>boni</strong></span> <span class='ocrx_word' id='word_1_793' title='bbox 3143 5120 3197 5163; x_wconf 85' lang='lat' dir='ltr'><strong>et</strong></span> <span class='ocrx_word' id='word_1_794' title='bbox 3227 5112 3377 5165; x_wconf 83' lang='lat' dir='ltr'><strong>mali.</strong></span> <span class='ocrx_word' id='word_1_795' title='bbox 3411 5111 3631 5167; x_wconf 69' lang='lat' dir='ltr'><strong>Flavius</strong></span> <span class='ocrx_word' id='word_1_796' title='bbox 3674 5125 3839 5169; x_wconf 67' lang='lat' dir='ltr'><strong>autem</strong></span> 
     </span>
    </p>
   </div>
   <div class='ocr_carea' id='block_1_136' title="bbox 2266 5199 3841 5272">
    <p class='ocr_par' dir='ltr' id='par_1_136' title="bbox 2266 5199 3841 5272">
     <span class='ocr_line' id='line_1_136' title="bbox 2266 5199 3841 5272; baseline 0.006 -22"><span class='ocrx_word' id='word_1_797' title='bbox 2266 5199 2540 5269; x_wconf 79' lang='lat' dir='ltr'><strong>egreditur</strong></span> <span class='ocrx_word' id='word_1_798' title='bbox 2575 5215 2638 5253; x_wconf 80' lang='lat' dir='ltr'><strong>ea:</strong></span> <span class='ocrx_word' id='word_1_799' title='bbox 2667 5199 2830 5253; x_wconf 78' lang='lat' dir='ltr'><strong>Edent</strong></span> <span class='ocrx_word' id='word_1_800' title='bbox 2854 5200 2925 5254; x_wconf 86' lang='lat' dir='ltr'><strong>ad</strong></span> <span class='ocrx_word' id='word_1_801' title='bbox 2951 5202 3286 5272; x_wconf 81' lang='lat' dir='ltr'><strong>irrigandum</strong></span> <span class='ocrx_word' id='word_1_802' title='bbox 3328 5206 3669 5270; x_wconf 71' lang='lat' dir='ltr'><strong>paradisum.</strong></span> <span class='ocrx_word' id='word_1_803' title='bbox 3699 5207 3841 5262; x_wconf 69' lang='lat' dir='ltr'><strong>Illis:</strong></span> 
     </span>
    </p>
   </div>
   <div class='ocr_carea' id='block_1_137' title="bbox 2270 5292 3843 5362">
    <p class='ocr_par' dir='ltr' id='par_1_137' title="bbox 2270 5292 3843 5362">
     <span class='ocr_line' id='line_1_137' title="bbox 2270 5292 3843 5362; baseline 0.004 -19"><span class='ocrx_word' id='word_1_804' title='bbox 2270 5292 2564 5345; x_wconf 77' lang='lat' dir='ltr'><strong>secernitur</strong></span> <span class='ocrx_word' id='word_1_805' title='bbox 2600 5293 2657 5345; x_wconf 85' lang='lat' dir='ltr'><strong>in</strong></span> <span class='ocrx_word' id='word_1_806' title='bbox 2695 5302 2924 5362; x_wconf 85' lang='lat' dir='ltr'><strong>quatuor</strong></span> <span class='ocrx_word' id='word_1_807' title='bbox 2963 5294 3137 5347; x_wconf 81' lang='lat' dir='ltr'><strong>initia.</strong></span> <span class='ocrx_word' id='word_1_808' title='bbox 3188 5293 3391 5349; x_wconf 78' lang='lat' dir='ltr'><strong>Nomen</strong></span> <span class='ocrx_word' id='word_1_809' title='bbox 3440 5298 3570 5361; x_wconf 79' lang='lat' dir='ltr'><strong>uni,</strong></span> <span class='ocrx_word' id='word_1_810' title='bbox 3611 5298 3843 5353; x_wconf 73' lang='lat' dir='ltr'><strong>Phison:</strong></span> 
     </span>
    </p>
   </div>
   <div class='ocr_carea' id='block_1_138' title="bbox 2272 5382 3843 5459">
    <p class='ocr_par' dir='ltr' id='par_1_138' title="bbox 2272 5382 3843 5459">
     <span class='ocr_line' id='line_1_138' title="bbox 2272 5382 3843 5459; baseline 0.008 -25"><span class='ocrx_word' id='word_1_811' title='bbox 2272 5382 2370 5436; x_wconf 83' lang='lat' dir='ltr'><strong>iste</strong></span> <span class='ocrx_word' id='word_1_812' title='bbox 2406 5391 2479 5435; x_wconf 84' lang='lat' dir='ltr'><strong>est</strong></span> <span class='ocrx_word' id='word_1_813' title='bbox 2503 5384 2593 5452; x_wconf 86' lang='lat' dir='ltr'><strong>qui</strong></span> <span class='ocrx_word' id='word_1_814' title='bbox 2620 5384 2803 5436; x_wconf 85' lang='lat' dir='ltr'><strong>circuit</strong></span> <span class='ocrx_word' id='word_1_815' title='bbox 2835 5399 3041 5438; x_wconf 84' lang='lat' dir='ltr'><strong>omnem</strong></span> <span class='ocrx_word' id='word_1_816' title='bbox 3071 5393 3270 5440; x_wconf 81' lang='lat' dir='ltr'><strong>terram</strong></span> <span class='ocrx_word' id='word_1_817' title='bbox 3304 5386 3516 5443; x_wconf 72' lang='lat' dir='ltr'><strong>Evilath</strong></span> <span class='ocrx_word' id='word_1_818' title='bbox 3549 5408 3568 5443; x_wconf 91' lang='lat'><strong><em>:</em></strong></span> <span class='ocrx_word' id='word_1_819' title='bbox 3591 5390 3705 5445; x_wconf 68' lang='lat' dir='ltr'><strong>illi:</strong></span> <span class='ocrx_word' id='word_1_820' title='bbox 3734 5403 3843 5459; x_wconf 65' lang='lat' dir='ltr'><strong>ergo</strong></span> 
     </span>
    </p>
   </div>
   <div class='ocr_carea' id='block_1_139' title="bbox 675 5495 2160 5587">
    <p class='ocr_par' dir='ltr' id='par_1_139' title="bbox 675 5495 2128 5582">
     <span class='ocr_line' id='line_1_139' title="bbox 675 5495 2128 5582; baseline 0.016 -35"><span class='ocrx_word' id='word_1_821' title='bbox 675 5496 716 5526; x_wconf 78' lang='lat'><strong>&quot;</strong></span> <span class='ocrx_word' id='word_1_822' title='bbox 746 5495 846 5550; x_wconf 84' lang='lat' dir='ltr'><strong>lsa.</strong></span> <span class='ocrx_word' id='word_1_823' title='bbox 884 5513 958 5559; x_wconf 80' lang='lat' dir='ltr'><strong>Ix,</strong></span> <span class='ocrx_word' id='word_1_824' title='bbox 993 5497 1046 5552; x_wconf 86' lang='lat'><strong>6.</strong></span> <span class='ocrx_word' id='word_1_825' title='bbox 1123 5501 1168 5531; x_wconf 82' lang='lat'><strong>’°</strong></span> <span class='ocrx_word' id='word_1_826' title='bbox 1200 5502 1343 5557; x_wconf 83' lang='lat' dir='ltr'><strong>Psal.</strong></span> <span class='ocrx_word' id='word_1_827' title='bbox 1375 5521 1485 5571; x_wconf 63' lang='grc' dir='ltr'>χχι,</span> <span class='ocrx_word' id='word_1_828' title='bbox 1520 5507 1605 5562; x_wconf 81' lang='grc' dir='ltr'><strong>Π.</strong></span> <span class='ocrx_word' id='word_1_829' title='bbox 1685 5510 1724 5541; x_wconf 81' lang='grc'>²¹</span> <span class='ocrx_word' id='word_1_830' title='bbox 1767 5510 1908 5567; x_wconf 83' lang='lat' dir='ltr'><strong>Psal.</strong></span> <span class='ocrx_word' id='word_1_831' title='bbox 1938 5529 2044 5582; x_wconf 76' lang='lat' dir='ltr'><strong>CIX,</strong></span> <span class='ocrx_word' id='word_1_832' title='bbox 2085 5517 2128 5579; x_wconf 70' lang='grc' dir='ltr'><strong>ἱ.</strong></span> 
     </span>
    </p>
   </div>
   <div class='ocr_carea' id='block_1_140' title="bbox 2261 5495 3325 5587">
    <p class='ocr_par' dir='ltr' id='par_1_140' title="bbox 2292 5496 3325 5587">
     <span class='ocr_line' id='line_1_140' title="bbox 2292 5496 3325 5587; baseline 0.004 -14"><span class='ocrx_word' id='word_1_833' title='bbox 2292 5519 2437 5575; x_wconf 87' lang='lat' dir='ltr'><strong>Psal.</strong></span> <span class='ocrx_word' id='word_1_834' title='bbox 2466 5535 2652 5585; x_wconf 74' lang='lat' dir='ltr'><strong>LXVIII,</strong></span> <span class='ocrx_word' id='word_1_835' title='bbox 2683 5518 2773 5574; x_wconf 74' lang='lat'>9.2.</span> <span class='ocrx_word' id='word_1_836' title='bbox 2850 5521 2896 5552; x_wconf 73' lang='grc'><strong>³³</strong></span> <span class='ocrx_word' id='word_1_837' title='bbox 2920 5519 3088 5576; x_wconf 82' lang='lat' dir='ltr'><strong>Hebr.</strong></span> <span class='ocrx_word' id='word_1_838' title='bbox 3114 5540 3151 5587; x_wconf 88' lang='grc' dir='ltr'><strong>ι,</strong></span> <span class='ocrx_word' id='word_1_839' title='bbox 3178 5524 3232 5577; x_wconf 79' lang='grc'><strong>2.</strong></span> <span class='ocrx_word' id='word_1_840' title='bbox 3324 5496 3325 5499; x_wconf 7' lang='grc' dir='ltr'>Ἴ</span> 
     </span>
    </p>
   </div>
   <div class='ocr_carea' id='block_1_141' title="bbox 674 5607 1524 5681">
    <p class='ocr_par' dir='ltr' id='par_1_141' title="bbox 674 5607 1524 5681">
     <span class='ocr_line' id='line_1_141' title="bbox 674 5607 1524 5681; baseline 0.019 -23"><span class='ocrx_word' id='word_1_841' title='bbox 674 5607 747 5677; x_wconf 79' lang='lat' dir='ltr'><strong>(l;</strong></span> <span class='ocrx_word' id='word_1_842' title='bbox 775 5607 950 5663; x_wconf 84' lang='lat' dir='ltr'><strong>Crabe</strong></span> <span class='ocrx_word' id='word_1_843' title='bbox 977 5610 1219 5681; x_wconf 78' lang='lat' dir='ltr'><strong>Spicileq.</strong></span> <span class='ocrx_word' id='word_1_844' title='bbox 1250 5624 1285 5668; x_wconf 90' lang='lat' dir='ltr'><strong>t.</strong></span> <span class='ocrx_word' id='word_1_845' title='bbox 1311 5618 1375 5681; x_wconf 89' lang='lat' dir='ltr'><strong>ll,</strong></span> <span class='ocrx_word' id='word_1_846' title='bbox 1400 5619 1524 5674; x_wconf 67' lang='lat'><strong>255.</strong></span> 
     </span>
    </p>
   </div>
   <div class='ocr_carea' id='block_1_142' title="bbox 2347 5632 3278 5705">
    <p class='ocr_par' dir='ltr' id='par_1_142' title="bbox 2347 5632 3278 5705">
     <span class='ocr_line' id='line_1_142' title="bbox 2347 5632 3278 5705; baseline 0.006 -20"><span class='ocrx_word' id='word_1_847' title='bbox 2347 5633 2421 5705; x_wconf 75' lang='lat'><strong>(2)</strong></span> <span class='ocrx_word' id='word_1_848' title='bbox 2455 5632 2509 5687; x_wconf 86' lang='lat' dir='ltr'><strong>S.</strong></span> <span class='ocrx_word' id='word_1_849' title='bbox 2544 5634 2737 5690; x_wconf 82' lang='lat' dir='ltr'><strong>Joann.</strong></span> <span class='ocrx_word' id='word_1_850' title='bbox 2774 5635 3157 5702; x_wconf 78' lang='lat' dir='ltr'><strong>Damasr.,&#39;nro</strong></span> <span class='ocrx_word' id='word_1_851' title='bbox 3187 5638 3278 5691; x_wconf 77' lang='lat' dir='ltr'><strong>cit.</strong></span> 
     </span>
    </p>
   </div>
  </div>
