4042 6292
193 269 298 334 969

1262 257 1339 319 ΙΝ
1386 250 1795 317 ΠΕΧΑΕΜΕΕ

1896 249 1939 311 l.
1967 277 2034 287 -
2062 252 2221 314 LI—B.‘
2256 253 2388 314 VII.
3092 248 3118 277 λ

3353 248 3459 312 9ῚΟ

190 395 267 441 cst
291 398 491 439 aurum
523 395 543 436 :
565 393 761 434 aurum
788 384 979 431 autem
1013 373 1156 428 illius
1199 381 1358 427 terra:
1398 370 1594 432 bonum
1627 363 1781 421 :illic
1811 371 1855 425 Α
1885 363 2166 435 pulchrum
2196 366 2264 420 ad
2300 365 2470 437 896
2502 364 2779 420 uidendum
2800 374 2848 418 et
2876 364 3070 418 bonum
3098 379 3166 418 aa
3192 366 3465 420 comeden-

192 487 271 533 ωε
308 472 661 531 carbunculus
686 480 736 524 et
764 469 901 540 lapis
923 467 1191 539 prasinus.
1217 464 1287 519 Et
1319 477 1510 517 nomen
1554 456 1782 513 sewndo

193 568 502 625 Gcon:iste
537 572 613 618 est
660 565 749 634 qui
776 561 962 615 circuit
992 560 1296 613 universam
1336 552 1687 623 zEtItiopiam.
1714 548 1782 603 Et

197 662 386 721 ﬂuvius
433 658 643 718 tertius,
666 655 708 709 Τ
707 655 851 725 ygris
883 653 1034 711 :,iste
1075 657 1152 704 est
1177 650 1268 719 qui
1302 647 1419 718 ﬂuit
1460 660 1523 698 ea;
1565 642 1784 697 aduerso

92 730 99 739 ⁸
194 752 559 822 Assyriorum.
580 746 797 799 Flauius
816 753 993 797 autem
1007 750 1250 812 quartus,
1269 738 1586 806 Euphrates.
1600 732 1681 787 Ex
1697 731 1786 786 his

197 859 230 899 e
259 851 407 899 terra
437 839 639 910 genitis
673 838 814 892 locis
841 844 898 889 et
929 834 1190 905 gentibus
1216 825 1786 901 appellationibusque

196 944 255 992 et
285 933 561 995 terminis,
595 939 652 985 et
681 937 949 998 praterea
981 940 1050 981 ex
1079 940 1217 979 auro
1253 931 1307 977 et
1339 918 1523 991 lapide
1561 915 1787 988 prasino

197 1036 255 1082 et
270 1025 556 1097 Aithmpia
584 1032 640 1077 et
659 1020 900 1092 Assyriis
927 1028 982 1075 et
1001 1017 1285 1088 Euphrate
1317 1014 1503 1085 plures
1521 1027 1590 1066 ex
1614 1006 1790 1067 Patri-

195 1120 305 1174 bus
336 1117 684 1173 aﬂirmarunt
717 1114 834 1167 haec
862 1112 1099 1166 maxime
1131 1108 1366 1177 intelligi
1410 1106 1479 1160 de
1518 1101 1789 1174 ‘paradiso

196 1226 229 1265 e
262 1219 412 1281 terra
456 1206 662 1277 genito,
694 1211 752 1259 et
798 1202 1036 1257 maxime
1067 1215 1137 1256 ex
1170 1201 1318 1255 foliis
1362 1199 1499 1252 licus
1529 1209 1654 1265 quae
1680 1191 1791 1255 sibi

196 1308 542 1356 consuerunt
593 1296 759 1367 primi
811 1304 1070 1364 parentes
1114 1291 1184 1347 ad
1231 1291 1594 1360 perizomata.
1633 1283 1791 1340 Unde

196 1393 371 1447 etiam
411 1389 807 1444 convenienter
845 1387 1047 1440 littera:
1079 1382 1476 1465 intelligentes,
1513 1391 1685 1446 aquas
1707 1373 1792 1428 di-

195 1492 407 1539 xerunt
439 1481 692 1545 sensiles,
739 1491 796 1535 et
832 1480 983 1549 ligna
1003 1514 1019 1544 ,
1051 1464 1199 1547 ligna
1234 1490 1365 1530 vere
1398 1473 1707 1533 esculenta,
1735 1476 1793 1533 et”

195 1576 439 1639 fructus,
474 1573 690 1627 fructus
714 1571 1018 1639 ‘hortenses
1048 1577 1106 1624 et
1147 1567 1203 1621 in
1231 1582 1373 1637 quos
1401 1562 1550 1619 cadit
1599 1558 1792 1615 interi-

197 1679 311 1731 tus,
345 1676 400 1721 et
421 1681 621 1720 aurum
640 1679 765 1720 esse
815 1661 1124 1717 materiole.
1177 1656 1447 1714 Similiter
1482 1653 1792 1709 carbuncu—

1889 459 2035 513 dum.
2068 459 2203 519 Nam
2233 466 2353 513 orta
2376 458 2601 528 quidem
2616 468 2702 514 est
2724 457 2779 513 in
2800 457 2959 511 initio
2979 455 3223 511 Ecclesia
3244 458 3466 526 quando

1890 548 2032 605 facta
2055 549 2161 605 fuit
2190 549 2388 605 viridis
2410 561 2469 605 et
2498 549 2641 605 bene
2670 549 3003 620 germinans,
3041 549 3353 619 densasque
3370 550 3469 605 ha-

1892 641 2029 698 bens
2068 657 2197 698 suos
2236 642 2492 709 arbores,
2527 642 2798 698 exsiccata
2848 622 3033 698 autem
3073 642 3177 699 fuit
3219 643 3289 699 ab
3331 651 3465 699 testu

1892 731 2119 801 maligni
2153 732 2290 787 solis
2314 732 2412 802 qui
2446 730 2871 803 transfiguratur
2907 733 2963 787 in
3008 733 3264 803 angelum
3291 733 3466 797 lueis,

1893 837 2032 878 cum.
2051 823 2109 877 in
2132 838 2253 879 eam
2288 839 2388 894 per
2413 840 2478 880 os
2500 824 2779 879 sibilasset
2815 840 3042 895 serpens
3066 837 3123 881 et
3142 840 3265 880 eam
3290 826 3470 881 exsic-

1894 914 2075 969 casse't
2106 929 2205 983 per
2226 913 2614 970 idololatriam.
2633 912 2770 970 Cum
2799 930 2929 983 ergo
2959 915 3204 969 venisset
3232 913 3475 969 celestis

1894 1004 2098 1061 ﬂuvius
2123 1006 2271 1062 Deus
2294 1007 2554 1073 Verbum,
2579 1015 2636 1061 et
2666 1022 2787 1062 eam
2817 1005 3098 1076 irrigasset
3145 1020 3245 1076 per
3274 1020 3472 1075 aquam

1895 1105 1951 1151 et
1997 1095 2227 1152 fluvium
2252 1138 2266 1164 ,
2309 1106 2500 1153 exorta
2530 1107 2617 1152 est
2660 1108 2719 1152 et
2764 1112 2987 1152 rursum
3020 1096 3385 1167 germinavit,
3417 1104 3477 1150 et

1896 1188 2099 1244 iterum
2154 1189 2449 1252 vivificavit
2501 1189 2715 1243 ratione
2752 1188 2982 1260 praedita
3020 1189 3141 1259 ejus
3174 1180 3355 1259 ligna,
3404 1188 3475 1243 de

1896 1280 2100 1350 quibus
2120 1280 2330 1337 dictum
2355 1290 2441 1337 est
2477 1300 2490 1334 :
2528 1280 2598 1336 Et
2626 1283 2824 1338 emoriri
2860 1282 2979 1351 fecit
3006 1278 3179 1336 adhuc
3220 1279 3476 1336 Dominus

1895 1371 2037 1427 Deus
2066 1381 2309 1437 eterra;
2356 1372 2464 1428 hoc
2491 1382 2597 1438 est,
2623 1380 2912 1442 postquam
2947 1382 3165 1428 mortua
3197 1381 3254 1428 et
3295 1373 3477 1428 exsic-
3555 1434 3560 1439 _

1898 1473 2019 1518 cata
2034 1473 2204 1531 esset,
2226 1465 2408 1520 adhuc
2437 1465 2681 1526 secundo
2710 1466 2908 1522 ordine
2930 1482 3131 1522 rursus
3147 1467 3481 1537 germinavit

1900 1556 2113 1611 ratione
2142 1556 2373 1626 praedita
2385 1556 2593 1613 Christi
2616 1566 2764 1613 terra
2784 1573 2937 1613 omne
2969 1557 3171 1628 lignum
3201 1557 3480 1628 pulchrum

1900 1648 1970 1702 ad
1998 1649 2279 1715 videndum
2316 1659 2366 1704 et
2392 1650 2589 1704 bonum
2624 1650 2694 1705 ad
2738 1650 3133 1704 comedendum.
3182 1650 3245 1704 In
3273 1649 3481 1719 quibus

196 1722 343 1823 lum,
376 1767 432 1812 et
457 1756 741 1827 prasinum
770 1752 1190 1824 smaragdinum
1213 1747 1484 1819 lapidem;
1518 1753 1573 1799 et
1604 1738 1790 1807 licunt,
1829 1722 1871 1781 Β
1899 1741 2064 1812 lignis
2092 1757 2205 1797 non
2226 1742 2363 1797 dicit
2398 1741 2686 1812 Scriptura
2718 1741 2930 1808 fenum,
2958 1755 3071 1798 non
3106 1742 3344 1813 paleam,
3367 1759 3478 1801 non

195 1866 394 1905 veram
452 1850 617 1904 ficum
648 1863 770 1903 esse
816 1846 1080 1901 dixerunt
1122 1862 1135 1898 :
1171 1850 1228 1899 et
1277 1840 1514 1896 maxime
1563 1835 1790 1891 divinus

195 1932 569 2012 Epiphanius,
586 1955 736 1996 exeo
762 1937 911 2009 quod
945 1935 1185 1992 audierit
1220 1928 1573 2002 Scripturam‘
1600 1928 1789 1982 dicen-

199 2042 316 2090 tem
370 2050 492 2089 esse
550 2041 753 2088 terram
798 2029 1060 2087 Iordanis
1093 2042 1217 2098 quae
1249 2025 1405 2097 prius
1444 2020 1789 2099 irrigabatur

197 2131 352 2185 sicut
381 2126 694 2199 paradisus,
734 2134 791 2181 et
815 2124 960 2180 sicut
992 2130 1141 2177 terra
1161 2119 1399 2189 Egypti.

274 2218 454 2286 Quam
481 2218 707 2288 quidem
753 2217 1044 2271 Paternam
1076 2211 1407 2267 sententiam
1436 2218 1494 2263 et
1519 2207 1590 2263 de
1623 2220 1786 2277 para-

198 2311 332 2367 diso
375 2312 566 2371 sensili
598 2310 950 2365 traditionem
997 2305 1317 2375 recipimus,
1351 2300 1706 2370 suscipimus,
1734 2304 1793 2351 et

197 2404 616 2477 amplectimur.
645 2402 706 2456 In
733 2401 843 2455 hoc
872 2398 1020 2454 enim
1040 2411 1210 2466 opere
1232 2408 1334 2449 nos
1357 2393 1791 2465 praemunientes

200 2511 354 2566 saepe
373 2494 616 2549 diximus
637 2493 786 2564 quod
803 2491 1007 2546 divinae
1028 2489 1328 2558 Scriptura:
1352 2484 1641 2540 historiam
1669 2496 1795 2552 quae

193 2588 408 2647 litterae
436 2585 695 2641 convenit
722 2599 835 2643 non
866 2582 1241 2644 dissolvimus,
1265 2592 1446 2646 neque
1474 2582 1792 2630 sanctorum

201 2679 436 2735 Patrum
466 2684 784 2733 nostrorum
822 2672 1131 2729 sententias
1152 2669 1475 2725 evertimus.
1516 2667 1586 2724 Et
1610 2676 1795 2724 tamen

200 2770 474 2841 quoniam
507 2768 765 2822 audimus
808 2766 995 2821 divum
1036 2762 1271 2819 Paulum
1294 2759 1479 2815 omnia
1508 2774 1630 2828 qua:
1666 2766 1798 2813 sunt

198 2865 262 2919 in
301 2863 422 2931 lege
454 2860 683 2930 mystice
728 2857 799 2913 ad
848 2855 1133 2912 Christum
1174 2850 1512 2917 referentem
1548 2866 1561 2901 :
1596 2862 1795 2916 nempe

201 2951 673 3013 tabernaculum,“
712 2963 921 3012 arcam,
970 2960 1187 3009 urnam,
1216 2942 1519 3012 templum,
1571 2955 1794 3010 agnum,

1890 1833 2167 1903 virgulta,
2213 1849 2324 1889 non
2367 1833 2597 1889 herbam
2625 1873 2640 1899 ,
2677 1850 2785 1889 non
2828 1833 3039 1903 lignum
3083 1834 3376 1904 pulchrum
3409 1834 3480 1890 ad

1888 1925 2192 1980 videndum
2216 1935 2274 1981 et
2298 1925 2507 1980 bonum
2527 1925 2594 1980 ad
2619 1925 3046 1981 comedendum.
3065 1927 3136 1982 Et
3161 1927 3485 1997 lignumin—

1888 2016 2094 2079 fertile,
2132 2026 2188 2071 et
2230 2017 2447 2081 fenum,
2491 2017 2781 2087 et‘stipula
2808 2058 2823 2082 ,
2851 2026 2901 2073 et
2942 2018 3098 2089 palea
3135 2019 3482 2075 exscinditur

1888 2119 1945 2162 et
1981 2107 2036 2162 in
2070 2107 2253 2178 ignem
2280 2107 2546 2164 mittitur.
2591 2108 2697 2163 Sed
2729 2108 2870 2164 nihil
2893 2117 2979 2164 est
3007 2110 3279 2181 ejusmodi
3305 2111 3358 2165 in
3393 2112 3482 2166 his

1889 2201 2073 2270 lignis,
2106 2202 2202 2258 sed
2226 2201 2363 2275 dicit
2390 2202 2445 2256 in
2473 2202 2541 2256 iis
2570 2202 2756 2256 omnia
2787 2202 3015 2272 pulchra
3040 2202 3108 2257 ad
3139 2202 3436 2257 videndum
3461 2244 3477 2268 ,

1888 2294 2073 2347 ouiiiia
2096 2294 2240 2350 bona
2262 2294 2330 2348 ad
2357 2294 2779 2357 comedendum,
2805 2294 2991 2348 omnia
3009 2294 3151 2349 bene
3170 2296 3482 2365 germinan-

1890 2385 1990 2455 tia,
2016 2386 2205 2455 omnia
2232 2402 2263 2441 ει
2297 2387 2409 2441 Deo
2444 2387 2796 2457 pullulantia.
2818 2388 2940 2442 Non
2970 2388 3120 2443 enim
3169 2389 3325 2458 jussu
3361 2389 3501 2465 ejus‘

1889 2486 2083 2534 exorta
2112 2488 2243 2533 sunt
2276 2493 2307 2533 e
2335 2486 2501 2545 terra,
2549 2478 2647 2535 sed
2682 2478 2801 2548 ipse
2831 2476 2978 2535 Deus
3010 2479 3243 2550 ipsemet
3273 2479 3479 2550 opifex,

1890 2570 2299 2640 complantatus
2329 2578 2386 2625 et
2421 2569 2859 2639 concorporalis,
2888 2579 2944 2624 et
2986 2585 3183 2631 eorum
3214 2580 3484 2642 cognatus

1890 2662 2092 2727 factus,
2120 2677 2151 2716 e
2186 2670 2333 2716 terra
2368 2661 2623 2732 genitus,
2662 2669 2923 2731 tanquam
2977 2661 3202 2732 propria
3235 2662 3485 2718 membra

1890 2768 1956 2806 ea
2015 2750 2148 2808 fecit
2194 2752 2507 2823 germinare
2552 2760 2780 2817 eterra,
2834 2761 2894 2807 ut
2939 2767 3062 2822 quas
3116 2752 3228 2808 sint
3282 2768 3483 2824 corpus

1890 2845 2123 2912 Christi,
2146 2856 2203 2900 et
2228 2847 2478 2901 membra
2501 2862 2568 2901 ex
2594 2845 2884 2911 membro;
2915 2853 3030 2899 tota
3052 2844 3318 2912 formosa,
3347 2863 3486 2917 quo-

1893 2938 2042 2992 niam
2076 2938 2193 3008 ipse
2227 2938 2435 2993 dicitur
2457 2939 2721 3009 speciosus
2739 2947 2933 3007 prwter
2958 2936 3103 3005 ﬁlios
3128 2939 3482 2994 hominum“.

201 3044 389 3106 cibos,
418 3042 695 3113 potiones,
737 3039 907 3110 ligna,
935 3036 1216 3105 animalia,
1249 3033 1792 3097 volucres,.aurum,
1822 3053 1867 3114 ρ
1897 3029 2053 3085 Unde
2079 3030 2247 3085 etiam
2277 3038 2402 3100 post
2436 3029 2730 3084 transitura
2764 3028 2876 3084 diei
2903 3029 3040 3113 sexti
3067 3037 3259 3083 narrat
3296 3030 3483 3085 divina

199 3131 553 3200 smaragdos,
590 3127 982 3192 carbunculus,
1037 3139 1229 3196 aquas,
1260 3130 1318 3178 et
1350 3121 1565 3190 reliqua
1612 3118 1797 3174 omnia

200 3242 335 3297 qua:
374 3206 509 3279 tunc
533 3220 755 3294 quidem
783 3221 927 3277 facta
958 3225 1089 3273 sunt
1120 3214 1371 3286 myStice,
1394 3210 1800 3268 convenienter

200 3321 444 3381 litterae,
496 3331 647 3371 nunc
685 3321 871 3370 autem
902 3313 962 3367 in
1006 3308 1257 3366 Ecclesia
1311 3322 1444 3361 vere
1492 3313 1800 3361 cernuntur

201 3410 579 3483 Spiritualiter
612 3407 1078 3465 considerandum
1115 3411 1202 3458 est
1250 3416 1386 3456 num
1427 3399 1546 3454 haec
1578 3410 1800 3466 quoque

203 3518 338 3574 quae
366 3516 516 3556 nunc
545 3500 614 3556 de
645 3498 833 3555 sensili
860 3494 1149 3569 paradiso
1178 3508 1210 3547 a
1245 3492 1393 3547 Mose
1433 3488 1801 3560 corporaliter

201 3595 419 3664 scripta
465 3600 616 3658 sunt,
651 3591 722 3646 ad
767 3589 1054 3656 Christum
1086 3596 1144 3643 et
1174 3585 1485 3642 Eeelesiam
1514 3582 1687 3637 relata
1719 3588 1802 3650 ty-

203 3684 340 3756 pice
389 3682 548 3753 prius
596 3679 1057 3749 descripta'sint,
1103 3676 1381 3746 siquidem
1443 3671 1669 3729 omnino
1701 3684 1803 3739 per

201 3775 495 3832 Christum
550 3773 692 3827 facta
722 3781 853 3828 sunt
877 3810 892 3835 ,
928 3767 1414 3840 praesigniﬁcantia
1450 3765 1573 3837 ejus
1615 3761 1801 3817 carnis

203 3865 647 3935 susceptionem.
680 3862 989 3931 Sequenles
1037 3874 1171 3930 ergo
1202 3857 1489 3927 theologia:
1523 3863 1798 3910 oratorem

202 3954 547 4025 Gregorium
588 3953 684 4024 qui
726 3952 869 4006 dixit
899 3950 1073 4005 Adam
1100 3964 1239 4015 esse
1260 3947 1555 4018 agricolam
1581 3946 1799 4016 planta-

202 4062 342 4102 rum
374 4042 772 4117 immortalium
804 4049 861 4097 et
885 4040 1200 4096 divinarum
1222 4038 1516 4096 nationum
1548 4036 1604 4091 iu
1635 4036 1802 4106 para-

201 4139 338 4195 diso
369 4156 381 4191 :
407 4136 769 4191 ascendamus
790 4151 821 4190 a
842 4134 1027 4189 littera
1055 4147 1177 4203 quas
1205 4131 1430 4201 occidit,
1455 4130 1524 4185 ad
1545 4120 1800 4199 spiritum

200 4230 308 4301 qui
371 4227 617 4280 vivllicat
651 4244 664 4278 :
697 4239 916 4294 semper
975 4223 1125 4279 enim
1180 4237 1339 4277 sacra
1399 4220 1585 4274 littera
1639 4219 1801 4303 simul

200 4318 467 4376 ascendit
495 4332 621 4371 cum
643 4315 1073 4373 ascendentibus
1100 4332 1113 4369 :
1140 4317 1210 4383 Et
1240 4313 1438 4369 exoriri
1472 4312 1592 4381 fecit
1621 4311 1801 4366 Domi-

1900 3120 2191 3193 Sqriptura
2212 3121 2411 3176 horum
2438 3120 2711 3191 lignorum
2736 3112 3193 3193 germinationem
3215 3160 3229 3187 ,
3249 3120 3354 3175 hoc
3375 3133 3480 3184 est,

1898 3218 2023 3278 post
2048 3203 2195 3264 diem
2217 3209 2443 3264 Sabbati
2467 3211 2650 3266 cultus
2676 3209 2907 3290 legitimi
2931 3210 3172 3277 ;dictum
3206 3220 3289 3266 est
3308 3211 3375 3267 de
3395 3211 3486 3267 his
3574 3259 3589 3271 .

1897 3300 2293 3357 ecclesiasticis
2346 3303 2597 3372 pulchris
2646 3304 2855 3378 lignis:
2895 3303 3140 3360 Laudato
3173 3305 3481 3374 Dominum,

1856 3404 1861 3407 '
1899 3389 2044 3467 ligna
2079 3393 2365 3462 fructifera
2385 3403 2434 3447 et
2481 3412 2662 3450 omnes
2696 3397 2838 3451 cedri
2855 3396 2921 3451 ’⁵.
2949 3397 3019 3452 Et
3072 3415 3266 3455 rursus
3293 3399 3430 3456 dicit
3466 3421 3480 3455 :

1898 3479 2301 3536 Saturabuntur
2316 3481 2473 3554 ligna
2495 3485 2748 3558 campi“,
2771 3487 2867 3557 qui
2906 3486 3044 3542 dicit
3073 3508 3085 3542 :
3120 3489 3235 3561 Ego
3267 3509 3385 3545 sum
3408 3494 3487 3548 vi-

1901 3574 1989 3638 tis,
2044 3590 2131 3627 vos
2167 3564 2436 3645 palmites,
2484 3588 2532 3629 et
2562 3575 2728 3641 Rater
2767 3595 2915 3633 meus
2946 3590 3022 3633 est
3067 3576 3383 3653 agricola”.
3423 3584 3481 3639 In

1898 3663 2006 3720 hoc
2037 3665 2187 3720 extim
2240 3665 2583 3736 gloriﬁcatus
2616 3675 2701 3722 est
2741 3668 2904 3723 Pater
2950 3686 3107 3727 meus
3137 3684 3195 3727 ut
3243 3672 3483 3729 fructum

1899 3752 2114 3822 feratis,
2150 3764 2207 3811 et
2254 3755 2411 3810 eritis
2450 3757 2590 3813 mihi
2619 3757 2903 3828 discipuli.
2942 3760 3022 3817 De
3066 3762 3156 3817 his
3185 3764 3353 3829 lignis
3369 3768 3482 3822 clu-

1900 3847 2306 3919 mabatJudteis
2334 3847 2596 3905 Servatur
2620 3850 2841 3906 dicens:
2863 3851 3099 3907 Tolletur
3115 3875 3148 3909 a
3169 3856 3307 3911 vobis
3331 3859 3482 3914 vinea

1901 3952 1951 3997 ct
1983 3942 2197 4015 dabitur
2226 3944 2324 4000 alii
2347 3945 2565 4014 facienti
2587 3946 2819 4016 fructum
2847 3949 2960 4018 ejus
2985 3950 3052 4003 ’⁸.

1950 4024 2056 4088 Ἐκ
2089 4033 2179 4090 his
2208 4033 2671 4106 pulchrislignis
2708 4034 2944 4108 (utquae
2983 4046 3170 4092 essent
3219 4038 3373 4093 utilia
3414 4042 3482 4095 ad

1903 4126 2328 4187 aediﬁcationem
2361 4125 2582 4197 scaphae
2604 4125 2885 4197 Ecclesizc)
2910 4143 3037 4183 cum
3067 4128 3299 4198 quidam.
3321 4148 3482 4189 acce-

1901 4218 2075 4288 pisset
2119 4217 2341 4273 dicebat
2377 4236 2390 4272 :
2421 4216 2723 4274 Secundum
2767 4220 2999 4292 gratiam
3043 4220 3142 4275 Dei
3192 4239 3309 4293 qua:
3350 4232 3480 4279 data

1904 4319 1979 4364 est
2020 4312 2176 4376 mihi,
2226 4319 2498 4382 tanquam
2542 4313 2756 4382 sapiens
2808 4313 3126 4368 architectus
3159 4314 3481 4384 fundamen-

203 4427 315 4466 ηαδ
346 4408 488 4462 Deus
518 4407 690 4461 adhuc
716 4423 783 4461 ea:
816 4415 966 4460 terra
997 4422 1150 4459 omne
1181 4404 1385 4476 lignum
1418 4386 1696 4475 pulchrum
1735 4404 1804 4485 ad
1831 4394 1881 4454 Β
1907 4411 2020 4457 tum
2046 4404 2196 4473 posui
2213 4404 2282 4458 '9.
2312 4404 2392 4458 Es
2423 4404 2512 4458 his
2541 4403 2792 4475 pulchris
2820 4404 2984 4475 lignis
3030 4405 3111 4459 illi
3162 4415 3292 4461 sunt
3325 4408 3483 4477 prius

202 4502 527 4565 videndum,
569 4509 618 4554 et
645 4499 839 4553 bonum
871 4499 942 4552 ad
980 4498 1374 4555 comedendum.
1410 4495 1513 4551 Hic
1544 4495 1804 4552 convenit

202 4590 516 4664 diligenter
558 4605 813 4662 quaerere
844 4588 978 4660 quid
1009 4589 1083 4643 sit
1113 4598 1292 4654 ortus,
1340 4588 1437 4659 qui
1476 4588 1667 4644 Graece
1718 4596 1804 4643 est

198 4673 477 4751 ἀνατολὴζ
505 4691 562 4737 et
611 4682 751 4753 quid
788 4689 946 4736 ortus
972 4682 1070 4751 qui
1104 4689 1190 4736 est
1232 4680 1552 4751 ὲξανατολή.
1586 4679 1664 4735 in
1732 4679 1802 4736 iis

198 4791 336 4846 qua:
368 4783 580 4853 eterra
638 4763 882 4828 fwnt‘et
932 4781 1272 4836 nascuntur,
1323 4771 1528 4827 dicitur
1573 4772 1798 4843 quidem

196 4865 402 4921 oriens
418 4870 640 4933 (nempe
669 4860 984 4932 ἀνατέλλον)
1022 4863 1173 4933 quod
1197 4862 1387 4934 statim
1420 4862 1602 4932 primo
1633 4879 1799 4934 appa-

199 4967 334 5022 ret;
363 4964 618 5008 exortum
650 4964 836 5010 autem
858 4956 1079 5033 (nempe
1105 4952 1476 5022 ὲξανατέλλον)
1498 4952 1645 5023 quod
1670 4970 1797 5009 cum

195 5047 553 5106 emarcuerit
604 5057 661 5102 et
719 5047 1055 5125 exsiccatum
1087 5046 1276 5112 fuerit,
1313 5061 1506 5100 rursus
1549 5036 1797 5101 exoritur

196 5140 463 5198 secundo
493 5140 688 5207 ordine
725 5156 825 5210 per
864 5130 1065 5210 aquam
1101 5147 1157 5203 et
1182 5126 1535 5210 agriculturae
1566 5139 1801 5210 diligen-

194 5234 346 5293 tiam
369 5242 427 5287 et
458 5232 808 5303 industriam.
836 5232 1203 5299 Quamobrem
1224 5232 1468 5296 dilucide
1496 5230 1792 5287 admodum

190 5332 268 5380 et
291 5322 546 5391 apposite
565 5322 773 5377 dictum
785 5331 871 5376 est
897 5322 1215 5391 prophetiae
1236 5322 1305 5376 de
1336 5321 1582 5377 Ecclesia
1613 5340 1625 5374 :
1652 5322 1795 5377 Emo—

189 5415 309 5469 riri
331 5413 455 5483 fecit
487 5393 658 5466 adhuc
688 5411 945 5466 Dominus
981 5410 1123 5465 Deus
1156 5428 1184 5465 e
1216 5420 1360 5464 terra
1407 5428 1560 5467 omne
1592 5413 1793 5484 lignum

1901 4495 2134 4551 radicati
2166 4505 2224 4551 et
2255 4496 2414 4567 prius
2444 4497 2678 4568 plantati
2702 4538 2718 4563 ,
2760 4499 2986 4569 speciosi
3028 4498 3183 4569 pedes
3216 4501 3457 4571 cvangeli

1898 4587 2138 4665 euntium
2169 4604 2353 4657 pacem
2370 4587 2437 4640 ³⁸.
2473 4587 2533 4642 lu
2563 4588 2653 4643 his
2686 4588 2939 4658 pulchris
2974 4589 3138 4659 lignis
3167 4599 3297 4645 sunt
3335 4592 3483 4663 ligna

1901 4664 2183 4751 just'orum
2213 4679 2590 4750 plantatorum
2618 4681 2782 4751 jua'ta
2807 4681 3052 4735 decursus
3079 4699 3363 4753 aquarum,
3387 4685 3483 4754 qui

1903 4772 2138 4842 fructum
2185 4789 2344 4827 suum
2396 4771 2527 4827 dant
2560 4774 2615 4827 in
2649 4782 2882 4845 tempore
2902 4791 2998 4828 suo
3013 4775 3091 4841 ³¹;
3128 4775 3220 4830 ille
3256 4776 3482 4845 quidem

1904 4864 2129 4919 dicens:
2154 4862 2269 4934 Ego
2297 4873 2477 4919 autem
2502 4870 2760 4935 tanquam
2791 4864 2931 4920 oliva
2950 4866 3226 4936 fructifera
3248 4868 3303 4921 in
3327 4869 3482 4922 domo

1902 4950 2003 5007 Dei
2020 4951 2101 5019 ³²;
2134 4961 2191 5007 et
2219 4952 2365 5007 alius
2387 4953 2633 5022 psallens
2658 4952 2949 5009 :Dominus
2978 4956 3143 5025 pascit
3170 4973 3251 5009 me
3272 4966 3320 5009 et
3350 4958 3483 5012 nihil

1904 5046 2035 5100 milii
2068 5045 2234 5099 deerit
2256 5061 2273 5099 :
2293 5046 2349 5099 iu
2394 5045 2505 5099 loco
2531 5062 2742 5115 pascua:
2784 5046 2855 5099 ibi
2888 5063 2968 5101 me
2991 5047 3284 5112 collocavit,
3322 5066 3479 5122 super

1901 5154 2099 5208 aquam
2123 5137 2420 5207 refectionis
2451 5138 2693 5191 educavit
2725 5154 2807 5191 me
2822 5138 2884 5191 ³³.
2911 5138 3066 5203 Alius
3093 5157 3106 5192 :
3135 5140 3318 5196 Justus
3345 5143 3479 5196 sicut

1899 5228 2083 5300 palma
2116 5228 2403 5300 florebit“.
2433 5228 2497 5283 Et
2529 5228 2670 5283 alius
2706 5248 2718 5281 :
2751 5228 2902 5284 Sicut
2921 5231 3200 5302 juniperus
3226 5233 3390 5288 densa
3408 5236 3475 5289 ³⁸.

1897 5320 1966 5377 Et
2012 5321 2153 5375 alius
2190 5338 2203 5373 :
2234 5318 2380 5374 Sicut
2412 5321 2553 5375 salix
2589 5321 2660 5374 ad
2684 5339 2881 5392 aquam
2942 5327 3389 5396 prazter/luenlem
3409 5328 3475 5383 ³⁵.

1898 5414 1966 5468 Et
1995 5432 2006 5466 :
2029 5411 2176 5468 Sicut
2202 5430 2390 5483 pomus
2412 5414 2467 5466 in
2495 5412 2649 5485 lignis
2667 5413 2814 5469 silua:
2834 5455 2848 5479 ,
2886 5423 2934 5469 et
2954 5416 3087 5469 sicut
3110 5435 3405 5488 cypressus,
3428 5429 3484 5473 ct

273 5554 328 5591 ’δ
348 5553 495 5627 Psal.
522 5568 666 5617 xuv,
692 5552 748 5627 3_.
805 5551 867 5627 :5
895 5551 1037 5606 Psal.
1070 5548 1378 5627 omnia}:
1438 5550 1484 5627 ’f
1515 5552 1658 5627 Psal.
1684 5568 1794 5627 cur,

1897 5587 1914 5604 .
1935 5621 1948 5627 _
1986 5552 2032 5583 ’⁷
2064 5551 2224 5627 Joan.
2257 5552 2425 5627 xv_,_5_.
2497 5550 2543 5627 ξ’
2566 5551 2755 5606 Matth.
2791 5569 2899 5619 3m,
2930 5550 3019 5627 lii.
3052 5625 3071 5627 _
3097 5554 3188 5627 "l
3217 5554 3346 5611 Cor.
3393 5571 3476 5627 tu,

192 5624 297 5684 10.
378 5623 424 5656 ³⁰
446 5623 557 5678 lsa.
590 5638 679 5685 LII,
712 5623 778 5687 7;
805 5621 963 5676 Rom.
997 5621 1167 5685 x,15.

188 5699 268 5749 ν³⁸
284 5692 431 5755 ibid.
505 5691 551 5724 "
583 5691 688 5747 lsa.
710 5693 919 5756 xuv,4.

456 5787 733 5850 PATBOL.
766 5786 882 5848 Gn.
919 5786 1244 5848 LXXXIX.

1278 5621 1318 5652 "
1347 5621 1487 5676 Psal.
1514 5638 1553 5687 ι,
1584 5622 1637 5675 5,

1747 5624 1789 5653 ³¹
1828 5621 1973 5677 Psal.
2010 5636 2091 5685 ιι,
2128 5620 2212 5673 10.

2318 5621 2362 5651 ³³
2391 5621 2533 5676 Psal.
2572 5638 2701 5689 xx",
2740 5628 2787 5688 t,
2812 5628 2868 5682 2.
2975 5623 3021 5656 "‘
3050 5625 3193 5679 Psal.
3224 5642 3328 5691 xu,
3386 5621 3476 5681 13'.

3079 5788 3154 5851 31

3428 5824 3459 5845 ἀι

3390 5855 3440 5877 ‘L‘
3461 5858 3494 5877 n"
