3942 6298
491 245 645 312 ,Ἢ

541 364 690 431 picea
721 359 1006 414 etwedrus
1025 360 1068 392 ³⁷
1078 402 1092 426 ,
1140 361 1310 416 odore
1342 360 1735 432 perfundentia
1773 375 1830 420 et
1868 369 2126 424 ornantia

459 446 464 454 '
543 458 764 518 pratum
795 450 1142 516 Eeclesimdn
1169 468 1280 523 quo
1303 455 1510 509 exoriri
1539 455 1672 510 fecit
1694 457 1965 514 Dominus
1981 458 2126 514 Deus

541 543 728 601 adhuc
753 551 809 598 et
837 543 1021 598 adhuc
1043 551 1100 598 et
1127 544 1180 598 in
1217 546 1479 601 saaculum
1507 549 1696 604 smeuli
1733 566 1888 604 omne
1923 549 2124 622 lignum

540 638 818 710 pulchrum
872 637 944 692 ad
965 637 1269 704 videndum,
1299 647 1349 692 et
1387 639 1583 694 bonum
1617 641 1687 695 ad
1718 641 2120 696 comedendum.

540 728 778 783 Pulchra
808 728 956 798 ligna
980 739 1113 783 sunt
1139 729 1233 784 illa
1257 729 1328 786 de
1353 731 1560 796 quibus
1589 731 1731 787 dixit
1752 733 1902 788 Deus
1930 752 1942 786 :
1966 733 2124 788 Juve-

538 836 629 874 ues
649 820 811 874 vestri
837 819 1061 874 visiones
1083 819 1356 884 videbunt,
1382 831 1430 875 et
1450 825 1682 878 seniores
1706 825 1888 880 divina
1915 827 2124 882 somnia

534 912 960 966 somniabunt”.
989 913 1291 970 Pulchrum
1327 915 1538 986 lignum
1569 917 1638 972 ad
1664 917 1968 973 videndum
2001 927 2125 976 erat

536 1002 673 1057 illud
699 1002 1009 1072 quoddicit
1041 1021 1054 1056 :
1087 1003 1238 1059 Oculi
1274 1005 1376 1058 mei
1401 1022 1609 1076 semper
1648 1006 1720 1061 ad
1748 1007 2035 1062 Dominum
2053 1009 2119 1063 ³³.

533 1097 774 1157 Pulchra
801 1097 948 1168 ligna
981 1097 1052 1152 ad
1090 1098 1391 1152 videndum
1427 1115 1558 1154 sunt
1589 1101 1684 1170 qui
1712 1085 1920 1156 habent
1947 1101 2120 1158 visio-

535 1205 661 1245 nem
689 1190 910 1260 qualem
947 1189 1138 1244 habuit
1160 1189 1357 1244 videns
1383 1191 1476 1244 Dei
1502 1191 1774 1246 visionem
1803 1192 1996 1248 Daniel
2023 1194 2121 1264 qui

532 1279 758 1336 dicebat
791 1297 804 1334 :
839 1279 1254 1351 Contemplabar
1277 1281 1334 1334 in
1351 1283 1549 1334 visione
1573 1284 1738 1337 noctis
1765 1283 1929 1338 donec
1947 1286 2123 1340 throni

531 1371 689 1440 positi
705 1371 922 1441 fuerunt
937 1371 1004 1426 ιο.
1021 1371 1209 1426 Talem
1224 1371 1419 1426 habuit
1435 1371 1703 1427 visionem
1716 1373 1882 1428 Isaias
1899 1389 2121 1446 quoque

530 1463 626 1532 qui
655 1463 878 1518 dicebat
903 1481 914 1516 :
942 1462 1058 1516 Vidi
1085 1463 1370 1518 Dominum
1405 1463 1670 1519 sedentem
1691 1481 1849 1536 super
1872 1468 2120 1543 thronum

530 1555 792 1609 excelsum
814 1564 864 1608 et
890 1553 1092 1608 elatum
1112 1555 1180 1610 ‘-’.
1212 1557 1496 1627 Ejusmodi
1525 1557 1817 1628 pulchram
1848 1559 2119 1614 visionem

529 1647 808 1718 signiﬁcat
847 1663 1071 1718 quoque
1111 1648 1158 1702 is
1189 1649 1283 1718 qui
1316 1651 1455 1706 dicit
1488 1669 1502 1704 :
1535 1651 1652 1722 Ego
1679 1652 1904 1716 dormio,
1954 1662 2003 1706 et
2029 1669 2121 1718 cor

528 1757 706 1795 meum
729 1740 914 1812 uigilat
935 1742 1002 1796 “.
1036 1741 1184 1797 Talis
1216 1752 1338 1797 erat
1364 1743 1570 1798 Paulus
1597 1743 1694 1814 qui
1729 1743 2004 1814 spirituali
2033 1746 2114 1799 vi-

529 1835 685 1890 sione
721 1834 1028 1904 aspicicbat
1077 1835 1398 1890 Dominum.
1441 1835 1531 1902 Et,
1570 1845 1633 1890 ut
1681 1836 1854 1892 semel
1907 1835 2116 1900 dicam,

486 1949 490 1952 ·
527 1939 690 1981 mens
709 1925 893 1980 omnis
917 1925 1210 1996 perspicax
1231 1937 1290 1982 et
1317 1934 1443 1996 apta
1464 1926 1532 1982 ad
1557 1926 1804 1982 divinam
1823 1927 2117 1992 visionem,

522 2013 738 2073 dicitur
769 2030 892 2072 esse
923 2016 1096 2072 arbor
1133 2017 1480 2106 pulclira‘ad
1514 2017 1817 2074 videndum
1863 2036 1878 2073 :
1907 2018 2117 2074 bonum

557 2212 730 2232 “ﬁ.-

1833 245 2234 310 ANASTASII
2274 249 2598 316 SINAIT.‘E

2157 378 2201 435 Α
2229 379 2420 428 autem
2449 372 2663 443 lignum
2694 373 2768 430 ad
2797 373 3208 432 comedendum
3242 377 3300 432 in
3331 379 3608 449 paradiso
3639 382 3814 443 Eccle-

2230 464 2328 520 siae
2349 473 2435 520 est
2452 465 2638 520 amitis
2667 465 2868 521 doctor
2891 467 3264 536 orthodoxus,
3287 473 3447 528 alens
3471 474 3819 544 dogmatibus

2229 567 2365 614 oves
2395 559 2579 630 gregis
2604 559 2840 627 Christi,
2869 571 2928 615 et
2964 561 3178 638 nullam
3209 564 3566 620 mortiferam
3602 581 3706 625 aut
3731 589 3814 626 no-

2229 649 2375 704 xiam
2407 650 2490 706 eis
2523 667 2812 730 apponens
2846 652 3237 725 disciplinam;
3282 657 3382 712 sed
3427 658 3489 713 in
3523 675 3592 716 se
3621 661 3818 719 habens

2227 740 2442 798 fructus
2478 743 2658 798 sancti
2681 742 2947 813 Spiritus,
2965 761 3107 816 quos
3131 753 3188 802 et
3213 748 3560 818 germinavit
3589 753 3818 824 Aposto-

2226 833 2314 888 lus
2343 841 2402 889 et
2425 835 2865 901 enumeravit",
2901 837 3259 904 charitatem,
3287 841 3594 910 gaudium,
3614 861 3816 915 pacem,

2223 925 2646 996 benignitatem,
2683 928 3186 1000 longanimitatem,
3240 931 3590 1001 bonitatem,
3647 938 3817 1004 fidem,

2223 1019 2738 1088 mansuetudinem,
2765 1021 3192 1087 continentiam,
3213 1031 3274 1079 et
3304 1040 3429 1094 quae
3461 1037 3608 1082 sunt
3633 1029 3726 1085 his
3751 1033 3816 1086 si-

2197 1101 2401 1166 milia.
2437 1111 2532 1166 Sic
2571 1111 2710 1168 mihi
2739 1113 2986 1180 videtur,
3025 1115 3084 1170 in
3115 1115 3390 1178 Ecclesia,
3439 1133 3574 1174 esse
3630 1120 3819 1178 intelli-

2221 1203 2400 1274 genda
2441 1203 2590 1276 ligna
2620 1205 2852 1276 pulchra
2883 1206 2954 1261 ad
2986 1207 3186 1270 visum,
3217 1215 3278 1264 et
3327 1208 3483 1265 bona
3517 1211 3591 1265 ad
3651 1228 3820 1270 come-

2221 1295 2490 1363 dendum,
2523 1305 2580 1352 et
2605 1299 2856 1370 apposite
2881 1300 3140 1356 facientia
3189 1301 3464 1368 fructum,
3493 1307 3672 1375 quale
3698 1309 3822 1363 dixit

2223 1387 2436 1458 lignum
2467 1389 2618 1456 vitae,
2662 1390 2860 1446 dicens
2879 1391 3190 1476 adiens-est
3223 1395 3374 1450 cibus
3405 1405 3468 1450 ut
3505 1398 3716 1468 faciant
3744 1418 3820 1456 ro-

2219 1479 2484 1547 luntatem
2517 1481 2698 1538 Patris
2727 1485 2834 1540 mei
2854 1485 2920 1540 “.
2956 1485 3022 1541 Ei
3047 1485 3218 1556 gloria
3249 1495 3308 1542 et
3335 1492 3606 1559 potentia
3639 1493 3696 1548 in
3735 1510 3822 1548 se-

2222 1571 2346 1625 cula
2376 1573 2729 1628 saeculorum.
2767 1577 2967 1632 Amen.

2154 1723 2196 1780 η
2225 1700 2366 1758 Finis
2408 1689 2529 1758 libri
2550 1705 2762 1775 septimi
2799 1689 2850 1759 et
2883 1681 3179 1778 corporalis
3219 1721 3312 1762 sca:
3343 1709 3564 1762 dierum
3608 1713 3817 1766 creatio-

2297 1796 2378 1848 nis
2410 1810 2429 1848 :
2451 1804 2735 1866 postquam
2783 1796 2848 1850 de
2879 1799 3070 1851 cirtero
3105 1806 3184 1852 est
3221 1799 3563 1869 principium
3603 1801 3817 1857 nosci:
3845 1809 3850 1813 ‘

2295 1883 2504 1942 Christo
2539 1897 2800 1944 creatura:
2827 1891 3255 1959 pra'stantiorem
3286 1891 3353 1944 iis
3386 1907 3517 1962 qua!
3543 1893 3695 1949 dicta
3714 1904 3818 1949 aut

2294 1977 2492 2030 habens
2514 1977 2942 2050 intelligentiam.

1745 2221 3804 2248 ww

1675 2378 2032 2467 LIBER
2107 2377 2688 2520 OCTAVUS.

1211 2586 1298 2628 DE
1343 2585 1594 2632 DUOBUS
1640 2587 1845 2632 LIGNIS
1893 2587 1973 2631 ΕΤ
2015 2588 2117 2641 ρυι

2228 2588 2318 2632 ΟΒ
2383 2590 2774 2636 FLUMINIBUS
2814 2595 3133 2640 ρΑιιΑιιηει.

2145 2749 2212 2768 ,ι-

562 2871 576 2878 ’
599 2873 670 2928 Et
693 2873 890 2929 exoriri
906 2873 1026 2944 fecit
1058 2872 1230 2928 adhuc
1257 2871 1511 2926 Dominus
1538 2872 1677 2927 Deus
1703 2889 1766 2927 ea:
1786 2881 1931 2928 terra
1959 2885 2116 2929 omne
2141 2877 2186 2942 C
2219 2877 2324 2932 clis
2349 2891 2574 2948 quoque
2602 2875 2866 2932 Patribus
2889 2876 3115 2933 minime
3132 2870 3239 2933 fdit
3263 2884 3639 2938 consentiens
3667 2883 3817 2940 deiis

488 2973 498 2981 “
529 2967 734 3040 lignum
749 2965 1024 3039 pulchrum
1053 2965 1122 3020 ad
1145 2965 1427 3020 videndum
1462 2974 1512 3019 et
1546 2964 1738 3020 bonum
1757 2966 1827 3020 ad
1842 2967 2118 3021 comeden-

520 3057 675 3125 dum,
717 3067 766 3111 et
812 3056 1014 3128 lignum
1056 3056 1178 3110 vitae
1215 3055 1270 3109 in
1299 3054 1468 3109 medio
1509 3056 1748 3119 paradisi
1772 3095 1787 3118 ,
1823 3065 1873 3109 et
1915 3055 2115 3128 lignum

513 3150 725 3204 sciendi
755 3149 809 3204 id
843 3149 982 3219 quod
1020 3149 1261 3218 cognosci
1290 3153 1457 3218 potest
1483 3147 1606 3202 boni
1645 3156 1696 3201 et
1735 3148 1888 3204 mali.
1922 3149 2114 3220 Magna

530 3242 694 3298 nobis
743 3257 886 3309 opus
919 3247 1008 3296 est
1068 3240 1438 3312 inspiratione
1475 3249 1532 3295 et
1585 3241 1996 3296 illmninatione
2046 3242 2114 3300 ad

523 3345 722 3408 aperte
763 3332 1144 3401 aspiciendum
1191 3341 1248 3390 et
1280 3333 1578 3388 dicendum
1625 3349 1880 3404 quaenam
1913 3335 2114 3390 horum

528 3430 767 3484 duorum
809 3428 1086 3499 lignorum
1121 3442 1254 3482 vera
1291 3427 1361 3482 sit
1387 3426 1632 3482 essentia
1675 3437 1734 3482 et
1776 3427 2111 3484 substantia.

511 3521 599 3576 ‘Et
644 3519 794 3591 quod
837 3534 961 3590 quae
1005 3517 1231 3573 silentio
1279 3515 1550 3587 praeteriit
1585 3514 1870 3586 Scriptura
1925 3515 2115 3571 divina

525 3628 642 3669 non
674 3611 787 3668 sint
834 3609 1162 3676 scrutanda,
1193 3617 1278 3665 est
1311 3605 1924 3680 perspicuum.'0mnia
1966 3609 2116 3663 enim

511 3722 652 3778 quae
701 3705 915 3778 iaciunt
959 3703 1029 3759 ad
1057 3711 1305 3758 nostram
1347 3701 1646 3757 utilitatem
1687 3701 2033 3772 dispensavit
2059 3709 2116 3756 et

524 3795 942 3855 administravit
987 3794 1232 3866 Spiritus
1277 3801 1529 3849 sanctus.
1555 3793 1720 3850 Unde
1773 3791 1944 3851 etiam
1977 3807 2006 3846 a
2031 3807 2118 3848 sa-

508 3887 806 3960 pientibus
837 3883 1372 3942 commentatoribus
1401 3883 1553 3938 nulla
1581 3882 1651 3938 de
1693 3881 1762 3937 iis
1790 3881 1958 3954 lignis
1987 3881 2114 3964 data

523 3991 611 4038 est
639 3977 914 4036 sententia
935 3985 994 4032 et
1025 3977 1345 4048 conjectura
1370 3991 1436 4030 ac
1460 3975 1670 4046 opinio.
1703 3973 1841 4029 Nam
1863 3973 2119 4044 superio-

524 4088 618 4128 res
655 4070 885 4142 quidem
935 4069 1299 4138 interpretes,
1334 4066 1662 4138 accipiendo
1717 4081 1819 4137 pro
1869 4075 2118 4120 contem-

525 4163 772 4233 platione
813 4162 914 4216 has
939 4160 1080 4216 duas
1119 4159 1340 4230 plantas
1375 4160 1755 4216 celebrarunt.
1788 4158 1898 4215 Alii
1929 4167 2115 4213 autem

526 4254 676 4325 quod
703 4269 814 4309 non
833 4251 1201 4308 sintsensiles
1226 4261 1283 4307 et
1311 4238 1424 4306 cibi
1459 4269 1473 4305 :
1509 4251 1898 4307 Theodoretus
1927 4259 2113 4306 autem

524 4347 788 4426 pyrensis
824 4345 966 4401 dixit
995 4343 1158 4400 ticum
1195 4359 1317 4399 esse
1347 4343 1558 4414 lignum
1589 4342 1804 4399 fructus
1831 4343 1996 4414 quem
2023 4356 2115 4399 eo-

527 4439 703 4495 medit
741 4437 916 4493 Adam
957 4433 1262 4490 :similiter
1318 4433 1483 4489 etiam
1547 4434 1880 4489 Theodorus
1913 4434 2112 4490 Antio-

527 4535 766 4600 chenus,
789 4531 1048 4588 similiter
1073 4531 1240 4587 etiam
1287 4527 1480 4585 infelix
1501 4531 1765 4602 Origenes
1791 4547 1804 4584 :
1831 4531 2110 4587 infelicem

527 4641 656 4681 eum
694 4639 862 4688 voco,
899 4622 1165 4692 quoniam
1192 4638 1318 4677 cum
1354 4622 1561 4677 multos
1586 4630 1642 4678 et
1680 4621 1846 4678 utiles
1881 4622 2118 4680 sudores

525 4714 782 4771 emiserit
810 4712 865 4768 in
904 4711 1170 4776 Ecclesia,
1205 4723 1262 4766 et
1289 4727 1510 4767 omnem
1531 4721 1788 4775 veterem
1817 4721 1872 4767 et
1917 4727 2117 4768 novam

529 4807 876 4878 Scripturam
925 4805 992 4860 ad
1042 4803 1276 4860 verbum
1317 4805 1388 4859 sit
1431 4804 1875 4875 interpretatus;
1923 4813 2118 4875 postea

526 4901 676 4956 sicut
702 4900 872 4954 etiam
902 4896 1183 4953 Eusebius
1208 4895 1600 4960 Palaestinaaus,
1637 4911 1668 4950 a
1705 4895 1942 4951 veritate
1970 4898 2120 4952 exci-

530 4993 633 5048 dit.
676 4990 815 5048 Cum
862 5006 993 5062 ergo
1050 4988 1292 5060 Spiritus
1339 4995 1565 5042 sanctus
1615 4987 1814 5043 horum
1878 4987 2118 5043 duorum

525 5086 809 5157 lignorum
859 5082 1288 5154 appellationem
1321 5088 1378 5136 et
1406 5089 1660 5134 naturam
1696 5080 1860 5135 nobis
1901 5079 2123 5135 siluerit

530 5184 589 5230 et
611 5173 932 5238 occultarit,
969 5181 1056 5229 est
1096 5171 1456 5243 perspicuum
1487 5171 1638 5240 quod
1677 5186 1788 5224 non
1823 5179 1910 5228 est
1929 5169 2122 5226 Eccle-

531 5269 630 5326 sia
657 5265 996 5330 necessaria,
1029 5279 1214 5336 neque
1245 5262 1400 5318 utilis
1423 5278 1616 5318 eorum
1643 5279 1764 5332 quae
1793 5279 1823 5318 a
1855 5263 1967 5318 Deo
1991 5271 2120 5318 sunt

528 5359 804 5416 absconsa
843 5355 1116 5413 scrutatio
1151 5364 1207 5409 et
1231 5354 1626 5410 manifestatio.
1655 5353 1796 5408 Hinc
1821 5355 1970 5409 enim
1995 5369 2124 5408 san-

605 5513 651 5547 ³⁷
681 5510 841 5568 Cant.
869 5527 934 5576 ιι,
957 5510 1025 5579 5;
1061 5509 1236 5579 Eccli.
1272 5525 1419 5574 nlv,
1457 5509 1545 5562 l7.
1677 5507 1722 5541 ³⁸
1761 5509 1878 5564 Joel
1921 5523 1980 5572 η,
2011 5505 2101 5579 28ζ

531 5581 580 5617 δ’
606 5582 764 5636 Cant.
788 5597 845 5645 ν,
870 5581 928 5634 2.
1013 5578 1076 5611 "'
1102 5578 1278 5634 Galat.
1315 5596 1369 5646 v,
1399 5579 1494 5634 22.
1527 5579 1618 5634 2'5.

536 5652 585 5686 ³³
611 5651 768 5708 ἔοτιιι.
804 5663 912 5706 xw.
944 5649 1035 5704 l9.

1717 5579 1762 5611 “
1789 5582 1944 5634 Joau.
1975 5595 2048 5643 tv,
2078 5577 2167 5631 54.

2221 2969 2670 3040 comprehensio.

2287 3060 2367 3116 Ne
2398 3060 2644 3131 inquirat
2669 3076 2801 3132 ergo
2831 3061 3079 3116 Ecclesia
3125 3073 3385 3142 naturam
3427 3065 3640 3122 horum
3679 3067 3820 3122 duo-

2219 3165 2339 3206 rum
2364 3151 2672 3224 lignorum;
2703 3153 2799 3208 sed
2831 3154 3018 3223 potius
3046 3155 3336 3226 cujuSnam
3377 3159 3495 3228 typi
3529 3175 3597 3214 ac
3640 3161 3823 3231 ﬁgura

2218 3251 2350 3296 sunt
2375 3241 2493 3296 hinc
2527 3241 2638 3297 duo
2662 3242 2830 3313 ligna,
2855 3253 2912 3298 et
2932 3245 3190 3314 quisnam
3211 3246 3482 3302 viviﬁeus
3514 3249 3741 3304 fruetus
3758 3267 3826 3304 ac

2217 3333 2398 3399 cibus,
2429 3349 2498 3389 ex
2523 3348 2634 3404 quo
2663 3349 2791 3389 cum
2817 3336 3066 3406 quipiam
3111 3337 3423 3394 comedérit
3449 3340 3511 3394 in
3548 3342 3823 3404 Eccleda.

2219 3426 2391 3490 vivet,
2439 3434 2498 3481 et
2543 3417 2656 3481 non
2689 3428 2966 3482 morietur
3009 3429 3064 3483 in
3095 3437 3394 3485 aeternum.
3449 3433 3602 3498 Quis
3631 3445 3824 3488 autem

2221 3531 2416 3572 rursus
2444 3516 2588 3572 alius
2616 3516 2854 3583 fructus,
2875 3534 2944 3573 ex
2972 3535 3083 3590 quo
3106 3535 3228 3576 cum
3249 3521 3538 3592 quispiam
3558 3531 3828 3594 gustarit.

2219 3619 2375 3661 suam
2405 3607 2621 3663 videbit
2663 3608 2974 3665 nuditatem
3007 3610 3068 3664 ct
3095 3611 3388 3681 pudorem,
3436 3627 3498 3667 et
3545 3616 3830 3678 morietur

2217 3707 2398 3756 morte
2432 3709 2658 3756 :eterna.
2693 3701 2793 3757 Est
2815 3701 2964 3756 enim
3009 3702 3388 3758 adnotandum
3438 3708 3592 3775 quod
3622 3723 3690 3762 ex
3737 3708 3834 3762 bis

2218 3792 2384 3864 lignis
2407 3793 2647 3850 alterum
2677 3792 2905 3863 quidem
2936 3793 3100 3848 nobis
3119 3793 3325 3864 pra-bet
3351 3794 3554 3858 vitam,
3575 3799 3836 3852 altera

2217 3897 2403 3942 autem
2443 3893 2528 3940 est
2572 3883 2818 3940 eﬂlciens
2847 3885 3070 3940 mortis.
3115 3884 3218 3952 Qui
3262 3886 3496 3955 quidem
3527 3889 3646 3942 duo
3683 3891 3838 3952 cibi,

2222 3979 2451 4035 fuerunt
2482 3979 2629 4034 forte
2666 3977 2916 4050 symbbla
2939 3978 3164 4033 virtutis
3200 3987 3257 4034 et
3278 3978 3402 4032 vitii
3437 3997 3452 4033 :
3495 3989 3555 4036 et
3585 3982 3844 4038 virtutis

2219 4072 2443 4142 quidem
2499 4058 2732 4142 frugifer
2774 4069 2936 4124 dator
2987 4080 3074 4125 est
3098 4069 3379 4134 Christus,
3417 4086 3590 4140 quem
3661 4075 3848 4144 prius

2220 4163 2574 4220 describebat
2599 4161 2734 4246 illud
2757 4160 2968 4232 lignum
2989 4162 3138 4216 vitae.
3156 4161 3224 4216 Et
3249 4161 3375 4216 ideo
3407 4169 3692 4248 tanquam
3719 4167 3846 4221 vita

2147 4228 2190 4284 θ
2219 4263 2276 4309 et
2307 4253 2568 4309 viviﬁcus
2595 4228 2870 4308 clamabat
2901 4269 2916 4306 :
2953 4253 3064 4324 Ego
3111 4270 3228 4307 sum
3272 4255 3382 4308 uita
3407 4255 3477 4307 “.
3511 4228 3586 4296 λ-
3607 4256 3690 4312 In
3725 4261 3847 4328 ipso

2221 4348 2370 4402 enim
2401 4347 2512 4400 vita
2562 4354 2702 4410 erat,
2743 4355 2794 4400 et
2836 4346 2946 4400 uita
2971 4353 3088 4398 erat
3131 4344 3222 4398 tua:
3272 4347 3646 4402 hominum“.
3711 4353 3846 4405 Vita

2214 4439 2370 4494 enim
2421 4446 2606 4493 nostra
2639 4438 2898 4492 absconsa
2944 4445 3020 4490 est
3054 4437 3110 4490 in
3151 4435 3444 4492 Christe".
3482 4437 3562 4495 Et
3595 4445 3850 4510 quando

2217 4529 2604 4586 manifestatus
2639 4527 2812 4592 fuerit
2827 4528 3082 4584 Christus
3117 4527 3229 4582 vita
3257 4537 3472 4594 nostra,
3509 4531 3854 4590 viviﬁcabit

2219 4631 2440 4678 mortua
2467 4637 2700 4692 corpora
2728 4629 2923 4678 nostra
2943 4660 2958 4686 ,
2985 4619 3083 4690 qui
3109 4618 3249 4674 dicit
3279 4637 3291 4672 :
3326 4619 3394 4673 Et
3438 4629 3500 4672 ut
3537 4625 3698 4676 sicut
3755 4643 3854 4693 ego

2217 4711 2407 4780 vivo,'et
2431 4731 2518 4770 vos
2535 4714 2721 4769 vivatis
2733 4714 2802 4766 ”.
2820 4701 3028 4767 Vivens
3056 4713 3206 4768 enim
3223 4710 3472 4766 Verbum
3500 4713 3604 4768 Dei
3633 4725 3713 4770 et
3735 4720 3860 4773 vita

2217 4817 2273 4860 et
2292 4804 2656 4870 resurrectio,
2691 4803 2974 4874 quomodo
3003 4819 3198 4860 rursus
3227 4819 3381 4859 mors
3413 4812 3504 4859 est
3543 4808 3861 4880 malignus

2219 4897 2476 4953 diabolus
2517 4912 2682 4967 quem
2729 4895 3083 4967 significabat
3126 4897 3368 4952 alterum
3417 4896 3655 4968 lignum
3691 4905 3861 4974 quod

2218 4985 2428 5042 dicitur
2466 5004 2478 5038 :
2507 4983 2660 5052 Quod
2682 4986 2924 5057 cognosci
2952 4993 3119 5056 potest
3155 4987 3279 5040 boni
3304 4994 3353 5040 et
3382 4988 3542 5042 ntali.
3579 4989 3653 5045 Is
3690 4995 3863 5063 prius

2219 5079 2447 5150 quidem
2475 5089 2598 5134 erat
2644 5077 2881 5148 pulcher
2927 5077 3156 5149 quando
3199 5071 3310 5134 fuit
3341 5077 3555 5146 factus,
3586 5095 3669 5139 et
3729 5089 3863 5144 ideo

2221 5171 2330 5226 fuit
2355 5171 2681 5242 appellatus,
2739 5170 2981 5240 primum
3007 5169 3234 5240 quidem
3273 5170 3488 5244 lignum
3547 5178 3740 5243 quod
3772 5197 3868 5236 eo.

2220 5261 2412 5332 gnosci
2446 5268 2630 5330 potest
2657 5259 2821 5326 boni;
2864 5259 3070 5316 deinde
3107 5261 3276 5316 etiam
3321 5261 3450 5316 mali
3491 5262 3866 5328 lethiferum

2221 5353 2432 5431 lignum
2479 5349 2759 5406 diabolus.
2809 5351 2888 5406 De
2948 5367 3060 5422 quo
3116 5351 3255 5406 dicit
3303 5351 3515 5408 ludatis
3557 5354 3869 5420 Christus

2216 5505 2260 5536 "
2297 5505 2438 5560 Psal.
2475 5519 2622 5570 xxrv,
2655 5505 2742 5561 £5.
2793 5475 2796 5478 i
2875 5505 2923 5538 “
2954 5505 3093 5562 Dan.
3113 5521 3206 5572 vn,
3240 5506 3296 5562 9.

3431 5506 3492 5583 9³.
3521 5505 3664 5566 lsa.
3703 5531 3795 5583 vr,
3817 5519 3869 5572 I.

2259 5575 2307 5608 ⁵⁸
2339 5579 2494 5633 Joan.
2517 5591 2591 5642 ιι,
2628 5575 2717 5630 25.-
2824 5575 2870 5608 ⁸⁸
2891 5576 3051 5632 Joan.
3083 5594 3122 5641 ι,

3329 5577 3372 5609 ⁸⁷
3393 5575 3646 5636 (ioloss.
3809 5595 3861 5649 3,
