3942 6298
253 352 358 418 9‘73

1309 347 1390 408 ΙΝ
1429 337 1980 406 HEXAEMEBON-
2007 362 2074 372 ν’·
2098 338 2243 398 LIB.
2283 337 2448 398 VIII.

3391 329 3496 395 974

256 478 367 525 vita
405 485 419 521 :
457 463 555 523 Vos
598 482 660 521 ea:
689 475 840 535 patre
877 474 1045 520 uestro
1068 463 1275 517 diabolo
1299 464 1440 525 estis,
1465 460 1557 514 ille
1574 459 1635 513 ab
1675 456 1826 510 initio
1855 457 1902 512 Α
1929 467 2060 507 cens
2113 452 2436 507 mulieribus
2481 449 2909 504 lamentantibus
2960 457 3017 503 et
3060 446 3447 518 plangentibus
3478 466 3494 504 :

259 568 333 614 est
366 558 625 612 homicida
644 558 688 589 ³⁸
711 574 726 622 ;
754 558 819 611 Et
841 556 936 626 qui
956 554 1195 610 comedit
1215 568 1284 611 ex
1303 552 1411 606 hoc
1437 551 1619 605 fructu
1643 554 1821 602 morte

261 650 550 705 morietur.
583 648 641 703 Si
671 660 856 703 autem
874 646 1076 717 quazris
1103 661 1211 714 qua
1241 646 1307 699 de
1335 657 1503 698 causa
1532 638 1824 695 abscondit

261 741 449 796 divina
494 740 782 809 Scriptura
815 737 1213 808 appellationes
1246 736 1443 789 horum
1475 733 1708 787 duorum
1753 729 1823 783 li-

263 846 526 906 gnorum;
556 831 816 895 viventis,
839 830 1084 899 inquam,
1100 826 1355 889 FiliiDei,
1371 823 1534 893 ctqui
1556 822 1608 876 ei
1631 820 1827 874 adver—
1861 832 1867 837 '

265 933 417 979 satur
444 923 676 990 inimici,
711 923 853 977 scias
882 921 1029 990 quod
1053 915 1335 975 sceleratae
1363 924 1419 970 et
1449 911 1745 969 immunda:
1773 917 1828 964 et

267 1016 587 1086 voluptariae
612 1015 761 1085 genti
785 1015 903 1069 haec
934 1012 1189 1067 revelans
1222 1049 1237 1073 ,
1266 1007 1448 1063 noluit
1480 1005 1713 1061 omnino
1743 1018 1829 1057 re-

268 1112 450 1165 velare
468 1108 671 1164 Judaais
697 1107 895 1162 Filium
923 1105 1043 1167 Dei,
1068 1118 1137 1156 ne
1170 1101 1544 1169 intelligerent
1564 1095 1687 1151 Filii
1708 1094 1829 1149 dei-

268 1200 597 1263 ﬁcationem,
627 1207 685 1253 et
730 1198 827 1253 Dei
857 1196 1104 1265 nuptias,
1140 1201 1197 1247 et
1236 1192 1469 1246 deorum
1519 1183 1834 1241 multitudi-

268 1308 429 1355 nem;
457 1291 554 1360 qui
600 1290 799 1344 bovem
832 1296 888 1342 et
925 1281 1171 1345 muscam
1197 1284 1277 1338 'in
1319 1281 1459 1337 deos
1499 1280 1828 1334 retulerunt.

268 1381 386 1438 lloc
410 1396 543 1452 ergo
565 1380 728 1434 modo
758 1393 828 1433 ne
853 1378 1135 1432 diabolum
1154 1373 1378 1444 quidem
1411 1372 1493 1427 eis
1518 1377 1709 1440 aperte
1738 1384 1830 1423 re-

270 1474 505 1538 velavit;
538 1471 635 1527 sed
657 1470 955 1540 aliquando
991 1468 1216 1538 quidem
1236 1466 1443 1535 ipsum,
1469 1470 1782 1532 serpentem
1818 1477 1831 1512 :

270 1563 570 1634 aliquando
596 1570 778 1616 autem
804 1561 1077 1621 arborem,
1104 1557 1448 1613 mortiferum
1478 1554 1718 1609 fructum
1757 1549 1839 1604 fe-

263 1662 484 1729 rentem
506 1649 670 1720 897
697 1647 1020 1718 appellavit;
1048 1660 1144 1699 eos
1172 1643 1398 1699 omnino
1427 1642 1615 1697 celans
1643 1636 1837 1693 mundi

269 1758 381 1797 non
407 1740 758 1810 aspectabilis
802 1736 1231 1807 intelligentiam
1272 1735 1552 1791 Virtutum
1596 1729 1836 1786 creatio-

270 1851 420 1899 nem,
448 1831 673 1905 propter
703 1847 896 1888 eorum
932 1828 1320 1900 inexplebilem
1351 1827 1625 1883 idolorum
1657 1824 1839 1907 cultus

269 1916 565 1990 insaniam,
606 1939 676 1979 ne
724 1924 773 1979 si
819 1923 1143 1979 didicissent
1189 1935 1313 1975 esse
1360 1919 1575 1988 aliquas
1611 1924 1839 1970 naturas

269 2014 517 2070 materiae
547 2021 804 2083 expertes
820 2021 891 2067 ret
927 2011 1320 2080 intelligentes,
1357 2022 1452 2062 eas
1488 2006 1546 2060 in
1564 2004 1718 2089 ldeos
1748 2019 1838 2057 re-

271 2107 503 2161 ferrent.
530 2104 594 2158 Ei
621 2114 805 2158 autem
847 2101 995 2171 quod
1027 2102 1154 2155 dico
1181 2097 1557 2154 testimonium
1587 2096 1696 2151 l‘ert
1722 2095 1839 2165 ipse

271 2198 438 2261 Deus,
476 2196 555 2252 sic
582 2196 772 2251 dicens
799 2210 899 2265 per
933 2194 1073 2249 Osee
1103 2192 1426 2264 pr0phetam
1468 2189 1658 2245 lsraeli
1689 2206 1702 2242 :
1731 2188 1840 2257 Ego

272 2288 528 2343 Dominus
549 2286 687 2340 Deus
708 2294 847 2352 tuus,
871 2284 1099 2354 ﬁrmans
1114 2282 1321 2347 caelum,
1342 2290 1392 2336 et
1410 2297 1596 2336 creans
1618 2294 1838 2343 terram,

271 2378 425 2447 cujus
474 2392 661 2430 manus
684 2384 929 2428 crearunt
956 2389 1161 2427 omnem
1193 2371 1440 2426 militiam
1470 2370 1606 2436 caeli,
1649 2379 1698 2423 et
1735 2385 1842 2422 non

272 2468 502 2523 reuelavi
525 2484 588 2529 ea
620 2454 712 2521 tibi
736 2483 798 2521 ne
829 2477 944 2536 post
973 2483 1036 2519 ea
1066 2463 1391 2519 ambulares.
1712 2456 1723 2461 “

348 2540 499 2613 Hinc
531 2566 721 2627 aperte
762 2556 1028 2611 discimus
1063 2554 1422 2625 quamobrem
1460 2554 1518 2609 in
1559 2552 1851 2623 Scriptura

275 2653 511 2707 Mosaica
539 2652 760 2707 silentio
786 2651 890 2705 fuit
916 2650 1281 2721 praetermissa
1304 2649 1371 2705 de
1387 2650 1597 2721 angelis
1611 2648 1838 2704 mentio.

270 2741 562 2809 Quomodo
587 2743 752 2796 etiam
781 2741 848 2796 de
887 2741 976 2795 his
1025 2740 1242 2815 duobus
1300 2740 1465 2811 lignis
1519 2740 1587 2796 de
1641 2740 1843 2810 quibus

275 2832 416 2887 dicit
444 2850 458 2886 :
497 2829 566 2890 Et
594 2831 796 2902 lignum
828 2833 947 2886 vita
976 2833 1031 2884 in
1072 2831 1242 2884 medio
1274 2830 1533 2901 paradisi,
1566 2840 1620 2883 ct‘
1644 2829 1843 2901 lignum

272 2924 472 2981 sciendi
495 2925 549 2977 id
577 2924 714 2992 quod
755 2924 991 2995 cognosci
1034 2931 1218 2992 potest
1269 2922 1388 2975 boni
1438 2929 1487 2975 et
1537 2921 1702 2976 mali:
1752 2921 1844 2976 hic

276 3015 570 3086 diligenter
596 3026 652 3071 et
693 3024 950 3071 accurate
985 3022 1292 3070 tractarunt
1321 3014 1589 3070 dictionis
1617 3023 1842 3069 contex-

277 3116 391 3160 tum
442 3107 510 3162 de
550 3107 638 3161 his
666 3106 885 3162 duobus
912 3105 1095 3175 lignis,
1127 3105 1349 3174 quidam
1380 3121 1447 3158 ex
1484 3105 1551 3159 iis
1608 3105 1705 3174 qui
1758 3105 1844 3159 di-

276 3198 403 3252 vina
458 3198 686 3267 pulchre
743 3200 924 3252 sciunt
980 3197 1235 3260 scrutari,
1269 3197 1557 3252 dicentes:
1592 3196 1703 3251 Cur
1738 3208 1850 3250 non

273 3289 415 3344 dicit
441 3289 722 3358 Scriptura
748 3290 805 3343 in
830 3304 960 3346 casu
989 3288 1270 3358 gignendi,
1329 3303 1526 3357 nempe
1581 3289 1637 3340 in
1680 3287 1850 3341 medio

264 3380 536 3449 paradisi,
565 3379 660 3433 sed
688 3379 742 3433 in
765 3394 894 3433 casu
927 3378 1218 3443 oll'erendi,
1257 3378 1451 3432 dicens
1505 3393 1569 3432 ea
1619 3393 1739 3433 esse
1793 3380 1851 3432 in

280 3471 448 3524 medio
486 3471 781 3541 paradisi?
840 3470 912 3525 Ut
953 3469 1230 3524 discamus
1265 3484 1333 3522 ex
1385 3467 1649 3532 dictione,
1700 3469 1848 3537 quod

272 3578 358 3616 eas
388 3577 496 3615 non
529 3562 640 3615 sint
682 3560 847 3615 simul
893 3560 1152 3629 plantatte
1175 3574 1303 3613 cum
1357 3559 1479 3612 aliis
1535 3559 1844 3621 arboribus,

279 3668 461 3720 neque
491 3657 680 3705 earum
711 3651 820 3704 sint
846 3658 1110 3718 cognatae,
1151 3648 1247 3703 sed
1302 3648 1691 3703 exercitatione
1731 3649 1845 3703 vir-

282 3742 420 3796 tutis
439 3750 494 3797 et
524 3740 769 3795 vitiisint
798 3748 1099 3812 procreata
1127 3739 1193 3795 ad
1221 3739 1564 3808 probandum
1598 3748 1850 3795 nostrum

280 3831 516 3886 liberum
572 3831 881 3886 arbitrium.
947 3829 1260 3885 Invenimus
1315 3830 1539 3898 quidem
1593 3840 1739 3886 certe
1793 3831 1849 3887 in

279 3925 562 3979 nonnullis
582 3939 690 3977 non
716 3922 1038 3977 adulteratis
1065 3922 1488 3992 exemplaribus,
1525 3923 1670 3993 quod
1702 3934 1850 3995 post-

278 4030 444 4085 quam
475 4014 617 4068 dixit
646 4032 658 4066 :
690 4014 761 4068 Et
794 4014 991 4066 exoriri
1036 4013 1155 4081 fecit
1202 4014 1371 4068 adhuc
1415 4013 1668 4073 Dominus
1702 4015 1847 4070 Deus

278 4122 310 4160 e
349 4115 491 4160 terra
522 4122 675 4160 omne
715 4105 918 4174 lignum
965 4104 1243 4175 pulchrum
1272 4107 1407 4171 uisu,-
1456 4116 1503 4161 et
1541 4108 1732 4163 bonum
1778 4110 1849 4163 ad

280 4196 652 4249 comedendum
677 4237 691 4261 ,
729 4195 1196 4264 scriptor-faciens
1228 4204 1495 4266 punctum
1546 4199 1847 4267 perfectum

262 4275 539 4356 tanquam
579 4287 757 4357 capite
811 4286 880 4340 de
913 4286 1079 4357 lignis
1120 4287 1412 4355 completo,
1450 4295 1578 4342 tunc
1628 4304 1845 4344 versum

283 4378 488 4446 incepit
515 4377 704 4432 dicens
740 4396 752 4430 :
782 4378 861 4432 Et
887 4377 1091 4447 lignum
1116 4378 1236 4432 uiue
1258 4379 1314 4431 in
1367 4378 1535 4431 medio
1585 4381 1845 4449 paradisi,

1926 544 2075 598 Filia:
2093 544 2410 609 Jerusalem,
2441 543 2602 597 nolite
2625 547 2752 615 ﬂere
2774 558 2931 613 super
2954 557 3055 605 me,
3083 540 3172 593 sed
3195 542 3313 617 ﬂete
3342 554 3501 610 super

1928 653 2015 691 vos
2043 645 2090 690 et
2118 636 2258 705 ﬁlios
2288 645 2485 692 vestros
2511 653 2530 702 ;
2559 638 2605 690 si
2630 637 2768 690 enim
2820 638 2876 690 in
2927 635 3140 689 humido
3195 633 3335 703 ligno
3392 635 3502 687 haec

1930 726 2153 795 faciunt,
2186 728 2239 781 in
2270 728 2401 781 sicco
2434 727 2559 797 quid
2589 725 2678 795 ﬁet
2702 726 2785 778 lu‘l
2818 725 3126 786 humidum,
3151 722 3503 778 lioccstvim

1930 815 2162 884 lignum,
2198 811 2440 884 seipsum
2493 830 2697 869 vocans
2753 814 3058 877 Dominus;
3125 813 3269 869 sicca
3317 820 3503 866 autem

1932 904 2077 974 ligna
2120 914 2178 959 et
2228 904 2551 975 infrugit‘era
2600 912 2656 958 et
2714 903 2999 958 materiam
3056 902 3217 971 ignis,
3262 900 3499 956 Iudaeos.
3584 962 3599 971 _

1934 994 2090 1062 Quod
2114 996 2173 1049 Si
2200 995 2338 1049 velis
2360 997 2527 1050 etiam
2552 994 2695 1049 scire
2726 1009 2852 1048 eum
2882 1008 3004 1049 esse
3039 992 3093 1045 in
3131 990 3313 1046 medio
3346 1006 3506 1061 para—

1938 1088 2042 1142 disi
2069 1088 2348 1151 EccleSite,
2381 1088 2510 1142 audi
2539 1103 2665 1143 eum
2697 1087 2983 1142 dicentem.
3014 1086 3301 1155 discipulis
3331 1103 3343 1138 :
3391 1084 3525 1154 Ego

1935 1195 2052 1232 sum
2072 1181 2128 1232 in
2146 1180 2314 1238 medio
2329 1188 2559 1234 vestrum
2581 1188 2836 1250 tanquam
2859 1181 2949 1250 qui
2971 1180 3239 1233 ministrat
3257 1179 3323 1230 η.
3350 1177 3509 1233 Unde

1937 1273 2103 1326 etiam
2138 1271 2378 1326 Joannes
2408 1270 2628 1326 dicebat
2647 1271 2827 1327 turbis
2857 1289 2870 1323 :
2904 1271 3105 1324 Medius
3141 1278 3370 1324 vestrum
3400 1274 3509 1322 stat

1940 1378 2096 1433 quem
2122 1379 2210 1416 vos
2241 1364 2449 1416 nescitis
2482 1362 2547 1416 ⁵³.
2577 1362 2681 1427 Qui
2711 1363 2866 1417 stetit
2891 1362 2943 1417 in
2985 1360 3169 1416 medio
3205 1360 3511 1428 discipulo-

1944 1464 2063 1509 rum
2117 1466 2171 1511 et
2344 1454 2639 1509 insuﬂlavit
2677 1456 2907 1510 dicens:
2966 1454 3196 1524 Accipite
3253 1451 3513 1520 Spiritum

1939 1554 2181 1600 sanctum
2212 1546 2281 1610 ⁸⁸,
2307 1554 2678 1617 congruenter
2706 1547 2757 1601 ei
2780 1544 2929 1617 quod
2963 1546 3173 1607 dictum
3206 1552 3289 1598 est
3322 1561 3335 1596 :
3372 1542 3512 1597 Deus

1940 1640 2080 1692 stetit
2102 1639 2157 1692 in
2175 1655 2444 1710 synagoga
2480 1639 2719 1705 deorum,
2752 1640 2808 1692 in
2844 1638 3013 1692 medio
3051 1645 3230 1691 autem
3269 1637 3390 1690 deos
3431 1636 3515 1690 di-
3616 1631 3621 1636 ’

1934 1730 2147 1800 judicat
2170 1730 2215 1772 9’
2243 1746 2258 1795 ;
2291 1730 2386 1800 qui
2412 1738 2496 1784 est
2526 1731 2786 1784 mediator
2826 1730 2921 1784 Dei
2955 1736 3004 1782 et
3036 1729 3321 1783 hominum
3346 1729 3414 1791 ",
3457 1737 3516 1784 et

1869 1805 1910 1860 Β
1942 1820 2081 1875 fecit
2097 1821 2330 1877 salutem
2363 1821 2419 1874 in
2441 1820 2626 1875 medio
2647 1827 2811 1875 terrae
2838 1836 2854 1885 ;
2881 1819 2979 1889 qui
2998 1826 3083 1873 est
3110 1818 3318 1888 lignum
3351 1817 3510 1872 vitae:

1946 1912 2093 1967 unde
2125 1912 2208 1982 (ut
2235 1912 2383 1982 quod
2416 1913 2489 1967 sit
2510 1912 2756 1971 increata
2783 1912 2904 1981 ejus
2929 1909 3208 1981 divinitas)
3249 1908 3374 1963 ideo
3404 1924 3514 1963 non

1945 2004 2081 2059 dicit
2110 2020 2237 2060 eum
2268 2020 2395 2060 cum
2417 2005 2583 2076 lignis
2628 2005 3082 2075 complantatum,
3139 2003 3237 2060 sed
3287 2017 3409 2059 esse
3456 2000 3516 2058 in

1946 2096 2128 2151 medio
2163 2095 2424 2167 paradisi.
2474 2096 2741 2152 Similiter
2777 2104 2837 2153 et
2873 2098 3099 2152 malum.
3155 2097 3290 2152 Dico
3330 2105 3516 2151 autem
3581 2106 3584 2112 ‘

1946 2188 2079 2242 boni
2110 2189 2353 2244 medium
2386 2189 2596 2261 lignum
2631 2190 2997 2256 mortiferum,
3033 2190 3372 2261 cognoscendi
3396 2190 3517 2245 boni

1946 2289 1997 2335 et
2015 2274 2165 2343 mali,
2198 2290 2514 2351 propterea
2571 2282 2718 2350 quod
2763 2281 2880 2350 ipse
2912 2281 2983 2335 sit
3015 2281 3247 2336 diversa:
3266 2282 3519 2337 essentia;

1947 2374 2019 2428 ab
2044 2373 2285 2427 humana
2307 2379 2504 2428 natura
2535 2369 2756 2427 illorum
2779 2373 3054 2442 lignorum
3092 2388 3214 2442 quas
3254 2372 3519 2427 dicuntur

1948 2466 2202 2537 pulchra.
2230 2465 2308 2519 Ea
2328 2464 2398 2520 de
2427 2480 2594 2520 causa
2627 2464 2682 2519 in
2707 2474 2861 2520 sexto
2888 2480 3017 2520 casu
3069 2479 3135 2520 ea
3183 2464 3319 2519 dicit
3366 2463 3518 2519 Seri-

1947 2565 2110 2627 ptura
2146 2572 2266 2612 esse
2287 2558 2343 2613 in
2368 2559 2539 2610 medio
2592 2557 2867 2627 paradisi;
2916 2556 3061 2611 unde
3103 2556 3271 2611 etiam
3322 2554 3522 2610 mulier

1948 2662 2075 2702 cum
2104 2656 2358 2718 serpente
2409 2649 2708 2711 disserens,
2763 2650 2831 2705 in-
2865 2649 3032 2702 medio
3075 2647 3332 2718 paradisi,
3383 2646 3523 2703 dixit

1950 2739 2180 2810 lignum.
2208 2740 2384 2795 Media
2407 2748 2594 2795 autem
2634 2741 2899 2795 dicuntur
2939 2740 3049 2794 duo
3084 2740 3230 2810 ligna
3263 2757 3277 2793 :
3322 2755 3522 2810 nempe

1948 2831 2156 2902 lignum
2184 2832 2406 2896 'divinm,
2438 2841 2496 2887 et
2547 2832 2754 2903 lignum
2803 2832 3135 2887 adversariae
3186 2833 3518 2902 potestatis;

1949 2923 2393 2994 quandoquidem
2423 2940 2492 2979 ex
2540 2938 2699 2993 aequo
2756 2924 2937 2979 cuivis
2987 2924 3195 2980 volenti
3258 2928 3523 2997 concupi-

1949 3016 2152 3072 scenda
2211 3016 2492 3071 invenitur
2518 3016 2694 3070 virtus
2729 3025 2787 3099 et
2809 3015 3002 3070 vitium
3034 3024 3256 3086 propter
3283 3017 3520 3072 liberum

1952 3120 2202 3167 nostrum
2222 3109 2533 3164 arbitrium.
2572 3109 2642 3163 Et
2660 3117 2974 3178 propterea,
3001 3119 3061 3163 ut
3107 3110 3324 3180 opinor,
3377 3112 3527 3167 Deus

1949 3202 2124 3272 legem
2153 3200 2339 3255 ferens
2384 3199 2590 3262 lsraeli,
2639 3198 2773 3254 dicit
2819 3199 2888 3254 de
2935 3200 3262 3269 quibusdam
3305 3201 3523 3259 duobus

1950 3290 2115 3359 lignis
2148 3307 2161 3343 :
2208 3290 2341 3345 Ecce
2370 3306 2505 3360 pono
2537 3291 2591 3344 in
2623 3290 2792 3343 medio
2828 3292 2905 3344 tui
2932 3292 3095 3345 vitam
3129 3299 3179 3345 et
3206 3300 3426 3348 mortem
3453 3295 3518 3347 δ’.

1952 3381 2087 3435 Vitae
2125 3381 2271 3435 enim
2304 3390 2360 3435 et
2396 3364 2778 3439 mortis'erant
2809 3382 2919 3437 duo
2970 3383 3116 3454 ligna
3160 3384 3524 3455 signiﬁcantia

1951 3479 2008 3527 et
2037 3472 2371 3527 efﬁcientia:
2424 3472 2639 3529 Flavius
2681 3466 2873 3528 autem
2907 3476 3172 3547 egreditur
3217 3493 3280 3531 ea:
3332 3477 3522 3541 Edem,

1953 3569 2000 3614 et
2036 3562 2227 3630 irrigat
2253 3562 2608 3631 paradisum;
2646 3563 2786 3617 alter
2810 3573 2995 3618 autem
3028 3573 3086 3620 et
3141 3566 3416 3622 secundus
3467 3579 3525 3623 et

1953 3652 2255 3722 irrigationi
2286 3652 2455 3722 priori
2481 3636 2765 3709 dissimilis
2789 3662 2875 3709 est
2895 3656 2986 3709 hic
3013 3655 3233 3713 ﬂuvius.
3265 3658 3399 3713 Nam
3432 3661 3525 3715 ille

1932 3744 2174 3817 ‘quidem
2209 3764 2240 3802 e
2267 3755 2410 3801 terra
2434 3746 2743 3801 ascendens
2765 3745 3069 3805 inundabat
3121 3758 3287 3804 totam
3328 3750 3524 3806 faciem

1954 3845 2135 3900 terrai,
2170 3838 2342 3906 ipsam
2372 3836 2578 3890 faciens
2614 3843 2889 3890 mortuam
2929 3845 2987 3891 et
3022 3837 3421 3908 infrugiferam.
3458 3843 3527 3896 Et

1954 3928 2078 3983 ideo
2106 3929 2176 3983 ad
2207 3930 2379 3982 Deum
2402 3938 2590 3982 votum
2623 3926 2860 3982 faciebat
2882 3928 3105 3997 quidam
3126 3944 3193 3983 ex
3214 3931 3523 4000 prophetis,

1952 4020 2142 4075 dicens
2173 4038 2186 4074 :
2220 4020 2503 4074 Dominum
2531 4019 2788 4074 diluvium
2810 4020 3121 4075 inhabitabit
3160 4021 3207 4054 ⁵⁸
3234 4063 3248 4086 ,
3295 4022 3401 4078 hoc
3441 4035 3528 4079 est

1952 4111 2233 4168 exorietur
2256 4121 2313 4166 et
2339 4111 2556 4166 sedebit
2581 4127 2674 4166 rex
2692 4111 2748 4165 in
2772 4118 3062 4166 aeternum.
3088 4112 3188 4168 Hic
3218 4126 3398 4169 autem
3428 4116 3523 4169 Dei

1956 4205 2154 4260 fluvius
2213 4203 2493 4274 egreditur
2529 4218 2596 4257 ex
2649 4198 2840 4267 Edem,
2898 4204 3234 4272 paradisum,
3268 4214 3525 4276 tanquam

1952 4310 2142 4365 agrum
2176 4294 2459 4364 proprium
2484 4302 2543 4349 et
2579 4294 2674 4348 Dei
2715 4293 3114 4362 possessionem
3184 4312 3282 4351 sua
3322 4298 3525 4353 virtute

1956 4386 2211 4456 irrigans.
2261 4385 2492 4456 Oportet
2531 4386 2677 4442 enim
2734 4386 2998 4441 adnotare
3039 4388 3208 4456 quod,
3238 4404 3364 4444 cum
3411 4390 3525 4460 jam

277 4476 332 4521 et
357 4467 558 4538 lignum
582 4467 858 4545 sciendiid
885 4466 1021 4537 quod
1043 4469 1281 4537 cegnosci
1300 4477 1470 4538 potest
1486 4469 1608 4524 boni
1629 4479 1679 4524 et
1701 4471 1851 4537 mali,
1880 4475 1932 4536 D
1958 4484 2228 4535 cessasset
2256 4479 2410 4548 prior
2441 4478 2533 4532 illa
2578 4478 2846 4548 irrigatio,
2886 4493 3006 4532 eam
3056 4482 3390 4549 prateritam
3429 4496 3527 4536 ῃο-

283 4567 344 4613 ut
369 4558 582 4613 diceret
613 4559 948 4615 transeundo
974 4567 1030 4613 et
1071 4560 1384 4617 inducendo
1411 4576 1512 4616 cur
1544 4561 1631 4616 isti
1666 4563 1848 4618 venis—

281 4644 406 4701 sent
443 4648 498 4705 in
526 4649 860 4718 paradisum.
893 4650 1047 4717 Quod
1088 4660 1271 4707 autem
1306 4653 1482 4722 major
1515 4653 1584 4708 sit
1612 4662 1669 4707 et
1707 4654 1846 4707 vivi-

280 4738 422 4794 ﬁcus
442 4738 713 4803 Christus,
739 4741 900 4808 paulo
923 4750 1049 4796 ante
1074 4757 1103 4795 a
1135 4742 1293 4797 nobis
1319 4743 1524 4797 dictum
1553 4752 1656 4797 est.
1692 4742 1846 4809 Quod

280 4837 466 4884 autem
500 4829 736 4899 seipSum
762 4831 1271 4902 .nominatlignum,
1321 4833 1449 4887 audi
1486 4849 1612 4888 eum
1670 4835 1845 4904 ipsum

279 4920 559 4975 dicentem
612 4921 859 4976 Iudaeis:
920 4925 1025 4976 Aut
1081 4923 1238 4992 facite
1275 4923 1516 4979 arborem
1557 4925 1746 4980 bonam
1796 4934 1847 4979 et

280 5014 510 5084 fructum
538 5013 649 5082 ejus
677 5013 889 5077 bonum,
930 5023 1022 5068 aut
1057 5014 1214 5083 facite
1259 5015 1501 5070 arborem
1552 5016 1846 5071 marcidum

278 5111 330 5155 et
354 5103 585 5171 fructum
611 5104 724 5173 ejus
758 5104 1096 5169 marcidum;
1130 5122 1163 5158 a
1193 5105 1364 5174 {ructu
1399 5106 1538 5159 enim
1572 5106 1732 5160 arbor
1759 5124 1849 5160 ro-

250 5193 548 5262 -gnoscitur
589 5194 654 5247 '°.
689 5194 815 5249 Haec
843 5204 1026 5248 autem
1060 5194 1143 5250 eis
1179 5194 1420 5259 diccbat,
1464 5196 1724 5264 quoniam
1767 5197 1853 5250 di-

276 5283 479 5339 cebant
528 5285 673 5354 quod
720 5284 775 5338 in
821 5285 1129 5341 Beelzebub
1170 5286 1419 5355 principe
1454 5286 1848 5344 daemoniorum

273 5374 430 5444 ejicit
458 5376 759 5439 daemonia.
812 5376 1077 5431 Similiter
1128 5377 1404 5447 etiamad
1456 5379 1762 5447 passionem
1796 5381 1852 5436 in

276 5468 500 5523 hortum
532 5468 798 5540 Golgotba
827 5470 894 5525 ad
924 5470 1192 5525 Adamum
1228 5471 1518 5542 egrediens
1549 5481 1607 5528 et
1646 5474 1851 5545 lignum

273 5564 730 5635 crucislportans,
783 5566 992 5637 lignum
1037 5565 1163 5619 vitae
1207 5566 1451 5635 seipsum
1499 5567 1735 5631 vocavit,
1773 5569 1856 5625 di-

347 5675 394 5735 f”
420 5677 577 5733 Joan.
611 5695 723 5743 vui,
760 5679 855 5734 μέ

272 5762 368 5815 xx,
403 5747 494 5803 2‘2.
575 5750 620 5781 "
645 5750 786 5804 Psal.
822 5765 1000 5816 ωυωιι,
1034 5751 1083 5803 1.

986 5679 1253 5752 “Matth.
1278 5696 1373 5752 gi,
1401 5680 1491 5735 '55.
1560 5681 1608 5752 ξ’
1645 5681 1779 5738 Luc.
1804 5700 1956 5752 xxiii,
1980 5683 2071 5746 28,
2106 5683 2193 5736 5|.

1161 5750 1253 5804 “I
1291 5749 1432 5805 Tim.
1466 5767 1527 5819 ιι,
1555 5750 1606 5805 5.
1682 5753 1725 5835 ’f’
1757 5753 1916 5811 Deut.
1945 5749 2100 5824 'xxx,
2156 5754 2242 5808 15.
2321 5754 2365 5785 ⁸⁸
2400 5755 2542 5809 Psal.
2580 5768 2762 5821 xxviii,
2802 5753 2882 5809 10.

1954 4567 2185 4623 minavit
2221 4566 2502 4639 Scriptura
2528 4566 2721 4622 dicens
2753 4586 2766 4621 :
2799 4566 2937 4622 Fons
2977 4580 3155 4623 autem
3186 4571 3523 4635 ascendebat,

1953 4666 2002 4710 et
2036 4656 2294 4726 irrigabat
2334 4672 2351 4708 :
2385 4656 2531 4710 hunc
2555 4664 2738 4710 autem
2768 4664 2828 4710 ut
2863 4657 2955 4724 qui
2985 4658 3304 4726 perenniter
3330 4658 3386 4713 in
3425 4673 3527 4715 sac-

1950 4750 2078 4805 cula
2130 4749 2320 4819 irriget
2369 4748 2692 4812 Ecclesiam,
2739 4748 2873 4803 dicit
2904 4759 3228 4818 praesentem
3262 4769 3274 4803 :
3313 4750 3526 4805 Flavius

1954 4841 2126 4903 enim,
2155 4840 2358 4910 inquit,
2386 4840 2651 4910 egreditur
2683 4856 2746 4893 ea:
2783 4840 2949 4893 Edem
2976 4881 2991 4905 ,
3033 4841 3138 4895 hoc
3185 4850 3270 4896 est
3315 4858 3381 4896 ex
3424 4841 3527 4897 de-

1953 4933 2118 4999 liciis,
2152 4933 2220 5013 ad
2281 4931 2620 5001 irrigandum
2669 4931 3005 5001 paradisum.
3058 4931 3197 4988 Cum
3240 4949 3374 5004 ergo
3422 4949 3526 4991 nos

1954 5025 2435 5095 pmmunierimus
2471 5025 2538 5080 ad
2576 5039 2688 5079 non
2724 5024 3137 5081 dissolvendum
3179 5028 3521 5098 corporalem

1956 5132 2142 5171 rerum
2164 5116 2453 5173 historiam
2477 5131 2600 5185 quae.
2621 5122 2705 5172 est
2732 5115 3131 5171 convenienter
3155 5117 3378 5183 litterae,
3409 5119 3523 5174 ala.

1956 5206 2126 5260 criter
2149 5205 2317 5260 etiam
2339 5204 2755 5260 consideremus
2772 5220 2892 5260 eam
2912 5221 3036 5275 quae
3057 5213 3143 5261 est
3166 5207 3237 5262 de
3270 5208 3359 5262 bis
3391 5224 3523 5278 pro-

1954 5295 2149 5365 positis
2178 5294 2364 5351 ﬂu'viis
2390 5305 2448 5350 et
2470 5295 2608 5352 locis
2627 5296 2937 5359 historiam,
2965 5299 3430 5367 quemadmodum
3459 5317 3525 5358 ea

1955 5405 2177 5459 quoque
2200 5397 2331 5444 sunt
2363 5387 2713 5459 praeﬁgurata
2764 5389 2834 5445 de
2883 5389 3105 5446 Christo
3148 5399 3207 5448 et
3252 5392 3523 5449 Ecclesia.

1954 5478 2223 5534 Audimus
2240 5478 2387 5533 enim
2419 5479 2734 5548 quempiam
2768 5479 3044 5536 dicentem
3095 5479 3165 5536 de
3204 5482 3526 5553 egrediente

1956 5567 2127 5623 ﬂuvio
2173 5576 2231 5623 et
2262 5568 2548 5628 Ecclesia:
2598 5567 2855 5624 Fluminis
2905 5571 3128 5641 impetus
3177 5570 3412 5643 irati/ica!
3454 5574 3523 5626 ιι·

2273 5684 2319 5716 ⁸⁸
2346 5683 2613 5740 Lumxxn.
2640 5683 2730 5738 27.
2807 5683 3030 5739 "Joan.
3061 5684 3210 5751 1,26.
3289 5684 3334 5715 "
3360 5681 3524 5737 Joan.
