4042 6292
455 270 598 334 "975

1699 281 1759 341 S.
1803 282 2201 343 ANASTASII
2226 287 2569 350 'SINAlT/E

3648 293 3753 359 976

453 419 456 422 ~
485 397 705 450 nitatem
731 393 829 449 Dei
856 394 1255 465 ",propterea
1287 394 1433 464 quod
1469 394 1671 451 ﬂuvius
1691 398 1787 451 Dei
1820 414 2075 469 egressus
2103 403 2145 460 Α
2177 400 2232 455 in
2267 412 2416 459 terra
2447 405 2713 473 Ecclesia:
2752 406 3090 477 resplendet,
3121 416 3179 463 et
3208 408 3501 471 adoratur.
3540 408 3749 464 Aurum

488 502 559 542 ex
590 494 827 557 paterno
854 486 1027 548 fonte,
1057 487 1302 556 repletus
1330 498 1416 541 est
1452 488 1612 557 aquis
1647 489 1897 558 gentium
1934 505 2073 560 quas

489 579 716 648 quidem
755 579 1172 649 cvangelizabat
1209 580 1485 648 propheta
1519 580 1713 635 dicens
1746 599 1759 635 :
1795 581 1866 635 Et
1918 596 2071 653 egre-

452 674 663 725 -rh'etur
690 671 947 725 Dominus
984 671 1054 724 ad
1109 687 1191 724 eos
1244 680 1498 741 tanquam
1552 674 1744 737 ﬂuvius
1795 674 1941 742 pacis
1995 672 2067 737 ‘°;

485 765 579 835 qui
604 746 781 819 dicit:
816 763 901 817 Ex
924 763 1088 817 Putre
1120 779 1234 817 meo
1272 779 1390 816 sunt
1443 779 1708 833 egressus,
1749 772 1801 818 et
1842 765 1966 831 peni
2015 765 2070 818 in

484 857 744 909 mundum
769 856 809 886 ⁶¹
849 874 860 908 ;
894 870 1151 925 egressus
1175 871 1297 910 sum
1330 856 1396 909 ad
1436 858 1670 912 salutem
1721 856 1909 926 populi
1939 857 2066 921 mei,

486 950 555 1003 ad
595 947 900 1002 servandos
962 948 1204 1001 christos
1261 962 1434 1002 tneos.
1490 948 1666 1019 Hujus
1714 963 1847 1017 ergo
1896 946 2068 1001 divini

484 1040 639 1094 ﬂuvii
707 1040 956 1094 divinum
1016 1055 1047 1091 c
1101 1040 1241 1093 curio
1274 1054 1558 1109 egressum
1601 1041 1758 1109 prius
1801 1038 2071 1094 describit

484 1130 682 1193 Moses,
737 1129 972 1183 dicens:
1026 1127 1243 1182 Flavius
1294 1131 1560 1198 egreditur
1610 1146 1673 1182 ea:
1715 1129 1909 1194 Edent,
1965 1129 2069 1184 hoc

448 1248 452 1252 ι
480 1231 589 1287 est,
616 1238 683 1277 ex
706 1221 1128 1276 abundantibus
1147 1221 1386 1285 deliciis,
1421 1221 1487 1275 ad
1530 1221 1869 1292 irrigandum
1912 1236 2069 1290 para-

480 1313 666 1366 disum
728 1326 831 1381 per
884 1311 1032 1364 illam
1081 1325 1280 1379 aquam
1333 1326 1455 1378 quae
1512 1310 1818 1380 egreditur,
1869 1324 2069 1379 nempe

480 1420 581 1475 per
607 1404 879 1475 Spiritum
914 1404 1011 1473 qui
1043 1403 1296 1473 procedit
1321 1419 1351 1457 a
1386 1404 1568 1457 Patre.
1606 1403 1712 1468 Qui
1746 1390 1917 1458 enim’
1938 1418 2067 1458 eum

479 1497 717 1567 suscipit
746 1496 1001 1558 ﬂuvium,
1027 1494 1233 1549 diversi
1263 1494 1417 1548 fluvii
1447 1510 1512 1548 ex
1549 1504 1729 1549 ventre
1757 1496 1869 1566 ejus
1902 1498 2068 1565 ﬂuent

480 1604 636 1659 aquae
665 1591 797 1643 vim
825 1590 892 1641 δ’.
925 1587 1041 1640 llcc
1063 1586 1213 1640 enim
1246 1594 1433 1656 aperte
1480 1601 1585 1641 nos
1633 1586 1797 1641 docet
1835 1586 2069 1640 historia

480 1682 676 1735 dicens
732 1679 961 1733 ﬂuvium
1002 1678 1097 1748 qui
1149 1678 1432 1747 egreditur
1469 1693 1536 1732 ex
1588 1678 1761 1753 Edent
1804 1678 2071 1748 multipli-

478 1773 605 1827 cari
621 1778 678 1826 et
704 1770 882 1826 scindi
918 1770 971 1823 in
1004 1778 1246 1839 quatuor
1267 1769 1489 1835 ﬂuvios,
1511 1780 1569 1824 et
1597 1769 1927 1824 eﬂicientem
1955 1770 2063 1824 Ec—

470 1864 666 1919 elcsiae
712 1864 1033 1934 spiritualcs
1069 1862 1313 1917 divitias.
1375 1863 1451 1918 De
1498 1877 1607 1932 qua
1657 1862 1794 1917 dicit
1844 1861 2061 1917 David:

477 1956 890 2011 Inebriabuntur
933 1972 964 2008 α
1003 1954 1322 2025 pinguedine
1355 1953 1540 2007 domus
1565 1962 1688 2016 tute.
1723 1962 1772 2007 et
1832 1960 2065 2008 torrente

476 2048 763 2119 uoluptatis
809 2056 913 2103 tum
940 2046 1144 2118 potabis
1194 2062 1329 2108 eos;
1379 2047 1630 2117 quoniam
1683 2047 1827 2117 apud
1880 2056 1930 2100 te
1985 2054 2063 2100 est

478 2142 595 2210 fons
618 2142 736 2199 vita:
766 2141 831 2193 ‘-’.

552 2232 766 2287 Flavius
800 2242 978 2286 autem
1005 2232 1273 2301 egreditur
1297 2248 1363 2286 ea:
1397 2225 1561 2287 Edent
1611 2233 1680 2284 ad
1728 2228 2064 2299 irrigundum

476 2323 787 2393 paradisum
812 2338 830 2377 :
857 2322 1006 2378 illinc
1032 2323 1351 2394 dispergitur
1380 2325 1435 2377 in
1461 2332 1693 2394 quatuor
1720 2322 1897 2378 initia.
1919 2322 2061 2377 Sub-

480 2429 794 2471 torraneam
861 2418 1086 2487 quidem
1126 2419 1350 2489 maligni
1408 2418 1807 2489 irrigationem,
1854 2416 2060 2472 [ornem

477 2511 776 2579 appellavit
832 2500 1103 2580 propheta
1170 2511 1370 2576 Moses,
1434 2510 1738 2566 ostendens
1778 2510 2061 2566 diabolum

475 2614 599 2655 esse
633 2611 916 2656 auctorem
941 2609 997 2655 et
1024 2602 1335 2671 genitorem
1364 2602 1508 2666 vitii,
1544 2611 1599 2657 et
1628 2618 1739 2656 non
1774 2601 1842 2656 ab
1870 2602 2060 2671 aliquo

475 2695 586 2749 alio
617 2694 896 2762 accepisse
927 2694 1152 2756 malum,
1189 2693 1284 2748 sed
1339 2694 1521 2762 ipsum
1568 2709 1693 2749 esse
1744 2693 1954 2749 fontem
2003 2702 2062 2749 et

476 2785 699 2840 mitium
750 2784 1013 2855 peccati;
1067 2785 1241 2839 sancti
1297 2794 1485 2838 autem
1531 2784 1776 2853 Spiritus
1825 2786 2057 2855 gratiam

462 2888 740 2946 tanquam
768 2891 834 2930 ex
860 2875 1021 2930 Patre
1052 2876 1281 2930 fontano
1320 2876 1716 2945 procedentem
1751 2876 2061 2931 nominavit

462 2967 711 3023 'tluvium
742 2976 1056 3037 separatum
1086 2966 1155 3021 ab
1187 2967 1505 3023 infidelibus
1536 2984 1550 3021 :
1582 2968 1905 3039 irrigantem
1956 2984 2058 3023 au-

2099 1746 2140 1800 Β

2176 496 2323 550 enim
2351 505 2623 553 terrarum
2648 500 2944 555 multarum
2984 499 3252 572 (gentium
3283 501 3360 559 dii
3383 512 3443 557 et
3468 501 3638 571 idola)
3667 510 3755 557 est

2174 589 2400 654 malum,
2439 590 2740 648 obscurum
2769 601 2826 647 et
2858 592 3255 648 adulterinum.
3276 594 3337 648 in
3356 594 3552 648 multis
3571 601 3753 648 autem

2174 681 2312 737 locis
2340 681 2542 737 divina:
2568 682 2890 752 Scripturte,
2940 683 3057 753 ipse
3106 698 3330 754 quoque
3375 692 3754 755 perscrutatus

2174 771 2427 826 invenies
2457 788 2652 827 aurum
2670 774 2825 828 sumi
2859 786 2964 842 pro
2991 772 3163 843 ﬁgura
3202 774 3515 829 divinitatis
3560 774 3748 829 Verbi.

2172 861 2313 916 Area
2332 861 2483 915 enim
2512 862 2717 933 lignea,
2744 878 2869 932 qua:
2896 871 3018 918 erat
3063 872 3305 927 terrena,
3359 863 3600 918 obducta
3631 870 3753 918 erat

2172 952 2511 1008 intrinsecus
2541 964 2597 1009 et
2621 955 2969 1009 extrinsecus
2994 969 3132 1009 auro
3154 970 3295 1024 puro
3325 954 3383 1008 in
3414 962 3606 1025 typum
3656 954 3754 1009 Di-

2171 1046 2445 1101 vinitalis.
2471 1046 2739 1101 Similiter
2761 1057 2819 1102 et
2853 1048 3119 1117 templum
3149 1048 3461 1102 Salomonis
3492 1055 3754 1101 ornatum

2170 1147 2292 1193 erat
2333 1154 2472 1193 auro
2504 1139 2827 1209 purissimo.
2884 1140 3061 1194 Porro
3100 1149 3292 1195 autem
3343 1155 3471 1194 arca
3530 1154 3754 1208 quoque

2169 1247 2337 1287 aurea
2366 1231 2655 1287 Christum
2698 1232 2941 1287 Verbum
2977 1232 3155 1287 nobis
3194 1232 3355 1301 prius
3400 1230 3755 1286 describebat

2169 1330 2227 1377 et
2249 1323 2655 1393 prmﬂgurabat.
2693 1324 2762 1378 Et
2796 1323 3033 1378 fortasse
3059 1338 3125 1377 ea
3161 1323 3231 1377 de
3260 1338 3428 1378 causa
3450 1323 3590 1393 Magi
3613 1337 3753 1392 quo-

2169 1430 2277 1484 que
2308 1415 2703 1485 Christo'(vice
2737 1415 3012 1483 omnium)
3054 1415 3301 1483 gentium
3331 1429 3528 1468 aurum
3553 1414 3756 1468 offere-

2169 1507 2321 1571 bant,
2346 1507 2585 1561 contrita
2607 1507 2848 1577 imagine
2879 1506 3208 1561 idololatriae
3252 1518 3377 1575 qum
3408 1516 3530 1560 erat
3573 1505 3753 1576 Baby-

2168 1599 2320 1663 lone,
2352 1609 2411 1653 et
2437 1613 2504 1653 ea
2534 1599 2636 1669 ipsi
2663 1598 2868 1662 oblata,
2895 1609 2954 1652 ut
2988 1614 3114 1655 cum
3147 1599 3501 1673 obscuratam
3535 1607 3591 1652 et
3622 1613 3752 1651 eva-

2169 1699 2491 1745 nescentem
2516 1690 2706 1744 Adami
2732 1689 3026 1760 imaginem
3053 1689 3197 1760 (quae
3227 1689 3409 1743 fuerat
3442 1688 3612 1760 898
3652 1687 3753 1743 Dei

2171 1782 2353 1853 imago
2390 1792 2447 1837 et
2477 1782 2806 1846 similitudo,
2838 1789 2896 1835 et
2924 1782 3084 1852 cujus
3119 1781 3413 1836 character
3446 1780 3607 1865 valde
3633 1789 3754 1835 erat

2167 1868 2498 1922 immutatus
2533 1883 2598 1923 ac
2621 1869 2861 1931 deletus,
2885 1869 3274 1938 contritusque
3305 1870 3476 1923 animi
3510 1869 3753 1925 motibus

2165 1973 2230 2013 ac
2259 1957 2822 2028 perturbationibus),
2856 1967 2915 2013 et
2940 1958 3204 2028 reliquias
3241 1959 3561 2020 divinorum
3598 1976 3753 2013 man-

2164 2050 2421 2104 datorum
2448 2065 2514 2105 ει
2563 2066 2780 2106 veneno
2826 2052 3123 2120 serpentis,
3174 2052 3435 2107 Christus
3486 2062 3749 2121 tanquam

2165 2141 2389 2197 divinus
2418 2142 2708 2198 character
2738 2136 2981 2212 paterna:
3022 2144 3353 2215 hypostasis,
3394 2145 3752 2199 reformasset

2163 2234 2220 2288 in
2245 2234 2429 2303 seipse
2456 2235 2602 2289 servi
2637 2234 2870 2289 formam
2921 2235 3256 2305 suscipiens,
3307 2235 3595 2306 signaculo
3645 2236 3751 2290 ba-

2161 2327 2437 2398 ptismatis
2467 2341 2567 2397 per
2589 2342 2789 2396 aquam
2829 2335 2885 2381 et
2918 2327 3100 2399 ignem
3143 2343 3268 2382 eam
3302 2335 3657 2398 expurgaret,
3690 2328 3749 2382 in

2160 2436 2226 2474 ea
2258 2419 2526 2489 impressa
2564 2420 2789 2489 propria
2815 2429 2872 2474 et
2910 2420 3277 2475 conveniente
3325 2420 3541 2474 ratione
3591 2418 3743 2473 ﬁdei.
3813 2455 3821 2461 ~

2161 2508 2231 2562 Et
2257 2523 2453 2563 rursus
2482 2507 2575 2562 ﬂat
2605 2524 2797 2561 aurum
2829 2506 2975 2561 illius
3001 2517 3160 2563 terra:
3191 2508 3406 2572 bonum,
3435 2524 3752 2585 congruen-

2165 2607 2248 2653 ter
2297 2599 2350 2654 ei
2386 2599 2535 2668 quod
2582 2599 2867 2669 scriptum.
2901 2608 2988 2655 est
3039 2599 3109 2667 de
3150 2600 3447 2670 'spirituali
3502 2600 3750 2656 Ecclesia

2160 2691 2395 2747 Erilath.
2421 2692 2481 2746 ln
2506 2707 2571 2746 ea
2602 2692 2750 2745 enim
2789 2692 2906 2746 sola
2949 2701 3035 2747 est
3064 2692 3300 2761 probum
3326 2701 3385 2748 et
3431 2708 3541 2746 non
3589 2693 3747 2755 adul-

2162 2785 2402 2838 terinum
2436 2797 2634 2838 aurum
2646 2783 3013 2854 adogmatnm.
3046 2788 3245 2843 Arcam
3264 2792 3450 2838 autem
3472 2799 3597 2853 qua:
3622 2789 3747 2839 ante

2160 2876 2435 2945 significat
2462 2877 2707 2946 gentium
2752 2876 3078 2942 Ecclesium,
3114 2876 3252 2930 dicit
3306 2877 3661 2935 intrinsecus.
3690 2882 3749 2931 et

2161 2970 2511 3022 extrinsecus
2540 2983 2690 3022 auro
2726 2984 2864 3037 puro
2906 2983 3028 3022 esse
3062 2967 3365 3023 obductam
3409 2967 3749 3038 Diviuitatis,

450 3072 586 3114 tem
625 3069 867 3130 quatuor
890 3060 1066 3115 initiis
1089 3065 1138 3127 (-a
1165 3059 1386 3125 linilms,
1406 3061 1651 3131 inquam,
1671 3061 1823 3116 orbis
1852 3064 2056 3134 terrm),
2086 3080 2127 3136 θ
2160 3061 2422 3129 qhoniam
2448 3070 2505 3115 et
2529 3076 2652 3130 quae
2674 3069 2802 3115 sunt
2833 3061 3179 3116 extrinsecus
3225 3060 3368 3130 (quae
3423 3061 3540 3115 sola
3594 3059 3748 3114 videt

464 3153 789 3223 paradisum
820 3153 1077 3208 Ecclesia
1126 3168 1318 3207 eorum
1358 3154 1454 3224 qui
1500 3152 1736 3209 credunt
1794 3156 1851 3210 in
1893 3156 2054 3212 Chri-

468 3256 643 3299 stum.
694 3243 897 3298 Nomen
925 3251 1104 3298 autem
1139 3247 1232 3298 uni
1278 3244 1494 3300 Phison.
1549 3246 1656 3301 Iste
1705 3256 1780 3300 est
1818 3249 1908 3318 qui
1953 3249 2055 3302 cir-

2161 3152 2404 3223 Judarus)
2436 3153 2583 3206 Deus
2611 3151 2782 3206 eﬂicit
2812 3161 2872 3206 ut
2905 3151 3151 3222 fulgeant
3188 3170 3202 3205 :
3233 3161 3440 3222 etquae
3491 3161 3622 3206 sunt
3666 3152 3769 3207 ἰη-

2153 3244 2453 3309 trinsecus,
2482 3258 2606 3314 quae
2636 3260 2762 3298 cum
2802 3244 2869 3298 iis
2892 3260 3016 3314 quae
3036 3254 3170 3298 sunt
3199 3245 3552 3299 extrinsecus
3597 3244 3743 3314 aspi-

463 3338 577 3391 eait
606 3349 820 3395 omnem
849 3342 1049 3387 terram
1076 3333 1311 3388 Evilatlt.
1356 3333 1416 3389 in
1454 3334 1714 3391 omnibus
1760 3335 1897 3391 locis
1937 3342 2053 3391 ter.
2151 3337 2233 3391 eis
2256 3335 2512 3406 (populus
2534 3335 2801 3405 gentilis),
2824 3335 2974 3389 idem
3004 3335 3300 3399 illuminat,
3333 3351 3458 3390 eam
3489 3336 3739 3404 undique

474 3531 568 3571 tur
594 3516 834 3572 Evilath.
890 3514 1262 3582 Quamobrem
1324 3517 1457 3571 hinc
1503 3532 1725 3588 quoque
1774 3520 2057 3591 arguimus

475 3607 733 3662 mildeles
791 3607 941 3678 quod
994 3608 1255 3680 mysteria
1302 3608 1613 3678 spiritualia
1659 3609 1822 3666 nobis
1868 3621 2058 3666 narrat

474 3699 784 3770 Scriptura.
808 3699 1015 3754 Phison
1043 3700 1195 3755 enim
1231 3700 1645 3779 interpretatur.
1693 3718 1749 3758 os
1784 3703 2059 3758 alteratio-

474 3794 576 3845 κείς.
630 3791 750 3861 ipsa
788 3799 971 3846 autem
1001 3792 1252 3847 alteratio
1281 3807 1378 3847 seu
1414 3795 1645 3850 mutatio
1670 3795 1909 3852 dexterae
1947 3796 2058 3853 Ex-

475 3883 607 3937 celsi
653 3882 801 3939 facta
848 3893 934 3939 est
959 3899 1083 3938 cum
1107 3884 1355 3940 divinum
1386 3885 1628 3941 Verbum
1657 3888 1949 3942 alterasset
1995 3902 2059 3943 ac

460 3983 750 4030 mutasset
778 3993 791 4029 ε
823 3991 887 4031 os
911 3984 970 4031 et
1004 3977 1261 4047 spiritum
1297 3976 1583 4043 Ecclesiae,
1612 3995 1679 4034 ex
1719 3979 2060 4050 blasphemia

476 4071 533 4122 in
560 4067 747 4133 fidem,
769 4077 826 4123 et
851 4084 919 4122 ex
952 4069 1345 4124 maledicentia
1376 4070 1432 4123 in
1463 4070 1797 4142 theologiam
1828 4086 1925 4126 seu
1962 4064 2081 4126 Dei’

478 4150 701 4215 laudem
735 4176 798 4214 ac
830 4161 1306 4230 praedicationem.
1337 4161 1555 4215 Evilath
1602 4171 1807 4225 autem,
1868 4174 2062 4215 rursus

478 4254 884 4321 interpretatur
913 4253 1218 4320 parturiens
1244 4260 1299 4305 et
1338 4251 1578 4320 pariens.
1608 4250 1892 4321 Signiﬁcat
1913 4249 2060 4305 enim

366 3414 377 3425 ’
475 3428 629 3481 renis
658 3442 779 3497 qua:
804 3433 935 3493 sunt
969 3425 1279 3491 manifesta,
1314 3441 1426 3480 non
1449 3434 1535 3482 est
1559 3426 1715 3481 locus
1751 3428 1846 3497 qui
1888 3443 2053 3499 voca-
2154 3429 2462 3491 illustrans,
2499 3427 2719 3482 etiamsi
2741 3427 2966 3482 Judaaus
2989 3435 3215 3496 propter
3242 3426 3610 3497 ignorantiam
3634 3442 3746 3481 non

2153 3522 2303 3576 videt
2319 3520 2647 3591 probitatem
2667 3522 2787 3591 ejus
2807 3520 3062 3590 quodest
3081 3520 3744 3590 extrinsecus.'l'emplum

2157 3620 2340 3664 autem
2380 3609 2691 3664 Salomonis
2718 3609 2996 3679 ﬁgurabat
3024 3609 3295 3679 templum
3328 3609 3657 3675 humanum,
3690 3612 3745 3665 in

2157 3716 2266 3770 quo
2317 3701 2530 3755 habitat
2576 3701 2874 3756 Trinitas:
2910 3700 3060 3771 quod
3128 3703 3470 3756 intrinsecus
3520 3702 3743 3771 quidem

2158 3794 2329 3863 fulget
2385 3809 2543 3858 auro,
2587 3804 2887 3872 prepterea
2917 3791 3066 3864 quod
3091 3795 3351 3864 templum
3377 3794 3472 3863 Dei
3498 3795 3749 3864 quodest

2159 3885 2215 3939 in
2249 3884 2472 3940 homine
2514 3885 2854 3941 intrinsecus
2894 3886 3073 3941 solum
3098 3885 3303 3941 habere
3330 3885 3531 3940 debeat
3554 3886 3746 3955 splen"-

2161 3976 2353 4031 dorem
2384 3983 2723 4045 operum,vet
2744 3990 2855 4031 non
2895 3976 3062 4030 etiam
3083 3976 3433 4030 extrinsecus
3456 3975 3525 4029 ad
3553 3984 3745 4030 osten-

2163 4066 2427 4131 tationem
2454 4082 2468 4117 :
2498 4054 2759 4133 quoniam
2797 4063 2987 4135 fulgur
3018 4079 3241 4134 quoque
3271 4064 3589 4133 Divinitatis
3608 4064 3736 4118 illu-

2160 4156 2336 4211 minat
2358 4156 2619 4221 animam,
2645 4163 2703 4215 et
2731 4154 3069 4209 eam‘reddit
3093 4170 3231 4209 auro
3264 4153 3441 4208 forma
3476 4154 3743 4220 similem;

2164 4263 2367 4318 corpus
2390 4255 2576 4302 autem
2607 4255 2796 4301 manet
2836 4247 3148 4317 neglectum
3201 4256 3259 4300 ct
3292 4272 3295 4275 λ
3320 4252 3698 4314 contemptum
3728 4264 3743 4297 :

479 4343 707 4414 proprie
728 4344 974 4414 gentium
1001 4344 1307 4398 Ecelesiam
1343 4358 1469 4411 quae
1488 4341 1787 4419 aliquando
1807 4349 1929 4396 erat
1949 4351 2062 4397 ste-
2093 4414 2115 4419 ξ
2163 4340 2369 4395 nullam
2401 4339 2549 4395 enim
2585 4339 2705 4408 ejus
2730 4338 2897 4392 habet
2936 4337 3206 4394 rationem
3249 4337 3297 4391 is
3323 4336 3414 4391 cui
3442 4350 3591 4391 cura:
3617 4344 3745 4391 sunt

477 4436 619 4500 rilis,
650 4436 717 4494 ad
745 4450 910 4504 quam
950 4435 1093 4489 Deus
1123 4435 1323 4488 clamat
1350 4449 1451 4501 per
1495 4414 1690 4486 vocem
1737 4432 2056 4501 prophetae:
2091 4414 2137 4477 ί)
2164 4435 2402 4491 interna.
2452 4435 2623 4489 Porro
2654 4442 2839 4488 autem
2888 4449 3025 4488 urna
3062 4447 3283 4502 quoque
3326 4430 3626 4501 (siquidem
3651 4444 3743 4484 ac-

474 4529 702 4592 Laetare,
726 4527 922 4581 sterilis
946 4542 1063 4595 qua:
1090 4542 1193 4579 non
1225 4526 1404 4607 paris;
1427 4539 1639 4593 erumpe
1655 4532 1705 4576 et
1729 4522 1924 4587 clama,
1951 4541 2069 4595 qua:
2164 4526 2406 4595 eipiatur
2443 4511 2781 4595 pro‘anima)
2809 4525 2920 4580 fert
2948 4525 3165 4587 Manna,
3196 4534 3396 4591 nempe
3419 4521 3696 4575 Christum
3723 4537 3741 4585 ;

477 4635 581 4673 non
605 4619 840 4690 parturis
876 4635 889 4648 ·
920 4619 1175 4688 quoniam
1198 4615 1377 4687 plures
1409 4623 1531 4668 sunt
1552 4612 1654 4683 ﬁlii
1695 4615 1917 4669 deserta:
1952 4631 2070 4669 ma—
2163 4615 2248 4670 sin
2289 4625 2473 4669 autem
2523 4632 2624 4686 pro
2673 4616 2942 4680 Ecclesia,
2997 4617 3107 4670 fert
3158 4628 3357 4684 panem
3406 4613 3739 4682 mysticum:

462 4691 737 4780 gis'guam
766 4709 880 4779 ejus
927 4722 1043 4778 qua:
1068 4707 1221 4760 habet
1251 4706 1421 4758 virum
1446 4706 1491 4736 °‘
1537 4720 1603 4758 ex
1656 4693 1882 4761 inﬂat-is.
1921 4704 2071 4771 Quo-
2166 4722 2330 4777 quem
2356 4708 2580 4776 quidem
2612 4722 2723 4761 non
2748 4707 3031 4769 redolent,
3070 4706 3339 4759 hodierno
3390 4702 3483 4757 die
3527 4713 3586 4757 et
3626 4717 3745 4758 cra-

476 4804 627 4856 niam
659 4800 867 4855 sterilis
898 4797 1117 4868 peperit
1151 4804 1361 4865 septem
1394 4810 1409 4859 ;
1450 4806 1506 4849 et
1548 4811 1669 4865 quae
1697 4796 1941 4864 parturit
1981 4803 2069 4850 est
2170 4801 2318 4855 stino
2348 4808 2404 4853 et
2437 4800 2720 4883 deinceps,
2745 4813 2945 4853 manna
2977 4806 3390 4852 conservantes.

476 4892 789 4963 propinqua
823 4889 1030 4960 partui,
1063 4888 1207 4943 etin
1262 4894 1423 4957 partu
1483 4900 1586 4941 suo
1636 4887 1717 4941 sic
1759 4885 2059 4941 clamavit:

476 4985 661 5039 Geniti
696 4997 892 5038 sumus
912 4982 1118 5037 dilecto
1143 4978 1279 5033 Filio
1311 4978 1406 5032 Dei
1455 4978 1550 5049 qui
1600 4977 1806 5034 dicitur
1836 4978 2062 5042 Phison,

477 5078 685 5147 quiest
709 5090 771 5129 os
804 5073 1005 5138 Patris,
1043 5082 1101 5128 et
1134 5072 1371 5127 Mutavit
1401 5086 1577 5141 genus
1607 5081 1855 5125 nostrum
1885 5086 1914 5123 a
1941 5084 2062 5124 cor-

2238 4892 2335 4945 Est
2368 4890 2536 4945 etiam
2561 4892 2704 4945 alius
2722 4891 2945 4960 quidam
2975 4890 3137 4959 lapis,
3161 4889 3256 4958 qui
3281 4887 3460 4958 gratia
3491 4900 3592 4956 per
3616 4900 3746 4941 con-

2167 4983 2635 5052 temperationem
2689 4982 2936 5052 suscepit
2984 4981 3338 5035 auriformem
3397 4978 3747 5049 splendorem

2164 5075 2525 5139 Divinitatis;
2556 5075 2700 5129 alius
2724 5082 2910 5129 autem
2938 5074 3032 5143 qui
3070 5071 3317 5141 suscepit
3357 5085 3492 5139 pura
3522 5077 3580 5123 et
3633 5084 3744 5123 non

477 5168 736 5237 raptione
763 5166 818 5219 in
844 5163 1346 5233 incorruptionem.
1375 5169 1432 5213 ει
1484 5161 1669 5214 σίνοιίίι
1717 5168 1774 5213 οι
1824 5160 2065 5215 custodit
2165 5164 2477 5220 adulterina
2513 5165 2803 5233 theologia:
2830 5163 3107 5233 dogmata,
3132 5173 3189 5215 et
3210 5163 3279 5215 iis
3301 5161 3613 5214 illustratur
3647 5175 3662 5211 :
3692 5168 3747 5212 et

480 5274 688 5314 omnem
709 5268 914 5312 terram
946 5256 1157 5312 Eailath
1178 5271 1301 5326 quae
1328 5254 1565 5324 parturit
1594 5262 1650 5307 et
1698 5252 1840 5321 parit
1880 5253 2058 5322 ipsum

480 5353 784 5407 Christum.
835 5349 1209 5418 Quamobrem
1255 5346 1543 5417 snbjunxit
1588 5344 1777 5399 dicens
1831 5344 1899 5398 de
1960 5345 2060 5398 hac

483 5444 766 5514 spirituali
794 5442 1030 5503 Evilath,
1056 5441 1202 5510 quod
1234 5439 1346 5493 illic
1374 5447 1452 5491 est
1483 5452 1695 5497 aurum,
1730 5452 1924 5490 aurum
1964 5455 2062 5489 an-

483 5544 587 5590 tem
618 5534 762 5589 illius
794 5542 951 5587 terrm
974 5542 1049 5587 est
1078 5533 1273 5586 bonum
1316 5547 1333 5585 :
1366 5532 1472 5585 hoc
1509 5539 1591 5584 est
1624 5529 1895 5582 Divinitas
1940 5546 2061 5598 qtae

479 5723 517 5753 cf
552 5681 595 5712 as
638 5677 779 5731 P49],
813 5691 931 5753 ξων,
957 5675 1008 5726 :‘i.
1053 5674 1096 5753 ’ξ
1120 5674 1222 5753 lsa.
1254 5673 1515 5753 “mnia.

532 5753 692 5805 Deut.
726 5763 799 5811 tv,
822 5744 913 5797 ‘24.
996 5745 1040 5775 ⁸⁸
1070 5743 1212 5795 Psal.
1253 5758 1381 5808 xvll,
1403 5741 1457 5795 9.

2165 5258 2279 5311 illic
2298 5265 2385 5311 est
2406 5256 2781 5310 carbunculus
2803 5264 2860 5309 et
2882 5255 3021 5325 lapis
3041 5254 3329 5324 prasinus;
3354 5235 3778 5313 carbunculus,’

2173 5348 2264 5403 Sol
2298 5346 2562 5407 emlestis.
2588 5348 2736 5401 Deus
2770 5347 3033 5401 Verbum.
3073 5345 3206 5398 Deus
3250 5344 3399 5397 enim
3453 5351 3627 5395 noster
3671 5346 3747 5397 est

2166 5440 2304 5509 ignis
2340 5453 2652 5490 consumens
2689 5438 2734 5469 “
2771 5456 2784 5490 :
2818 5447 2875 5491 et
2923 5439 3049 5493 ideo
3105 5437 3375 5491 carbones
3417 5433 3586 5486 etiam
3637 5447 3747 5485 suc-

2170 5531 2309 5583 censi
2334 5539 2458 5583 sunt
2488 5529 2554 5583 ab
2578 5546 2638 5583 eo
2670 5530 2737 5583 ⁶⁸.
2768 5529 2945 5599 Hujus
2969 5530 3063 5599 qui
3105 5528 3310 5583 dicitur
3352 5523 3743 5585 carbunculus,

1597 5672 1637 5702 ⁶¹
1664 5670 1800 5724 Joan
1849 5685 1953 5737 xvi,
1982 5669 2074 5724 9.8.
2153 5671 2196 5702 θ’
2219 5666 2375 5736 Joan,
2401 5685 2495 5737 vn,
2516 5668 2612 5736 ‘38.
2689 5668 2735 5701 °'
2764 5667 2908 5725 Psal.
2944 5684 3101 5738 xxxv,
3131 5667 3185 5733 9,
3218 5665 3305 5721 10.
3381 5661 3545 5715 “lsa.
3574 5657 3743 5726 cmi.
