3942 6298
244 311 356 398 ’θη

1319 332 1398 392 IN
1440 327 1984 392 uexanunaox.
2014 354 2083 367 ρ-
2111 332 2252 391 LIB.
2289 306 2460 391 V'm.

253 449 388 501 sunt
415 458 607 500 omnes
633 434 752 514 ejus
778 443 1030 514 imaginis
1067 442 1398 507 conformes,
1433 445 1619 499 eﬂecti
1652 443 1821 497 lumi-
1856 446 1902 501 Α
1931 441 2349 497 Bethleemitico
2407 440 2550 494 antri
2612 439 2762 493 fonte
2797 479 2809 500 ,

3412 324 3540 383 975l-

2870 438 2937 491 ad
2988 438 3128 492 (Iron
3175 437 3401 490 ﬂuvium
3459 439 3515 490 iu

256 534 409 591 naria
445 533 648 605 quibus
683 535 943 590 dicebat:
973 534 1083 605 Ego
1100 551 1220 589 sum
1247 534 1339 589 lux
1359 537 1544 589 mundi
1569 537 1634 589 ⁸⁷.
1670 535 1829 589 Hunc
1928 534 2160 606 {Egypto
2198 533 2588 604 proficiscitur,
2617 531 2878 601 quoniam
2908 531 3187 585 secundus
3232 548 3297 583 ea:
3347 547 3511 598 para»

254 628 552 683 carbonem
584 627 682 682 Dei
716 627 881 682 Verbi
908 627 1065 696 prius
1112 627 1411 698 descripsit
1456 643 1521 683 ac
1575 625 1832 698 ﬁguravit

254 720 350 773 ille
379 734 598 788 quoque
627 719 796 773 carbo
833 734 997 788 quem
1030 715 1170 776 vidit
1220 720 1392 775 Isaias
1437 719 1484 751 ⁸⁸
1539 719 1615 773 in-
1646 718 1832 774 medio

1930 627 2046 680 diso
2074 626 2237 692 Geou,
2265 633 2321 680 et
2355 624 2635 680 secundus
2673 622 2953 693 bypostasi
2986 639 3055 677 ex
3106 624 3267 676 Patre
3319 622 3513 676 Filius.

1934 715 2090 772 Unde
2135 717 2304 771 etiam
2353 732 2422 770 ex
2475 723 2878 769 cataractarum
2914 714 3209 768 altitudine
3236 715 3523 783 egreditur

256 822 379 865 esse
402 810 632 879 forcipe,
660 819 715 863 et
752 826 988 879 purgare
1019 812 1141 881 ejus
1177 822 1423 880 peccata.
1458 808 1699 880 Forceps
1736 825 1833 864 au-
1884 816 1991 869 ,ρει
2044 806 2335 862 descendit
2366 807 2540 871 Geon,
2585 806 2845 876 quoniam
2878 806 3133 861 Christus
3189 822 3410 876 quoque
3453 798 3551 860 cx’.

256 907 371 952 tem
386 897 593 952 Christi
627 898 887 967 perduas
913 898 1173 968 pinnulas
1203 914 1333 952 eum
1378 907 1576 953 tenens
1621 906 1708 953 est
1745 898 1832 952 in-

259 995 523 1041 temerata
547 989 669 1058 ejus
704 987 894 1053 Mater,
927 997 983 1043 et
1013 988 1428 1043 sanctissimum
1456 990 1577 1059 ejus
1606 1003 1831 1058 corpus.

256 1079 375 1134 Illic
404 1087 500 1138 est,
530 1079 582 1132 in
608 1079 795 1133 medio
816 1079 1030 1134 scilicet
1052 1095 1269 1144 eorum,
1303 1080 1698 1146 carbunculus,
1740 1079 1836 1135 de-

257 1170 385 1224 inde
417 1185 608 1224 rursus
635 1171 690 1223 in
725 1170 918 1224 eodem
942 1170 1110 1224 ﬂuvio
1133 1171 1274 1240 lapis
1294 1183 1515 1241 quoque
1548 1172 1831 1240 prasinus.

256 1262 476 1316 Primus
510 1262 732 1331 quidem
760 1261 1087 1337 carbunculi
1115 1263 1271 1316 color
1302 1269 1389 1315 est
1449 1262 1712 1325 eteiestis,
1751 1276 1839 1315 so-

257 1354 475 1407 cundus
497 1361 684 1407 autem
717 1352 1001 1406 terrestris
1028 1368 1040 1404 :
1074 1360 1367 1421 propterea
1394 1351 1545 1405 enim
1589 1366 1694 1405 nec
1735 1366 1836 1419 ap-

257 1444 425 1513 pellat
444 1445 686 1511 lapidem
716 1443 812 1512 qui
842 1444 1089 1497 nascitur
1108 1458 1140 1497 e
1173 1450 1339 1505 terra,
1364 1448 1422 1495 et
1449 1441 1545 1511 qui
1562 1449 1655 1495 .est
1680 1448 1842 1511 typus

260 1546 498 1607 terreare
526 1537 711 1590 carnis
736 1536 925 1591 Verbi.
956 1535 1254 1604 Propterea
1276 1541 1462 1589 autem
1492 1532 1640 1602 quod
1671 1532 1842 1584 omnis

257 1642 386 1679 caro
410 1634 495 1679 est
518 1626 702 1695 fenum
735 1626 801 1690 ⁸ο,
828 1640 991 1679 omne
1024 1634 1210 1679 autem
1252 1623 1439 1678 fenum
1465 1624 1749 1678 virescens
1785 1621 1841 1675 in

258 1719 446 1772 colore
481 1718 726 1771 cernitur
774 1717 938 1773 viridi
974 1725 1071 1771 aut
1098 1725 1357 1786 tanquam
1387 1715 1675 1786 porra’ceo,
1708 1729 1830 1783 pros

260 1818 449 1881 pterea
473 1810 525 1864 id
552 1826 772 1880 quoque
795 1811 943 1880 quod
973 1809 1181 1864 Christi
1210 1818 1296 1864 est
1316 1810 1563 1874 carnale,
1595 1816 1658 1864 ut
1683 1807 1832 1879 quod

257 1917 292 1955 e
338 1909 482 1955 terra
511 1900 921 1971 germinaverit,
972 1901 1342 1971 assimilatum
1384 1909 1471 1956 est
1526 1897 1834 1956 eilcoiori.

259 1991 415 2048 Unde
453 1992 627 2047 etiam
677 1992 900 2046 divinus
946 1992 1138 2047 Daniel
1174 1991 1356 2047 carnis
1401 2000 1671 2061 Susceptae
1728 1991 1839 2046 dis-

260 2084 639 2154 pensationem
689 2081 928 2152 lapidem
1007 2083 1329 2152 appellavit,
1390 2083 1622 2138 dicens:
1670 2083 1835 2153 Lapis

261 2185 339 2229 est
360 2177 561 2229 excisus
583 2191 647 2229 ea:
675 2183 852 2229 monte
880 2174 1133 2243 virginali
1166 2175 1360 2245 absque
1400 2175 1641 2229 manibus
1668 2176 1714 2207 ⁷ο
1749 2190 1836 2230 se-

262 2267 656 2322 minationis'et
689 2267 1059 2336 corruptionis
1092 2284 1105 2319 :
1146 2266 1398 2336 Lapidem
1448 2283 1606 2334 quem
1648 2283 1837 2337 reprof

262 2359 458 2414 bar-unt
498 2358 827 2413 exsecrandi
879 2358 1226 2426 aediﬁcatores
1284 2359 1330 2391 τι
1386 2360 1479 2428 qui
1516 2359 1582 2413 ad
1615 2374 1837 2415 carnem

263 2450 621 2505 oﬂ‘enderunt
637 2465 759 2520 qua:
769 2450 1033 2520 populum
1054 2465 1113 2505 se
1134 2449 1407 2505 aadiiicare
1428 2441 1837 2516 existimabant,

261 2540 469 2597 Scriba:
492 2549 548 2596 et
576 2542 859 2596 Pharisaei.
886 2542 961 2597 De
984 2558 1095 2612 quo
1121 2543 1302 2613 lapide
1323 2544 1458 2597 dicit
1501 2544 1665 2601 etiam
1694 2544 1840 2598 Deus

262 2646 363 2701 per
386 2647 574 2686 vocem
604 2633 835 2687 alterius
868 2635 1190 2703 prophetae:
1242 2635 1373 2688 Ecce
1398 2652 1552 2705 -ροηο
1596 2637 1653 2689 in
1708 2634 1839 2690 Sion

265 2722 514 2792 lapidem,
538 2732 594 2777 ut
619 2706 789 2778 omnis
823 2727 911 2795 qui
940 2726 1104 2779 credit
1136 2728 1192 2780 in
1223 2742 1342 2780 eum
1365 2727 1564 2796 pudore
1590 2743 1694 2780 non
1717 2727 1841 2797 afﬁ-

261 2815 437 2868 ciatur
461 2816 525 2868 "'.
560 2814 706 2879 Haec,
742 2825 803 2871 ut
827 2832 929 2887 ego
954 2818 1176 2886 quidem
1222 2802 1495 2883 arbitror,
1543 2833 1645 2873 nos
1698 2820 1838 2873 teni-

262 2904 499 2973 gmatice
530 2905 691 2960 docet
718 2906 991 2976 dogmata,
1034 2908 1221 2964 divina
1246 2909 1547 2979 Scriptura,
1598 2925 1698 2980 per.
1736 2911 1841 2965 hos

263 2994 457 3050 ﬂuvios
484 3005 544 3050 et
568 3011 782 3062 aurum,
815 2999 1213 3054 carbunculum
1235 3010 1291 3055 et
1314 2986 1663 3071 smaragdum
1692 3021 1706 3055 :
1726 3018 1836 3058 non

1936 900 2245 956 emit-stium
2268 908 2673 955 eataractarmn
2696 899 2992 953 altitudine
3030 899 3321 953 descendit
3352 913 3524 969 super

1939 998 2162 1045 terram.
2200 991 2555 1060 Superiorem
2580 988 2871 1058 Ethiopian
2897 996 2953 1041 et
2994 988 3311 1042 inferiorem
3359 988 3524 1058 (Egy-

1937 1082 2017 1152 pti
2051 1081 2331 1152 regionem
2359 1082 2552 1151 irrigat
2579 1088 2637 1134 et
2671 1079 2812 1133 ditat
2845 1079 3020 1142 Geon,
3060 1081 3341 1149 quomodo
3366 1080 3528 1135 Chri-

1938 1180 2058 1240 stus
2082 1187 2305 1241 quoque
2326 1172 2572 1225 coelestia
2591 1179 2647 1224 et
2674 1171 2956 1225 terrestria
2975 1172 3117 1224 ditat
3143 1182 3197 1225 et
3222 1173 3519 1226 illuminat.

1937 1262 2019 1320 Ex
2050 1263 2254 1333 ignotis
2285 1272 2343 1321 et
2376 1261 2863 1331 inaspectabiiibus
2905 1263 3308 1332 inaecessisque
3340 1272 3396 1316 et
3443 1264 3530 1316 in.

1941 1354 2339 1410 scrutabilibus
2388 1353 2527 1407 locis
2565 1352 2729 1406 ambo
2780 1352 3147 1421 procedentes
3183 1352 3532 1406 descendunt

1942 1445 1999 1499 in
2047 1445 2167 1498 loca
2219 1442 2466 1496 habitata
2509 1460 2522 1493 :
2564 1452 2731 1510 atque
2772 1442 2914 1497 adeo
2957 1441 3012 1495 in
3056 1442 3225 1495 rebus
3274 1443 3533 1495 omnibus

1945 1534 2133 1604 liguris
2186 1543 2243 1589 et
2286 1532 2556 1602 exemplis
2589 1532 2741 1589 Geon
2775 1533 3057 1602 praedicat,
3086 1542 3143 1587 et
3181 1532 3539 1601 apertissime

1944 1627 2144 1681 clamat
2188 1624 2396 1680 Christi
2454 1622 2736 1696 mysteria.
2788 1624 3156 1689 Quamobrem
3210 1624 3387 1687 Nilus,
3438 1624 3537 1692 qui

1946 1717 2246 1787 aliquando
2278 1717 2348 1772 ab
2390 1716 2552 1771 initio
2588 1715 2844 1773 scaturiit
2872 1716 3139 1785 sanguine
3164 1725 3221 1770 et
3247 1728 3410 1785 aqua,
3437 1732 3532 1784 per

1936 1810 2248 1880 exemplum
2307 1809 2469 1864 nobis
2524 1816 2654 1864 ante
2722 1808 3045 1878 praedicavit
3097 1808 3419 1878 sanguinem
3481 1817 3531 1861 et

1939 1920 2135 1974 aquam
2177 1909 2558 1957 emanaturam
2592 1917 2661 1956 ex
2701 1903 2874 1956 latere
2930 1900 3085 1955 ﬂuvii
3137 1901 3237 1955 Dei
3287 1901 3419 1956 Jesu
3480 1901 3536 1953 in

1938 1996 2225 2066 Golgotha.
2256 1994 2325 2048 Et
2350 2002 2518 2048 totam
2544 2000 2750 2051 terram
2785 1992 2881 2047 hic‘
2904 1992 3058 2047 Geon
3086 1991 3253 2046 simul
3274 1991 3535 2059 irrigans,

1938 2095 1995 2140 et
2031 2083 2326 2157 rursuslad
2350 2083 2638 2152 proprium
2668 2097 2835 2137 suum
2858 2081 3100 2152 priorem
3128 2083 3312 2136 locum
3338 2096 3532 2136 rever-

1938 2182 2089 2237 tene,
2115 2172 2366 2227 cernitur
2389 2171 2673 2226 Christum
2702 2169 3076 2241 praefigurare,
3122 2171 3217 2241 qui
3266 2170 3537 2227 mundum

1941 2262 2187 2332 irrigavit
2221 2269 2276 2316 et
2300 2261 2634 2317 illuminavit
2664 2261 2835 2316 simul
2871 2261 3065 2317 dicens
3097 2279 3110 2314 :
3145 2262 3258 2331 Ego
3283 2279 3318 2315 η
3375 2261 3535 2315 Patre
3558 2283 3573 2289 ι

1940 2364 2056 2401 meo
2078 2349 2233 2414 exivi,
2260 2356 2308 2402 et
2330 2365 2513 2403 rursus
2537 2349 2609 2403 ad
2643 2348 2860 2404 Patrem
2893 2366 3069 2404 meum
3097 2350 3252 2415 uado;
3280 2364 3541 2406 reversus

1938 2455 2060 2496 sum
2088 2440 2142 2493 in
2165 2440 2370 2508 priora,
2399 2455 2635 2511 meaque
2652 2456 2764 2496 non
2785 2441 3209 2512 circumscripta
3229 2449 3361 2497 sunt
3392 2443 3532 2498 loea-

1938 2532 2046 2587 iste
2079 2522 2487 2596 amentissimus
2539 2541 2596 2588 et
2650 2532 2886 2604 frugifer
2941 2533 3100 2590 Nilus
3145 2534 3353 2589 occidit
3403 2534 3535 2588 olim

1937 2626 2241 2681 sceleratos
2278 2625 2424 2680 fetus
2452 2625 2822 2696 primogenita
2867 2626 3259 2682 Pharaonitiea
3308 2626 3535 2697 legisla-

1939 2717 2076 2772 toris
2101 2719 2259 2788 jussu
2291 2726 2471 2771 morte
2514 2716 2732 2782 aﬂ‘ecta,
2775 2718 2933 2788 prius
2970 2717 3227 2773 indicans
3260 2725 3317 2773 et
3361 2717 3535 2790 signi-

1940 2807 2117 2863 ficans
2135 2808 2423 2865 Christum
2448 2808 2544 2878 qui
2573 2808 2782 2864 occidit
2826 2809 3195 2881 primogenita
3226 2811 3535 2866 Pharaonis

1937 2901 2145 2957 diaboli
2196 2901 2581 2973 (impietatem,
2635 2901 2901 2971 inquam,
2937 2911 2996 2958 et
3043 2902 3441 2973 idololatriam)
3475 2907 3533 2957 in

1939 2995 2214 3065 profundo
2236 3010 2392 3066 aqua;
2420 2994 2796 3065 baptismatis.
2818 2995 2929 3051 Iste
2956 2995 3108 3051 Geon
3137 2997 3349 3066 primus
3372 2996 3536 3053 nobis

263 3088 417 3139 enim
446 3102 549 3141 nos
600 3088 855 3143 anriﬂces
900 3092 1342 3159 et-gemmarios,
1377 3108 1835 3165 gemmarumque
1862 3111 1906 3170 ο
1939 3088 2235 3159 descripsit
2278 3089 2605 3159 gravissima
2659 3088 3039 3159 IEgyptiorum
3070 3089 3344 3158 supplicia
3403 3105 3534 3159 quae

261 3192 398 3232 auro
423 3180 1156 3248 conglutinatarum‘fusores
1179 3182 1401 3239 ellieere
1435 3178 1632 3242 volens
1655 3194 1713 3241 et
1733 3187 1836 3241 do-

259 3282 389 3323 cens
415 3266 534 3324 héec
567 3271 704 3325 dicit
743 3268 1051 3341 Scriptura.
1142 3300 1145 3307 <

332 3356 629 3414 Videamus
661 3368 846 3415 autem
871 3363 1037 3416 etiam
1057 3379 1123 3417 ea
1138 3379 1262 3433 qua
1277 3366 1586 3435 sequuntur
1610 3366 1669 3422 in
1691 3368 1837 3423 Seri-

260 3454 440 3516 ptura.
503 3451 638 3504 Nam
672 3466 799 3505 cum
823 3451 1054 3507 dixisset
1076 3454 1320 3523 priorem
1344 3455 1573 3511 ﬂuvium
1604 3458 1837 3524 Phison,

259 3539 543 3610 subjunxit
576 3541 767 3596 dicens
796 3560 808 3594 :
848 3542 921 3597 Et
949 3560 1137 3597 nomen
1177 3547 1404 3600 secundo
1432 3549 1590 3618 ﬂuvio
1643 3549 1785 3604 Geo»
1815 3567 1833 3611 ,-

260 3629 357 3683 iste
389 3641 464 3684 est
493 3633 582 3701 qui
607 3634 793 3686 circuit
821 3648 1028 3688 omnem
1070 3650 1271 3690 terram
1314 3637 1616 3710 zEthiopirc.
1652 3640 1841 3696 Traxit

262 3737 364 3777 nos
422 3721 734 3792 procedens
780 3726 962 3807 oratio
1018 3728 1123 3783 Nili
1152 3728 1489 3797 ﬂuentorum
1523 3732 1580 3786 in
1606 3732 1840 3805 Aigypto

261 3814 630 3880 latitudinem,
691 3826 752 3871 ut
800 3832 922 3886 quae
984 3833 1087 3884 nos
1141 3819 1431 3876 deduxerit
1457 3824 1524 3878 ad
1571 3824 1734 3890 Geon,
1765 3827 1831 3880 ad

259 3921 425 3975 quem
460 3908 693 3962 maxime
722 3908 1035 3967 derivamus
1065 3911 1294 3972 ﬂuvium
1330 3916 1495 3987 hujus
1550 3920 1838 3983 orationis,

258 4002 317 4048 et
360 4010 462 4048 nos
485 3998 951 4064 oportet‘omnino
973 4000 1030 4055 in
1057 4000 1350 4073 [Egyptum
1377 4006 1842 4073 orationemele—

260 4085 481 4153 gantius
523 4076 866 4143 convertere.
904 4090 1038 4144 Nam
1084 4107 1254 4163 super
1289 4109 1484 4152 omnes
1514 4097 1713 4154 ﬂuvios
1745 4101 1839 4169 qui

261 4177 501 4231 violento
538 4178 745 4247 impetu
774 4178 952 4236 ﬂuunt
974 4198 1140 4254 super
1166 4194 1388 4252 terram,
1409 4189 1663 4246 videmus
1690 4192 1842 4249 hunc

261 4269 487 4323 ﬂuvium
521 4271 615 4339 qui
645 4271 851 4326 dicitur
881 4273 1025 4329 Geon
1053 4277 1258 4332 habere
1286 4293 1413 4333 cum
1449 4281 1673 4338 Christo
1717 4300 1835 4339 ma-

262 4375 421 4429 gnam
447 4363 839 4431 proprietatem
872 4356 937 4421 et
974 4369 1436 4425 convenientiam.
1465 4373 1623 4439 Nam,
1661 4385 1724 4430 ut
1756 4378 1841 4432 di-

1946 3181 2212 3237 Dominus
2238 3180 2401 3236 'Jesus
2427 3196 2524 3249 pro
2554 3181 2717 3236 nobis
2748 3180 2937 3236 intulit
2967 3181 3170 3250 populo
3196 3180 3531 3235 daemonum.

1946 3274 2108 3331 Solus
2133 3274 2284 3330 Geon
2309 3274 2467 3331 nobis
2489 3274 2775 3329 coronavit
2795 3273 2997 3343 Ioseph
3037 3287 3244 3343 regem,
3291 3272 3387 3341 qui
3431 3288 3536 3325 no-

1947 3362 2033 3419 bis
2057 3363 2126 3418 de
2153 3363 2372 3418 Christo
2397 3364 2582 3418 omnia
2625 3362 3035 3433 praeﬂgurahat,
3070 3370 3127 3416 et
3172 3362 3532 3432 loquebatur.

1947 3454 2129 3509 Prima
2154 3456 2403 3516 omnium
2428 3457 2716 3527 regionum
2735 3456 3049 3527 gentilium,
3074 3461 3220 3509 terra
3242 3453 3352 3508 Nili
3391 3454 3531 3508 vidit

1946 3545 2119 3599 Deum
2178 3547 2235 3600 in
2289 3562 2453 3602 carne
2483 3548 2629 3623 apud
2662 3560 2721 3602 se
2761 3554 3093 3611 versantem,
3118 3555 3175 3601 et
3199 3547 3349 3601 nulla
3378 3548 3533 3616 regio

1948 3637 2308 3693 Barbarorum
2335 3640 2766 3711 alienigenarum
2793 3641 2850 3694 in
2875 3639 3081 3694 mundo
3100 3638 3303 3694 Christi
3328 3639 3524 3692 faciem

1946 3726 2095 3781 vidit
2117 3725 2170 3779 in
2200 3742 2368 3781 carne
2401 3728 2507 3783 nisi
2542 3728 2660 3781 sola
2704 3726 2990 3798 ASgyptus.
3051 3726 3111 3780 In
3165 3742 3253 3790 ea,
3314 3728 3522 3781 Pascha

1945 3816 2052 3871 fuit
2076 3825 2233 3888 typus
2252 3817 2460 3872 Christi
2492 3816 2765 3886 passionis
2794 3825 2852 3870 et
2874 3832 3049 3887 agnus
3078 3816 3291 3885 primus
3316 3825 3402 3869 est
3427 3832 3533 3869 ουκ

1947 3911 2115 3966 cisus.
2140 3911 2319 3974 ln—ea,
2356 3897 2667 3979 redemptio
2698 3909 2945 3980 gentium
2979 3908 3135 3978 prius
3162 3907 3271 3961 fuit
3305 3907 3488 3961 deseri
3509 3938 3530 3947 -

1947 4014 2040 4073 pta
2067 4006 2325 4059 ex'manu
2353 4002 2569 4073 tyranni
2607 4000 2820 4056 mundi.
2859 4001 3127 4072 {Egyptus
3167 3999 3345 4070 prima
3388 3999 3530 4054 vidit

1947 4097 2073 4168 agni
2101 4097 2422 4167 sanguinem
2454 4096 2521 4150 ad
2550 4106 2834 4165 vesperam
2865 4095 2921 4149 in
2959 4095 3218 4149 domibus
3249 4094 3525 4165 signatum

1946 4188 2013 4243 ad
2039 4190 2293 4252 salutem,
2344 4197 2401 4242 et
2458 4187 2703 4242 ostendit
2756 4187 2883 4257 agni
2941 4185 3151 4242 Christi
3203 4188 3530 4257 sanguinem

1946 4284 2131 4339 fusum
2166 4282 2233 4336 ad
2262 4295 2549 4351 vesperam
2579 4289 2913 4350 temporum,
2942 4280 3121 4336 donec
3155 4280 3382 4335 domum
3425 4281 3530 4335 Ec-

1949 4373 2129 4429 clesiae
2175 4374 2463 4428 coloravit.
2517 4374 2648 4428 Post
2693 4372 2893 4441 hiemis
2959 4381 3365 4442 tempestatem,
3400 4388 3529 4427 cum

262 4460 397 4505 cunt
431 4455 522 4523 qui
550 4442 777 4524 pulchre
809 4468 867 4512 et
922 4468 1182 4516 accurate
1224 4461 1465 4533 linguam
1515 4464 1839 4526 Hebr-nicum
1872 4463 1917 4518 D
1944 4481 2105 4522 suum
2137 4480 2425 4521 ascensum
2449 4466 2505 4520 in
2533 4480 2631 4521 aer
2655 4464 3022 4521 convertisset
3065 4464 3352 4529 Dominus,
3376 4464 3529 4518 illim:

264 4547 662 4629 transtulerunt
687 4549 742 4603 in
767 4548 1034 4615 Grzecam.
1063 4552 1208 4608 Geon
1261 4555 1660 4627 interpretatur
1709 4564 1840 4634 effu-

258 4650 350 4687 sor
367 4645 456 4685 aut
482 4641 799 4706 exinanitor,
830 4644 977 4712 quod
993 4647 1223 4715 quidem
1247 4664 1437 4705 revera
1451 4662 1537 4706 est
1556 4652 1833 4711 Christus.

262 4723 546 4796 Tanquam
579 4731 789 4786 eil‘usor
808 4734 1034 4802 quidem
1083 4737 1323 4807 seipsum
1368 4740 1640 4798 exinaniit
1685 4749 1831 4801 servi

262 4815 802 4891 formam'accipiens,
832 4836 1101 4881 renovato
1153 4831 1325 4883 veteri
1369 4831 1612 4897 homine,
1657 4847 1714 4891 et
1754 4853 1840 4892 re-

259 4916 463 4995 novata
493 4909 645 4966 'facie
699 4921 881 4979 terrm,
933 4925 990 4970 et
1037 4918 1234 4987 spiritu
1275 4930 1426 4975 recto
1465 4923 1729 4982 innovate
1780 4927 1837 4982 in

261 4996 572 5081 visceribus
596 5006 819 5059 nostris.
876 5007 1034 5062 Unde
1085 5010 1253 5064 etiam
1304 5013 1551 5069 Paradisi
1591 5019 1839 5075 secundo

260 5089 482 5157 genitus
510 5092 694 5147 statim
738 5088 862 5163 pest
895 5097 1091 5157 Phison
1130 5102 1355 5169 ponitur
1416 5104 1580 5170 Geon,
1634 5109 1842 5180 signifi-

260 5194 394 5233 cans
418 5180 698 5238 Christum
726 5189 970 5243 secundo
1004 5194 1252 5261 genitum
1294 5210 1465 5265 super
1492 5207 1695 5256 terram
1726 5220 1833 5258 se-

258 5272 442 5327 cunda
487 5290 587 5343 per
616 5290 838 5333 carnem
879 5276 1255 5349 generatione.
1294 5294 1431 5357 "post
1475 5291 1723 5361 ejusdem
1757 5296 1837 5351 si-

259 5363 374 5417 mul
400 5366 654 5421 essentiae
681 5372 1096 5439 generationem
1118 5391 1184 5430 ex
1224 5378 1402 5441 Patre,
1431 5396 1555 5449 qum
1589 5393 1674 5438 est
1702 5395 1834 5441 ante

258 5457 477 5510 saecula.
506 5457 577 5525 Et
607 5459 837 5517 fortasse
878 5479 943 5519 ea
986 5465 1057 5519 de
1081 5482 1245 5521 causa
1272 5470 1368 5524 Dei
1416 5470 1616 5527 ﬂuvius
1675 5477 1838 5534 Jesus

256 5547 442 5601 Statim
471 5564 502 5601 e
534 5558 676 5605 terra
702 5562 995 5622 generatus
1016 5572 1181 5627 super
1207 5568 1403 5616 terram
1434 5580 1499 5617 ex
1531 5566 1753 5637 Virgine
1779 5580 1836 5626 et

395 5663 553 5741 .loan.
582 5684 695 5732 rm,
732 5669 816 5741 i2.
923 5675 967 5704 ⁸⁸
995 5674 1096 5728 isa.
1125 5690 1197 5735 vi,
1222 5678 1275 5739 ϐ,
1380 5681 1423 5712 ⁶⁹
1452 5682 1552 5737 isa.
1591 5702 1674 5741 XL.
1702 5691 1753 5741 ti.

260 5733 305 5766 '"
339 5734 479 5789 l’sal.
511 5729 726 5804 Lxxm,
759 5739 813 5805 5,
848 5742 896 5796 ιι.
970 5744 1014 5775 ⁷⁷⁵
1046 5729 1195 5801 l'sal.
1224 5729 1386 5815 Liv“,
1594 5729 1674 5751 ’ω’

1857 5691 1900 5722 ⁷⁹
1931 5691 2063 5744 Dan.
2096 5704 2152 5753 ιι,
2177 5688 2263 5742 Si.

1938 4573 2007 4614 ex
2038 4557 2229 4622 latere,
2258 4559 2383 4612 vitae
2409 4557 2570 4613 nobis
2598 4570 2796 4626 aquam
2833 4565 3045 4613 scatere
3085 4558 3219 4612 fecit
3254 4556 3528 4610 Dominus

1939 4650 1995 4705 in
2026 4650 2190 4706 horto
2210 4649 2499 4721 Golgotha.
2528 4651 2828 4720 Propterea
2863 4649 3019 4705 G'eon
3043 4664 3264 4719 quoque
3289 4649 3525 4702 salutem

1938 4741 2126 4813 populi
2190 4742 2399 4797 faciens
2455 4755 2786 4803 ascensum,
2844 4749 2972 4795 ante
3008 4755 3261 4804 omnes,
3330 4738 3529 4808 irrigat

1936 4833 2244 4905 Ethiopes,
2272 4833 2431 4889 nobis
2479 4833 2785 4906 praedi-cans
2827 4833 2975 4903 quod
3007 4833 3219 4903 primos
3272 4832 3524 4902 gentiqu

1936 4926 2185 4981 tenebris
2205 4925 2414 4980 oﬂ'usos
2443 4926 2679 4995 populos
2712 4934 2975 4981 servatet
3005 4926 3282 4980 illuminat
3303 4932 3360 4980 et
3391 4924 3525 4979 irri-

1937 5028 2029 5090 gat
2056 5019 2329 5074 Christus.
2398 5020 2476 5074 De
2521 5019 2727 5089 quibus
2785 5020 2957 5073 David
3018 5020 3155 5074 dicit
3201 5019 3514 5075 Ecclesire:

1938 5109 2369 5178 Gloriﬁcatisunt
2386 5111 2450 5165 de
2466 5118 2536 5173 te,
2554 5112 2739 5164 civitas
2764 5110 2890 5173 Dei;
2907 5126 3020 5162 ecce
3041 5109 3190 5164 enim
3209 5109 3525 5180 alienigeme

1936 5210 1990 5254 et
2022 5201 2189 5271 Tyrus
2236 5209 2287 5254 et
2312 5199 2537 5271 populus
2590 5199 2920 5270 (Ethiopian,
2958 5201 3012 5253 hi
3035 5201 3255 5270 {uerunt
3291 5200 3466 5255 illic”
3505 5219 3521 5267 ;

1941 5291 2214 5362 AElIu'opia
2261 5292 2409 5347 enim
2452 5293 2703 5361 prwvem‘t
2744 5307 2934 5346 inuitus
2984 5309 3111 5346 suas
3157 5293 3268 5347 Deo
3302 5293 3368 5357 ³⁵,
3395 5306 3522 5349 ante

1943 5400 2135 5440 omnes
2157 5399 2281 5439 cum
2312 5382 2540 5439 Christo
2571 5394 2726 5452 pacta
2751 5392 3022 5439 conventa
3067 5385 3206 5440 dans
3235 5394 3290 5440 et
3310 5385 3525 5443 iaciens

1945 5491 2044 5545 per
2095 5475 2249 5529 illum
2301 5474 2621 5529 eunuchum
2668 5474 2763 5543 qui
2809 5482 2931 5530 erat
2965 5474 3250 5531 Candaces
3312 5477 3520 5547 regina:

1944 5567 2286 5637 Ethiopum,
2341 5566 2621 5629 Eccicsim,
2678 5583 2802 5636 qtne
2852 5567 3075 5636 quidem
3103 5566 3327 5624 Christo
3363 5572 3517 5626 unita

2368 5688 2409 5716 "'
2443 5686 2585 5741 Psal.
2620 5701 2777 5753 cxvu,
2809 5686 2895 5739 22.
3004 5687 3049 5716 ⁷³
3079 5686 3182 5740 lsa.
3211 5701 3391 5748 xxvtu,
3429 5686 3512 5739 l6.
