3942 6298
482 263 587 327 9ῖ9
1677 267 1736 330 S.
1777 267 2050 330 ANASTA

2149 271 2177 338 l
2215 263 2540 333 SINAITE
2587 301 2592 307 ο
3297 293 3305 299 ,
3634 274 3731 338 903

479 376 714 432 clamat:
747 375 916 448 Nigra
950 395 1068 432 sum
1109 388 1160 434 et
1193 379 1445 450 formosa,
1479 379 1608 448 ﬁlia:
1638 379 1940 436 Jerusalem
1974 382 2018 413 '"'
2042 424 2058 448 ,
2091 385 2137 440 Α
2163 383 2265 438 tius
2299 385 2502 456 Tygria,
2535 387 2646 456 ipse
2667 383 2810 439 vadit
2839 390 3025 438 contra
3077 381 3342 455 Assyrios.
3385 379 3502 438 Cur
3553 389 3732 438 autem

479 465 638 538 nigra
669 467 826 537 prius
852 468 1416 541 incredulitatc,-quae
1443 487 1593 527 nunc
1645 487 1771 527 sum
1821 473 2058 528 obscura

481 556 816 626 humilitate,
834 559 1070 617 formosa
1091 569 1274 616 autem
1296 577 1444 618 nunc
1466 578 1587 618 sum
1605 562 1701 618 Dei
1719 562 2054 634 cognitione.

481 647 598 719 Ego
625 651 772 704 enim
801 667 922 705 sum
965 653 1147 724 regina
1183 653 1372 709 Austri
1405 669 1528 723 qure
1562 670 1726 726 surgo
1757 671 1826 709 ex
1855 652 2058 708 finibus

483 747 643 797 terra:
672 745 938 812 gentium,
969 753 1026 799 et
1074 745 1304 800 veniens
1359 744 1472 798 vidi
1517 745 1844 816 sapientiam
1898 743 2056 800 Salo-

479 837 662 890 monis
694 837 789 906 qui
849 853 978 894 verc
1018 839 1089 893 ad
1143 853 1230 893 me
1289 840 1584 896 clamavit:
1643 840 1788 906 Veni,
1822 839 2054 909 formosa

477 930 772 999 propinqua
800 946 940 995 mea,
972 931 1046 985 ad
1071 949 1152 986 me
1187 933 1232 964 ⁷⁶
1256 972 1270 986 .
1305 934 1418 1005 Ego
1453 934 1603 990 enim
1653 951 1772 990 sum
1825 951 2055 988 resurre-

475 1020 677 1084 ctio",
701 1029 760 1075 et
775 1037 877 1092 ego
905 1039 1026 1077 sum
1052 1022 1256 1078 ﬂuvius
1286 1025 1402 1087 Dei,
1433 1024 1524 1094 qui
1553 1033 1860 1095 propterte
1881 1025 2058 1078 iactus

474 1125 596 1162 sum
629 1121 776 1166 terra
827 1116 1048 1182 genitus
1090 1114 1266 1180 Geon,
1292 1127 1348 1171 et
1375 1117 1468 1186 qui
1508 1116 1788 1172 circumeo
1818 1127 1874 1170 et
1905 1131 2056 1170 com-

471 1201 761 1268 prehendo
821 1220 1040 1260 onmem
1100 1215 1303 1262 terram
1352 1207 1596 1278 gentium
1653 1207 1948 1278 EthiOpia:
1999 1217 2056 1262 et

469 1290 692 1363 JEgypti
731 1296 886 1365 prius
918 1297 1238 1363 incredulae,
1278 1315 1429 1354 nunc
1482 1310 1666 1354 autem
1720 1300 1844 1354 tidei
1901 1301 2053 1354 ince-

391 1407 396 1410 ·
469 1384 640 1453 ptrix,
655 1389 917 1457 quoniam
931 1389 1167 1460 [Egyptii
1193 1385 1434 1458 primum
1454 1392 1718 1446 viderunt
1739 1391 2050 1456 Dominum,

471 1485 530 1530 et
551 1479 809 1547 cognitus
827 1480 940 1534 fuit'
957 1483 1226 1536 Dominus
1251 1481 1544 1553 Egyptiis,
1579 1491 1634 1536 et
1673 1491 1922 1536 erectum
1945 1491 2054 1534 ~est

471 1567 648 1622 altare
681 1569 918 1628 Domino
948 1572 1000 1627 in
1023 1571 1258 1642 Egypto
1281 1573 1448 1628 ﬁxum
1489 1575 1545 1626 in
1595 1582 1747 1642 petra
1773 1573 1946 1636 Petri,
1995 1581 2052 1626 et

468 1658 727 1712 columna
755 1661 901 1714 sedit
923 1662 1155 1716 Domino
1173 1663 1343 1734 899
1362 1663 1430 1717 ad
1452 1665 1589 1719 ﬂues
1614 1664 1829 1736 A‘lgypti
1868 1665 2052 1718 Domi-

470 1765 578 1806 nus
632 1751 688 1804 in
719 1751 998 1806 Bethleem
1051 1767 1218 1824 super
1271 1755 1476 1811 nubem
1533 1757 1734 1821 iovem,
1788 1763 2051 1825 tanquam

470 1844 653 1913 pluvia
683 1845 926 1898 caelestis
956 1845 1010 1900 in
1054 1848 1262 1916 gremio
1308 1848 1521 1902 nebulae
1557 1848 1742 1902 Maria:
1789 1865 1902 1903 sua:
1934 1863 2052 1903 ma-

470 1937 576 1992 tris
615 1945 672 1991 et
697 1953 864 1993 cursu
890 1941 1043 1994 venit
1076 1941 1132 1994 in
1161 1940 1456 2012 Egyptum
1492 1941 1709 2011 fugiens
1741 1941 2050 1999 voluntarie

470 2029 768 2084 sceleratas
820 2033 1016 2086 manus
1074 2031 1414 2102 iniquorum,
1477 2043 1534 2088 et
1557 2033 2051 2088 concussitmann-

467 2119 610 2176 facta
637 2121 878 2194 Egypti,
909 2133 966 2179 et
993 2124 1261 2205 confregit
1284 2125 1556 2196 sculptilia
1571 2124 1815 2196 Egypti,
1848 2133 1904 2194 et
1928 2139 2049 2178 eam

467 2214 730 2270 excitavit
757 2217 1052 2286 jacentem.
1091 2218 1361 2284 Quoniam
1394 2217 1662 2289 Egyptus
1705 2217 1820 2273 suis
1875 2218 2050 2271 mani-

443 2305 576 2360 ..hus
597 2307 815 2376 excepit
845 2308 1018 2363 Deum
1061 2309 1131 2363 ad
1162 2310 1338 2378 ipsam
1398 2310 1717 2364 venientem
1769 2317 1826 2364 et
1880 2323 2047 2390 cursu

469 2394 942 2460 contendentem;
995 2405 1052 2452 et
1109 2395 1412 2452 occultavit
1464 2411 1494 2449 a
1557 2395 1690 2450 feris
1733 2395 2048 2466 agrestibus

467 2483 787 2550 Judreorum
835 2503 964 2542 cum
993 2487 1088 2557 qui
1123 2487 1306 2556 ipsum
1329 2488 1537 2559 eripuit
1564 2503 1595 2542 a
1635 2487 1891 2544 manibus
1933 2486 2048 2542 ἀειδ-
2072 2508 2089 2529 ι

468 2589 696 2630 monum
731 2595 744 2630 :
781 2585 836 2632 et
863 2579 1104 2633 servavit
1139 2579 1285 2634 ulnis
1309 2580 1560 2650 amplexa
1592 2595 1718 2634 eum
1742 2579 1838 2649 qui
1869 2579 2047 2648 ipsum

467 2675 525 2721 et
550 2669 816 2722 mundum
844 2670 1208 2736 servavityet
1251 2671 1388 2726 texit
1429 2686 1555 2726 eum
1604 2672 1700 2741 qui
1761 2672 1936 2742 ipsam
1990 2678 2048 2725 et

465 2759 652 2814 omnia
695 2775 860 2814 manu
903 2762 1088 2830 regit:
1123 2771 1180 2816 et
1227 2761 1468 2831 hospitio
1515 2763 1734 2831 excepit
1781 2762 2048 2834 [Egyptus
2097 2781 2100 2784 ’

467 2867 596 2906 eum
621 2851 715 2922 qui
749 2867 916 2907 carne
947 2851 1260 2918 voluntarie
1290 2853 1346 2907 in
1375 2869 1440 2906 ea
1471 2851 1577 2906 fuit
1603 2853 1823 2923 hospes,
1857 2863 1916 2908 et
1937 2865 2048 2910 "nos

465 2943 565 3013 qui
600 2943 655 2997 in
687 2943 806 3012 ipsa
830 2959 1056 2998 eramus
1090 2945 1342 3015 hospites
1371 2945 1427 3000 in
1474 2945 1646 3000 caelos
1691 2945 1934 3001 sustulit.
1980 2946 2048 3000 Et

2160 473 2301 528 duos
2335 475 2561 544 quidem
2607 473 2810 529 ﬂuvios
2851 474 3111 544 (Phison,
3159 472 3412 543 inquam,
3461 479 3520 526 et
3561 469 3729 540 Geon)

2158 566 2410 620 nominat
2437 566 2874 632 circumeuntes,
2901 571 2960 620 et
2988 570 3253 634 tanquam
3270 561 3727 619 custodientesac

2157 657 2691 712 circummunientes
2719 656 3039 726 paradisum
3075 654 3287 710 Christi
3317 672 3332 708 :
3368 655 3602 710 tertium
3632 670 3726 710 au-

2157 758 2266 804 tem
2294 749 2544 815 ﬂuvium,
2576 764 2688 830 non
2719 749 3182 814 circumeuntem,
3209 746 3306 802 sed
3330 757 3594 824 tanquam
3610 762 3730 802 cum

2157 857 2340 912 pugna
2373 849 2430 897 et
2477 841 2623 896 bello
2659 849 3068 904 occurrentem,
3092 856 3163 894 ex
3201 839 3439 895 adverso
3474 839 3730 910 Assyrio—

2157 950 2278 987 rum
2298 933 2322 986 ?
2341 932 2551 1004 Assyrii
2573 933 2799 1002 quidem
2813 931 3252 1000 interpretantur
3295 947 3402 982 non
3425 930 3729 1000 dirigentes;

2157 1025 2352 1098 Tygris
2377 1034 2584 1092 autem,
2605 1040 2744 1080 voce
2767 1023 2958 1079 Graeca
2979 1023 3208 1086 dicitur,
3237 1021 3376 1076 latus
3393 1033 3453 1076 et
3467 1028 3727 1075 austeras.

2156 1118 2300 1189 Ergo
2321 1118 2562 1188 Assyriis
2590 1116 2814 1188 quidem
2861 1115 3234 1184 dirigentibus
3257 1130 3419 1170 suam
3455 1115 3630 1168 vitam
3677 1115 3726 1167 in

2155 1211 2484 1280 viam'pacis
2511 1251 2526 1276 ,
2585 1203 2795 1264 resisiit
2833 1208 3104 1263 adversus
3131 1222 3230 1263 eos
3275 1207 3487 1262 bellum
3537 1221 3728 1277 gerens

2152 1305 2474 1375 evangelica
2495 1301 2847 1374 praedicatio.
2883 1301 3104 1356 Scimus
3127 1299 3276 1355 enim
3309 1299 3571 1370 Assyrios
3612 1314 3728 1354 esse

2153 1394 2342 1448 hostes
2397 1401 2456 1448 et
2512 1391 2768 1464 inimicos
2816 1387 2914 1446 Dei
2959 1390 3204 1444 civitatis
3240 1388 3584 1452 Jerusalem,
3635 1389 3726 1457 qui

2152 1495 2210 1540 et
2235 1501 2356 1541 eam
2387 1500 2510 1554 qua:
2549 1493 2635 1539 est
2683 1484 2886 1538 domus
2931 1483 3028 1538 Dei
3082 1483 3234 1536 varie
3268 1481 3632 1550 diripuerunt
3675 1489 3727 1534 et

2152 1588 2504 1636 exusserant.
2523 1578 2803 1635 Adversus
2827 1593 2967 1648 quos
2987 1579 3200 1633 tertius'
3213 1577 3586 1644 plenitudinis
3611 1563 3728 1631 Tri-

2153 1673 2343 1728 nitatis
2367 1673 2650 1745 (Spiritus,
2675 1673 2922 1741 inquam,
2944 1669 3193 1741 sanctus)
3212 1669 3365 1724 vadit
3381 1671 3436 1724 ei
3465 1669 3648 1724 hostis
3674 1678 3728 1722 et

2154 1764 2422 1819 infestus:
2447 1761 2665 1816 Flavius
2694 1771 2874 1816 autem
2903 1768 3126 1831 quartus
3168 1761 3266 1813 iste
3299 1767 3376 1812 est
3407 1758 3726 1828 Euphrates.

2153 1855 2214 1912 In
2261 1854 2452 1908 multis
2490 1861 2676 1908 autem
2722 1849 3240 1916 etdiversislocis,
3303 1848 3453 1903 sacri
3486 1846 3726 1917 theologi

2151 1946 2619 2001 documentorum
2651 1943 3020 1998 Mosaicorum
3067 1942 3250 1996 solent
3293 1941 3584 2010 appellare
3613 1955 3727 1994 ma-

2149 2054 2322 2109 gnum
2353 2055 2421 2094 ex
2452 2038 2540 2092 his
2570 2045 2812 2106 quatuor
2843 2035 3029 2089 ﬂuviis
3064 2035 3244 2089 solum
3272 2033 3642 2102 Euphratem,
3668 2041 3726 2087 ut

2150 2129 2376 2200 quando
2408 2129 2556 2182 Deus
2582 2127 2716 2182 dicit
2741 2125 2933 2180 lsraeli
2965 2121 3264 2179 ":Ponam
3279 2122 3527 2176 terminos
3543 2130 3659 2173 tuos
3693 2140 3724 2175 ι

2149 2222 2308 2292 ﬂuvio
2325 2219 2540 2290 aEgypti
2569 2234 2735 2289 usque
2759 2217 2832 2272 ad
2856 2217 3076 2288 ﬂuvium
3097 2231 3351 2285 maguum
3377 2213 3720 2283 Euphratem.

2148 2313 2328 2382 Atque
2343 2311 2654 2382 Euphrates
2667 2309 2894 2380 quidem
2917 2307 3106 2364 Greca
3121 2307 3312 2382 lingua
3331 2305 3726 2374 interpretatur

2148 2380 2506 2474 καρποφοριὰ
2553 2401 2764 2455 αὐτῶν·
2822 2400 2930 2464 hoc
2982 2407 3071 2454 est
3133 2380 3321 2452 eorum
3360 2395 3722 2466 [ructiﬁcatim

2148 2493 2466 2564 Euphratmi
2509 2501 2696 2549 autem
2769 2507 2966 2548 rursus
3017 2489 3280 2546 dicuntur
3327 2487 3722 2557 fructiﬁcantes.

2145 2583 2414 2640 Nonnulli
2471 2591 2660 2637 autem
2706 2596 2775 2636 ex
2837 2577 3240 2649 interpretibus
3285 2575 3724 2644 interpretantur

2147 2675 2484 2749 Euphratem
2520 2674 2630 2727 vitii
2655 2671 3053 2742 dispersiouem,
3087 2666 3375 2737 Euphrata
3393 2675 3585 2720 autem
3621 2671 3723 2716 ter-

2149 2785 2268 2823 ram
2284 2768 2510 2838 fructum
2523 2765 2798 2834 ferentem.
2817 2763 3119 2832 Propterea
3129 2773 3265 2829 ergo
3275 2771 3514 2828 magnus
3525 2754 3726 2808 ﬂuvius

2147 2857 2244 2915 Dei
2263 2858 2602 2928 Euphrates,
2628 2868 2829 2924 nempe
2847 2851 3125 2916 Christus,
3144 2848 3240 2914 qui
3265 2856 3351 2903 est
3371 2843 3726 2921 fructiﬁcatio

2147 2951 2651 3022 Euphratasorum,
2699 2945 2754 3000 id
2819 2953 2907 3000 est
2950 2941 3200 3014 gentium
3247 2937 3553 2995 ferentium
3610 2935 3726 2990 fru-

467 3036 668 3092 nutriit
695 3036 962 3110 Egyptus
989 3054 1186 3108 panem
1218 3041 1502 3094 cmlestem
1535 3039 1630 3110 qui
1663 3055 1856 3095 omnes
1886 3041 2043 3103 aluit,
2073 3047 2122 3110 C
2150 3054 2304 3102 ctum
2335 3083 2350 3106 ,
2377 3049 2639 3097 natusest
2673 3039 2732 3093 in
2766 3037 3050 3107 Euphrata
3076 3033 3154 3105 (id
3185 3042 3292 3097 est,
3316 3029 3631 3098 Bethleem)
3669 3035 3729 3082 ut

465 3136 524 3181 et
557 3127 766 3197 potavit
801 3127 954 3184 Geon
991 3145 1133 3198 aqua
1171 3128 1798 3200 {Egypli-iontcmvitae,
1830 3138 1888 3185 et
1915 3145 2046 3200 ape-

466 3217 583 3272 ruit
604 3216 872 3289 A‘Igyptus
893 3218 1100 3272 ostium
1119 3218 1195 3272 illi
1217 3217 1313 3288 qui
1332 3217 1495 3274 dicit:
1512 3219 1623 3290 Ego
1637 3235 1754 3276 sum
1766 3221 1956 3274 ostium
1975 3218 2042 3284 ⁷⁸,

466 3317 524 3364 et
571 3309 727 3364 dedit
777 3309 998 3363 initium
1057 3309 1338 3380 ingressus
1381 3311 1495 3365 Deo
1543 3309 1747 3376 Verbo,
1788 3309 1935 3380 quod
1978 3325 2046 3366 ex

467 3401 744 3472 principio
775 3408 1000 3456 carcnte
1039 3401 1312 3472 principio
1343 3401 1508 3456 simul
1536 3409 1656 3454 erat
1689 3399 1808 3458 sine
1838 3401 2046 3470 princi-

466 3493 562 3564 pio
581 3503 640 3548 et
665 3494 720 3548 in
751 3493 1021 3564 principio
1045 3502 1137 3561 ;et
1173 3493 1387 3551 invenit
1416 3491 1672 3549 Christus
1711 3493 1766 3548 in
1816 3493 2047 3565 Aigypto

465 3587 558 3642 ubi
609 3597 768 3658 caput
821 3587 1038 3642 inclinet
1091 3587 1199 3642 ﬁde
1233 3606 1244 3640 :
1283 3585 1548 3658 quoniam
1591 3586 1646 3641 in
1677 3588 1902 3656 propria
1931 3603 2043 3641 non

467 3691 590 3736 erat
629 3681 680 3735 ei
708 3681 864 3736 locus
899 3679 1023 3736 ﬁdei
1053 3682 1108 3735 in
1129 3681 1416 3735 diversorio
1445 3679 1724 3736 derelicta:
1751 3679 2046 3752 Synagogze

463 3772 778 3829 Judatorum
801 3787 816 3834 ;
839 3781 895 3826 et
919 3771 1065 3827 Deus
1089 3771 1324 3847 deorum
1347 3771 1616 3827 Dominus
1640 3771 1861 3844 locutus
1881 3781 2047 3826 estex

464 3863 696 3938 Egypto
714 3905 730 3931 ,
760 3865 959 3920 Filium
987 3879 1147 3920 suum
1177 3863 1245 3918 ad
1267 3878 1366 3918 nos
1383 3863 1610 3918 mittens
1625 3873 1751 3918 ante
1767 3862 2048 3938 apostolos

466 3958 842 4028 apostolorum
869 3957 1042 4012 Deum
1069 3973 1086 4022 ;
1111 3968 1167 4011 et
1189 3956 1296 4011 fuit
1325 3955 1480 4010 Geon
1513 3963 1736 4010 sanctus
1764 3969 1862 4024 per
1912 3953 2047 4008 San-

466 4058 616 4103 ctum
641 4058 959 4104 sanctorum
985 4047 1378 4112 sanctiﬁcatus,
1405 4054 1462 4102 et
1491 4046 1560 4102 ad
1585 4046 2044 4106 illuminationem

465 4149 522 4194 et
553 4139 1044 4196 sanctificationem
1077 4141 1346 4211 praevenit
1394 4138 1663 4194 auriﬂuus
1702 4139 1882 4194 amnis
1925 4139 2048 4194 Jor-

463 4243 666 4288 tlancm
714 4233 807 4302 qui
854 4233 1071 4302 excepit
1093 4233 1371 4288 Christum
1431 4231 1486 4284 in
1542 4229 1660 4285 suis
1687 4229 1950 4296 ﬂuentis;
1990 4236 2048 4284 et

467 4324 684 4394 excepit
706 4334 898 4379 rursus
921 4323 1164 4380 secundo
1193 4324 1359 4380 etiam
1385 4323 1590 4378 sanctis
1617 4321 1859 4378 sanctior
1880 4319 2044 4392 Egy-

467 4391 618 4488 ptus,
645 4433 746 4488 pro
775 4417 942 4472 Maria
967 4416 1200 4470 Mosaica
1229 4413 1454 4469 Mariam
1483 4413 1796 4478 dominam;
1829 4419 1886 4466 et
1905 4391 2044 4466 ditat
2074 4391 2120 4448 D

465 4509 708 4565 secundo
729 4507 882 4564 Geon
913 4507 1140 4575 Joseph,
1167 4505 1262 4575 qui
1315 4505 1400 4558 vir
1441 4503 1667 4573 quidem
1726 4502 2040 4566 dicebatur,

466 4599 562 4654 sed
588 4615 698 4653 non
737 4606 858 4653 erat
887 4597 972 4650 vir
994 4595 1182 4651 Matris
1224 4610 1345 4664 qua:
1393 4603 1512 4649 erat
1558 4593 1709 4648 omni
1757 4608 1826 4648 ex
1887 4603 2044 4662 parte

465 4692 810 4762 incorrupta,
847 4689 1293 4761 quandoquidem
1327 4688 1440 4758 ipse
1473 4686 1579 4742 fuit
1607 4695 1792 4756 gratus
1811 4693 1868 4739 et
1890 4699 2046 4740 acce-

466 4791 595 4854 ptus
637 4799 824 4840 coram
873 4799 942 4838 eo
977 4782 1072 4852 qui
1131 4782 1372 4852 seipsum
1430 4779 1720 4836 exinaniit.
1773 4777 1880 4834 Sed
1930 4777 2046 4832 inec

465 4879 689 4948 quidem
721 4885 851 4933 sunt
877 4874 1126 4931 encon'tia
1173 4870 1411 4944 Egypti,
1463 4886 1587 4942 quae
1637 4871 1691 4925 in
1737 4871 1846 4926 alio
1898 4869 2042 4944 libro

465 4971 688 5040 proprio
723 4969 902 5024 iusius
921 4966 1265 5022 celebrantes
1291 4957 1724 5034 composuimus.

533 5083 692 5138 Nunc
716 5090 899 5136 autem
945 5079 1012 5136 de
1045 5087 1246 5136 caetero
1269 5094 1372 5134 nos
1407 5087 1624 5148 tempus
1644 5087 1804 5131 vocat
1827 5084 1886 5130 ut
1906 5077 2046 5132 alios

465 5186 689 5242 quoque
716 5169 914 5225 ﬂuvios
931 5169 1126 5239 paucis
1151 5167 1652 5236 transnavigemus,
1680 5164 2042 5219 consideran-

467 5273 552 5320 tes
567 5263 1035 5336 quemadmodum
1061 5262 1140 5317 illi
1163 5276 1386 5332 quoque
1407 5259 1472 5314 ad
1495 5257 1778 5316 Christum
1803 5256 2046 5310 habeant

467 5356 792 5411 relationem
825 5355 968 5411 etad
1000 5353 1316 5424 paradisum
1348 5351 1608 5406 Ecclesiae
1627 5349 1875 5418 gentium
1909 5364 1921 5398 :
1963 5346 2044 5401 sic

467 5449 617 5504 enim
647 5448 784 5502 dicit
815 5448 1114 5517 Scriptura
1139 5443 1540 5517 consequentia
1579 5460 1592 5495 :
1629 5441 1695 5495 Et
1723 5441 1914 5512 ﬂuvius
1937 5447 2042 5492 ter-

539 5647 584 5680 "
611 5646 768 5701 Cant.
803 5663 841 5708 ι,
865 5649 916 5699 4.
1025 5649 1070 5678 ⁷⁸
1095 5645 1253 5700 Cant.
1281 5662 1334 5707 v,
1363 5646 1411 5697 l.
1515 5644 1557 5674 "
1591 5643 1747 5698 Joan.
1777 5657 1849 5701 ιιι,
1874 5641 1962 5694 25.

469 5713 510 5748 ⁸⁸
539 5715 812 5783 Joanmv,
845 5715 928 5768 i8.
1005 5715 1050 5746 "
1081 5715 1122 5768 ιι
1154 5715 1282 5768 Cor.
1320 5730 1398 5779 In,
1425 5715 1478 5768 6.
1554 5715 1599 5743 ⁸³
1631 5714 1790 5767 ltonl.
1832 5728 1924 5777 vn,
1959 5709 2040 5766 l4.

2076 5637 2118 5669 ⁷⁸
2137 5637 2293 5692 Joan.
2335 5651 2387 5699 ιι,
2422 5633 2474 5688 9.

2147 3130 2636 3204 dispergatvitium
2658 3125 2995 3198 gentium,et
3023 3121 3221 3178 reddat
3243 3129 3448 3176 terram
3459 3117 3722 3172 Iructum

2145 3225 2419 3281 ferentem
2444 3220 2748 3277 Ecclesiam
2775 3232 2899 3288 quae
2923 3214 3080 3286 prius
3101 3220 3227 3272 erat
3255 3209 3590 3280 infrugii'era
3627 3225 3642 3260 :
3671 3214 3730 3260 ut

2150 3325 2296 3373 terra
2329 3315 2423 3370 det
2451 3311 2616 3368 nobis
2639 3311 2884 3366 fructum
2913 3321 3100 3370 suum,
3129 3315 3260 3360 cum
3281 3303 3338 3357 in
3366 3317 3430 3356 ea
3474 3301 3548 3355 sit
3581 3300 3728 3352 inse-

2149 3409 2416 3482 parabilis
2449 3405 2732 3461 l‘ructuum
2750 3398 3263 3468 datorEuphrates.
3284 3391 3564 3482 Convenit
3581 3389 3727 3482 enim

2147 3481 2322 3572 magis
2393 3496 2701 3570 prudenter
2748 3489 3192 3559 animadvertere
3257 3481 3728 3556 quemadmodum

2147 3595 2352 3652 Phison
2387 3590 2610 3662 quidem
2648 3586 2856 3642 dicitur
2872 3582 3111 3646 circuire
3137 3588 3304 3633 totam
3329 3580 3506 3646 ipsam
3529 3583 3727 3628 terram

2145 3684 2361 3741 Evilath
2374 3725 2390 3747 ,
2403 3697 2500 3738 seu
2517 3677 2916 3750 parturientem
2933 3671 3114 3728 :Geon
3129 3677 3311 3723 autem
3325 3664 3586 3721 similiter
3600 3675 3732 3717 con-

2149 3779 2289 3833 tinet
2317 3771 2639 3831 custodiens
2661 3763 2758 3840 qui
2793 3767 2850 3822 in
2878 3772 3102 3822 eosunt
3132 3761 3368 3833 populos
3398 3773 3598 3814 eorum
3635 3754 3726 3825 qui

2145 3869 2303 3942 prius
2331 3875 2491 3924 erant
2517 3863 2841 3932 IEthiOpum
2868 3874 2882 3910 :
2917 3857 3114 3928 Tygris
3127 3862 3315 3909 autem
3344 3866 3468 3906 eam
3493 3847 3731 3942 protegit

2145 3939 2204 4018 et
2234 3959 2484 4016 defendit
2513 3956 2786 4012 adversus
2817 3950 3102 4021 improbos
3130 3945 3410 4018 Assyrios.
3435 3943 3560 3998 Non
3585 3939 3728 3996 seri-

2146 4065 2302 4126 ptum
2324 4061 2412 4108 est
2443 4060 2630 4106 autem
2659 4059 2921 4117 magnum
2952 4041 3316 4112 Euphratem,
3339 4050 3525 4105 neque
3549 4041 3732 4088 trans-

2147 4147 2250 4212 ire,
2313 4157 2496 4213 neque
2522 4139 2725 4194 vadere
2747 4179 2762 4201 ,
2797 4151 2980 4205 neque
3023 4131 3284 4195 circuire,
3329 4128 3430 4192 sed
3450 4143 3576 4183 esse
3612 4139 3729 4181 sta-

2147 4239 2320 4294 bilem
2352 4243 2409 4290 ct
2439 4231 2808 4298 immobilem,
2854 4236 2915 4284 ut
2962 4228 3059 4296 qui
3089 4240 3312 4295 semper
3345 4222 3554 4277 'dicat:
3595 4220 3734 4274 Ecce

2147 4331 2411 4387 vobiscum
2435 4343 2554 4382 sum
2577 4323 2821 4380 omnibus
2855 4320 3036 4376 diebus
3071 4333 3238 4388 usque
3267 4321 3338 4370 ad
3386 4331 3737 4369 consumma-

2149 4427 2341 4480 tionem
2365 4419 2544 4476 δίκαιιὶ
2573 4419 2638 4471 ⁸⁸.
2657 4417 2726 4472 Et
2757 4435 2770 4470 :
2813 4413 2930 4470 Non
2949 4413 3250 4482 relinquam
3269 4423 3359 4463 vos
3375 4409 3650 4476 orphnnos
3665 4407 3735 4458 υ.

2149 4517 2447 4586 Propterea
2471 4525 2604 4582 ergo
2642 4523 2824 4577 neque
2862 4505 3032 4560 ullam
3063 4503 3350 4574 regionem
3382 4499 3592 4554 dicitur
3643 4497 3736 4551 hic

2149 4621 2382 4678 magnus
2424 4603 2627 4658 ﬂuvius
2663 4600 2894 4670 irrigare
2943 4589 3126 4667 neque
3157 4595 3364 4649 locum.
3415 4591 3538 4647 Non
3579 4591 3736 4645 enim

2148 4701 2334 4756 locum
2367 4695 2466 4752 sed
2499 4693 2766 4750 mundum
2799 4699 2976 4746 totum
3012 4689 3249 4758 quartus
3284 4685 3379 4739 hic
3403 4683 3602 4753 irrigat
3629 4682 3736 4735 ﬂu-

2151 4789 2574 4859 vi_ns.Quartum
2597 4793 2782 4840 autem
2807 4781 3038 4837 ﬂuvium
3056 4777 3299 4847 intellige
3329 4775 3736 4844 evangelium.

2148 4893 2208 4940 et
2234 4883 2416 4938 totius
2455 4878 2608 4934 orbis
2657 4872 3130 4946 praedicationem,
3171 4876 3300 4938 post
3326 4866 3648 4946 naturalem
3683 4871 3737 4918 et

2149 4975 2440 5032 Mosaicam
2464 4972 2639 5039 legem
2659 4944 3064 5036 propheticum.
3087 4959 3360 5027 Quoniam
3385 4944 3571 5012 autem
3588 4954 3737 5008 dura

2148 5077 2206 5123 et
2247 5074 2441 5122 coacta
2485 5061 2747 5116 videntur
2771 5072 2836 5112 ea
2866 5069 2990 5124 quae
3034 5066 3185 5106 nunc
3232 5050 3505 5105 dicuntur
3539 5048 3612 5102 de
3649 5046 3738 5099 his

2145 5160 2330 5216 ﬂuviis
2353 5194 2384 5222 ,-
2422 5171 2537 5211 non
2566 5153 2744 5207 solum
2785 5147 2992 5207 iudicis
3035 5145 3132 5200 sed
3187 5143 3359 5199 etiam
3422 5139 3618 5195 multis
3667 5152 3737 5191 ex

2141 5251 2387 5308 Ecclesia
2437 5246 2534 5318 qui
2577 5251 2708 5304 sunt
2743 5239 3018 5304 carnales,
3069 5247 3127 5292 et
3179 5253 3290 5292 non
3329 5243 3463 5290 sunt
3497 5246 3737 5303 capaces

2142 5350 2348 5397 utcum
2372 5339 2500 5394 divo
2521 5336 2691 5392 Paulo
2715 5331 3021 5402 intelligant
3043 5335 3101 5384 et
3129 5327 3320 5383 dicant
3355 5325 3508 5396 quod
3531 5323 3736 5378 Littera

2143 5433 2330 5488 occidit
2362 5429 2409 5464 ⁸³
2454 5429 2560 5500 (lea:
2591 5427 2741 5482 enim
2784 5431 2858 5478 est
2911 5419 3210 5492 spiritantia
3245 5417 3339 5489 ⁸³),
3401 5432 3505 5487 age
3545 5424 3738 5471 osten-

2584 5633 2629 5666 ⁷⁹
2653 5630 2791 5687 Gen.
2821 5646 2912 5696 xv,
2945 5628 3035 5683 {8.
3131 5625 3178 5656 "°
3201 5621 3394 5708 hlatth.
3419 5634 3603 5681 xxviii,
3640 5613 3718 5669 $0
