4042 6292
251 276 364 344 981

1355 279 1440 345 IN
1466 279 2020 347 HEXAEMERON.
2050 315 2121 325 -—
2142 290 2289 350 LIB.
2313 288 2475 350 VIII.

3430 286 3535 351 9852

256 389 466 453 damus
518 402 589 448 ex
620 386 736 462 ipsa
786 385 974 447 divina
1021 390 1312 462 Scriptum
1344 392 1694 462 spiritualem
1735 392 1848 446 Eu-
1872 396 1920 452 Α
1949 404 2063 465 post
2092 397 2269 450 diebus
2309 398 2378 448 ad
2421 394 2702 449 videndum
2742 394 2913 466 ipsum
2962 407 3009 448 et
3047 395 3436 459 adducendum,
3484 415 3531 451 et

257 479 544 556 phratem,
579 484 674 553 qui
695 484 850 553 prius
878 484 1224 551 nominatur,
1255 483 1565 539 Christum.
1586 483 1852 539 Cernitur

258 592 401 648 ergo
428 576 579 631 Deus
606 576 663 630 in
684 574 806 645 lege
848 575 1045 647 jubere
1081 576 1272 633 lsracli
1341 583 1403 629 ut
1429 576 1612 631 tribus
1642 585 1855 646 tempo-

259 670 425 727 ribus
457 670 642 726 veniat
667 668 903 738 singulis
933 668 1116 733 annis,
1147 676 1204 722 et
1225 668 1424 722 adoret
1452 668 1855 739 Hierosolymis

256 762 451 819 omnis
480 762 567 815 vir
600 762 884 816 masculus
910 776 978 815 ex
1024 761 1287 815 universa
1334 769 1481 816 terra
1533 762 1852 833 ubicunque

258 851 501 916 habitet,
533 849 877 904 horrendum
911 849 1207 918 Mpouens
1231 848 1541 912 vinculum,
1571 856 1629 902 et
1654 848 1852 903 decre-

260 954 390 1000 tum
436 942 858 1013 pronuntians:
902 932 1278 997 Exsecrabilis
1332 951 1420 997 est
1462 942 1643 997 omnis
1686 941 1852 996 homo

263 1035 692 1108 Hierosolymis,
719 1036 810 1106 qui
837 1051 942 1088 non
967 1035 1095 1104 facit
1121 1036 1302 1088 omnia
1330 1050 1448 1105 qua:
1485 1036 1703 1105 scripta
1730 1042 1853 1088 sunt

259 1128 467 1198 inlege
497 1127 657 1196 hujus
687 1126 807 1180 libri
838 1125 905 1178 “.
935 1123 993 1179 Si
1033 1140 1165 1195 ergo
1200 1125 1388 1194 posuit
1430 1124 1700 1179 terminos
1727 1131 1855 1179 tuos

258 1235 300 1273 a
330 1217 503 1272 ﬂuvio
534 1215 752 1288 {Egypti
812 1229 988 1285 usque
1027 1214 1096 1268 ad
1127 1208 1356 1268 ﬂ’uvium
1392 1228 1650 1284 magnum
1688 1228 1855 1283 quem

265 1321 331 1365 tu
391 1310 677 1365 existimas
727 1308 1069 1377 Euphratem
1123 1306 1535 1378 Babylonium,
1577 1305 1857 1374 quomodo

265 1403 395 1458 fieri
428 1410 610 1471 potest
649 1409 710 1456 ut
736 1409 821 1454 ter
846 1400 905 1453 in
926 1413 1072 1453 anno
1103 1398 1296 1453 ven'ia’s
1331 1413 1399 1451 ex
1421 1397 1856 1466 Mesopotamia?

268 1492 342 1548 Et
381 1492 677 1547 dicendum
710 1498 836 1555 est,
868 1490 956 1544 vel
1010 1490 1161 1559 quod
1195 1499 1343 1546 totus
1386 1492 1485 1546 Dei
1530 1506 1732 1560 SCOpUS
1770 1490 1862 1544 hic

264 1593 422 1640 est:
470 1585 591 1653 lege
625 1582 799 1653 ligare
846 1590 903 1638 et
938 1566 1237 1638 ostende‘re
1281 1599 1408 1645 esse
1457 1583 1861 1638 exsecrandum

270 1676 535 1731 lsraelem
561 1675 656 1744 qui
686 1690 796 1729 non
820 1672 991 1738 valet,
1025 1689 1128 1729 nec
1151 1683 1334 1744 potest
1366 1675 1550 1731 facere
1583 1684 1862 1745 praecepta

269 1768 581 1839 quaejussit
612 1767 794 1833 Deus;
836 1767 924 1821 vel
948 1769 1096 1837 quod
1145 1766 1432 1823 Christum
1490 1768 1860 1838 spiritualiter

269 1860 528 1915 nominat
557 1858 902 1928 Euphratem
928 1858 1216 1929 Scriptura
1235 1898 1250 1924 ,
1275 1859 1475 1914 dicens
1491 1858 1684 1914 Israeli
1712 1875 1726 1911 :
1762 1858 1864 1912 Po-

272 1969 408 2007 nant
459 1952 709 2004 terminos
770 1959 910 2014 tuos,
963 1950 1069 2006 hoc
1113 1960 1201 2006 est
1249 1950 1547 2005 terminum
1595 1950 1863 2019 temporis

272 2044 466 2100 cultus
495 2042 725 2113 legitimi
750 2082 765 2106 ,
789 2058 954 2114 usque
976 2043 1045 2096 ad
1067 2045 1289 2114 ﬂuvium
1311 2041 1551 2113 digypti,
1586 2058 1762 2111 usque
1794 2042 1862 2096 ad

272 2137 581 2194 adventum
600 2135 810 2195 Christi
844 2136 939 2204 qui
969 2143 1056 2191 est
1080 2151 1315 2205 magnus
1342 2134 1579 2205 frugifer
1611 2136 1866 2205 Euphra-

279 2238 407 2295 tes;
448 2238 499 2283 et
536 2229 719 2283 statim
754 2228 1026 2298 auferetur
1060 2227 1387 2296 sacriﬁcium
1421 2238 1469 2281 et
1494 2228 1749 2292 libamen,
1808 2236 1868 2282 ut

272 2323 420 2378 dicit
452 2323 646 2377 Daniel
676 2321 746 2388 ⁸⁸,
797 2328 849 2375 et
907 2321 1168 2375 delebitur
1205 2322 1382 2374 unctio
1432 2322 1578 2375 ducis
1632 2329 1681 2374 et
1710 2321 1868 2391 judi-

272 2416 422 2469 cium
456 2430 475 2467 :
504 2412 650 2467 Finis
692 2414 842 2468 enim
870 2411 998 2483 legis
1028 2420 1103 2465 est
1126 2412 1367 2468 Ghristus
1407 2412 1475 2466 ⁸⁸⁸.
1506 2412 1614 2467 Lex
1642 2414 1791 2467 enim
1820 2421 1870 2466 et

276 2504 564 2575 Propheta:
600 2521 765 2575 usque
790 2504 861 2558 ad
890 2503 1155 2557 Joannem
1184 2502 1488 2571 Baptistam
1517 2504 1583 2558 ".
1633 2505 1874 2560 Exacer-

280 2596 452 2651 batur
509 2595 671 2668 (scio)
720 2604 778 2651 et
819 2603 1111 2651 succenset
1142 2594 1278 2673 haec
1320 2595 1556 2651 audiens
1600 2595 1829 2653 Judaeus
1855 2637 1869 2656 .

280 2687 456 2743 falsas
507 2703 682 2759 nugas
746 2689 1033 2758 appellans
1092 2702 1157 2741 ea
1213 2703 1338 2758 quae
1400 2688 1547 2744 dicta
1603 2697 1751 2743 sunt.
1810 2688 1873 2743 Ei

282 2794 423 2850 ergo
494 2795 853 2837 occurramus
896 2798 996 2852 per
1043 2780 1195 2836 aliud
1252 2781 1618 2852 principium,
1674 2797 1875 2852 nempe

285 2868 469 2924 Geon.

364 2959 575 3015 Ponant
602 3001 617 3024 ,
668 2960 890 3031 inquit,
945 2963 1199 3016 terminos
1244 2967 1360 3015 tuos
1402 2978 1434 3015 a
1487 2961 1648 3032 ﬂuvio
1689 2974 1880 3029 magno

1953 487 2212 556 profectus
2263 487 2460 540 invenit
2508 487 2681 556 ipsum
2730 495 3060 555 corruptum.
3117 486 3183 538 Et
3221 486 3419 555 factum
3458 495 3537 539 est

1952 581 2164 634 verbum
2182 579 2392 632 Domini
2424 579 2494 631 ad
2510 575 2802 630 Jeremiam
2834 577 3006 629 dicens
3029 571 3152 629 :‘Sic
3172 586 3541 645 corrumpetur

1954 673 2037 726 hic
2066 669 2302 741 populus.
2324 669 2582 739 quomodo
2617 665 3008 736 subligacnlum
3035 665 3182 718 lintei
3211 668 3257 698 ὀ
3286 684 3305 730 ;
3359 666 3541 719 subli-

1954 763 2206 834 gaculum
2260 760 2469 824 lintei,
2535 758 2859 812 nominante
2918 757 3031 810 Deo
3058 756 3321 810 lsraelem
3371 772 3539 824 quem

1954 852 2198 919 corrupit
2265 865 2329 904 ac
2359 848 2602 920 perdidit
2631 863 2865 916 magnus
2895 845 3095 900 ﬂuvius
3131 845 3448 916 Euphrates
3482 847 3541 900 iu

1951 944 2259 1001 Jerusalem
2294 960 2307 996 :
2335 958 2464 998 eum
2483 942 2630 997 enim
2655 939 2906 995 funditus
2931 938 3108 993 diruit
3133 953 3234 1009 per
3260 939 3544 992 Romanos

1954 1037 2141 1094 Titum
2167 1044 2225 1091 et
2248 1035 2669 1105 Vespasianum.
2699 1032 2798 1087 Est
2818 1033 2968 1087 enim
2998 1030 3406 1102 subligaculum
3430 1047 3543 1084 non

1955 1132 2132 1187 solum
2165 1140 2402 1194 naturas,
2433 1128 2600 1183 situm
2628 1128 2683 1181 in
2717 1125 2924 1181 lumbis
2966 1124 3179 1180 ventris
3208 1133 3266 1179 et
3291 1122 3547 1194 partibus

1955 1209 2291 1295 genitalibus
2319 1240 2333 1276 :
2360 1232 2652 1291 propterea
2696 1218 2952 1274 Christus
3007 1232 3134 1272 cum
3180 1216 3427 1271 venisset
3478 1216 3547 1270 ad

1958 1329 2173 1371 cmnam
2207 1313 2349 1370 Novi
2376 1311 2719 1368 Testamenti
2747 1310 2813 1366 ad
2837 1318 3032 1381 gentes
3071 1309 3174 1364 sibi
3203 1309 3551 1379 conjungen-

1960 1403 2060 1458 das
2090 1402 2443 1473 cognatione,
2473 1408 2701 1469 accepto
2730 1398 2905 1453 linteo
2936 1413 2993 1452 se
3025 1396 3324 1455 succinxit.
3354 1396 3548 1450 Restat

1961 1506 2094 1565 ergo
2126 1493 2290 1547 nobis
2321 1499 2383 1547 ut
2418 1491 2780 1547 ostendamus
2806 1489 2908 1559 ipsi
2939 1488 3152 1553 Iudaeo,
3172 1497 3229 1543 et
3256 1487 3545 1544 Ecclesiae.

1963 1601 2086 1640 esse
2116 1584 2269 1640 Geon
2318 1584 2687 1655 spiritualem,
2727 1591 2789 1636 ut
2827 1581 3081 1651 utrisque
3118 1580 3553 1651 persuadeamus

1968 1689 2030 1732 ut
2062 1676 2376 1746 intelligant
2414 1675 2731 1745 Scripturas
2768 1689 2879 1728 non
2932 1674 3113 1727 solum
3155 1672 3553 1727 convenienter

1966 1770 2133 1840 900
2163 1770 2364 1824 littera:
2387 1769 2592 1840 (littera
2617 1768 2763 1823 enim
2785 1765 3036 1836 occidit).
3065 1765 3203 1821 Vide
3230 1764 3377 1819 enim
3404 1764 3563 1833 quod

1962 1862 2007 1917 si
2034 1862 2410 1931 intelligamus
2438 1858 2809 1930 corporaliter
2832 1866 3161 1928 praesentem
3188 1857 3391 1913 litterae
3421 1870 3554 1909 con-

1965 1952 2404 2023 templationem,
2437 1965 2559 2021 qua:
2581 1949 2719 2004 dicit
2756 1967 2768 2002 :
2811 1952 3015 2001 Ponant
3043 1947 3296 2001 terminos
3331 1943 3568 1999 Israelis.

1965 2062 1996 2097 a
2018 2043 2210 2111 ﬁnibus
2246 2042 2464 2113 Egypti
2492 2056 2657 2112 usque
2681 2039 2749 2094 ad
2772 2038 2993 2110 ﬂuvium
3022 2054 3277 2108 magnum
3301 2036 3557 2107 Euphra-

1967 2146 2091 2202 tem,
2140 2135 2489 2189 inveniamus
2510 2135 2681 2188 Deum
2700 2147 2821 2187 esse
2841 2130 3158 2192 mentitum,
3184 2129 3437 2183 utvisum
3473 2139 3556 2182 est

1967 2228 2255 2285 sceleratis
2280 2226 2598 2281 Manichaeis
2614 2224 2938 2281 mendacem
2954 2237 3077 2278 esse
3101 2223 3272 2278 Deum
3288 2222 3382 2292 qui
3400 2222 3525 2276 locu
3542 2252 3556 2260 -

1974 2333 2061 2380 tus
2087 2330 2171 2377 est
2189 2322 2363 2378 Vetus
2380 2321 2823 2375 Testamentum.
2851 2319 3015 2389 Ergo,
3035 2334 3104 2373 ne
3124 2333 3225 2372 nos
3261 2330 3481 2388 quoque
3503 2316 3559 2371 in

1966 2429 2066 2470 eos
2096 2412 2410 2469 incidamus
2441 2413 2671 2482 laqueos
2693 2452 2708 2476 ,
2737 2409 3033 2466 credamus
3058 2407 3279 2464 Christo
3301 2409 3399 2479 qui
3422 2407 3564 2462 dixit

1971 2506 2121 2577 quod
2153 2505 2325 2562 Unum
2362 2506 2471 2559 iota
2504 2513 2596 2558 aut
2620 2520 2758 2557 unus
2786 2505 2920 2572 apex
2946 2518 3051 2555 non
3083 2501 3325 2555 transibit
3341 2516 3405 2555 ex
3429 2499 3535 2571 lege
3538 2545 3558 2571 λ

1974 2599 2135 2653 donec
2152 2599 2332 2652 omnia
2352 2597 2487 2666 fiant
2502 2598 2543 2628 ’ί
2566 2613 2580 2649 :
2606 2595 2675 2651 de
2692 2596 2812 2666 ipso
2826 2596 2976 2652 enim
2996 2595 3181 2650 omnia
3206 2595 3413 2664 scripta
3435 2602 3568 2649 sunt

1941 2688 1952 2697 ’
1977 2691 2035 2746 in
2051 2684 2258 2747 Veteri.
2278 2688 2760 2745 Invenimus'enim
2778 2688 2835 2742 in
2853 2686 3135 2758 principio
3156 2685 3306 2741 tertii
3326 2686 3548 2757 Regum.
3586 2724 3590 2727 ι

1978 2783 2149 2839 David
2177 2783 2509 2838 moriturum
2542 2788 2835 2852 postquam
2860 2786 3151 2851 regnasset
3191 2777 3415 2849 triginta
3445 2786 3568 2830 tre.»

1980 2892 2156 2932 annos
2187 2876 2243 2931 in
2273 2876 2430 2940 Sion,
2479 2875 2536 2929 in
2571 2885 2762 2946 typum
2790 2864 2968 2929 aetatis
3005 2871 3214 2928 Christi
3260 2869 3579 2926 secundum.

1983 2984 2207 3024 carnem
2230 2968 2509 3037 dicentem
2543 2985 2558 3021 :
2595 2967 2784 3022 Vocate
2823 2967 2951 3021 mihi
2998 2963 3205 3020 Sadoch
3243 2963 3587 3018 sacerdotem

294 3052 598 3123 Euphrate.
631 3051 747 3108 Hoc
775 3062 861 3108 est
896 3054 996 3108 Dei
1036 3055 1216 3109 oratio
1262 3053 1467 3123 (quoad
1494 3049 1779 3121 terminos)
1810 3052 1880 3105 ad
1910 3080 1953 3140 ο
1982 3069 2032 3115 ει
2066 3060 2299 3116 Numam
2339 3061 2674 3132 prophetam,
2718 3067 2769 3112 ei
2819 3057 3088 3113 Banaiam
3124 3056 3299 3125 ﬁlium
3321 3054 3569 3112 Joiadae:

294 3145 584 3201 lsraelem.
632 3145 752 3200 Non
785 3153 869 3201 est
925 3157 1109 3200 autem
1161 3146 1310 3201 Deus
1352 3159 1519 3200 verus
1555 3142 1879 3209 mentiens;

299 3234 402 3290 Dei
421 3235 572 3290 enim
608 3235 832 3290 Verbum
866 3245 1046 3290 manet
1089 3238 1145 3290 in
1189 3244 1448 3290 wternum
1473 3277 1487 3301 ,
1529 3236 1674 3291 sicut
1710 3235 1884 3291 David

295 3342 524 3397 quoque
570 3327 737 3383 dicit:
780 3327 846 3382 In
888 3336 1166 3393 internum,
1193 3327 1435 3391 Domine,
1478 3327 1701 3382 Verbum
1739 3338 1885 3381 tuum

298 3429 577 3490 permanet
607 3421 663 3473 in
698 3419 824 3475 caelo
847 3437 865 3482 ;
892 3422 947 3474 in
985 3420 1379 3489 generationem
1409 3430 1459 3472 et
1489 3419 1885 3491 generationem

297 3515 499 3569 veritas
523 3525 617 3568 tua
641 3515 706 3568 ⁸⁸.
736 3500 880 3570 Cum
916 3530 1052 3584 ergo
1100 3514 1247 3568 Deus
1294 3513 1618 3583 promiserit
1669 3522 1726 3568 et
1772 3529 1886 3579 non

296 3606 631 3671 mentiatur,
660 3614 729 3687 et_
746 3605 956 3661 dixerit
977 3621 1037 3660 se
1059 3621 1267 3675 ponere
1297 3605 1433 3659 lines
1462 3603 1682 3677 Egypti
1711 3620 1887 3674 usque

297 3695 373 3751 ad
402 3697 784 3767 Euphratem,
836 3697 1118 3767 quomodo
1160 3712 1343 3768 neque
1384 3696 1540 3751 ﬂuvii
1585 3695 1759 3759 Geon,
1785 3712 1887 3751 nec

296 3804 498 3843 eorum
530 3790 626 3859 qui
652 3797 782 3844 sunt
806 3804 982 3859 prope
1003 3788 1181 3852 Geon,
1199 3803 1381 3858 neque
1410 3803 1607 3844 rursus
1632 3788 1886 3859 Euphra-

299 3882 399 3945 tis,
428 3897 534 3935 nec
553 3881 720 3937 ullius
761 3880 984 3937 consilii
1023 3881 1172 3951 quod
1207 3880 1279 3935 sit
1313 3895 1486 3950 prope
1516 3880 1882 3950 Euphratem,

294 3971 653 4025 dominatum
699 3971 946 4027 obtinuit
995 3972 1166 4027 Israel
1200 4014 1212 4025 .
1265 3971 1543 4027 Reversus
1588 3981 1775 4027 autem
1814 3964 1886 4026 'iu

290 4064 741 4120 Chananeordm
773 4053 1147 4130 Palaestinam,
1190 4064 1556 4135 quamobrem
1601 4080 1713 4119 non
1755 4081 1885 4135 pos-

295 4155 449 4211 sedit
466 4170 645 4226 usque
679 4156 749 4211 ad
776 4157 1164 4227 Euphratem?
1190 4157 1306 4228 Ego
1332 4173 1465 4213 vero
1483 4158 1535 4213 ei
1560 4158 1739 4213 dicam
1773 4175 1784 4210 :
1816 4155 1886 4212 E-t

294 4248 587 4316 quomodo
616 4248 671 4302 in
702 4249 924 4304 deserto
954 4249 1191 4304 irritasti
1222 4250 1485 4316 Deum,et
1512 4250 1807 4320 possedisti
1832 4261 1888 4305 et

299 4341 532 4394 tenuisti
570 4357 599 4395 a
640 4342 756 4395 Dan
794 4358 968 4412 usque
1006 4343 1076 4397 ad
1127 4343 1402 4398 Bersabee
1433 4328 1790 4399 Amerrhatos
1830 4354 1888 4399 et

1985 3162 2034 3207 et
2057 3154 2278 3223 ingressi
2319 3161 2441 3208 sunt
2474 3168 2655 3206 coram
2694 3167 2834 3222 rege,
2870 3159 2919 3204 et
2964 3149 3097 3204 dixit
3146 3165 3239 3203 rex
3278 3165 3297 3203 :
3339 3147 3579 3218 Accipite

1984 3261 2159 3300 servos
2198 3245 2399 3298 domini
2423 3245 2585 3299 vestri
2610 3244 2898 3309 vobiscum,
2923 3243 3179 3314 imponite
3194 3241 3369 3310 ﬁlium
3393 3256 3570 3294 meum

1987 3335 2325 3391 Salomonem
2357 3352 2515 3407 super
2538 3334 2742 3395 mulam
2777 3351 2972 3400 meam,
3011 3341 3059 3388 et
3089 3333 3333 3389 adducite
3355 3347 3474 3385 eum
3502 3347 3573 3385 aa

1988 3423 2150 3491 Geon,
2182 3433 2233 3478 et
2266 3426 2445 3495 ungite
2472 3440 2593 3478 eum
2616 3440 2791 3495 regem
2810 3425 2865 3478 in
2896 3423 3198 3480 Jerusalem
3222 3424 3292 3476 ".
3330 3421 3401 3476 Et
3424 3420 3573 3477 fece-

1987 3513 2283 3568 runtsicut
2307 3512 2389 3568 eis
2413 3512 2581 3584 jussit
2612 3528 2730 3577 rex,
2767 3522 2826 3568 et
2857 3512 3025 3568 rediit
3049 3512 3309 3568 Salomon
3332 3526 3401 3566 ex
3422 3508 3576 3566 Geon

1988 3602 2056 3657 ad
2088 3611 2302 3673 patrem
2332 3617 2496 3656 suum
2518 3601 2690 3656 David
2718 3618 2975 3673 regnans.
3027 3601 3404 3669 Quamobrem
3434 3601 3576 3656 nihil

1990 3703 2124 3751 tunc
2146 3694 2323 3750 defuit
2346 3694 2536 3749 Davidi
2561 3695 2863 3764 quominus
2892 3695 3107 3750 diceret
3127 3694 3350 3766 quando
3376 3710 3576 3753 ascen-

1989 3788 2071 3843 dit
2106 3788 2254 3842 lilius
2284 3789 2405 3857 ejus
2431 3804 2497 3842 ex
2519 3787 2669 3842 Geon
2695 3787 2763 3841 ad
2796 3787 3001 3857 ipsum,
3029 3787 3110 3841 Ex
3139 3787 3371 3859 .Egypto
3393 3790 3578 3842 vocavi

1987 3880 2162 3949 ﬁlium
2203 3896 2395 3935 meum.
2434 3880 2588 3934 Geon
2637 3880 2786 3934 enim
2814 3878 3089 3951 significat
3132 3878 3419 3951 Egyptum
3453 3891 3579 3934 :est

1989 3970 2138 4028 enim
2170 3973 2273 4030 iste
2311 3988 2533 4043 quoque
2558 3972 2762 4028 ﬂuvius
2791 3972 3208 4043 Hierosolymis,
3244 3971 3340 4042 qui
3368 3969 3578 4026 dicitur

1991 4066 2158 4121 Siloe.
2187 4067 2293 4141 Qui
2315 4082 2446 4137 ergo
2472 4066 2738 4121 adversus
2753 4082 2818 4121 ea
2841 4081 2964 4136 qua:
2980 4065 3242 4120 dicuntur
3270 4064 3580 4120 reluctatur

1989 4157 2278 4223 Hebraeus,
2310 4157 2586 4213 refellitur
2620 4157 2687 4211 ad
2729 4174 2915 4212 rerum
2945 4156 3423 4227 consequentiam.
3456 4157 3576 4212 Non

1991 4251 2308 4306 invenimus
2353 4251 2502 4306 enim
2538 4252 2775 4305 alterum
2814 4265 2999 4321 regem
3028 4259 3257 4305 unctum
3313 4250 3370 4304 in
3401 4250 3578 4312 Geon,

1990 4342 2100 4398 nisi
2149 4343 2326 4398 solum
2370 4342 2723 4397 Salomonem
2788 4341 2963 4397 ﬁlium
3021 4341 3217 4397 David.
3278 4342 3578 4412 Propterea

296 4432 622 4488 Chetthatos
650 4474 665 4497 ,
727 4444 784 4488 et
845 4434 1089 4505 reliquas
1139 4444 1330 4505 gentes
1379 4444 1544 4489 terra;
1576 4433 1887 4489 Chanaan?
1920 4422 1963 4476 ι)
1990 4434 2088 4490 Dei
2113 4451 2337 4505 quoque
2363 4436 2627 4505 templum
2659 4450 2770 4489 non
2794 4433 3032 4490 mdiﬁcat
3065 4434 3261 4499 David,
3287 4434 3435 4503 quod
3459 4434 3582 4503 qui~

302 4524 493 4578 Discat
537 4539 669 4593 ergo
718 4526 990 4589 Ecclesia,
1026 4535 1082 4581 et
1123 4526 1371 4589 Judze‘us,
1429 4526 1577 4596 quod
1620 4526 1692 4580 ab
1739 4527 1892 4580 exitu

236 4672 245 4679 ,
299 4615 522 4685 Aigypti
580 4631 754 4685 usque
798 4616 869 4669 ad
912 4614 1141 4670 ﬂuvium
1190 4631 1448 4686 magnum
1507 4616 1889 4686 Euphratem,

303 4723 507 4776 nempe
532 4707 839 4771 Christum,
871 4708 1016 4763 Deus
1035 4704 1329 4763 constituit
1362 4718 1425 4763 ut
1470 4717 1731 4764 tenerent
1775 4717 1893 4762 ter-

305 4797 492 4853 minos
533 4799 718 4853 cultus
761 4796 1019 4869 legitimi.
1083 4799 1192 4854 Iste
1222 4799 1371 4853 enim
1425 4799 1733 4870 spiritualis
1789 4799 1895 4853 Eu-

304 4889 537 4958 phrates
578 4890 675 4958 qui
708 4890 946 4960 peremit
987 4906 1115 4945 eum
1166 4890 1263 4960 qui
1306 4906 1406 4962 per
1459 4891 1783 4961 sanguinem
1832 4890 1894 4945 fit

306 4979 543 5045 cultum;
573 4989 629 5035 et
654 4981 975 5037 lihationem
1016 5001 1028 5036 :
1062 4984 1236 5048 hunc,-
1267 4983 1517 5053 inquam,
1547 4982 1887 5052 Euphratem

305 5074 459 5128 Deus
483 5073 944 5142 praesigniﬁcans,
994 5074 1133 5129 dicit
1173 5074 1439 5130 Jeremiae-
1487 5074 1582 5143 qui
1617 5084 1746 5128 ante
1803 5086 1891 5126 ra-

306 5165 619 5234 ptivitatem
638 5166 806 5248 Israel
823 5174 945 5221 erat
960 5168 1014 5222 in
1032 5165 1366 5221 Jerusalem:
1390 5166 1755 5236 Vade,projice
1772 5170 1894 5219 sub-

328 5254 620 5327 ligat-utam
650 5244 797 5307 tuum
816 5256 872 5307 in
902 5254 1225 5321 Euphratem
1248 5252 1314 5306 θ’.
1346 5251 1683 5322 Euphratem
1709 5257 1892 5301 autem

326 5348 463 5401 dicit
479 5344 619 5399 Deus
637 5347 814 5399 locum
830 5360 967 5414 aqua
985 5344 1362 5399 circumlluum
1384 5357 1547 5411 prope
1568 5336 1895 5402 Jerusalem,

328 5437 747 5509 quiappellstur
772 5436 946 5490 Phars
977 5450 1071 5489 seu
1100 5435 1323 5504 frugifer
1345 5449 1364 5487 :
1391 5430 1628 5500 Cumque
1650 5429 1768 5483 illic
1799 5445 1893 5496 po-

326 5532 520 5586 suisset
539 5532 791 5598 propheta
814 5527 1037 5581 linteum
1059 5526 1224 5579 lumbi
1251 5526 1353 5591 sui,
1378 5525 1522 5578 misit
1550 5539 1671 5577 eum
1693 5523 1897 5593 aliquot

380 5641 430 5675 "
462 5643 624 5699 Deut.
666 5661 831 5706 xxvu,
855 5641 945 5700 26.
1042 5646 1089 5680 ⁸⁸
1116 5647 1252 5702 Dan.
1288 5664 1360 5712 Ix,
1394 5649 1482 5702 27.

1583 5649 1630 5681 ⁸⁸
1654 5650 1811 5704 Βοιη.
1851 5668 1903 5715 x,
1939 5652 1990 5707 4.

1994 4527 2119 4582 dem
2163 4527 2454 4581 decebat:
2506 4534 2629 4580 erat
2664 4526 2812 4581 enim
2865 4525 3230 4597 justissimus.
3282 4524 3390 4580 Sed
3436 4523 3583 4579 ﬁlius

1992 4619 2188 4684 David,
2222 4618 2435 4674 scilicet
2492 4619 2585 4689 qui
2614 4618 3025 4672 administravit
3046 4618 3261 4673 ratione
3290 4615 3579 4687 praeditum

1992 4712 2259 4782 templum
2291 4711 2536 4765 hominis
2569 4709 2906 4765 dissolutum
2945 4726 2956 4761 :
2989 4725 3087 4779 per
3119 4724 3246 4763 eum
3280 4708 3377 4778 qui
3412 4706 3579 4761 etiam

1994 4805 2253 4862 Salomon
2323 4803 2638 4874 paciﬁcavit
2700 4803 3062 4858 circumcirca
3119 4816 3313 4857 omnes
3366 4807 3581 4871 gentes.

2000 4899 2300 4967 Propterea
2342 4898 2525 4968 regina
2564 4910 2786 4965 quoque
2830 4894 3032 4959 Austri,
3064 4886 3262 4964 nempe
3308 4892 3581 4955 Ecclesia,

2001 4993 2372 5060 posteriorum
2430 5003 2703 5043 annorum
2745 4985 2953 5049 saeculi,
2983 5002 3179 5039 eorum
3227 4984 3440 5040 scilicet
3486 4984 3581 5052 qui

2001 5081 2156 5151 prius
2183 5090 2345 5135 erant
2385 5080 2697 5150 1Ethiopes,
2737 5079 2967 5133 surrexit
2998 5094 3062 5132 ea:
3092 5077 3307 5146 ﬁnibus,
3341 5076 3438 5130 sed
3470 5091 3582 5129 non

2000 5188 2067 5227 ex
2097 5172 2219 5227 loco
2250 5171 2439 5242 aliquo
2474 5189 2485 5223 ε
2531 5181 2580 5226 et
2613 5173 2753 5226 venit
2788 5179 2845 5245 ut
2887 5169 3083 5223 videret
3126 5169 3448 5238 sapientiam
3483 5165 3581 5221 ﬁlii

2000 5263 2193 5328 David,
2218 5279 2416 5333 nempe
2442 5265 2594 5329 Iesu,
2648 5262 2954 5334 spiritualis
2981 5259 3283 5315 Salomonis
3316 5260 3383 5322 “,
3437 5272 3580 5326 quo-

2000 5354 2148 5407 niam
2174 5366 2204 5405 a
2245 5352 2448 5421 templo
2482 5351 2795 5406 Salomonis
2828 5349 2980 5404 uncti
3016 5348 3072 5402 in
3102 5348 3277 5412 Geon,
3305 5361 3481 5415 usque
3513 5345 3580 5400 ad

2001 5443 2230 5497 ﬂuvium
2256 5458 2514 5513 magnum
2547 5442 2886 5513 Euphratem
2913 5439 3182 5496 dominati
3207 5446 3335 5494 sunt
3359 5437 3583 5493 termini

2001 5534 2234 5605 legitimi
2281 5535 2466 5590 cultus
2503 5535 2705 5605 templi-
2739 5534 2837 5590 Dei
2885 5533 3002 5606 (qui
3030 5532 3283 5589 dissolvit
3317 5530 3581 5600 templum

2112 5651 2157 5681 ⁸⁷
2187 5668 2205 5706 ι
2234 5669 2318 5707 uc.
2348 5670 2459 5715 γη,
2500 5653 2579 5708 l6.
2655 5653 2701 5685 ⁸⁸
2728 5653 2870 5709 Psal.
2898 5669 3084 5720 cxvut,
3124 5654 3209 5710 89.
3301 5649 3348 5682 δ’
3372 5649 3583 5705 Jcrem.

308 5716 503 5783 sunt.
579 5715 974 5772 “ibid.6-lO.
1049 5717 1516 5783 “Matth.v,l8.
1593 5720 2177 5792 "lllllcg.t,52-5.t.
2226 5724 2702 5793 “llllteg.s,l.
