  <div class='ocr_page' id='page_1' title='image "/cluster/home/n/w/nwhite01/storage/ocr_20150623/89/pst.000005712953/499.png"; bbox 0 0 4042 6292; ppageno 0'>
   <div class='ocr_carea' id='block_1_1' title="bbox 518 253 624 317">
    <p class='ocr_par' dir='ltr' id='par_1_1' title="bbox 518 253 624 317">
     <span class='ocr_line' id='line_1_1' title="bbox 518 253 624 317; baseline 0 0"><span class='ocrx_word' id='word_1_1' title='bbox 518 253 624 317; x_wconf 74' lang='lat'><strong>983</strong></span> 
     </span>
    </p>
   </div>
   <div class='ocr_carea' id='block_1_2' title="bbox 1717 265 2590 329">
    <p class='ocr_par' dir='ltr' id='par_1_2' title="bbox 1717 265 2590 329">
     <span class='ocr_line' id='line_1_2' title="bbox 1717 265 2590 329; baseline 0.008 -7"><span class='ocrx_word' id='word_1_2' title='bbox 1717 265 1778 324; x_wconf 90' lang='lat' dir='ltr'><strong>S-.</strong></span> <span class='ocrx_word' id='word_1_3' title='bbox 1819 268 2218 327; x_wconf 67' lang='grc' dir='ltr'>ΑΝΑὸΠὸιί</span> <span class='ocrx_word' id='word_1_4' title='bbox 2264 269 2590 329; x_wconf 69' lang='grc' dir='ltr'><strong>ὃΙΝΛΙΤᾹΞ</strong></span> 
     </span>
    </p>
   </div>
   <div class='ocr_carea' id='block_1_3' title="bbox 2768 210 2797 221">
    <p class='ocr_par' dir='ltr' id='par_1_3' title="bbox 2768 210 2797 221">
     <span class='ocr_line' id='line_1_3' title="bbox 2768 210 2797 221; baseline 0 0"><span class='ocrx_word' id='word_1_5' title='bbox 2768 210 2797 221; x_wconf 70' lang='lat' dir='ltr'><strong>I-</strong></span> 
     </span>
    </p>
   </div>
   <div class='ocr_carea' id='block_1_4' title="bbox 3684 272 3796 335">
    <p class='ocr_par' dir='ltr' id='par_1_4' title="bbox 3684 272 3796 335">
     <span class='ocr_line' id='line_1_4' title="bbox 3684 272 3796 335; baseline 0 0"><span class='ocrx_word' id='word_1_6' title='bbox 3684 272 3796 335; x_wconf 72' lang='grc'><strong>984</strong></span> 
     </span>
    </p>
   </div>
   <div class='ocr_carea' id='block_1_5' title="bbox 515 354 3793 452">
    <p class='ocr_par' dir='ltr' id='par_1_5' title="bbox 515 354 3793 452">
     <span class='ocr_line' id='line_1_5' title="bbox 515 354 3793 452; baseline 0.005 -30"><span class='ocrx_word' id='word_1_7' title='bbox 515 366 1096 435; x_wconf 76' lang='lat' dir='ltr'><strong>Israelis)etsacriticii</strong></span> <span class='ocrx_word' id='word_1_8' title='bbox 1131 354 1340 426; x_wconf 90' lang='lat' dir='ltr'><strong>ratione</strong></span> <span class='ocrx_word' id='word_1_9' title='bbox 1361 373 1601 441; x_wconf 70' lang='lat' dir='ltr'><strong>prmditi,</strong></span> <span class='ocrx_word' id='word_1_10' title='bbox 1631 376 1780 442; x_wconf 85' lang='lat' dir='ltr'><strong>quod</strong></span> <span class='ocrx_word' id='word_1_11' title='bbox 1804 375 2100 431; x_wconf 73' lang='lat' dir='ltr'><strong>brutorum</strong></span> <span class='ocrx_word' id='word_1_12' title='bbox 2131 381 2177 435; x_wconf 85' lang='lat' dir='ltr'><strong>A</strong></span> <span class='ocrx_word' id='word_1_13' title='bbox 2204 378 2604 447; x_wconf 67' lang='lat' dir='ltr'><strong>interpretatur</strong></span> <span class='ocrx_word' id='word_1_14' title='bbox 2659 379 2974 433; x_wconf 79' lang='lat' dir='ltr'><strong>mandatum</strong></span> <span class='ocrx_word' id='word_1_15' title='bbox 3014 379 3273 435; x_wconf 79' lang='lat' dir='ltr'><strong>Altissimi</strong></span> <span class='ocrx_word' id='word_1_16' title='bbox 3312 397 3330 433; x_wconf 92' lang='lat'><strong><em>:</em></strong></span> <span class='ocrx_word' id='word_1_17' title='bbox 3372 380 3525 449; x_wconf 87' lang='lat' dir='ltr'><strong>quod</strong></span> <span class='ocrx_word' id='word_1_18' title='bbox 3563 383 3793 452; x_wconf 80' lang='lat' dir='ltr'><strong>quidem</strong></span> 
     </span>
    </p>
   </div>
   <div class='ocr_carea' id='block_1_6' title="bbox 515 460 2100 534">
    <p class='ocr_par' dir='ltr' id='par_1_6' title="bbox 515 460 2100 534">
     <span class='ocr_line' id='line_1_6' title="bbox 515 460 2100 534; baseline 0.004 -19"><span class='ocrx_word' id='word_1_19' title='bbox 515 460 781 515; x_wconf 76' lang='lat' dir='ltr'><strong>exstinxit</strong></span> <span class='ocrx_word' id='word_1_20' title='bbox 810 460 1162 527; x_wconf 80' lang='lat' dir='ltr'><strong>sacriﬁcium,</strong></span> <span class='ocrx_word' id='word_1_21' title='bbox 1216 479 1314 530; x_wconf 89' lang='lat' dir='ltr'><strong>per</strong></span> <span class='ocrx_word' id='word_1_22' title='bbox 1358 464 1639 519; x_wconf 72' lang='lat' dir='ltr'><strong>Christum</strong></span> <span class='ocrx_word' id='word_1_23' title='bbox 1664 466 1758 534; x_wconf 88' lang='lat' dir='ltr'><strong>qui</strong></span> <span class='ocrx_word' id='word_1_24' title='bbox 1793 474 1879 521; x_wconf 90' lang='lat' dir='ltr'><strong>est</strong></span> <span class='ocrx_word' id='word_1_25' title='bbox 1928 468 2100 521; x_wconf 85' lang='lat' dir='ltr'><strong>carbo</strong></span> 
     </span>
    </p>
   </div>
   <div class='ocr_carea' id='block_1_7' title="bbox 515 549 2099 622">
    <p class='ocr_par' dir='ltr' id='par_1_7' title="bbox 515 549 2099 622">
     <span class='ocr_line' id='line_1_7' title="bbox 515 549 2099 622; baseline 0.005 -21"><span class='ocrx_word' id='word_1_26' title='bbox 515 549 613 618; x_wconf 91' lang='lat' dir='ltr'><strong>qui</strong></span> <span class='ocrx_word' id='word_1_27' title='bbox 649 550 820 618; x_wconf 79' lang='lat' dir='ltr'><strong>sopiri</strong></span> <span class='ocrx_word' id='word_1_28' title='bbox 849 564 959 602; x_wconf 88' lang='lat' dir='ltr'><strong>non</strong></span> <span class='ocrx_word' id='word_1_29' title='bbox 1000 559 1181 619; x_wconf 79' lang='lat' dir='ltr'><strong>potest</strong></span> <span class='ocrx_word' id='word_1_30' title='bbox 1208 560 1261 604; x_wconf 90' lang='lat' dir='ltr'><strong>et</strong></span> <span class='ocrx_word' id='word_1_31' title='bbox 1286 553 1582 622; x_wconf 76' lang='lat' dir='ltr'><strong>exstingui.</strong></span> <span class='ocrx_word' id='word_1_32' title='bbox 1630 554 1766 608; x_wconf 84' lang='lat' dir='ltr'><strong>Nam</strong></span> <span class='ocrx_word' id='word_1_33' title='bbox 1798 565 1854 610; x_wconf 90' lang='lat' dir='ltr'><strong>ct</strong></span> <span class='ocrx_word' id='word_1_34' title='bbox 1902 556 2099 611; x_wconf 82' lang='lat' dir='ltr'><strong>Isaiam</strong></span> 
     </span>
    </p>
   </div>
   <div class='ocr_carea' id='block_1_8' title="bbox 516 640 2099 719">
    <p class='ocr_par' dir='ltr' id='par_1_8' title="bbox 516 640 2099 719">
     <span class='ocr_line' id='line_1_8' title="bbox 516 640 2099 719; baseline 0.004 -23"><span class='ocrx_word' id='word_1_35' title='bbox 516 640 813 704; x_wconf 83' lang='lat' dir='ltr'><strong>accendit,</strong></span> <span class='ocrx_word' id='word_1_36' title='bbox 875 651 927 694; x_wconf 89' lang='lat' dir='ltr'><strong>et</strong></span> <span class='ocrx_word' id='word_1_37' title='bbox 961 642 1027 693; x_wconf 88' lang='lat' dir='ltr'><strong>ad</strong></span> <span class='ocrx_word' id='word_1_38' title='bbox 1073 656 1132 693; x_wconf 87' lang='lat' dir='ltr'><strong>se</strong></span> <span class='ocrx_word' id='word_1_39' title='bbox 1186 640 1563 709; x_wconf 76' lang='lat' dir='ltr'><strong>inﬂammavit,</strong></span> <span class='ocrx_word' id='word_1_40' title='bbox 1594 647 1877 715; x_wconf 86' lang='lat' dir='ltr'><strong>proposito</strong></span> <span class='ocrx_word' id='word_1_41' title='bbox 1930 648 2099 719; x_wconf 80' lang='lat' dir='ltr'><strong>regali</strong></span> 
     </span>
    </p>
   </div>
   <div class='ocr_carea' id='block_1_9' title="bbox 516 728 2100 807">
    <p class='ocr_par' dir='ltr' id='par_1_9' title="bbox 516 728 2100 807">
     <span class='ocr_line' id='line_1_9' title="bbox 516 728 2100 807; baseline 0.008 -27"><span class='ocrx_word' id='word_1_42' title='bbox 516 728 791 782; x_wconf 78' lang='lat' dir='ltr'><strong>sacriﬁcio</strong></span> <span class='ocrx_word' id='word_1_43' title='bbox 824 729 1123 799; x_wconf 69' lang='lat' dir='ltr'><strong>symbolice</strong></span> <span class='ocrx_word' id='word_1_44' title='bbox 1149 739 1280 786; x_wconf 90' lang='lat' dir='ltr'><strong>tunc</strong></span> <span class='ocrx_word' id='word_1_45' title='bbox 1312 748 1534 804; x_wconf 89' lang='lat' dir='ltr'><strong>quoque</strong></span> <span class='ocrx_word' id='word_1_46' title='bbox 1567 736 1617 788; x_wconf 92' lang='lat' dir='ltr'><strong>ei</strong></span> <span class='ocrx_word' id='word_1_47' title='bbox 1654 752 1951 807; x_wconf 83' lang='lat' dir='ltr'><strong>apparens.</strong></span> <span class='ocrx_word' id='word_1_48' title='bbox 2007 738 2100 795; x_wconf 91' lang='lat' dir='ltr'><strong>Sic</strong></span> 
     </span>
    </p>
   </div>
   <div class='ocr_carea' id='block_1_10' title="bbox 516 819 2099 898">
    <p class='ocr_par' dir='ltr' id='par_1_10' title="bbox 516 819 2099 898">
     <span class='ocr_line' id='line_1_10' title="bbox 516 819 2099 898; baseline 0.012 -29"><span class='ocrx_word' id='word_1_49' title='bbox 516 819 790 874; x_wconf 88' lang='lat' dir='ltr'><strong>eomedite</strong></span> <span class='ocrx_word' id='word_1_50' title='bbox 831 834 1027 874; x_wconf 89' lang='lat' dir='ltr'><strong>carnes</strong></span> <span class='ocrx_word' id='word_1_51' title='bbox 1053 823 1307 892; x_wconf 89' lang='lat' dir='ltr'><strong>corporis</strong></span> <span class='ocrx_word' id='word_1_52' title='bbox 1338 840 1508 881; x_wconf 72' lang='lat' dir='ltr'><strong>sacra:</strong></span> <span class='ocrx_word' id='word_1_53' title='bbox 1559 826 1883 898; x_wconf 72' lang='lat' dir='ltr'><strong>Scriptum,</strong></span> <span class='ocrx_word' id='word_1_54' title='bbox 1926 846 1960 885; x_wconf 94' lang='lat'><strong>0</strong></span> <span class='ocrx_word' id='word_1_55' title='bbox 1986 831 2099 887; x_wconf 85' lang='lat' dir='ltr'><strong>fra-</strong></span> 
     </span>
    </p>
   </div>
   <div class='ocr_carea' id='block_1_11' title="bbox 515 911 2101 977">
    <p class='ocr_par' dir='ltr' id='par_1_11' title="bbox 515 911 2101 977">
     <span class='ocr_line' id='line_1_11' title="bbox 515 911 2101 977; baseline 0.011 -16"><span class='ocrx_word' id='word_1_56' title='bbox 515 918 652 973; x_wconf 84' lang='lat' dir='ltr'><strong>tres,</strong></span> <span class='ocrx_word' id='word_1_57' title='bbox 688 924 782 964; x_wconf 90' lang='lat' dir='ltr'><strong>eas</strong></span> <span class='ocrx_word' id='word_1_58' title='bbox 809 911 1123 968; x_wconf 87' lang='lat' dir='ltr'><strong>esurientes</strong></span> <span class='ocrx_word' id='word_1_59' title='bbox 1150 931 1162 966; x_wconf 91' lang='lat'><strong>:</strong></span> <span class='ocrx_word' id='word_1_60' title='bbox 1191 925 1247 969; x_wconf 90' lang='lat' dir='ltr'><strong>et</strong></span> <span class='ocrx_word' id='word_1_61' title='bbox 1273 916 1604 975; x_wconf 85' lang='lat' dir='ltr'><strong>absconsum</strong></span> <span class='ocrx_word' id='word_1_62' title='bbox 1653 921 1711 975; x_wconf 91' lang='lat' dir='ltr'><strong>in</strong></span> <span class='ocrx_word' id='word_1_63' title='bbox 1756 937 1923 977; x_wconf 88' lang='lat' dir='ltr'><strong>carne</strong></span> <span class='ocrx_word' id='word_1_64' title='bbox 1954 920 2101 977; x_wconf 88' lang='lat' dir='ltr'><strong>Scri-</strong></span> 
     </span>
    </p>
   </div>
   <div class='ocr_carea' id='block_1_12' title="bbox 514 1001 2096 1081">
    <p class='ocr_par' dir='ltr' id='par_1_12' title="bbox 514 1001 2096 1081">
     <span class='ocr_line' id='line_1_12' title="bbox 514 1001 2096 1081; baseline 0.012 -32"><span class='ocrx_word' id='word_1_65' title='bbox 514 1004 695 1067; x_wconf 74' lang='lat' dir='ltr'><strong>ptura:</strong></span> <span class='ocrx_word' id='word_1_66' title='bbox 726 1001 999 1071; x_wconf 89' lang='lat' dir='ltr'><strong>spirituali</strong></span> <span class='ocrx_word' id='word_1_67' title='bbox 1024 1007 1411 1076; x_wconf 86' lang='lat' dir='ltr'><strong>mysteriorum</strong></span> <span class='ocrx_word' id='word_1_68' title='bbox 1438 1011 1763 1081; x_wconf 88' lang='lat' dir='ltr'><strong>sanguinem</strong></span> <span class='ocrx_word' id='word_1_69' title='bbox 1784 1013 1867 1068; x_wconf 85' lang='lat' dir='ltr'><strong>sic</strong></span> <span class='ocrx_word' id='word_1_70' title='bbox 1891 1013 2096 1080; x_wconf 88' lang='lat' dir='ltr'><strong>bibite;</strong></span> 
     </span>
    </p>
   </div>
   <div class='ocr_carea' id='block_1_13' title="bbox 515 1089 2097 1173">
    <p class='ocr_par' dir='ltr' id='par_1_13' title="bbox 515 1089 2097 1173">
     <span class='ocr_line' id='line_1_13' title="bbox 515 1089 2097 1173; baseline 0.011 -30"><span class='ocrx_word' id='word_1_71' title='bbox 515 1089 611 1160; x_wconf 89' lang='lat' dir='ltr'><strong>qui</strong></span> <span class='ocrx_word' id='word_1_72' title='bbox 633 1099 718 1146; x_wconf 90' lang='lat' dir='ltr'><strong>est</strong></span> <span class='ocrx_word' id='word_1_73' title='bbox 741 1093 891 1173; x_wconf 84' lang='lat' dir='ltr'><strong>enim</strong></span> <span class='ocrx_word' id='word_1_74' title='bbox 926 1096 1008 1151; x_wconf 87' lang='lat' dir='ltr'><strong>sic</strong></span> <span class='ocrx_word' id='word_1_75' title='bbox 1041 1098 1162 1168; x_wconf 86' lang='lat' dir='ltr'><strong>ejus</strong></span> <span class='ocrx_word' id='word_1_76' title='bbox 1189 1101 1487 1172; x_wconf 89' lang='lat' dir='ltr'><strong>particeps,</strong></span> <span class='ocrx_word' id='word_1_77' title='bbox 1532 1104 1703 1159; x_wconf 87' lang='lat' dir='ltr'><strong>habet</strong></span> <span class='ocrx_word' id='word_1_78' title='bbox 1726 1105 1899 1162; x_wconf 79' lang='lat' dir='ltr'><strong>vitam</strong></span> <span class='ocrx_word' id='word_1_79' title='bbox 1932 1114 2097 1162; x_wconf 73' lang='lat' dir='ltr'><strong>aeter-</strong></span> 
     </span>
    </p>
   </div>
   <div class='ocr_carea' id='block_1_14' title="bbox 516 1183 2099 1267">
    <p class='ocr_par' dir='ltr' id='par_1_14' title="bbox 516 1183 2099 1267">
     <span class='ocr_line' id='line_1_14' title="bbox 516 1183 2099 1267; baseline 0.012 -31"><span class='ocrx_word' id='word_1_80' title='bbox 516 1198 669 1237; x_wconf 88' lang='lat' dir='ltr'><strong>nam.</strong></span> <span class='ocrx_word' id='word_1_81' title='bbox 720 1183 990 1250; x_wconf 88' lang='lat' dir='ltr'><strong>Quoniam</strong></span> <span class='ocrx_word' id='word_1_82' title='bbox 1041 1201 1226 1245; x_wconf 88' lang='lat' dir='ltr'><strong>autem</strong></span> <span class='ocrx_word' id='word_1_83' title='bbox 1263 1194 1658 1263; x_wconf 87' lang='lat' dir='ltr'><strong>procedentem</strong></span> <span class='ocrx_word' id='word_1_84' title='bbox 1704 1198 2099 1267; x_wconf 85' lang='lat' dir='ltr'><strong>proprietatem</strong></span> 
     </span>
    </p>
   </div>
   <div class='ocr_carea' id='block_1_15' title="bbox 515 1275 2103 1361">
    <p class='ocr_par' dir='ltr' id='par_1_15' title="bbox 515 1275 2103 1361">
     <span class='ocr_line' id='line_1_15' title="bbox 515 1275 2103 1361; baseline 0.011 -32"><span class='ocrx_word' id='word_1_85' title='bbox 515 1275 575 1330; x_wconf 88' lang='lat' dir='ltr'><strong>in</strong></span> <span class='ocrx_word' id='word_1_86' title='bbox 600 1283 792 1340; x_wconf 81' lang='lat' dir='ltr'><strong>sancto</strong></span> <span class='ocrx_word' id='word_1_87' title='bbox 825 1278 1035 1349; x_wconf 89' lang='lat' dir='ltr'><strong>Spiritu</strong></span> <span class='ocrx_word' id='word_1_88' title='bbox 1076 1283 1373 1343; x_wconf 88' lang='lat' dir='ltr'><strong>didicimus</strong></span> <span class='ocrx_word' id='word_1_89' title='bbox 1398 1303 1466 1343; x_wconf 83' lang='lat' dir='ltr'><strong>ex</strong></span> <span class='ocrx_word' id='word_1_90' title='bbox 1487 1289 1824 1361; x_wconf 85' lang='lat' dir='ltr'><strong>evangelieis</strong></span> <span class='ocrx_word' id='word_1_91' title='bbox 1844 1306 1966 1346; x_wconf 90' lang='lat' dir='ltr'><strong>esse</strong></span> <span class='ocrx_word' id='word_1_92' title='bbox 1992 1302 2103 1347; x_wconf 90' lang='lat' dir='ltr'><strong>tra-</strong></span> 
     </span>
    </p>
   </div>
   <div class='ocr_carea' id='block_1_16' title="bbox 2202 469 3797 541">
    <p class='ocr_par' dir='ltr' id='par_1_16' title="bbox 2202 469 3797 541">
     <span class='ocr_line' id='line_1_16' title="bbox 2202 469 3797 541; baseline 0.006 -19"><span class='ocrx_word' id='word_1_93' title='bbox 2202 469 2316 523; x_wconf 89' lang='lat' dir='ltr'><strong>dici</strong></span> <span class='ocrx_word' id='word_1_94' title='bbox 2361 470 2621 525; x_wconf 90' lang='lat' dir='ltr'><strong>convenit</strong></span> <span class='ocrx_word' id='word_1_95' title='bbox 2655 469 2725 527; x_wconf 85' lang='lat' dir='ltr'><strong>de</strong></span> <span class='ocrx_word' id='word_1_96' title='bbox 2754 470 3070 540; x_wconf 80' lang='lat' dir='ltr'><strong>evangelica</strong></span> <span class='ocrx_word' id='word_1_97' title='bbox 3098 471 3521 541; x_wconf 70' lang='lat' dir='ltr'><strong>praedicatione.</strong></span> <span class='ocrx_word' id='word_1_98' title='bbox 3576 474 3797 530; x_wconf 75' lang='lat' dir='ltr'><strong>Marcus</strong></span> 
     </span>
    </p>
   </div>
   <div class='ocr_carea' id='block_1_17' title="bbox 2202 560 3796 626">
    <p class='ocr_par' dir='ltr' id='par_1_17' title="bbox 2202 560 3796 626">
     <span class='ocr_line' id='line_1_17' title="bbox 2202 560 3796 626; baseline 0.005 -13"><span class='ocrx_word' id='word_1_99' title='bbox 2202 570 2385 615; x_wconf 89' lang='lat' dir='ltr'><strong>autem</strong></span> <span class='ocrx_word' id='word_1_100' title='bbox 2414 560 2595 617; x_wconf 89' lang='lat' dir='ltr'><strong>dictus</strong></span> <span class='ocrx_word' id='word_1_101' title='bbox 2623 568 2708 618; x_wconf 80' lang='lat' dir='ltr'><strong>est</strong></span> <span class='ocrx_word' id='word_1_102' title='bbox 2756 561 2954 623; x_wconf 75' lang='lat' dir='ltr'><strong>donum</strong></span> <span class='ocrx_word' id='word_1_103' title='bbox 2977 563 3117 626; x_wconf 67' lang='lat' dir='ltr'><strong>vita,</strong></span> <span class='ocrx_word' id='word_1_104' title='bbox 3137 561 3518 618; x_wconf 77' lang='lat' dir='ltr'><strong>Lueasautem</strong></span> <span class='ocrx_word' id='word_1_105' title='bbox 3547 566 3796 621; x_wconf 66' lang='lat' dir='ltr'><strong>obedienc</strong></span> 
     </span>
    </p>
   </div>
   <div class='ocr_carea' id='block_1_18' title="bbox 2200 650 3797 725">
    <p class='ocr_par' dir='ltr' id='par_1_18' title="bbox 2200 650 3797 725">
     <span class='ocr_line' id='line_1_18' title="bbox 2200 650 3797 725; baseline 0.005 -21"><span class='ocrx_word' id='word_1_106' title='bbox 2200 650 2450 706; x_wconf 86' lang='lat' dir='ltr'><strong>Domino.</strong></span> <span class='ocrx_word' id='word_1_107' title='bbox 2483 653 2656 708; x_wconf 88' lang='lat' dir='ltr'><strong>Porro</strong></span> <span class='ocrx_word' id='word_1_108' title='bbox 2678 660 2863 711; x_wconf 87' lang='lat' dir='ltr'><strong>autem</strong></span> <span class='ocrx_word' id='word_1_109' title='bbox 2911 654 3029 724; x_wconf 85' lang='lat' dir='ltr'><strong>ipsa</strong></span> <span class='ocrx_word' id='word_1_110' title='bbox 3074 671 3294 725; x_wconf 89' lang='lat' dir='ltr'><strong>quoque</strong></span> <span class='ocrx_word' id='word_1_111' title='bbox 3323 664 3566 725; x_wconf 83' lang='lat' dir='ltr'><strong>quatuor</strong></span> <span class='ocrx_word' id='word_1_112' title='bbox 3596 656 3797 712; x_wconf 84' lang='lat' dir='ltr'><strong>ﬂuvio-</strong></span> 
     </span>
    </p>
   </div>
   <div class='ocr_carea' id='block_1_19' title="bbox 2200 749 3796 817">
    <p class='ocr_par' dir='ltr' id='par_1_19' title="bbox 2200 749 3796 817">
     <span class='ocr_line' id='line_1_19' title="bbox 2200 749 3796 817; baseline 0.004 -19"><span class='ocrx_word' id='word_1_113' title='bbox 2200 759 2326 799; x_wconf 89' lang='lat' dir='ltr'><strong>rum</strong></span> <span class='ocrx_word' id='word_1_114' title='bbox 2376 754 2785 813; x_wconf 82' lang='lat' dir='ltr'><strong>consequentcr</strong></span> <span class='ocrx_word' id='word_1_115' title='bbox 2836 749 3126 817; x_wconf 88' lang='lat' dir='ltr'><strong>positura,</strong></span> <span class='ocrx_word' id='word_1_116' title='bbox 3172 758 3413 817; x_wconf 84' lang='lat' dir='ltr'><strong>quatuor</strong></span> <span class='ocrx_word' id='word_1_117' title='bbox 3466 759 3796 804; x_wconf 72' lang='lat' dir='ltr'><strong>sanctorum</strong></span> 
     </span>
    </p>
   </div>
   <div class='ocr_carea' id='block_1_20' title="bbox 2196 839 3797 912">
    <p class='ocr_par' dir='ltr' id='par_1_20' title="bbox 2196 839 3797 912">
     <span class='ocr_line' id='line_1_20' title="bbox 2196 839 3797 912; baseline 0.004 -20"><span class='ocrx_word' id='word_1_118' title='bbox 2196 839 2667 909; x_wconf 82' lang='lat' dir='ltr'><strong>evangelistarum</strong></span> <span class='ocrx_word' id='word_1_119' title='bbox 2703 840 3104 895; x_wconf 80' lang='lat' dir='ltr'><strong>immutabilem</strong></span> <span class='ocrx_word' id='word_1_120' title='bbox 3146 842 3418 912; x_wconf 74' lang='lat' dir='ltr'><strong>significat</strong></span> <span class='ocrx_word' id='word_1_121' title='bbox 3440 843 3701 898; x_wconf 84' lang='lat' dir='ltr'><strong>‘ordinem</strong></span> <span class='ocrx_word' id='word_1_122' title='bbox 3734 853 3797 898; x_wconf 84' lang='lat' dir='ltr'><strong>et</strong></span> 
     </span>
    </p>
   </div>
   <div class='ocr_carea' id='block_1_21' title="bbox 2199 929 3800 1002">
    <p class='ocr_par' dir='ltr' id='par_1_21' title="bbox 2199 929 3800 1002">
     <span class='ocr_line' id='line_1_21' title="bbox 2199 929 3800 1002; baseline 0.002 -19"><span class='ocrx_word' id='word_1_123' title='bbox 2199 929 2532 1000; x_wconf 81' lang='lat' dir='ltr'><strong>posituram.</strong></span> <span class='ocrx_word' id='word_1_124' title='bbox 2565 930 2789 986; x_wconf 82' lang='lat' dir='ltr'><strong>Primus</strong></span> <span class='ocrx_word' id='word_1_125' title='bbox 2816 946 2954 1002; x_wconf 86' lang='lat' dir='ltr'><strong>ergo</strong></span> <span class='ocrx_word' id='word_1_126' title='bbox 2974 932 3262 1002; x_wconf 67' lang='lat' dir='ltr'><strong>Matthaaus</strong></span> <span class='ocrx_word' id='word_1_127' title='bbox 3287 935 3383 1001; x_wconf 87' lang='lat' dir='ltr'><strong>qui</strong></span> <span class='ocrx_word' id='word_1_128' title='bbox 3411 933 3622 989; x_wconf 86' lang='lat' dir='ltr'><strong>dicitur</strong></span> <span class='ocrx_word' id='word_1_129' title='bbox 3664 933 3800 987; x_wconf 76' lang='lat' dir='ltr'><strong>Phi-</strong></span> 
     </span>
    </p>
   </div>
   <div class='ocr_carea' id='block_1_22' title="bbox 2200 1021 3795 1093">
    <p class='ocr_par' dir='ltr' id='par_1_22' title="bbox 2200 1021 3795 1093">
     <span class='ocr_line' id='line_1_22' title="bbox 2200 1021 3795 1093; baseline 0.001 -17"><span class='ocrx_word' id='word_1_130' title='bbox 2200 1039 2298 1076; x_wconf 86' lang='lat' dir='ltr'><strong>son</strong></span> <span class='ocrx_word' id='word_1_131' title='bbox 2331 1039 2348 1075; x_wconf 92' lang='lat'><em>:</em></span> <span class='ocrx_word' id='word_1_132' title='bbox 2376 1021 2523 1091; x_wconf 91' lang='lat' dir='ltr'><strong>quod</strong></span> <span class='ocrx_word' id='word_1_133' title='bbox 2546 1022 2771 1092; x_wconf 84' lang='lat' dir='ltr'><strong>quidem</strong></span> <span class='ocrx_word' id='word_1_134' title='bbox 2798 1024 3199 1093; x_wconf 83' lang='lat' dir='ltr'><strong>interpretatur</strong></span> <span class='ocrx_word' id='word_1_135' title='bbox 3218 1026 3325 1078; x_wconf 84' lang='lat' dir='ltr'><strong>oris</strong></span> <span class='ocrx_word' id='word_1_136' title='bbox 3358 1024 3633 1079; x_wconf 72' lang='lat' dir='ltr'><strong>aitet-otio.</strong></span> <span class='ocrx_word' id='word_1_137' title='bbox 3655 1026 3795 1079; x_wconf 83' lang='lat' dir='ltr'><strong>Nam</strong></span> 
     </span>
    </p>
   </div>
   <div class='ocr_carea' id='block_1_23' title="bbox 2202 1112 3799 1192">
    <p class='ocr_par' dir='ltr' id='par_1_23' title="bbox 2202 1112 3799 1192">
     <span class='ocr_line' id='line_1_23' title="bbox 2202 1112 3799 1192; baseline -0.001 -21"><span class='ocrx_word' id='word_1_138' title='bbox 2202 1132 2328 1171; x_wconf 90' lang='lat' dir='ltr'><strong>eum</strong></span> <span class='ocrx_word' id='word_1_139' title='bbox 2362 1115 2652 1192; x_wconf 63' lang='lat' dir='ltr'><strong>Matthmus</strong></span> <span class='ocrx_word' id='word_1_140' title='bbox 2681 1113 2974 1184; x_wconf 86' lang='lat' dir='ltr'><strong>scripserit</strong></span> <span class='ocrx_word' id='word_1_141' title='bbox 2994 1112 3354 1189; x_wconf 84' lang='lat' dir='ltr'><strong>Evangelium</strong></span> <span class='ocrx_word' id='word_1_142' title='bbox 3392 1130 3653 1169; x_wconf 86' lang='lat' dir='ltr'><strong>sermone</strong></span> <span class='ocrx_word' id='word_1_143' title='bbox 3680 1115 3799 1169; x_wconf 86' lang='lat' dir='ltr'><strong>He-</strong></span> 
     </span>
    </p>
   </div>
   <div class='ocr_carea' id='block_1_24' title="bbox 2201 1205 3799 1275">
    <p class='ocr_par' dir='ltr' id='par_1_24' title="bbox 2201 1205 3799 1275">
     <span class='ocr_line' id='line_1_24' title="bbox 2201 1205 3799 1275; baseline -0.001 -12"><span class='ocrx_word' id='word_1_144' title='bbox 2201 1208 2415 1272; x_wconf 86' lang='lat' dir='ltr'><strong>braieo,</strong></span> <span class='ocrx_word' id='word_1_145' title='bbox 2438 1208 2542 1262; x_wconf 81' lang='lat' dir='ltr'><strong>fuit</strong></span> <span class='ocrx_word' id='word_1_146' title='bbox 2565 1208 2835 1263; x_wconf 86' lang='lat' dir='ltr'><strong>alteratus</strong></span> <span class='ocrx_word' id='word_1_147' title='bbox 2853 1215 2911 1262; x_wconf 90' lang='lat' dir='ltr'><strong>et</strong></span> <span class='ocrx_word' id='word_1_148' title='bbox 2940 1205 3358 1275; x_wconf 82' lang='lat' dir='ltr'><strong>interpretando</strong></span> <span class='ocrx_word' id='word_1_149' title='bbox 3386 1215 3799 1261; x_wconf 83' lang='lat' dir='ltr'><strong>transmutatus</strong></span> 
     </span>
    </p>
   </div>
   <div class='ocr_carea' id='block_1_25' title="bbox 2200 1296 3793 1369">
    <p class='ocr_par' dir='ltr' id='par_1_25' title="bbox 2200 1296 3793 1369">
     <span class='ocr_line' id='line_1_25' title="bbox 2200 1296 3793 1369; baseline -0.003 -14"><span class='ocrx_word' id='word_1_150' title='bbox 2200 1315 2387 1356; x_wconf 84' lang='lat' dir='ltr'><strong>sermo</strong></span> <span class='ocrx_word' id='word_1_151' title='bbox 2415 1299 2531 1357; x_wconf 88' lang='lat' dir='ltr'><strong>oris</strong></span> <span class='ocrx_word' id='word_1_152' title='bbox 2552 1300 2674 1369; x_wconf 86' lang='lat' dir='ltr'><strong>ejus</strong></span> <span class='ocrx_word' id='word_1_153' title='bbox 2702 1314 2734 1353; x_wconf 90' lang='lat' dir='ltr'><strong>a</strong></span> <span class='ocrx_word' id='word_1_154' title='bbox 2762 1297 2913 1352; x_wconf 85' lang='lat' dir='ltr'><strong>Luca</strong></span> <span class='ocrx_word' id='word_1_155' title='bbox 2937 1306 2995 1353; x_wconf 89' lang='lat' dir='ltr'><strong>et</strong></span> <span class='ocrx_word' id='word_1_156' title='bbox 3017 1296 3185 1351; x_wconf 87' lang='lat' dir='ltr'><strong>Paulo</strong></span> <span class='ocrx_word' id='word_1_157' title='bbox 3212 1296 3267 1351; x_wconf 90' lang='lat' dir='ltr'><strong>in</strong></span> <span class='ocrx_word' id='word_1_158' title='bbox 3300 1311 3492 1351; x_wconf 87' lang='lat' dir='ltr'><strong>vocem</strong></span> <span class='ocrx_word' id='word_1_159' title='bbox 3521 1296 3793 1351; x_wconf 57' lang='lat' dir='ltr'><strong>Graecam.</strong></span> 
     </span>
    </p>
   </div>
   <div class='ocr_carea' id='block_1_26' title="bbox 516 1368 3798 1459">
    <p class='ocr_par' dir='ltr' id='par_1_26' title="bbox 516 1368 3798 1459">
     <span class='ocr_line' id='line_1_26' title="bbox 516 1368 3798 1459; baseline 0.006 -38"><span class='ocrx_word' id='word_1_160' title='bbox 516 1368 843 1434; x_wconf 70' lang='lat' dir='ltr'><strong>ditionibus,</strong></span> <span class='ocrx_word' id='word_1_161' title='bbox 867 1372 1087 1430; x_wconf 90' lang='lat' dir='ltr'><strong>dicente</strong></span> <span class='ocrx_word' id='word_1_162' title='bbox 1111 1376 1343 1433; x_wconf 90' lang='lat' dir='ltr'><strong>Domino</strong></span> <span class='ocrx_word' id='word_1_163' title='bbox 1373 1398 1385 1433; x_wconf 93' lang='lat'><strong>:</strong></span> <span class='ocrx_word' id='word_1_164' title='bbox 1414 1377 1645 1450; x_wconf 78' lang='lat' dir='ltr'><strong>Spiritus</strong></span> <span class='ocrx_word' id='word_1_165' title='bbox 1674 1390 1890 1453; x_wconf 63' lang='lat' dir='ltr'><strong>sanctus</strong></span> <span class='ocrx_word' id='word_1_166' title='bbox 1920 1377 2102 1454; x_wconf 75' lang='lat' dir='ltr'><strong>qui‘ea:</strong></span> <span class='ocrx_word' id='word_1_167' title='bbox 2202 1393 2494 1449; x_wconf 88' lang='lat' dir='ltr'><strong>Secundus</strong></span> <span class='ocrx_word' id='word_1_168' title='bbox 2522 1368 2895 1447; x_wconf 73' lang='lat' dir='ltr'><strong>conducibilis</strong></span> <span class='ocrx_word' id='word_1_169' title='bbox 2928 1389 3146 1444; x_wconf 82' lang='lat' dir='ltr'><strong>Marcus</strong></span> <span class='ocrx_word' id='word_1_170' title='bbox 3195 1388 3401 1444; x_wconf 89' lang='lat' dir='ltr'><strong>ﬂuvius</strong></span> <span class='ocrx_word' id='word_1_171' title='bbox 3444 1389 3543 1459; x_wconf 90' lang='lat' dir='ltr'><strong>qui</strong></span> <span class='ocrx_word' id='word_1_172' title='bbox 3584 1389 3798 1443; x_wconf 85' lang='lat' dir='ltr'><strong>dicitur</strong></span> 
     </span>
    </p>
   </div>
   <div class='ocr_carea' id='block_1_27' title="bbox 514 1459 2106 1555">
    <p class='ocr_par' dir='ltr' id='par_1_27' title="bbox 514 1459 2099 1555">
     <span class='ocr_line' id='line_1_27' title="bbox 514 1459 2099 1555; baseline 0.011 -42"><span class='ocrx_word' id='word_1_173' title='bbox 514 1459 681 1515; x_wconf 86' lang='lat' dir='ltr'><strong>Patre</strong></span> <span class='ocrx_word' id='word_1_174' title='bbox 714 1464 947 1533; x_wconf 87' lang='lat' dir='ltr'><strong>procedit</strong></span> <span class='ocrx_word' id='word_1_175' title='bbox 974 1466 1043 1531; x_wconf 75' lang='lat'><strong>&quot;,</strong></span> <span class='ocrx_word' id='word_1_176' title='bbox 1074 1468 1306 1526; x_wconf 80' lang='lat' dir='ltr'><strong>fortasse</strong></span> <span class='ocrx_word' id='word_1_177' title='bbox 1341 1470 1611 1542; x_wconf 89' lang='lat' dir='ltr'><strong>Spiritum</strong></span> <span class='ocrx_word' id='word_1_178' title='bbox 1654 1475 1930 1546; x_wconf 82' lang='lat' dir='ltr'><strong>signiﬁcat</strong></span> <span class='ocrx_word' id='word_1_179' title='bbox 1957 1478 2099 1533; x_wconf 87' lang='lat' dir='ltr'><strong>seri-</strong></span> 
     </span>
    </p>
   </div>
   <div class='ocr_carea' id='block_1_28' title="bbox 2204 1459 3801 1555">
    <p class='ocr_par' dir='ltr' id='par_1_28' title="bbox 2204 1481 3801 1555">
     <span class='ocr_line' id='line_1_28' title="bbox 2204 1481 3801 1555; baseline -0.004 -14"><span class='ocrx_word' id='word_1_180' title='bbox 2204 1486 2356 1541; x_wconf 86' lang='lat' dir='ltr'><strong>Geon</strong></span> <span class='ocrx_word' id='word_1_181' title='bbox 2391 1504 2403 1540; x_wconf 89' lang='lat'><strong>:</strong></span> <span class='ocrx_word' id='word_1_182' title='bbox 2437 1482 2893 1555; x_wconf 86' lang='lat' dir='ltr'><strong>quandoquidem</strong></span> <span class='ocrx_word' id='word_1_183' title='bbox 2924 1481 3143 1537; x_wconf 79' lang='lat' dir='ltr'><strong>Marcus</strong></span> <span class='ocrx_word' id='word_1_184' title='bbox 3176 1498 3401 1552; x_wconf 85' lang='lat' dir='ltr'><strong>quoque</strong></span> <span class='ocrx_word' id='word_1_185' title='bbox 3454 1497 3580 1537; x_wconf 87' lang='lat' dir='ltr'><strong>cum</strong></span> <span class='ocrx_word' id='word_1_186' title='bbox 3614 1481 3801 1534; x_wconf 85' lang='lat' dir='ltr'><strong>Evan-</strong></span> 
     </span>
    </p>
   </div>
   <div class='ocr_carea' id='block_1_29' title="bbox 516 1554 3797 1649">
    <p class='ocr_par' dir='ltr' id='par_1_29' title="bbox 516 1554 3797 1649">
     <span class='ocr_line' id='line_1_29' title="bbox 516 1554 3797 1649; baseline 0.007 -43"><span class='ocrx_word' id='word_1_187' title='bbox 516 1560 644 1649; x_wconf 84' lang='lat' dir='ltr'><strong>ptor</strong></span> <span class='ocrx_word' id='word_1_188' title='bbox 674 1554 866 1611; x_wconf 89' lang='lat' dir='ltr'><strong>dicens</strong></span> <span class='ocrx_word' id='word_1_189' title='bbox 898 1576 910 1612; x_wconf 92' lang='lat'>:</span> <span class='ocrx_word' id='word_1_190' title='bbox 943 1558 1157 1630; x_wconf 79' lang='lat' dir='ltr'><strong>Fluvius</strong></span> <span class='ocrx_word' id='word_1_191' title='bbox 1183 1564 1450 1634; x_wconf 74' lang='lat' dir='ltr'><strong>egreditur</strong></span> <span class='ocrx_word' id='word_1_192' title='bbox 1476 1582 1538 1620; x_wconf 78' lang='lat' dir='ltr'><strong>ea:</strong></span> <span class='ocrx_word' id='word_1_193' title='bbox 1568 1566 1736 1622; x_wconf 87' lang='lat' dir='ltr'><strong>Edem</strong></span> <span class='ocrx_word' id='word_1_194' title='bbox 1768 1569 1839 1623; x_wconf 84' lang='lat' dir='ltr'><strong>ad</strong></span> <span class='ocrx_word' id='word_1_195' title='bbox 1868 1571 2104 1641; x_wconf 85' lang='lat' dir='ltr'><strong>irrigan-</strong></span> <span class='ocrx_word' id='word_1_196' title='bbox 2203 1578 2410 1649; x_wconf 69' lang='lat' dir='ltr'><strong>genum</strong></span> <span class='ocrx_word' id='word_1_197' title='bbox 2439 1554 2827 1634; x_wconf 39' lang='lat' dir='ltr'><strong>enuntiasset</strong></span> <span class='ocrx_word' id='word_1_198' title='bbox 2871 1574 3165 1645; x_wconf 72' lang='lat' dir='ltr'><strong>.Egyptiis,</strong></span> <span class='ocrx_word' id='word_1_199' title='bbox 3218 1574 3335 1629; x_wconf 85' lang='lat' dir='ltr'><strong>illic</strong></span> <span class='ocrx_word' id='word_1_200' title='bbox 3388 1589 3489 1644; x_wconf 89' lang='lat' dir='ltr'><strong>per</strong></span> <span class='ocrx_word' id='word_1_201' title='bbox 3520 1573 3797 1642; x_wconf 82' lang='lat' dir='ltr'><strong>Spiritum</strong></span> 
     </span>
    </p>
   </div>
   <div class='ocr_carea' id='block_1_30' title="bbox 516 1646 2106 1747">
    <p class='ocr_par' dir='ltr' id='par_1_30' title="bbox 516 1646 2105 1747">
     <span class='ocr_line' id='line_1_30' title="bbox 516 1646 2105 1747; baseline 0.012 -50"><span class='ocrx_word' id='word_1_202' title='bbox 516 1646 647 1747; x_wconf 61' lang='lat' dir='ltr'><strong>dum</strong></span> <span class='ocrx_word' id='word_1_203' title='bbox 667 1649 978 1734; x_wconf 75' lang='lat' dir='ltr'><strong>paradisum</strong></span> <span class='ocrx_word' id='word_1_204' title='bbox 1009 1652 1289 1710; x_wconf 56' lang='lat' dir='ltr'><strong>Ecclesia.</strong></span> <span class='ocrx_word' id='word_1_205' title='bbox 1324 1656 1460 1713; x_wconf 80' lang='lat' dir='ltr'><strong>Nam</strong></span> <span class='ocrx_word' id='word_1_206' title='bbox 1489 1657 1646 1727; x_wconf 79' lang='lat' dir='ltr'><strong>illud,</strong></span> <span class='ocrx_word' id='word_1_207' title='bbox 1692 1658 2001 1731; x_wconf 80' lang='lat' dir='ltr'><strong>Egreditur,</strong></span> <span class='ocrx_word' id='word_1_208' title='bbox 2030 1662 2105 1716; x_wconf 86' lang='lat' dir='ltr'><strong>si-</strong></span> 
     </span>
    </p>
   </div>
   <div class='ocr_carea' id='block_1_31' title="bbox 2204 1646 3799 1747">
    <p class='ocr_par' dir='ltr' id='par_1_31' title="bbox 2204 1646 3799 1736">
     <span class='ocr_line' id='line_1_31' title="bbox 2204 1646 3799 1736; baseline -0.005 -11"><span class='ocrx_word' id='word_1_209' title='bbox 2204 1646 2436 1725; x_wconf 86' lang='lat' dir='ltr'><strong>ﬂuvium</strong></span> <span class='ocrx_word' id='word_1_210' title='bbox 2482 1685 2552 1723; x_wconf 81' lang='lat' dir='ltr'><strong>ex</strong></span> <span class='ocrx_word' id='word_1_211' title='bbox 2596 1677 2792 1723; x_wconf 82' lang='lat' dir='ltr'><strong>ventre</strong></span> <span class='ocrx_word' id='word_1_212' title='bbox 2830 1669 2951 1736; x_wconf 85' lang='lat' dir='ltr'><strong>ejus</strong></span> <span class='ocrx_word' id='word_1_213' title='bbox 3005 1673 3222 1719; x_wconf 88' lang='lat' dir='ltr'><strong>scatere</strong></span> <span class='ocrx_word' id='word_1_214' title='bbox 3270 1664 3610 1733; x_wconf 70' lang='lat' dir='ltr'><strong>fecit‘aquae</strong></span> <span class='ocrx_word' id='word_1_215' title='bbox 3652 1662 3799 1717; x_wconf 76' lang='lat' dir='ltr'><strong>viva:</strong></span> 
     </span>
    </p>
   </div>
   <div class='ocr_carea' id='block_1_32' title="bbox 514 1735 2106 1831">
    <p class='ocr_par' dir='ltr' id='par_1_32' title="bbox 514 1735 2097 1831">
     <span class='ocr_line' id='line_1_32' title="bbox 514 1735 2097 1831; baseline 0.009 -43"><span class='ocrx_word' id='word_1_216' title='bbox 514 1735 741 1831; x_wconf 68' lang='lat' dir='ltr'><strong>gniﬁcat</strong></span> <span class='ocrx_word' id='word_1_217' title='bbox 781 1743 1188 1810; x_wconf 87' lang='lat' dir='ltr'><strong>perennitatem</strong></span> <span class='ocrx_word' id='word_1_218' title='bbox 1218 1785 1232 1811; x_wconf 91' lang='lat'><strong>,</strong></span> <span class='ocrx_word' id='word_1_219' title='bbox 1280 1753 1337 1800; x_wconf 92' lang='lat' dir='ltr'><strong>et</strong></span> <span class='ocrx_word' id='word_1_220' title='bbox 1384 1747 1589 1803; x_wconf 91' lang='lat' dir='ltr'><strong>nullam</strong></span> <span class='ocrx_word' id='word_1_221' title='bbox 1646 1763 1768 1804; x_wconf 90' lang='lat' dir='ltr'><strong>esse</strong></span> <span class='ocrx_word' id='word_1_222' title='bbox 1828 1750 2097 1819; x_wconf 86' lang='lat' dir='ltr'><strong>quietem.</strong></span> 
     </span>
    </p>
   </div>
   <div class='ocr_carea' id='block_1_33' title="bbox 2204 1735 3792 1831">
    <p class='ocr_par' dir='ltr' id='par_1_33' title="bbox 2204 1735 3792 1831">
     <span class='ocr_line' id='line_1_33' title="bbox 2204 1735 3792 1831; baseline -0.006 -15"><span class='ocrx_word' id='word_1_223' title='bbox 2204 1759 2637 1831; x_wconf 78' lang='lat' dir='ltr'><strong>praedicationis.</strong></span> <span class='ocrx_word' id='word_1_224' title='bbox 2667 1735 2891 1814; x_wconf 85' lang='lat' dir='ltr'><strong>Tertius</strong></span> <span class='ocrx_word' id='word_1_225' title='bbox 2921 1757 3121 1820; x_wconf 83' lang='lat' dir='ltr'><strong>Lucas,</strong></span> <span class='ocrx_word' id='word_1_226' title='bbox 3154 1754 3250 1825; x_wconf 89' lang='lat' dir='ltr'><strong>qui</strong></span> <span class='ocrx_word' id='word_1_227' title='bbox 3286 1762 3521 1809; x_wconf 85' lang='lat' dir='ltr'><strong>vocatur</strong></span> <span class='ocrx_word' id='word_1_228' title='bbox 3565 1753 3792 1824; x_wconf 79' lang='lat' dir='ltr'><strong>Tygris,</strong></span> 
     </span>
    </p>
   </div>
   <div class='ocr_carea' id='block_1_34' title="bbox 515 1826 2098 1908">
    <p class='ocr_par' dir='ltr' id='par_1_34' title="bbox 515 1826 2098 1908">
     <span class='ocr_line' id='line_1_34' title="bbox 515 1826 2098 1908; baseline 0.012 -28"><span class='ocrx_word' id='word_1_229' title='bbox 515 1826 674 1894; x_wconf 82' lang='lat' dir='ltr'><strong>Quod</strong></span> <span class='ocrx_word' id='word_1_230' title='bbox 701 1831 925 1900; x_wconf 86' lang='lat' dir='ltr'><strong>quidem</strong></span> <span class='ocrx_word' id='word_1_231' title='bbox 954 1835 1115 1890; x_wconf 90' lang='lat' dir='ltr'><strong>nobis</strong></span> <span class='ocrx_word' id='word_1_232' title='bbox 1145 1853 1342 1893; x_wconf 90' lang='lat' dir='ltr'><strong>rursus</strong></span> <span class='ocrx_word' id='word_1_233' title='bbox 1385 1838 1504 1908; x_wconf 88' lang='lat' dir='ltr'><strong>ipse</strong></span> <span class='ocrx_word' id='word_1_234' title='bbox 1545 1840 1812 1897; x_wconf 90' lang='lat' dir='ltr'><strong>Dominus</strong></span> <span class='ocrx_word' id='word_1_235' title='bbox 1842 1840 2098 1899; x_wconf 85' lang='lat' dir='ltr'><strong>Christus</strong></span> 
     </span>
    </p>
   </div>
   <div class='ocr_carea' id='block_1_35' title="bbox 514 1921 2095 2006">
    <p class='ocr_par' dir='ltr' id='par_1_35' title="bbox 514 1921 2095 2006">
     <span class='ocr_line' id='line_1_35' title="bbox 514 1921 2095 2006; baseline 0.009 -32"><span class='ocrx_word' id='word_1_236' title='bbox 514 1921 770 1989; x_wconf 85' lang='lat' dir='ltr'><strong>promisit</strong></span> <span class='ocrx_word' id='word_1_237' title='bbox 794 1924 985 1982; x_wconf 88' lang='lat' dir='ltr'><strong>dicens</strong></span> <span class='ocrx_word' id='word_1_238' title='bbox 1013 1945 1024 1979; x_wconf 92' lang='lat'>:</span> <span class='ocrx_word' id='word_1_239' title='bbox 1052 1926 1110 1982; x_wconf 90' lang='lat' dir='ltr'><strong>Si</strong></span> <span class='ocrx_word' id='word_1_240' title='bbox 1134 1930 1310 1986; x_wconf 85' lang='lat' dir='ltr'><strong>abiero</strong></span> <span class='ocrx_word' id='word_1_241' title='bbox 1343 1932 1416 1987; x_wconf 81' lang='lat' dir='ltr'><strong>ad</strong></span> <span class='ocrx_word' id='word_1_242' title='bbox 1452 1931 1694 2001; x_wconf 85' lang='lat' dir='ltr'><strong>Patrem,</strong></span> <span class='ocrx_word' id='word_1_243' title='bbox 1732 1935 1928 2006; x_wconf 84' lang='lat' dir='ltr'><strong>rogabo</strong></span> <span class='ocrx_word' id='word_1_244' title='bbox 1952 1951 2095 2003; x_wconf 83' lang='lat' dir='ltr'><strong>eum,</strong></span> 
     </span>
    </p>
   </div>
   <div class='ocr_carea' id='block_1_36' title="bbox 516 2014 2096 2095">
    <p class='ocr_par' dir='ltr' id='par_1_36' title="bbox 516 2014 2096 2095">
     <span class='ocr_line' id='line_1_36' title="bbox 516 2014 2096 2095; baseline 0.01 -29"><span class='ocrx_word' id='word_1_245' title='bbox 516 2023 567 2066; x_wconf 85' lang='lat' dir='ltr'><strong>et</strong></span> <span class='ocrx_word' id='word_1_246' title='bbox 601 2014 1122 2075; x_wconf 80' lang='lat' dir='ltr'><strong>aliumParacletum</strong></span> <span class='ocrx_word' id='word_1_247' title='bbox 1143 2024 1357 2077; x_wconf 85' lang='lat' dir='ltr'><strong>mittam</strong></span> <span class='ocrx_word' id='word_1_248' title='bbox 1393 2025 1533 2081; x_wconf 80' lang='lat' dir='ltr'><strong>vobis</strong></span> <span class='ocrx_word' id='word_1_249' title='bbox 1565 2023 1830 2095; x_wconf 84' lang='lat' dir='ltr'><strong>Spiritum</strong></span> <span class='ocrx_word' id='word_1_250' title='bbox 1856 2028 2096 2082; x_wconf 81' lang='lat' dir='ltr'><strong>veritatis</strong></span> 
     </span>
    </p>
   </div>
   <div class='ocr_carea' id='block_1_37' title="bbox 514 2112 2097 2185">
    <p class='ocr_par' dir='ltr' id='par_1_37' title="bbox 514 2112 2097 2185">
     <span class='ocr_line' id='line_1_37' title="bbox 514 2112 2097 2185; baseline 0.011 -28"><span class='ocrx_word' id='word_1_251' title='bbox 514 2113 574 2157; x_wconf 88' lang='lat' dir='ltr'><strong>ut</strong></span> <span class='ocrx_word' id='word_1_252' title='bbox 606 2119 821 2162; x_wconf 87' lang='lat' dir='ltr'><strong>maneat</strong></span> <span class='ocrx_word' id='word_1_253' title='bbox 868 2112 1129 2169; x_wconf 83' lang='lat' dir='ltr'><strong>vobiscum</strong></span> <span class='ocrx_word' id='word_1_254' title='bbox 1159 2116 1214 2169; x_wconf 86' lang='lat' dir='ltr'><strong>in</strong></span> <span class='ocrx_word' id='word_1_255' title='bbox 1243 2124 1502 2170; x_wconf 78' lang='lat' dir='ltr'><strong>wternum</strong></span> <span class='ocrx_word' id='word_1_256' title='bbox 1542 2117 1608 2171; x_wconf 78' lang='grc'><strong>⁸⁵.</strong></span> <span class='ocrx_word' id='word_1_257' title='bbox 1656 2118 1813 2185; x_wconf 85' lang='lat' dir='ltr'><strong>Quod</strong></span> <span class='ocrx_word' id='word_1_258' title='bbox 1849 2120 1897 2174; x_wconf 90' lang='lat' dir='ltr'><strong>si</strong></span> <span class='ocrx_word' id='word_1_259' title='bbox 1928 2121 2097 2175; x_wconf 87' lang='lat' dir='ltr'><strong>etiam</strong></span> 
     </span>
    </p>
   </div>
   <div class='ocr_carea' id='block_1_38' title="bbox 482 2198 2097 2282">
    <p class='ocr_par' dir='ltr' id='par_1_38' title="bbox 482 2198 2097 2282">
     <span class='ocr_line' id='line_1_38' title="bbox 482 2198 2097 2282; baseline 0.011 -32"><span class='ocrx_word' id='word_1_260' title='bbox 482 2214 487 2226; x_wconf 66' lang='grc' dir='ltr'><strong>ι</strong></span> <span class='ocrx_word' id='word_1_261' title='bbox 514 2198 720 2264; x_wconf 70' lang='lat' dir='ltr'><strong>quaeris</strong></span> <span class='ocrx_word' id='word_1_262' title='bbox 753 2209 995 2269; x_wconf 88' lang='lat' dir='ltr'><strong>quatuor</strong></span> <span class='ocrx_word' id='word_1_263' title='bbox 1047 2204 1205 2260; x_wconf 89' lang='lat' dir='ltr'><strong>initia</strong></span> <span class='ocrx_word' id='word_1_264' title='bbox 1258 2205 1683 2263; x_wconf 89' lang='lat' dir='ltr'><strong>illuminationis</strong></span> <span class='ocrx_word' id='word_1_265' title='bbox 1712 2211 1891 2265; x_wconf 88' lang='lat' dir='ltr'><strong>sancti</strong></span> <span class='ocrx_word' id='word_1_266' title='bbox 1921 2211 2097 2282; x_wconf 87' lang='lat' dir='ltr'><strong>Spiri-</strong></span> 
     </span>
    </p>
   </div>
   <div class='ocr_carea' id='block_1_39' title="bbox 513 2291 2098 2375">
    <p class='ocr_par' dir='ltr' id='par_1_39' title="bbox 513 2291 2098 2375">
     <span class='ocr_line' id='line_1_39' title="bbox 513 2291 2098 2375; baseline 0.011 -34"><span class='ocrx_word' id='word_1_267' title='bbox 513 2298 627 2352; x_wconf 85' lang='lat' dir='ltr'><strong>tus,</strong></span> <span class='ocrx_word' id='word_1_268' title='bbox 663 2291 805 2346; x_wconf 89' lang='lat' dir='ltr'><strong>scias</strong></span> <span class='ocrx_word' id='word_1_269' title='bbox 830 2308 957 2347; x_wconf 89' lang='lat' dir='ltr'><strong>eum</strong></span> <span class='ocrx_word' id='word_1_270' title='bbox 1004 2311 1128 2351; x_wconf 80' lang='lat' dir='ltr'><strong>esse</strong></span> <span class='ocrx_word' id='word_1_271' title='bbox 1182 2298 1277 2367; x_wconf 78' lang='lat' dir='ltr'><strong>qui</strong></span> <span class='ocrx_word' id='word_1_272' title='bbox 1327 2306 1413 2355; x_wconf 87' lang='lat' dir='ltr'><strong>est</strong></span> <span class='ocrx_word' id='word_1_273' title='bbox 1447 2299 1669 2355; x_wconf 89' lang='lat' dir='ltr'><strong>locutus</strong></span> <span class='ocrx_word' id='word_1_274' title='bbox 1710 2298 1766 2355; x_wconf 90' lang='lat' dir='ltr'><strong>in</strong></span> <span class='ocrx_word' id='word_1_275' title='bbox 1803 2301 1968 2372; x_wconf 89' lang='lat' dir='ltr'><strong>justis</strong></span> <span class='ocrx_word' id='word_1_276' title='bbox 2001 2305 2098 2375; x_wconf 84' lang='lat' dir='ltr'><strong>qui</strong></span> 
     </span>
    </p>
   </div>
   <div class='ocr_carea' id='block_1_40' title="bbox 513 2380 2102 2467">
    <p class='ocr_par' dir='ltr' id='par_1_40' title="bbox 513 2380 2102 2467">
     <span class='ocr_line' id='line_1_40' title="bbox 513 2380 2102 2467; baseline 0.012 -32"><span class='ocrx_word' id='word_1_277' title='bbox 513 2380 745 2439; x_wconf 81' lang='lat' dir='ltr'><strong>fuerunt</strong></span> <span class='ocrx_word' id='word_1_278' title='bbox 778 2394 908 2442; x_wconf 90' lang='lat' dir='ltr'><strong>ante</strong></span> <span class='ocrx_word' id='word_1_279' title='bbox 943 2389 1144 2459; x_wconf 84' lang='lat' dir='ltr'><strong>legem.</strong></span> <span class='ocrx_word' id='word_1_280' title='bbox 1175 2406 1241 2444; x_wconf 79' lang='lat' dir='ltr'><strong>ex</strong></span> <span class='ocrx_word' id='word_1_281' title='bbox 1275 2391 1480 2461; x_wconf 85' lang='lat' dir='ltr'><strong>quibus</strong></span> <span class='ocrx_word' id='word_1_282' title='bbox 1505 2401 1624 2449; x_wconf 87' lang='lat' dir='ltr'><strong>erat</strong></span> <span class='ocrx_word' id='word_1_283' title='bbox 1652 2394 1743 2450; x_wconf 90' lang='lat' dir='ltr'><strong>ille</strong></span> <span class='ocrx_word' id='word_1_284' title='bbox 1768 2409 1990 2466; x_wconf 83' lang='lat' dir='ltr'><strong>quoque</strong></span> <span class='ocrx_word' id='word_1_285' title='bbox 2005 2398 2102 2467; x_wconf 88' lang='lat' dir='ltr'><strong>qui</strong></span> 
     </span>
    </p>
   </div>
   <div class='ocr_carea' id='block_1_41' title="bbox 515 2475 2102 2555">
    <p class='ocr_par' dir='ltr' id='par_1_41' title="bbox 515 2475 2102 2555">
     <span class='ocr_line' id='line_1_41' title="bbox 515 2475 2102 2555; baseline 0.013 -29"><span class='ocrx_word' id='word_1_286' title='bbox 515 2475 737 2533; x_wconf 69' lang='lat' dir='ltr'><strong>«licebat</strong></span> <span class='ocrx_word' id='word_1_287' title='bbox 764 2497 777 2532; x_wconf 90' lang='lat'>:</span> <span class='ocrx_word' id='word_1_288' title='bbox 808 2478 1039 2551; x_wconf 87' lang='lat' dir='ltr'><strong>Spiritus</strong></span> <span class='ocrx_word' id='word_1_289' title='bbox 1065 2483 1272 2541; x_wconf 77' lang='lat' dir='ltr'><strong>divinus</strong></span> <span class='ocrx_word' id='word_1_290' title='bbox 1300 2487 1391 2555; x_wconf 82' lang='lat' dir='ltr'><strong>qui</strong></span> <span class='ocrx_word' id='word_1_291' title='bbox 1433 2485 1675 2541; x_wconf 84' lang='lat' dir='ltr'><strong>abundat</strong></span> <span class='ocrx_word' id='word_1_292' title='bbox 1723 2488 1889 2545; x_wconf 85' lang='lat' dir='ltr'><strong>nobis</strong></span> <span class='ocrx_word' id='word_1_293' title='bbox 1915 2490 1971 2544; x_wconf 86' lang='lat' dir='ltr'><strong>in</strong></span> <span class='ocrx_word' id='word_1_294' title='bbox 2005 2506 2102 2546; x_wconf 88' lang='lat' dir='ltr'><strong>na-</strong></span> 
     </span>
    </p>
   </div>
   <div class='ocr_carea' id='block_1_42' title="bbox 515 2568 2099 2659">
    <p class='ocr_par' dir='ltr' id='par_1_42' title="bbox 515 2568 2099 2659">
     <span class='ocr_line' id='line_1_42' title="bbox 515 2568 2099 2659; baseline 0.009 -38"><span class='ocrx_word' id='word_1_295' title='bbox 515 2568 691 2633; x_wconf 87' lang='lat' dir='ltr'><strong>ribus,</strong></span> <span class='ocrx_word' id='word_1_296' title='bbox 748 2570 910 2627; x_wconf 88' lang='lat' dir='ltr'><strong>ﬂatus</strong></span> <span class='ocrx_word' id='word_1_297' title='bbox 952 2584 1138 2630; x_wconf 90' lang='lat' dir='ltr'><strong>autem</strong></span> <span class='ocrx_word' id='word_1_298' title='bbox 1182 2575 1594 2648; x_wconf 85' lang='lat' dir='ltr'><strong>Omnipotentis</strong></span> <span class='ocrx_word' id='word_1_299' title='bbox 1644 2581 1741 2651; x_wconf 88' lang='lat' dir='ltr'><strong>qui</strong></span> <span class='ocrx_word' id='word_1_300' title='bbox 1788 2596 1876 2659; x_wconf 81' lang='lat' dir='ltr'><strong>me</strong></span> <span class='ocrx_word' id='word_1_301' title='bbox 1917 2581 2099 2636; x_wconf 91' lang='lat' dir='ltr'><strong>docet.</strong></span> 
     </span>
    </p>
   </div>
   <div class='ocr_carea' id='block_1_43' title="bbox 516 2662 2124 2742">
    <p class='ocr_par' dir='ltr' id='par_1_43' title="bbox 516 2662 2124 2742">
     <span class='ocr_line' id='line_1_43' title="bbox 516 2662 2124 2742; baseline 0.009 -27"><span class='ocrx_word' id='word_1_302' title='bbox 516 2662 787 2718; x_wconf 85' lang='lat' dir='ltr'><strong>Similiter</strong></span> <span class='ocrx_word' id='word_1_303' title='bbox 806 2666 1112 2721; x_wconf 89' lang='lat' dir='ltr'><strong>secundum</strong></span> <span class='ocrx_word' id='word_1_304' title='bbox 1134 2684 1357 2740; x_wconf 77' lang='lat' dir='ltr'><strong>quoque</strong></span> <span class='ocrx_word' id='word_1_305' title='bbox 1385 2670 1442 2725; x_wconf 91' lang='lat' dir='ltr'><strong>in</strong></span> <span class='ocrx_word' id='word_1_306' title='bbox 1463 2670 1583 2742; x_wconf 79' lang='lat' dir='ltr'><strong>lege</strong></span> <span class='ocrx_word' id='word_1_307' title='bbox 1610 2689 1622 2723; x_wconf 92' lang='lat'><strong>:</strong></span> <span class='ocrx_word' id='word_1_308' title='bbox 1668 2673 1894 2729; x_wconf 86' lang='lat' dir='ltr'><strong>tertium</strong></span> <span class='ocrx_word' id='word_1_309' title='bbox 1916 2680 2124 2729; x_wconf 76' lang='lat' dir='ltr'><strong>adtem‘</strong></span> 
     </span>
    </p>
   </div>
   <div class='ocr_carea' id='block_1_44' title="bbox 516 2752 2107 2837">
    <p class='ocr_par' dir='ltr' id='par_1_44' title="bbox 516 2752 2107 2837">
     <span class='ocr_line' id='line_1_44' title="bbox 516 2752 2107 2837; baseline 0.009 -31"><span class='ocrx_word' id='word_1_310' title='bbox 516 2752 575 2806; x_wconf 90' lang='lat' dir='ltr'><strong>in</strong></span> <span class='ocrx_word' id='word_1_311' title='bbox 604 2754 894 2827; x_wconf 81' lang='lat' dir='ltr'><strong>prOpbctis</strong></span> <span class='ocrx_word' id='word_1_312' title='bbox 925 2777 936 2811; x_wconf 87' lang='lat'><strong>:</strong></span> <span class='ocrx_word' id='word_1_313' title='bbox 983 2757 1185 2815; x_wconf 78' lang='lat' dir='ltr'><strong>deinde</strong></span> <span class='ocrx_word' id='word_1_314' title='bbox 1226 2761 1394 2819; x_wconf 86' lang='lat' dir='ltr'><strong>etiam</strong></span> <span class='ocrx_word' id='word_1_315' title='bbox 1420 2771 1622 2832; x_wconf 87' lang='lat' dir='ltr'><strong>quarto</strong></span> <span class='ocrx_word' id='word_1_316' title='bbox 1647 2765 1845 2820; x_wconf 87' lang='lat' dir='ltr'><strong>ordine</strong></span> <span class='ocrx_word' id='word_1_317' title='bbox 1874 2766 1933 2820; x_wconf 91' lang='lat' dir='ltr'><strong>in</strong></span> <span class='ocrx_word' id='word_1_318' title='bbox 1964 2782 2107 2837; x_wconf 84' lang='lat' dir='ltr'><strong>qua-</strong></span> 
     </span>
    </p>
   </div>
   <div class='ocr_carea' id='block_1_45' title="bbox 516 2844 2103 2924">
    <p class='ocr_par' dir='ltr' id='par_1_45' title="bbox 516 2844 2103 2924">
     <span class='ocr_line' id='line_1_45' title="bbox 516 2844 2103 2924; baseline 0.007 -26"><span class='ocrx_word' id='word_1_319' title='bbox 516 2853 646 2902; x_wconf 87' lang='lat' dir='ltr'><strong>tuor</strong></span> <span class='ocrx_word' id='word_1_320' title='bbox 671 2844 856 2901; x_wconf 90' lang='lat' dir='ltr'><strong>ﬂuviis</strong></span> <span class='ocrx_word' id='word_1_321' title='bbox 884 2850 1371 2919; x_wconf 82' lang='lat' dir='ltr'><strong>cvangelistarum.</strong></span> <span class='ocrx_word' id='word_1_322' title='bbox 1402 2852 1540 2917; x_wconf 88' lang='lat' dir='ltr'><strong>Nam</strong></span> <span class='ocrx_word' id='word_1_323' title='bbox 1569 2853 1861 2912; x_wconf 77' lang='lat' dir='ltr'><strong>Matthqu</strong></span> <span class='ocrx_word' id='word_1_324' title='bbox 1877 2855 2103 2924; x_wconf 87' lang='lat' dir='ltr'><strong>quidem</strong></span> 
     </span>
    </p>
   </div>
   <div class='ocr_carea' id='block_1_46' title="bbox 1800 3017 2370 3031">
    <p class='ocr_par' dir='ltr' id='par_1_46' title="bbox 1800 3017 2370 3031">
     <span class='ocr_line' id='line_1_46' title="bbox 1800 3017 2370 3031; baseline 0.011 -6"><span class='ocrx_word' id='word_1_325' title='bbox 1800 3017 2305 3030; x_wconf 56' lang='grc' dir='ltr'><strong>,π-ιο--ο-*ἢι-,ια</strong></span> <span class='ocrx_word' id='word_1_326' title='bbox 2315 3020 2370 3031; x_wconf 65' lang='lat' dir='ltr'><strong>a-</strong></span> 
     </span>
    </p>
   </div>
   <div class='ocr_carea' id='block_1_47' title="bbox 2200 1836 3799 1922">
    <p class='ocr_par' dir='ltr' id='par_1_47' title="bbox 2200 1836 3799 1922">
     <span class='ocr_line' id='line_1_47' title="bbox 2200 1836 3799 1922; baseline -0.006 -15"><span class='ocrx_word' id='word_1_327' title='bbox 2200 1851 2296 1922; x_wconf 90' lang='lat' dir='ltr'><strong>qui</strong></span> <span class='ocrx_word' id='word_1_328' title='bbox 2316 1850 2543 1921; x_wconf 82' lang='lat' dir='ltr'><strong>quidem</strong></span> <span class='ocrx_word' id='word_1_329' title='bbox 2565 1836 2966 1920; x_wconf 84' lang='lat' dir='ltr'><strong>interpretatur</strong></span> <span class='ocrx_word' id='word_1_330' title='bbox 2979 1848 3166 1903; x_wconf 82' lang='lat' dir='ltr'><strong>Latus.</strong></span> <span class='ocrx_word' id='word_1_331' title='bbox 3184 1846 3328 1913; x_wconf 86' lang='lat' dir='ltr'><strong>Quid</strong></span> <span class='ocrx_word' id='word_1_332' title='bbox 3355 1845 3506 1901; x_wconf 79' lang='lat' dir='ltr'><strong>enim</strong></span> <span class='ocrx_word' id='word_1_333' title='bbox 3530 1846 3586 1899; x_wconf 91' lang='lat' dir='ltr'><strong>in</strong></span> <span class='ocrx_word' id='word_1_334' title='bbox 3610 1845 3799 1898; x_wconf 83' lang='lat' dir='ltr'><strong>Evan-</strong></span> 
     </span>
    </p>
   </div>
   <div class='ocr_carea' id='block_1_48' title="bbox 2203 1937 3796 2016">
    <p class='ocr_par' dir='ltr' id='par_1_48' title="bbox 2203 1937 3796 2016">
     <span class='ocr_line' id='line_1_48' title="bbox 2203 1937 3796 2016; baseline -0.006 -16"><span class='ocrx_word' id='word_1_335' title='bbox 2203 1946 2363 2016; x_wconf 90' lang='lat' dir='ltr'><strong>geliis</strong></span> <span class='ocrx_word' id='word_1_336' title='bbox 2385 1946 2553 2001; x_wconf 88' lang='lat' dir='ltr'><strong>latius</strong></span> <span class='ocrx_word' id='word_1_337' title='bbox 2572 1951 2672 1999; x_wconf 88' lang='lat' dir='ltr'><strong>aut</strong></span> <span class='ocrx_word' id='word_1_338' title='bbox 2686 1943 2860 1998; x_wconf 88' lang='lat' dir='ltr'><strong>ditius</strong></span> <span class='ocrx_word' id='word_1_339' title='bbox 2890 1941 3189 2012; x_wconf 82' lang='lat' dir='ltr'><strong>Evangelia</strong></span> <span class='ocrx_word' id='word_1_340' title='bbox 3223 1939 3530 1995; x_wconf 87' lang='lat' dir='ltr'><strong>secundum</strong></span> <span class='ocrx_word' id='word_1_341' title='bbox 3554 1937 3796 1992; x_wconf 78' lang='lat' dir='ltr'><strong>Lucam?</strong></span> 
     </span>
    </p>
   </div>
   <div class='ocr_carea' id='block_1_49' title="bbox 2199 2030 3792 2106">
    <p class='ocr_par' dir='ltr' id='par_1_49' title="bbox 2199 2030 3792 2106">
     <span class='ocr_line' id='line_1_49' title="bbox 2199 2030 3792 2106; baseline -0.007 -13"><span class='ocrx_word' id='word_1_342' title='bbox 2199 2038 2338 2094; x_wconf 83' lang='lat' dir='ltr'><strong>Nam</strong></span> <span class='ocrx_word' id='word_1_343' title='bbox 2367 2053 2495 2094; x_wconf 86' lang='lat' dir='ltr'><strong>cum</strong></span> <span class='ocrx_word' id='word_1_344' title='bbox 2519 2036 2674 2092; x_wconf 83' lang='lat' dir='ltr'><strong>Pauli</strong></span> <span class='ocrx_word' id='word_1_345' title='bbox 2704 2036 3026 2106; x_wconf 84' lang='lat' dir='ltr'><strong>dogmatum</strong></span> <span class='ocrx_word' id='word_1_346' title='bbox 3043 2033 3430 2089; x_wconf 76' lang='lat' dir='ltr'><strong>fontis&#39;fuisset</strong></span> <span class='ocrx_word' id='word_1_347' title='bbox 3449 2030 3792 2105; x_wconf 78' lang='lat' dir='ltr'><strong>discipulus,</strong></span> 
     </span>
    </p>
   </div>
   <div class='ocr_carea' id='block_1_50' title="bbox 2201 2121 3800 2200">
    <p class='ocr_par' dir='ltr' id='par_1_50' title="bbox 2201 2121 3800 2200">
     <span class='ocr_line' id='line_1_50' title="bbox 2201 2121 3800 2200; baseline -0.008 -14"><span class='ocrx_word' id='word_1_348' title='bbox 2201 2142 2369 2200; x_wconf 82' lang='lat' dir='ltr'><strong>super</strong></span> <span class='ocrx_word' id='word_1_349' title='bbox 2388 2130 2630 2185; x_wconf 89' lang='lat' dir='ltr'><strong>ﬂuvialia</strong></span> <span class='ocrx_word' id='word_1_350' title='bbox 2652 2129 2867 2200; x_wconf 83' lang='lat' dir='ltr'><strong>ﬂuenta</strong></span> <span class='ocrx_word' id='word_1_351' title='bbox 2893 2144 2961 2183; x_wconf 77' lang='lat' dir='ltr'><strong>ex</strong></span> <span class='ocrx_word' id='word_1_352' title='bbox 2977 2125 3133 2181; x_wconf 89' lang='lat' dir='ltr'><strong>Pauli</strong></span> <span class='ocrx_word' id='word_1_353' title='bbox 3151 2126 3288 2181; x_wconf 84' lang='lat' dir='ltr'><strong>rivis</strong></span> <span class='ocrx_word' id='word_1_354' title='bbox 3317 2123 3595 2180; x_wconf 90' lang='lat' dir='ltr'><strong>scaturiit.</strong></span> <span class='ocrx_word' id='word_1_355' title='bbox 3620 2121 3800 2187; x_wconf 81' lang='lat' dir='ltr'><strong>Quar-</strong></span> 
     </span>
    </p>
   </div>
   <div class='ocr_carea' id='block_1_51' title="bbox 2203 2212 3797 2288">
    <p class='ocr_par' dir='ltr' id='par_1_51' title="bbox 2203 2212 3797 2288">
     <span class='ocr_line' id='line_1_51' title="bbox 2203 2212 3797 2288; baseline -0.004 -12"><span class='ocrx_word' id='word_1_356' title='bbox 2203 2230 2295 2276; x_wconf 87' lang='lat' dir='ltr'><strong>tus</strong></span> <span class='ocrx_word' id='word_1_357' title='bbox 2322 2221 2565 2276; x_wconf 82' lang='lat' dir='ltr'><strong>Joannes</strong></span> <span class='ocrx_word' id='word_1_358' title='bbox 2593 2219 2854 2283; x_wconf 89' lang='lat' dir='ltr'><strong>dilectus,</strong></span> <span class='ocrx_word' id='word_1_359' title='bbox 2886 2235 3052 2283; x_wconf 80' lang='lat' dir='ltr'><strong>supra</strong></span> <span class='ocrx_word' id='word_1_360' title='bbox 3099 2215 3649 2288; x_wconf 65' lang='lat' dir='ltr'><strong>pwtheeumbens</strong></span> <span class='ocrx_word' id='word_1_361' title='bbox 3717 2212 3797 2277; x_wconf 78' lang='grc'><strong>⁸⁸,</strong></span> 
     </span>
    </p>
   </div>
   <div class='ocr_carea' id='block_1_52' title="bbox 2202 2306 3797 2384">
    <p class='ocr_par' dir='ltr' id='par_1_52' title="bbox 2202 2306 3797 2384">
     <span class='ocr_line' id='line_1_52' title="bbox 2202 2306 3797 2384; baseline -0.005 -16"><span class='ocrx_word' id='word_1_362' title='bbox 2202 2313 2301 2384; x_wconf 90' lang='lat' dir='ltr'><strong>qui</strong></span> <span class='ocrx_word' id='word_1_363' title='bbox 2334 2328 2462 2368; x_wconf 90' lang='lat' dir='ltr'><strong>cum</strong></span> <span class='ocrx_word' id='word_1_364' title='bbox 2496 2328 2663 2382; x_wconf 89' lang='lat' dir='ltr'><strong>supra</strong></span> <span class='ocrx_word' id='word_1_365' title='bbox 2692 2310 2860 2366; x_wconf 88' lang='lat' dir='ltr'><strong>Lucis</strong></span> <span class='ocrx_word' id='word_1_366' title='bbox 2898 2318 3094 2380; x_wconf 87' lang='lat' dir='ltr'><strong>pectus</strong></span> <span class='ocrx_word' id='word_1_367' title='bbox 3120 2308 3466 2373; x_wconf 84' lang='lat' dir='ltr'><strong>recubuerit,</strong></span> <span class='ocrx_word' id='word_1_368' title='bbox 3500 2306 3664 2362; x_wconf 87' lang='lat' dir='ltr'><strong>nobis</strong></span> <span class='ocrx_word' id='word_1_369' title='bbox 3689 2321 3797 2360; x_wconf 84' lang='lat' dir='ltr'><strong>an-</strong></span> 
     </span>
    </p>
   </div>
   <div class='ocr_carea' id='block_1_53' title="bbox 2206 2398 3797 2477">
    <p class='ocr_par' dir='ltr' id='par_1_53' title="bbox 2206 2398 3797 2477">
     <span class='ocr_line' id='line_1_53' title="bbox 2206 2398 3797 2477; baseline -0.006 -16"><span class='ocrx_word' id='word_1_370' title='bbox 2206 2405 2490 2461; x_wconf 86' lang='lat' dir='ltr'><strong>nuntiavit</strong></span> <span class='ocrx_word' id='word_1_371' title='bbox 2521 2420 2553 2460; x_wconf 91' lang='lat' dir='ltr'><strong>a</strong></span> <span class='ocrx_word' id='word_1_372' title='bbox 2586 2404 2805 2477; x_wconf 76' lang='lat' dir='ltr'><strong>superis</strong></span> <span class='ocrx_word' id='word_1_373' title='bbox 2842 2403 3045 2458; x_wconf 78' lang='lat' dir='ltr'><strong>factam</strong></span> <span class='ocrx_word' id='word_1_374' title='bbox 3073 2402 3144 2457; x_wconf 90' lang='lat' dir='ltr'><strong>ab</strong></span> <span class='ocrx_word' id='word_1_375' title='bbox 3175 2401 3296 2471; x_wconf 90' lang='lat' dir='ltr'><strong>ipso</strong></span> <span class='ocrx_word' id='word_1_376' title='bbox 3333 2402 3497 2455; x_wconf 88' lang='lat' dir='ltr'><strong>Patre</strong></span> <span class='ocrx_word' id='word_1_377' title='bbox 3521 2398 3797 2453; x_wconf 79' lang='lat' dir='ltr'><strong>luminum</strong></span> 
     </span>
    </p>
   </div>
   <div class='ocr_carea' id='block_1_54' title="bbox 2196 2493 3802 2570">
    <p class='ocr_par' dir='ltr' id='par_1_54' title="bbox 2196 2493 3802 2570">
     <span class='ocr_line' id='line_1_54' title="bbox 2196 2493 3802 2570; baseline -0.005 -17"><span class='ocrx_word' id='word_1_378' title='bbox 2196 2495 2640 2570; x_wconf 74' lang='lat' dir='ltr'><strong>generationem,</strong></span> <span class='ocrx_word' id='word_1_379' title='bbox 2665 2495 2865 2565; x_wconf 88' lang='lat' dir='ltr'><strong>quiest</strong></span> <span class='ocrx_word' id='word_1_380' title='bbox 2890 2494 3007 2564; x_wconf 88' lang='lat' dir='ltr'><strong>ipse</strong></span> <span class='ocrx_word' id='word_1_381' title='bbox 3037 2495 3133 2548; x_wconf 77' lang='lat' dir='ltr'><strong>lux</strong></span> <span class='ocrx_word' id='word_1_382' title='bbox 3162 2509 3293 2549; x_wconf 87' lang='lat' dir='ltr'><strong>vera</strong></span> <span class='ocrx_word' id='word_1_383' title='bbox 3325 2493 3649 2548; x_wconf 82' lang='lat' dir='ltr'><strong>illuminans</strong></span> <span class='ocrx_word' id='word_1_384' title='bbox 3675 2507 3802 2545; x_wconf 82' lang='lat' dir='ltr'><strong>om-</strong></span> 
     </span>
    </p>
   </div>
   <div class='ocr_carea' id='block_1_55' title="bbox 2201 2582 3798 2653">
    <p class='ocr_par' dir='ltr' id='par_1_55' title="bbox 2201 2582 3798 2653">
     <span class='ocr_line' id='line_1_55' title="bbox 2201 2582 3798 2653; baseline -0.007 -6"><span class='ocrx_word' id='word_1_385' title='bbox 2201 2594 2333 2647; x_wconf 88' lang='lat' dir='ltr'><strong>nem</strong></span> <span class='ocrx_word' id='word_1_386' title='bbox 2360 2588 2664 2653; x_wconf 87' lang='lat' dir='ltr'><strong>hominem,</strong></span> <span class='ocrx_word' id='word_1_387' title='bbox 2695 2595 2753 2643; x_wconf 88' lang='lat' dir='ltr'><strong>et</strong></span> <span class='ocrx_word' id='word_1_388' title='bbox 2779 2588 2871 2641; x_wconf 75' lang='lat' dir='ltr'><strong>lux</strong></span> <span class='ocrx_word' id='word_1_389' title='bbox 2900 2586 2954 2640; x_wconf 90' lang='lat' dir='ltr'><strong>in</strong></span> <span class='ocrx_word' id='word_1_390' title='bbox 2978 2585 3227 2641; x_wconf 86' lang='lat' dir='ltr'><strong>tenebris</strong></span> <span class='ocrx_word' id='word_1_391' title='bbox 3247 2586 3444 2640; x_wconf 84' lang='lat' dir='ltr'><strong>lucens</strong></span> <span class='ocrx_word' id='word_1_392' title='bbox 3477 2585 3548 2648; x_wconf 88' lang='lat'><strong>&quot;,</strong></span> <span class='ocrx_word' id='word_1_393' title='bbox 3600 2592 3660 2637; x_wconf 89' lang='lat' dir='ltr'><strong>et</strong></span> <span class='ocrx_word' id='word_1_394' title='bbox 3697 2582 3798 2636; x_wconf 80' lang='lat' dir='ltr'><strong>lux</strong></span> 
     </span>
    </p>
   </div>
   <div class='ocr_carea' id='block_1_56' title="bbox 2203 2673 3797 2752">
    <p class='ocr_par' dir='ltr' id='par_1_56' title="bbox 2203 2673 3797 2752">
     <span class='ocr_line' id='line_1_56' title="bbox 2203 2673 3797 2752; baseline -0.005 -17"><span class='ocrx_word' id='word_1_395' title='bbox 2203 2679 2600 2745; x_wconf 87' lang='lat' dir='ltr'><strong>mundi..sicut</strong></span> <span class='ocrx_word' id='word_1_396' title='bbox 2631 2677 2877 2734; x_wconf 66' lang='lat' dir='ltr'><strong>dixit&quot;.</strong></span> <span class='ocrx_word' id='word_1_397' title='bbox 2909 2679 3019 2748; x_wconf 86' lang='lat' dir='ltr'><strong>Ipsi</strong></span> <span class='ocrx_word' id='word_1_398' title='bbox 3051 2679 3124 2733; x_wconf 88' lang='lat' dir='ltr'><strong>sit</strong></span> <span class='ocrx_word' id='word_1_399' title='bbox 3150 2677 3328 2750; x_wconf 82' lang='lat' dir='ltr'><strong>gloria</strong></span> <span class='ocrx_word' id='word_1_400' title='bbox 3355 2686 3415 2733; x_wconf 87' lang='lat' dir='ltr'><strong>et</strong></span> <span class='ocrx_word' id='word_1_401' title='bbox 3456 2674 3705 2752; x_wconf 51' lang='lat' dir='ltr'><strong>poteritis</strong></span> <span class='ocrx_word' id='word_1_402' title='bbox 3733 2673 3797 2727; x_wconf 79' lang='lat' dir='ltr'><strong>in</strong></span> 
     </span>
    </p>
   </div>
   <div class='ocr_carea' id='block_1_57' title="bbox 2210 2771 3035 2829">
    <p class='ocr_par' dir='ltr' id='par_1_57' title="bbox 2210 2771 3035 2829">
     <span class='ocr_line' id='line_1_57' title="bbox 2210 2771 3035 2829; baseline -0.002 -2"><span class='ocrx_word' id='word_1_403' title='bbox 2210 2771 2411 2827; x_wconf 77' lang='lat' dir='ltr'><strong>saecula</strong></span> <span class='ocrx_word' id='word_1_404' title='bbox 2452 2772 2806 2829; x_wconf 60' lang='lat' dir='ltr'><strong>saeculorum.</strong></span> <span class='ocrx_word' id='word_1_405' title='bbox 2839 2772 3035 2826; x_wconf 84' lang='lat' dir='ltr'><strong>Amen.</strong></span> 
     </span>
    </p>
   </div>
   <div class='ocr_carea' id='block_1_58' title="bbox 2405 2996 3051 3030">
    <p class='ocr_par' dir='ltr' id='par_1_58' title="bbox 2405 2996 3051 3030">
     <span class='ocr_line' id='line_1_58' title="bbox 2405 2996 3051 3030; baseline -0.002 0"><span class='ocrx_word' id='word_1_406' title='bbox 2405 2996 3051 3030; x_wconf 39' lang='grc' dir='ltr'><strong>...ια-...ᾐκ-</strong></span> 
     </span>
    </p>
   </div>
   <div class='ocr_carea' id='block_1_59' title="bbox 1734 3197 2607 3290">
    <p class='ocr_par' dir='ltr' id='par_1_59' title="bbox 1734 3197 2607 3290">
     <span class='ocr_line' id='line_1_59' title="bbox 1734 3197 2607 3290; baseline 0 -3"><span class='ocrx_word' id='word_1_407' title='bbox 1734 3198 2085 3289; x_wconf 77' lang='lat' dir='ltr'><strong>LIBER</strong></span> <span class='ocrx_word' id='word_1_408' title='bbox 2165 3197 2607 3290; x_wconf 87' lang='lat' dir='ltr'><strong>NONUS.</strong></span> 
     </span>
    </p>
   </div>
   <div class='ocr_carea' id='block_1_60' title="bbox 1052 3390 3257 3470">
    <p class='ocr_par' dir='ltr' id='par_1_60' title="bbox 1052 3390 3257 3470">
     <span class='ocr_line' id='line_1_60' title="bbox 1052 3390 3257 3470; baseline -0.001 -33"><span class='ocrx_word' id='word_1_409' title='bbox 1052 3397 1133 3437; x_wconf 82' lang='lat' dir='ltr'><strong>DE</strong></span> <span class='ocrx_word' id='word_1_410' title='bbox 1175 3395 1553 3470; x_wconf 42' lang='lat' dir='ltr'><strong>POSTERIOPI</strong></span> <span class='ocrx_word' id='word_1_411' title='bbox 1600 3396 1823 3439; x_wconf 75' lang='lat' dir='ltr'><strong>RERUM</strong></span> <span class='ocrx_word' id='word_1_412' title='bbox 1856 3393 2243 3450; x_wconf 75' lang='lat' dir='ltr'><strong>CREATIONE,</strong></span> <span class='ocrx_word' id='word_1_413' title='bbox 2279 3394 2360 3453; x_wconf 66' lang='grc' dir='ltr'><strong>ΕΤ</strong></span> <span class='ocrx_word' id='word_1_414' title='bbox 2392 3393 2675 3439; x_wconf 74' lang='lat' dir='ltr'><strong>MULIEBE</strong></span> <span class='ocrx_word' id='word_1_415' title='bbox 2709 3392 2848 3437; x_wconf 73' lang='lat' dir='ltr'><strong>VIBI</strong></span> <span class='ocrx_word' id='word_1_416' title='bbox 2879 3390 3257 3436; x_wconf 73' lang='lat' dir='ltr'><strong>ADJUTBICB.</strong></span> 
     </span>
    </p>
   </div>
   <div class='ocr_carea' id='block_1_61' title="bbox 2132 3548 2205 3565">
    <p class='ocr_par' dir='ltr' id='par_1_61' title="bbox 2132 3548 2205 3565">
     <span class='ocr_line' id='line_1_61' title="bbox 2132 3548 2205 3565; baseline 0 0"><span class='ocrx_word' id='word_1_417' title='bbox 2132 3548 2205 3565; x_wconf 59' lang='grc' dir='ltr'><strong>-ν</strong></span> 
     </span>
    </p>
   </div>
   <div class='ocr_carea' id='block_1_62' title="bbox 594 3661 3796 3758">
    <p class='ocr_par' dir='ltr' id='par_1_62' title="bbox 594 3661 3796 3758">
     <span class='ocr_line' id='line_1_62' title="bbox 594 3661 3796 3758; baseline -0.002 -25"><span class='ocrx_word' id='word_1_418' title='bbox 594 3678 659 3733; x_wconf 81' lang='lat' dir='ltr'><strong>Et</strong></span> <span class='ocrx_word' id='word_1_419' title='bbox 688 3680 892 3748; x_wconf 82' lang='lat' dir='ltr'><strong>accepit</strong></span> <span class='ocrx_word' id='word_1_420' title='bbox 911 3677 1052 3734; x_wconf 81' lang='lat' dir='ltr'><strong>Deus</strong></span> <span class='ocrx_word' id='word_1_421' title='bbox 1073 3679 1338 3733; x_wconf 82' lang='lat' dir='ltr'><strong>hominem</strong></span> <span class='ocrx_word' id='word_1_422' title='bbox 1363 3694 1515 3751; x_wconf 82' lang='lat' dir='ltr'><strong>quem</strong></span> <span class='ocrx_word' id='word_1_423' title='bbox 1547 3678 1690 3748; x_wconf 75' lang='lat' dir='ltr'><strong>fecit,</strong></span> <span class='ocrx_word' id='word_1_424' title='bbox 1716 3687 1769 3732; x_wconf 79' lang='lat' dir='ltr'><strong>et</strong></span> <span class='ocrx_word' id='word_1_425' title='bbox 1790 3680 1965 3749; x_wconf 79' lang='lat' dir='ltr'><strong>posuit</strong></span> <span class='ocrx_word' id='word_1_426' title='bbox 1991 3695 2108 3732; x_wconf 84' lang='lat' dir='ltr'><strong>eum</strong></span> <span class='ocrx_word' id='word_1_427' title='bbox 2137 3679 2180 3737; x_wconf 91' lang='lat' dir='ltr'><strong>C</strong></span> <span class='ocrx_word' id='word_1_428' title='bbox 2214 3677 2360 3731; x_wconf 85' lang='lat' dir='ltr'><strong>imus</strong></span> <span class='ocrx_word' id='word_1_429' title='bbox 2405 3675 2700 3731; x_wconf 80' lang='lat' dir='ltr'><strong>audientes</strong></span> <span class='ocrx_word' id='word_1_430' title='bbox 2721 3674 2871 3745; x_wconf 87' lang='lat' dir='ltr'><strong>quod</strong></span> <span class='ocrx_word' id='word_1_431' title='bbox 2899 3675 3048 3758; x_wconf 64' lang='lat' dir='ltr'><strong>Deus</strong></span> <span class='ocrx_word' id='word_1_432' title='bbox 3077 3671 3318 3749; x_wconf 80' lang='lat' dir='ltr'><strong>sumpsit</strong></span> <span class='ocrx_word' id='word_1_433' title='bbox 3340 3661 3647 3737; x_wconf 70' lang='lat' dir='ltr'><strong>hominem,</strong></span> <span class='ocrx_word' id='word_1_434' title='bbox 3675 3679 3734 3727; x_wconf 79' lang='lat' dir='ltr'><strong>et</strong></span> <span class='ocrx_word' id='word_1_435' title='bbox 3760 3690 3796 3728; x_wconf 72' lang='grc' dir='ltr'><strong>ει</strong></span> 
     </span>
    </p>
   </div>
   <div class='ocr_carea' id='block_1_63' title="bbox 520 3768 2104 3847">
    <p class='ocr_par' dir='ltr' id='par_1_63' title="bbox 520 3768 2104 3847">
     <span class='ocr_line' id='line_1_63' title="bbox 520 3768 2104 3847; baseline -0.003 -19"><span class='ocrx_word' id='word_1_436' title='bbox 520 3776 576 3828; x_wconf 84' lang='lat' dir='ltr'><strong>in</strong></span> <span class='ocrx_word' id='word_1_437' title='bbox 610 3773 882 3847; x_wconf 78' lang='lat' dir='ltr'><strong>paradiso.</strong></span> <span class='ocrx_word' id='word_1_438' title='bbox 924 3772 1063 3826; x_wconf 90' lang='lat' dir='ltr'><strong>Ante</strong></span> <span class='ocrx_word' id='word_1_439' title='bbox 1102 3785 1321 3825; x_wconf 90' lang='lat' dir='ltr'><strong>omnem</strong></span> <span class='ocrx_word' id='word_1_440' title='bbox 1347 3769 1814 3833; x_wconf 82' lang='lat' dir='ltr'><strong>examinationem</strong></span> <span class='ocrx_word' id='word_1_441' title='bbox 1845 3768 2104 3824; x_wconf 86' lang='lat' dir='ltr'><strong>conside-</strong></span> 
     </span>
    </p>
   </div>
   <div class='ocr_carea' id='block_1_64' title="bbox 520 3861 2106 3934">
    <p class='ocr_par' dir='ltr' id='par_1_64' title="bbox 520 3861 2106 3934">
     <span class='ocr_line' id='line_1_64' title="bbox 520 3861 2106 3934; baseline -0.003 -15"><span class='ocrx_word' id='word_1_442' title='bbox 520 3864 759 3924; x_wconf 90' lang='lat' dir='ltr'><strong>randum</strong></span> <span class='ocrx_word' id='word_1_443' title='bbox 781 3873 866 3921; x_wconf 91' lang='lat' dir='ltr'><strong>est</strong></span> <span class='ocrx_word' id='word_1_444' title='bbox 892 3866 947 3919; x_wconf 90' lang='lat' dir='ltr'><strong>in</strong></span> <span class='ocrx_word' id='word_1_445' title='bbox 972 3865 1095 3919; x_wconf 90' lang='lat' dir='ltr'><strong>loco</strong></span> <span class='ocrx_word' id='word_1_446' title='bbox 1123 3864 1401 3934; x_wconf 87' lang='lat' dir='ltr'><strong>opposito,</strong></span> <span class='ocrx_word' id='word_1_447' title='bbox 1434 3866 1535 3918; x_wconf 76' lang='lat' dir='ltr'><strong>cur</strong></span> <span class='ocrx_word' id='word_1_448' title='bbox 1573 3878 1687 3918; x_wconf 84' lang='lat' dir='ltr'><strong>non</strong></span> <span class='ocrx_word' id='word_1_449' title='bbox 1716 3861 2030 3932; x_wconf 86' lang='lat' dir='ltr'><strong>indigenam</strong></span> <span class='ocrx_word' id='word_1_450' title='bbox 2073 3876 2106 3915; x_wconf 90' lang='lat' dir='ltr'><strong>e</strong></span> 
     </span>
    </p>
   </div>
   <div class='ocr_carea' id='block_1_65' title="bbox 520 3950 2106 4031">
    <p class='ocr_par' dir='ltr' id='par_1_65' title="bbox 520 3950 2106 4031">
     <span class='ocr_line' id='line_1_65' title="bbox 520 3950 2106 4031; baseline -0.002 -20"><span class='ocrx_word' id='word_1_451' title='bbox 520 3959 780 4030; x_wconf 82' lang='lat' dir='ltr'><strong>paradiso</strong></span> <span class='ocrx_word' id='word_1_452' title='bbox 806 3950 1054 4029; x_wconf 86' lang='lat' dir='ltr'><strong>genitum</strong></span> <span class='ocrx_word' id='word_1_453' title='bbox 1094 3966 1150 4012; x_wconf 90' lang='lat' dir='ltr'><strong>et</strong></span> <span class='ocrx_word' id='word_1_454' title='bbox 1203 3972 1235 4012; x_wconf 89' lang='lat' dir='ltr'><strong>e</strong></span> <span class='ocrx_word' id='word_1_455' title='bbox 1274 3955 1531 4031; x_wconf 82' lang='lat' dir='ltr'><strong>paradiso</strong></span> <span class='ocrx_word' id='word_1_456' title='bbox 1582 3953 1826 4011; x_wconf 72' lang='lat' dir='ltr'><strong>edictum</strong></span> <span class='ocrx_word' id='word_1_457' title='bbox 1862 3954 2015 4008; x_wconf 88' lang='lat' dir='ltr'><strong>intus</strong></span> <span class='ocrx_word' id='word_1_458' title='bbox 2051 3952 2106 4008; x_wconf 90' lang='lat' dir='ltr'><strong>in</strong></span> 
     </span>
    </p>
   </div>
   <div class='ocr_carea' id='block_1_66' title="bbox 520 4043 2107 4120">
    <p class='ocr_par' dir='ltr' id='par_1_66' title="bbox 520 4043 2107 4120">
     <span class='ocr_line' id='line_1_66' title="bbox 520 4043 2107 4120; baseline -0.004 -19"><span class='ocrx_word' id='word_1_459' title='bbox 520 4049 777 4120; x_wconf 77' lang='lat' dir='ltr'><strong>paradiso</strong></span> <span class='ocrx_word' id='word_1_460' title='bbox 792 4050 939 4105; x_wconf 89' lang='lat' dir='ltr'><strong>Deus</strong></span> <span class='ocrx_word' id='word_1_461' title='bbox 953 4048 1082 4104; x_wconf 84' lang='lat' dir='ltr'><strong>fecit</strong></span> <span class='ocrx_word' id='word_1_462' title='bbox 1108 4048 1415 4111; x_wconf 89' lang='lat' dir='ltr'><strong>hominem,</strong></span> <span class='ocrx_word' id='word_1_463' title='bbox 1431 4045 1528 4102; x_wconf 90' lang='lat' dir='ltr'><strong>sed</strong></span> <span class='ocrx_word' id='word_1_464' title='bbox 1547 4046 1730 4117; x_wconf 91' lang='lat' dir='ltr'><strong>ipsum</strong></span> <span class='ocrx_word' id='word_1_465' title='bbox 1753 4043 2107 4099; x_wconf 80' lang='lat' dir='ltr'><strong>extrinsecus</strong></span> 
     </span>
    </p>
   </div>
   <div class='ocr_carea' id='block_1_67' title="bbox 519 4134 2106 4213">
    <p class='ocr_par' dir='ltr' id='par_1_67' title="bbox 519 4134 2106 4213">
     <span class='ocr_line' id='line_1_67' title="bbox 519 4134 2106 4213; baseline -0.007 -14"><span class='ocrx_word' id='word_1_466' title='bbox 519 4143 730 4199; x_wconf 89' lang='lat' dir='ltr'><strong>nudum</strong></span> <span class='ocrx_word' id='word_1_467' title='bbox 757 4151 813 4197; x_wconf 86' lang='lat' dir='ltr'><strong>et</strong></span> <span class='ocrx_word' id='word_1_468' title='bbox 847 4143 1275 4213; x_wconf 90' lang='lat' dir='ltr'><strong>incompositum</strong></span> <span class='ocrx_word' id='word_1_469' title='bbox 1315 4138 1543 4195; x_wconf 88' lang='lat' dir='ltr'><strong>aliunde</strong></span> <span class='ocrx_word' id='word_1_470' title='bbox 1571 4136 1855 4193; x_wconf 89' lang='lat' dir='ltr'><strong>inducitin</strong></span> <span class='ocrx_word' id='word_1_471' title='bbox 1887 4134 2106 4206; x_wconf 80' lang='lat' dir='ltr'><strong>paradi-</strong></span> 
     </span>
    </p>
   </div>
   <div class='ocr_carea' id='block_1_68' title="bbox 519 4226 2105 4304">
    <p class='ocr_par' dir='ltr' id='par_1_68' title="bbox 519 4226 2105 4304">
     <span class='ocr_line' id='line_1_68' title="bbox 519 4226 2105 4304; baseline -0.007 -15"><span class='ocrx_word' id='word_1_472' title='bbox 519 4252 641 4291; x_wconf 84' lang='lat' dir='ltr'><strong>sum</strong></span> <span class='ocrx_word' id='word_1_473' title='bbox 660 4253 676 4301; x_wconf 91' lang='lat'><strong>;</strong></span> <span class='ocrx_word' id='word_1_474' title='bbox 694 4235 842 4291; x_wconf 91' lang='lat' dir='ltr'><strong>intus</strong></span> <span class='ocrx_word' id='word_1_475' title='bbox 855 4242 1038 4290; x_wconf 88' lang='lat' dir='ltr'><strong>autem</strong></span> <span class='ocrx_word' id='word_1_476' title='bbox 1059 4251 1090 4288; x_wconf 91' lang='lat' dir='ltr'><strong>e</strong></span> <span class='ocrx_word' id='word_1_477' title='bbox 1111 4231 1369 4304; x_wconf 88' lang='lat' dir='ltr'><strong>paradiso</strong></span> <span class='ocrx_word' id='word_1_478' title='bbox 1398 4230 1704 4286; x_wconf 81' lang='lat' dir='ltr'><strong>fabricatur</strong></span> <span class='ocrx_word' id='word_1_479' title='bbox 1724 4226 2020 4282; x_wconf 87' lang='lat' dir='ltr'><strong>mulierem</strong></span> <span class='ocrx_word' id='word_1_480' title='bbox 2037 4241 2105 4285; x_wconf 77' lang='lat' dir='ltr'><strong>ex</strong></span> 
     </span>
    </p>
   </div>
   <div class='ocr_carea' id='block_1_69' title="bbox 520 4319 2164 4394">
    <p class='ocr_par' dir='ltr' id='par_1_69' title="bbox 520 4319 2164 4394">
     <span class='ocr_line' id='line_1_69' title="bbox 520 4319 2164 4394; baseline -0.007 -9"><span class='ocrx_word' id='word_1_481' title='bbox 520 4329 731 4387; x_wconf 75' lang='lat' dir='ltr'><strong>Adamo</strong></span> <span class='ocrx_word' id='word_1_482' title='bbox 757 4345 772 4394; x_wconf 87' lang='lat'><strong>;</strong></span> <span class='ocrx_word' id='word_1_483' title='bbox 800 4344 997 4385; x_wconf 88' lang='lat' dir='ltr'><strong>rursus</strong></span> <span class='ocrx_word' id='word_1_484' title='bbox 1013 4336 1197 4382; x_wconf 89' lang='lat' dir='ltr'><strong>autem</strong></span> <span class='ocrx_word' id='word_1_485' title='bbox 1223 4342 1349 4381; x_wconf 91' lang='lat' dir='ltr'><strong>eum</strong></span> <span class='ocrx_word' id='word_1_486' title='bbox 1371 4324 1580 4380; x_wconf 90' lang='lat' dir='ltr'><strong>bestias</strong></span> <span class='ocrx_word' id='word_1_487' title='bbox 1601 4321 1737 4377; x_wconf 82' lang='lat' dir='ltr'><strong>foris</strong></span> <span class='ocrx_word' id='word_1_488' title='bbox 1757 4319 2107 4377; x_wconf 79' lang='lat' dir='ltr'><strong>construxis—</strong></span> <span class='ocrx_word' id='word_1_489' title='bbox 2153 4359 2164 4365; x_wconf 83' lang='lat'><strong><em>-</em></strong></span> 
     </span>
    </p>
   </div>
   <div class='ocr_carea' id='block_1_70' title="bbox 520 4411 2131 4492">
    <p class='ocr_par' dir='ltr' id='par_1_70' title="bbox 520 4411 2131 4492">
     <span class='ocr_line' id='line_1_70' title="bbox 520 4411 2131 4492; baseline -0.007 -17"><span class='ocrx_word' id='word_1_490' title='bbox 520 4431 624 4485; x_wconf 78' lang='lat' dir='ltr'><strong>set,</strong></span> <span class='ocrx_word' id='word_1_491' title='bbox 657 4429 848 4492; x_wconf 88' lang='lat' dir='ltr'><strong>postea</strong></span> <span class='ocrx_word' id='word_1_492' title='bbox 876 4418 1272 4475; x_wconf 88' lang='lat' dir='ltr'><strong>introducitad</strong></span> <span class='ocrx_word' id='word_1_493' title='bbox 1299 4417 1583 4472; x_wconf 89' lang='lat' dir='ltr'><strong>hominem</strong></span> <span class='ocrx_word' id='word_1_494' title='bbox 1639 4415 1697 4469; x_wconf 89' lang='lat' dir='ltr'><strong>in</strong></span> <span class='ocrx_word' id='word_1_495' title='bbox 1760 4411 2131 4483; x_wconf 88' lang='lat' dir='ltr'><strong>paradisum._</strong></span> 
     </span>
    </p>
   </div>
   <div class='ocr_carea' id='block_1_71' title="bbox 519 4496 2108 4583">
    <p class='ocr_par' dir='ltr' id='par_1_71' title="bbox 519 4496 2108 4583">
     <span class='ocr_line' id='line_1_71' title="bbox 519 4496 2108 4583; baseline -0.008 -16"><span class='ocrx_word' id='word_1_496' title='bbox 519 4513 822 4583; x_wconf 77' lang='lat' dir='ltr'><strong>Oportebat</strong></span> <span class='ocrx_word' id='word_1_497' title='bbox 860 4512 1010 4567; x_wconf 92' lang='lat' dir='ltr'><strong>enim</strong></span> <span class='ocrx_word' id='word_1_498' title='bbox 1043 4511 1128 4565; x_wconf 83' lang='lat' dir='ltr'><strong>vel</strong></span> <span class='ocrx_word' id='word_1_499' title='bbox 1176 4496 1467 4564; x_wconf 84' lang='lat' dir='ltr'><strong>mulierem</strong></span> <span class='ocrx_word' id='word_1_500' title='bbox 1519 4522 1645 4563; x_wconf 92' lang='lat' dir='ltr'><strong>cum</strong></span> <span class='ocrx_word' id='word_1_501' title='bbox 1694 4503 1921 4558; x_wconf 87' lang='lat' dir='ltr'><strong>homine</strong></span> <span class='ocrx_word' id='word_1_502' title='bbox 1969 4502 2108 4557; x_wconf 82' lang='lat' dir='ltr'><strong>foris</strong></span> 
     </span>
    </p>
   </div>
   <div class='ocr_carea' id='block_1_72' title="bbox 522 4594 2108 4679">
    <p class='ocr_par' dir='ltr' id='par_1_72' title="bbox 522 4594 2108 4679">
     <span class='ocr_line' id='line_1_72' title="bbox 522 4594 2108 4679; baseline -0.009 -18"><span class='ocrx_word' id='word_1_503' title='bbox 522 4608 752 4679; x_wconf 81' lang='lat' dir='ltr'><strong>ﬁngere.</strong></span> <span class='ocrx_word' id='word_1_504' title='bbox 776 4606 859 4663; x_wconf 89' lang='lat' dir='ltr'><strong>vel</strong></span> <span class='ocrx_word' id='word_1_505' title='bbox 884 4605 1054 4660; x_wconf 88' lang='lat' dir='ltr'><strong>etiam</strong></span> <span class='ocrx_word' id='word_1_506' title='bbox 1078 4606 1229 4659; x_wconf 87' lang='lat' dir='ltr'><strong>intus</strong></span> <span class='ocrx_word' id='word_1_507' title='bbox 1260 4610 1592 4673; x_wconf 86' lang='lat' dir='ltr'><strong>construere</strong></span> <span class='ocrx_word' id='word_1_508' title='bbox 1612 4600 1820 4659; x_wconf 91' lang='lat' dir='ltr'><strong>virum,</strong></span> <span class='ocrx_word' id='word_1_509' title='bbox 1855 4594 1951 4650; x_wconf 87' lang='lat' dir='ltr'><strong>ubi</strong></span> <span class='ocrx_word' id='word_1_510' title='bbox 1986 4610 2108 4649; x_wconf 86' lang='lat' dir='ltr'><strong>mu-</strong></span> 
     </span>
    </p>
   </div>
   <div class='ocr_carea' id='block_1_73' title="bbox 520 4691 2105 4761">
    <p class='ocr_par' dir='ltr' id='par_1_73' title="bbox 520 4691 2105 4761">
     <span class='ocr_line' id='line_1_73' title="bbox 520 4691 2105 4761; baseline -0.006 -9"><span class='ocrx_word' id='word_1_511' title='bbox 520 4701 626 4754; x_wconf 83' lang='lat' dir='ltr'><strong>lier</strong></span> <span class='ocrx_word' id='word_1_512' title='bbox 655 4699 760 4754; x_wconf 84' lang='lat' dir='ltr'><strong>fuit</strong></span> <span class='ocrx_word' id='word_1_513' title='bbox 801 4705 1143 4753; x_wconf 90' lang='lat' dir='ltr'><strong>constructa.</strong></span> <span class='ocrx_word' id='word_1_514' title='bbox 1171 4693 1462 4761; x_wconf 89' lang='lat' dir='ltr'><strong>Quomodo</strong></span> <span class='ocrx_word' id='word_1_515' title='bbox 1492 4699 1679 4747; x_wconf 83' lang='lat' dir='ltr'><strong>autem</strong></span> <span class='ocrx_word' id='word_1_516' title='bbox 1711 4691 1860 4744; x_wconf 89' lang='lat' dir='ltr'><strong>Deus</strong></span> <span class='ocrx_word' id='word_1_517' title='bbox 1882 4703 2105 4758; x_wconf 87' lang='lat' dir='ltr'><strong>quoque</strong></span> 
     </span>
    </p>
   </div>
   <div class='ocr_carea' id='block_1_74' title="bbox 520 4780 2104 4852">
    <p class='ocr_par' dir='ltr' id='par_1_74' title="bbox 520 4780 2104 4852">
     <span class='ocr_line' id='line_1_74' title="bbox 520 4780 2104 4852; baseline -0.006 -9"><span class='ocrx_word' id='word_1_518' title='bbox 520 4790 706 4845; x_wconf 80' lang='lat' dir='ltr'><strong>ferens</strong></span> <span class='ocrx_word' id='word_1_519' title='bbox 726 4789 938 4845; x_wconf 87' lang='lat' dir='ltr'><strong>bestias</strong></span> <span class='ocrx_word' id='word_1_520' title='bbox 958 4797 1014 4844; x_wconf 91' lang='lat' dir='ltr'><strong>et</strong></span> <span class='ocrx_word' id='word_1_521' title='bbox 1031 4786 1313 4852; x_wconf 88' lang='lat' dir='ltr'><strong>animalia,</strong></span> <span class='ocrx_word' id='word_1_522' title='bbox 1344 4800 1456 4838; x_wconf 89' lang='lat' dir='ltr'><strong>non</strong></span> <span class='ocrx_word' id='word_1_523' title='bbox 1474 4799 1539 4839; x_wconf 91' lang='lat' dir='ltr'><strong>ea</strong></span> <span class='ocrx_word' id='word_1_524' title='bbox 1564 4780 1793 4837; x_wconf 81' lang='lat' dir='ltr'><strong>adduxit</strong></span> <span class='ocrx_word' id='word_1_525' title='bbox 1827 4780 1897 4835; x_wconf 88' lang='lat' dir='ltr'><strong>ad</strong></span> <span class='ocrx_word' id='word_1_526' title='bbox 1918 4790 2104 4834; x_wconf 87' lang='lat' dir='ltr'><strong>utros-</strong></span> 
     </span>
    </p>
   </div>
   <div class='ocr_carea' id='block_1_75' title="bbox 520 4862 2106 4951">
    <p class='ocr_par' dir='ltr' id='par_1_75' title="bbox 520 4862 2106 4951">
     <span class='ocr_line' id='line_1_75' title="bbox 520 4862 2106 4951; baseline -0.006 -18"><span class='ocrx_word' id='word_1_527' title='bbox 520 4896 629 4951; x_wconf 88' lang='lat' dir='ltr'><strong>que</strong></span> <span class='ocrx_word' id='word_1_528' title='bbox 679 4895 803 4934; x_wconf 87' lang='lat' dir='ltr'><strong>cum</strong></span> <span class='ocrx_word' id='word_1_529' title='bbox 834 4887 1022 4934; x_wconf 81' lang='lat' dir='ltr'><strong>essent</strong></span> <span class='ocrx_word' id='word_1_530' title='bbox 1056 4877 1242 4941; x_wconf 89' lang='lat' dir='ltr'><strong>simul,</strong></span> <span class='ocrx_word' id='word_1_531' title='bbox 1296 4875 1390 4931; x_wconf 89' lang='lat' dir='ltr'><strong>sed</strong></span> <span class='ocrx_word' id='word_1_532' title='bbox 1427 4875 1497 4930; x_wconf 88' lang='lat' dir='ltr'><strong>ad</strong></span> <span class='ocrx_word' id='word_1_533' title='bbox 1550 4873 1730 4929; x_wconf 88' lang='lat' dir='ltr'><strong>solum</strong></span> <span class='ocrx_word' id='word_1_534' title='bbox 1772 4862 2106 4927; x_wconf 81' lang='lat' dir='ltr'><strong>hominem?</strong></span> 
     </span>
    </p>
   </div>
   <div class='ocr_carea' id='block_1_76' title="bbox 520 4965 2101 5043">
    <p class='ocr_par' dir='ltr' id='par_1_76' title="bbox 520 4965 2101 5043">
     <span class='ocr_line' id='line_1_76' title="bbox 520 4965 2101 5043; baseline -0.006 -14"><span class='ocrx_word' id='word_1_535' title='bbox 520 4975 648 5031; x_wconf 69' lang='lat' dir='ltr'><strong>llaec</strong></span> <span class='ocrx_word' id='word_1_536' title='bbox 668 4973 892 5029; x_wconf 68' lang='lat' dir='ltr'><strong>Iudaeus</strong></span> <span class='ocrx_word' id='word_1_537' title='bbox 918 4972 1110 5043; x_wconf 88' lang='lat' dir='ltr'><strong>legens</strong></span> <span class='ocrx_word' id='word_1_538' title='bbox 1135 4970 1368 5042; x_wconf 83' lang='lat' dir='ltr'><strong>singulis</strong></span> <span class='ocrx_word' id='word_1_539' title='bbox 1391 4969 1614 5033; x_wconf 89' lang='lat' dir='ltr'><strong>diebus,</strong></span> <span class='ocrx_word' id='word_1_540' title='bbox 1649 4984 1761 5024; x_wconf 90' lang='lat' dir='ltr'><strong>non</strong></span> <span class='ocrx_word' id='word_1_541' title='bbox 1788 4965 2101 5037; x_wconf 88' lang='lat' dir='ltr'><strong>cognoscit;</strong></span> 
     </span>
    </p>
   </div>
   <div class='ocr_carea' id='block_1_77' title="bbox 519 5040 2180 5135">
    <p class='ocr_par' dir='ltr' id='par_1_77' title="bbox 519 5040 2180 5135">
     <span class='ocr_line' id='line_1_77' title="bbox 519 5040 2180 5135; baseline -0.005 -18"><span class='ocrx_word' id='word_1_542' title='bbox 519 5063 784 5134; x_wconf 86' lang='lat' dir='ltr'><strong>quoniam</strong></span> <span class='ocrx_word' id='word_1_543' title='bbox 815 5061 998 5118; x_wconf 86' lang='lat' dir='ltr'><strong>adhuc</strong></span> <span class='ocrx_word' id='word_1_544' title='bbox 1050 5040 1590 5131; x_wconf 17' lang='lat' dir='ltr'><strong>habetiimpositum</strong></span> <span class='ocrx_word' id='word_1_545' title='bbox 1633 5059 1817 5113; x_wconf 82' lang='lat' dir='ltr'><strong>velum</strong></span> <span class='ocrx_word' id='word_1_546' title='bbox 1844 5056 2106 5135; x_wconf 86' lang='lat' dir='ltr'><strong>animalis</strong></span> <span class='ocrx_word' id='word_1_547' title='bbox 2140 5040 2180 5095; x_wconf 74' lang='grc' dir='ltr'><strong>ί)</strong></span> 
     </span>
    </p>
   </div>
   <div class='ocr_carea' id='block_1_78' title="bbox 520 5149 2107 5227">
    <p class='ocr_par' dir='ltr' id='par_1_78' title="bbox 520 5149 2107 5227">
     <span class='ocr_line' id='line_1_78' title="bbox 520 5149 2107 5227; baseline -0.005 -16"><span class='ocrx_word' id='word_1_548' title='bbox 520 5154 906 5227; x_wconf 73' lang='lat' dir='ltr'><strong>ignorationis.</strong></span> <span class='ocrx_word' id='word_1_549' title='bbox 955 5153 1015 5211; x_wconf 91' lang='lat' dir='ltr'><strong>Si</strong></span> <span class='ocrx_word' id='word_1_550' title='bbox 1057 5154 1175 5209; x_wconf 64' lang='lat' dir='ltr'><strong>haec</strong></span> <span class='ocrx_word' id='word_1_551' title='bbox 1204 5153 1354 5209; x_wconf 86' lang='lat' dir='ltr'><strong>enim</strong></span> <span class='ocrx_word' id='word_1_552' title='bbox 1392 5152 1775 5223; x_wconf 84' lang='lat' dir='ltr'><strong>intelligantur</strong></span> <span class='ocrx_word' id='word_1_553' title='bbox 1800 5149 2107 5205; x_wconf 89' lang='lat' dir='ltr'><strong>secundum</strong></span> 
     </span>
    </p>
   </div>
   <div class='ocr_carea' id='block_1_79' title="bbox 521 5240 2109 5319">
    <p class='ocr_par' dir='ltr' id='par_1_79' title="bbox 521 5240 2109 5319">
     <span class='ocr_line' id='line_1_79' title="bbox 521 5240 2109 5319; baseline -0.006 -16"><span class='ocrx_word' id='word_1_554' title='bbox 521 5250 785 5312; x_wconf 84' lang='lat' dir='ltr'><strong>litteram,</strong></span> <span class='ocrx_word' id='word_1_555' title='bbox 810 5264 873 5303; x_wconf 89' lang='lat' dir='ltr'><strong>ea</strong></span> <span class='ocrx_word' id='word_1_556' title='bbox 903 5246 1175 5302; x_wconf 89' lang='lat' dir='ltr'><strong>inducunt</strong></span> <span class='ocrx_word' id='word_1_557' title='bbox 1197 5260 1419 5319; x_wconf 84' lang='lat' dir='ltr'><strong>omnem</strong></span> <span class='ocrx_word' id='word_1_558' title='bbox 1445 5243 1852 5300; x_wconf 88' lang='lat' dir='ltr'><strong>absurditatem</strong></span> <span class='ocrx_word' id='word_1_559' title='bbox 1874 5249 1932 5295; x_wconf 89' lang='lat' dir='ltr'><strong>et</strong></span> <span class='ocrx_word' id='word_1_560' title='bbox 1960 5240 2109 5296; x_wconf 89' lang='lat' dir='ltr'><strong>blas-</strong></span> 
     </span>
    </p>
   </div>
   <div class='ocr_carea' id='block_1_80' title="bbox 523 5337 2108 5412">
    <p class='ocr_par' dir='ltr' id='par_1_80' title="bbox 523 5337 2108 5412">
     <span class='ocr_line' id='line_1_80' title="bbox 523 5337 2108 5412; baseline -0.002 -22"><span class='ocrx_word' id='word_1_561' title='bbox 523 5341 826 5412; x_wconf 85' lang='lat' dir='ltr'><strong>phemiam.</strong></span> <span class='ocrx_word' id='word_1_562' title='bbox 862 5340 998 5397; x_wconf 85' lang='lat' dir='ltr'><strong>Nam</strong></span> <span class='ocrx_word' id='word_1_563' title='bbox 1026 5340 1074 5396; x_wconf 88' lang='lat' dir='ltr'><strong>si</strong></span> <span class='ocrx_word' id='word_1_564' title='bbox 1121 5340 1265 5395; x_wconf 82' lang='lat' dir='ltr'><strong>Deus</strong></span> <span class='ocrx_word' id='word_1_565' title='bbox 1317 5337 1513 5408; x_wconf 85' lang='lat' dir='ltr'><strong>implet</strong></span> <span class='ocrx_word' id='word_1_566' title='bbox 1544 5337 1750 5393; x_wconf 76' lang='lat' dir='ltr'><strong>ctelum</strong></span> <span class='ocrx_word' id='word_1_567' title='bbox 1796 5345 1854 5390; x_wconf 87' lang='lat' dir='ltr'><strong>et</strong></span> <span class='ocrx_word' id='word_1_568' title='bbox 1905 5341 2108 5388; x_wconf 89' lang='lat' dir='ltr'><strong>terram</strong></span> 
     </span>
    </p>
   </div>
   <div class='ocr_carea' id='block_1_81' title="bbox 486 5422 2096 5496">
    <p class='ocr_par' dir='ltr' id='par_1_81' title="bbox 486 5422 2096 5496">
     <span class='ocr_line' id='line_1_81' title="bbox 486 5422 2096 5496; baseline -0.004 -16"><span class='ocrx_word' id='word_1_569' title='bbox 486 5450 491 5451; x_wconf 51' lang='grc' dir='ltr'>ί</span> <span class='ocrx_word' id='word_1_570' title='bbox 536 5432 619 5493; x_wconf 87' lang='lat' dir='ltr'><strong>(nt</strong></span> <span class='ocrx_word' id='word_1_571' title='bbox 649 5426 740 5496; x_wconf 87' lang='lat' dir='ltr'><strong>qui</strong></span> <span class='ocrx_word' id='word_1_572' title='bbox 770 5440 873 5481; x_wconf 87' lang='lat' dir='ltr'><strong>nec</strong></span> <span class='ocrx_word' id='word_1_573' title='bbox 902 5425 1074 5495; x_wconf 81' lang='lat' dir='ltr'><strong>possit</strong></span> <span class='ocrx_word' id='word_1_574' title='bbox 1100 5424 1501 5484; x_wconf 78' lang='lat' dir='ltr'><strong>circumscribi.</strong></span> <span class='ocrx_word' id='word_1_575' title='bbox 1538 5438 1638 5477; x_wconf 85' lang='lat' dir='ltr'><strong>nec</strong></span> <span class='ocrx_word' id='word_1_576' title='bbox 1666 5422 1808 5490; x_wconf 86' lang='lat' dir='ltr'><strong>capi,</strong></span> <span class='ocrx_word' id='word_1_577' title='bbox 1837 5430 2096 5475; x_wconf 83' lang='lat' dir='ltr'><strong>nec-mu-</strong></span> 
     </span>
    </p>
   </div>
   <div class='ocr_carea' id='block_1_82' title="bbox 538 5513 2099 5584">
    <p class='ocr_par' dir='ltr' id='par_1_82' title="bbox 538 5513 2099 5584">
     <span class='ocr_line' id='line_1_82' title="bbox 538 5513 2099 5584; baseline -0.004 -14"><span class='ocrx_word' id='word_1_578' title='bbox 538 5517 667 5582; x_wconf 84' lang='lat' dir='ltr'><strong>tari,</strong></span> <span class='ocrx_word' id='word_1_579' title='bbox 700 5531 803 5571; x_wconf 88' lang='lat' dir='ltr'><strong>nec</strong></span> <span class='ocrx_word' id='word_1_580' title='bbox 832 5517 1060 5583; x_wconf 85' lang='lat' dir='ltr'><strong>moveri,</strong></span> <span class='ocrx_word' id='word_1_581' title='bbox 1087 5530 1191 5571; x_wconf 89' lang='lat' dir='ltr'><strong>nec</strong></span> <span class='ocrx_word' id='word_1_582' title='bbox 1227 5513 1805 5584; x_wconf 66' lang='lat' dir='ltr'><strong>migrare),‘quoniodo</strong></span> <span class='ocrx_word' id='word_1_583' title='bbox 1832 5528 1938 5566; x_wconf 86' lang='lat' dir='ltr'><strong>non</strong></span> <span class='ocrx_word' id='word_1_584' title='bbox 1972 5528 2099 5580; x_wconf 83' lang='lat' dir='ltr'><strong>pcr-</strong></span> 
     </span>
    </p>
   </div>
   <div class='ocr_carea' id='block_1_83' title="bbox 515 5702 1652 5786">
    <p class='ocr_par' dir='ltr' id='par_1_83' title="bbox 515 5702 1652 5786">
     <span class='ocr_line' id='line_1_83' title="bbox 515 5702 1652 5786; baseline -0.009 -23"><span class='ocrx_word' id='word_1_585' title='bbox 515 5707 556 5786; x_wconf 23' lang='grc' dir='ltr'><strong>μὶ</strong></span> <span class='ocrx_word' id='word_1_586' title='bbox 611 5708 656 5739; x_wconf 54' lang='grc' dir='ltr'><strong>’τ</strong></span> <span class='ocrx_word' id='word_1_587' title='bbox 682 5707 839 5763; x_wconf 66' lang='grc' dir='ltr'><strong>Ξυίιιι.</strong></span> <span class='ocrx_word' id='word_1_588' title='bbox 877 5721 964 5771; x_wconf 74' lang='lat' dir='ltr'><strong>xv,</strong></span> <span class='ocrx_word' id='word_1_589' title='bbox 994 5705 1084 5759; x_wconf 67' lang='grc'><strong>26,</strong></span> <span class='ocrx_word' id='word_1_590' title='bbox 1162 5706 1205 5735; x_wconf 81' lang='grc'><strong>’⁵</strong></span> <span class='ocrx_word' id='word_1_591' title='bbox 1238 5702 1526 5767; x_wconf 66' lang='grc' dir='ltr'><strong>ειυιιιι.ιιγ,</strong></span> <span class='ocrx_word' id='word_1_592' title='bbox 1572 5702 1652 5755; x_wconf 73' lang='lat' dir='ltr'><strong>iU.</strong></span> 
     </span>
    </p>
   </div>
   <div class='ocr_carea' id='block_1_84' title="bbox 1735 5699 2236 5766">
    <p class='ocr_par' dir='ltr' id='par_1_84' title="bbox 1735 5699 2236 5766">
     <span class='ocr_line' id='line_1_84' title="bbox 1735 5699 2236 5766; baseline -0.006 -8"><span class='ocrx_word' id='word_1_593' title='bbox 1735 5703 1752 5731; x_wconf 59' lang='grc' dir='ltr'>θ</span> <span class='ocrx_word' id='word_1_594' title='bbox 1814 5700 1971 5758; x_wconf 78' lang='lat' dir='ltr'><strong>Joan.</strong></span> <span class='ocrx_word' id='word_1_595' title='bbox 2004 5699 2236 5766; x_wconf 70' lang='lat'><strong>1111,23.</strong></span> 
     </span>
    </p>
   </div>
   <div class='ocr_carea' id='block_1_85' title="bbox 2211 3765 3795 3837">
    <p class='ocr_par' dir='ltr' id='par_1_85' title="bbox 2211 3765 3795 3837">
     <span class='ocr_line' id='line_1_85' title="bbox 2211 3765 3795 3837; baseline -0.004 -12"><span class='ocrx_word' id='word_1_596' title='bbox 2211 3771 2335 3826; x_wconf 90' lang='lat' dir='ltr'><strong>loco</strong></span> <span class='ocrx_word' id='word_1_597' title='bbox 2359 3771 2415 3826; x_wconf 92' lang='lat' dir='ltr'><strong>iu</strong></span> <span class='ocrx_word' id='word_1_598' title='bbox 2445 3772 2633 3827; x_wconf 87' lang='lat' dir='ltr'><strong>locum</strong></span> <span class='ocrx_word' id='word_1_599' title='bbox 2657 3784 2801 3826; x_wconf 76' lang='lat' dir='ltr'><strong>eum</strong></span> <span class='ocrx_word' id='word_1_600' title='bbox 2818 3770 3065 3826; x_wconf 80' lang='lat' dir='ltr'><strong>traduxit</strong></span> <span class='ocrx_word' id='word_1_601' title='bbox 3087 3769 3256 3832; x_wconf 84' lang='lat' dir='ltr'><strong>Deus,</strong></span> <span class='ocrx_word' id='word_1_602' title='bbox 3302 3776 3362 3823; x_wconf 87' lang='lat' dir='ltr'><strong>et</strong></span> <span class='ocrx_word' id='word_1_603' title='bbox 3394 3783 3526 3823; x_wconf 84' lang='lat' dir='ltr'><strong>eum</strong></span> <span class='ocrx_word' id='word_1_604' title='bbox 3552 3766 3742 3837; x_wconf 88' lang='lat' dir='ltr'><strong>posuit</strong></span> <span class='ocrx_word' id='word_1_605' title='bbox 3768 3765 3795 3818; x_wconf 83' lang='lat'><strong>?</strong></span> 
     </span>
    </p>
   </div>
   <div class='ocr_carea' id='block_1_86' title="bbox 2212 3858 3797 3931">
    <p class='ocr_par' dir='ltr' id='par_1_86' title="bbox 2212 3858 3797 3931">
     <span class='ocr_line' id='line_1_86' title="bbox 2212 3858 3797 3931; baseline -0.005 -13"><span class='ocrx_word' id='word_1_606' title='bbox 2212 3862 2268 3919; x_wconf 92' lang='lat' dir='ltr'><strong>Si</strong></span> <span class='ocrx_word' id='word_1_607' title='bbox 2297 3871 2482 3918; x_wconf 89' lang='lat' dir='ltr'><strong>autem</strong></span> <span class='ocrx_word' id='word_1_608' title='bbox 2512 3861 2655 3917; x_wconf 89' lang='lat' dir='ltr'><strong>dicis</strong></span> <span class='ocrx_word' id='word_1_609' title='bbox 2696 3860 2847 3931; x_wconf 88' lang='lat' dir='ltr'><strong>quod</strong></span> <span class='ocrx_word' id='word_1_610' title='bbox 2880 3870 3037 3919; x_wconf 75' lang='lat' dir='ltr'><strong>extra</strong></span> <span class='ocrx_word' id='word_1_611' title='bbox 3066 3858 3385 3929; x_wconf 81' lang='lat' dir='ltr'><strong>paradisum</strong></span> <span class='ocrx_word' id='word_1_612' title='bbox 3421 3858 3623 3913; x_wconf 89' lang='lat' dir='ltr'><strong>mulier</strong></span> <span class='ocrx_word' id='word_1_613' title='bbox 3648 3859 3797 3911; x_wconf 82' lang='lat' dir='ltr'><strong>facta</strong></span> 
     </span>
    </p>
   </div>
   <div class='ocr_carea' id='block_1_87' title="bbox 2207 3946 3798 4023">
    <p class='ocr_par' dir='ltr' id='par_1_87' title="bbox 2207 3946 3798 4023">
     <span class='ocr_line' id='line_1_87' title="bbox 2207 3946 3798 4023; baseline -0.005 -14"><span class='ocrx_word' id='word_1_614' title='bbox 2207 3962 2383 4009; x_wconf 83' lang='lat' dir='ltr'><strong>estex</strong></span> <span class='ocrx_word' id='word_1_615' title='bbox 2407 3954 2605 4018; x_wconf 90' lang='lat' dir='ltr'><strong>latere,</strong></span> <span class='ocrx_word' id='word_1_616' title='bbox 2630 3952 2914 4023; x_wconf 88' lang='lat' dir='ltr'><strong>quomodo</strong></span> <span class='ocrx_word' id='word_1_617' title='bbox 2957 3966 3082 4009; x_wconf 87' lang='lat' dir='ltr'><strong>eam</strong></span> <span class='ocrx_word' id='word_1_618' title='bbox 3131 3950 3301 4010; x_wconf 80' lang='lat' dir='ltr'><strong>simul</strong></span> <span class='ocrx_word' id='word_1_619' title='bbox 3328 3950 3508 4005; x_wconf 78' lang='lat' dir='ltr'><strong>infert</strong></span> <span class='ocrx_word' id='word_1_620' title='bbox 3530 3962 3657 4003; x_wconf 87' lang='lat' dir='ltr'><strong>cum</strong></span> <span class='ocrx_word' id='word_1_621' title='bbox 3689 3946 3798 4001; x_wconf 85' lang='lat' dir='ltr'><strong>ho-</strong></span> 
     </span>
    </p>
   </div>
   <div class='ocr_carea' id='block_1_88' title="bbox 2208 4040 3796 4116">
    <p class='ocr_par' dir='ltr' id='par_1_88' title="bbox 2208 4040 3796 4116">
     <span class='ocr_line' id='line_1_88' title="bbox 2208 4040 3796 4116; baseline -0.006 -13"><span class='ocrx_word' id='word_1_622' title='bbox 2208 4048 2358 4103; x_wconf 89' lang='lat' dir='ltr'><strong>mine</strong></span> <span class='ocrx_word' id='word_1_623' title='bbox 2390 4046 2447 4100; x_wconf 92' lang='lat' dir='ltr'><strong>in</strong></span> <span class='ocrx_word' id='word_1_624' title='bbox 2470 4045 2769 4116; x_wconf 87' lang='lat' dir='ltr'><strong>paradiso?</strong></span> <span class='ocrx_word' id='word_1_625' title='bbox 2791 4045 2901 4107; x_wconf 89' lang='lat' dir='ltr'><strong>Sed</strong></span> <span class='ocrx_word' id='word_1_626' title='bbox 2928 4061 3000 4100; x_wconf 88' lang='lat' dir='ltr'><strong>ne</strong></span> <span class='ocrx_word' id='word_1_627' title='bbox 3025 4044 3439 4100; x_wconf 84' lang='lat' dir='ltr'><strong>dubitationem</strong></span> <span class='ocrx_word' id='word_1_628' title='bbox 3474 4040 3796 4111; x_wconf 84' lang='lat' dir='ltr'><strong>operiamus</strong></span> 
     </span>
    </p>
   </div>
   <div class='ocr_carea' id='block_1_89' title="bbox 2208 4134 3796 4209">
    <p class='ocr_par' dir='ltr' id='par_1_89' title="bbox 2208 4134 3796 4209">
     <span class='ocr_line' id='line_1_89' title="bbox 2208 4134 3796 4209; baseline -0.007 -14"><span class='ocrx_word' id='word_1_629' title='bbox 2208 4136 2576 4204; x_wconf 86' lang='lat' dir='ltr'><strong>dubitatione,</strong></span> <span class='ocrx_word' id='word_1_630' title='bbox 2603 4138 2698 4209; x_wconf 90' lang='lat' dir='ltr'><strong>qui</strong></span> <span class='ocrx_word' id='word_1_631' title='bbox 2729 4139 2988 4194; x_wconf 89' lang='lat' dir='ltr'><strong>volumus</strong></span> <span class='ocrx_word' id='word_1_632' title='bbox 3008 4135 3254 4193; x_wconf 89' lang='lat' dir='ltr'><strong>dilucide</strong></span> <span class='ocrx_word' id='word_1_633' title='bbox 3282 4141 3342 4190; x_wconf 89' lang='lat' dir='ltr'><strong>et</strong></span> <span class='ocrx_word' id='word_1_634' title='bbox 3376 4134 3517 4189; x_wconf 91' lang='lat' dir='ltr'><strong>citra</strong></span> <span class='ocrx_word' id='word_1_635' title='bbox 3539 4146 3796 4187; x_wconf 84' lang='lat' dir='ltr'><strong>errorem</strong></span> 
     </span>
    </p>
   </div>
   <div class='ocr_carea' id='block_1_90' title="bbox 2176 4225 3799 4301">
    <p class='ocr_par' dir='ltr' id='par_1_90' title="bbox 2176 4225 3799 4301">
     <span class='ocr_line' id='line_1_90' title="bbox 2176 4225 3799 4301; baseline -0.006 -16"><span class='ocrx_word' id='word_1_636' title='bbox 2176 4238 2183 4243; x_wconf 81' lang='grc'><em>’</em></span> <span class='ocrx_word' id='word_1_637' title='bbox 2207 4231 2427 4286; x_wconf 85' lang='lat' dir='ltr'><strong>discere</strong></span> <span class='ocrx_word' id='word_1_638' title='bbox 2442 4228 2913 4301; x_wconf 85' lang='lat' dir='ltr'><strong>quemadmodum</strong></span> <span class='ocrx_word' id='word_1_639' title='bbox 2935 4227 3152 4297; x_wconf 89' lang='lat' dir='ltr'><strong>accepit</strong></span> <span class='ocrx_word' id='word_1_640' title='bbox 3171 4227 3319 4283; x_wconf 90' lang='lat' dir='ltr'><strong>Deus</strong></span> <span class='ocrx_word' id='word_1_641' title='bbox 3331 4225 3616 4280; x_wconf 88' lang='lat' dir='ltr'><strong>hominem</strong></span> <span class='ocrx_word' id='word_1_642' title='bbox 3626 4235 3799 4292; x_wconf 82' lang='lat' dir='ltr'><strong>quem</strong></span> 
     </span>
    </p>
   </div>
   <div class='ocr_carea' id='block_1_91' title="bbox 2209 4315 3795 4389">
    <p class='ocr_par' dir='ltr' id='par_1_91' title="bbox 2209 4315 3795 4389">
     <span class='ocr_line' id='line_1_91' title="bbox 2209 4315 3795 4389; baseline -0.006 -12"><span class='ocrx_word' id='word_1_643' title='bbox 2209 4322 2407 4389; x_wconf 76' lang='lat' dir='ltr'><strong>ﬁnxit;</strong></span> <span class='ocrx_word' id='word_1_644' title='bbox 2466 4321 2763 4379; x_wconf 86' lang='lat' dir='ltr'><strong>audiamus</strong></span> <span class='ocrx_word' id='word_1_645' title='bbox 2824 4322 3061 4378; x_wconf 89' lang='lat' dir='ltr'><strong>Paulum</strong></span> <span class='ocrx_word' id='word_1_646' title='bbox 3097 4320 3377 4374; x_wconf 88' lang='lat' dir='ltr'><strong>dicentem</strong></span> <span class='ocrx_word' id='word_1_647' title='bbox 3433 4318 3504 4372; x_wconf 88' lang='lat' dir='ltr'><strong>de</strong></span> <span class='ocrx_word' id='word_1_648' title='bbox 3550 4315 3795 4376; x_wconf 84' lang='lat' dir='ltr'><strong>Christo.</strong></span> 
     </span>
    </p>
   </div>
   <div class='ocr_carea' id='block_1_92' title="bbox 2206 4400 3802 4490">
    <p class='ocr_par' dir='ltr' id='par_1_92' title="bbox 2206 4400 3802 4490">
     <span class='ocr_line' id='line_1_92' title="bbox 2206 4400 3802 4490; baseline -0.008 -19"><span class='ocrx_word' id='word_1_649' title='bbox 2206 4416 2355 4487; x_wconf 90' lang='lat' dir='ltr'><strong>quod</strong></span> <span class='ocrx_word' id='word_1_650' title='bbox 2385 4400 2504 4471; x_wconf 70' lang='lat' dir='ltr'><strong>cum</strong></span> <span class='ocrx_word' id='word_1_651' title='bbox 2524 4417 2579 4470; x_wconf 82' lang='lat' dir='ltr'><strong>in</strong></span> <span class='ocrx_word' id='word_1_652' title='bbox 2607 4416 2779 4490; x_wconf 64' lang='lat' dir='ltr'><strong>formo</strong></span> <span class='ocrx_word' id='word_1_653' title='bbox 2809 4414 2903 4467; x_wconf 84' lang='lat' dir='ltr'><strong>Dei</strong></span> <span class='ocrx_word' id='word_1_654' title='bbox 2920 4422 3051 4467; x_wconf 78' lang='lat' dir='ltr'><strong>esset</strong></span> <span class='ocrx_word' id='word_1_655' title='bbox 3080 4410 3450 4476; x_wconf 81' lang='lat' dir='ltr'><strong>&quot;,hominem</strong></span> <span class='ocrx_word' id='word_1_656' title='bbox 3470 4423 3636 4478; x_wconf 84' lang='lat' dir='ltr'><strong>quem</strong></span> <span class='ocrx_word' id='word_1_657' title='bbox 3665 4406 3802 4461; x_wconf 80' lang='lat' dir='ltr'><strong>fecit</strong></span> 
     </span>
    </p>
   </div>
   <div class='ocr_carea' id='block_1_93' title="bbox 2208 4497 3798 4579">
    <p class='ocr_par' dir='ltr' id='par_1_93' title="bbox 2208 4497 3798 4579">
     <span class='ocr_line' id='line_1_93' title="bbox 2208 4497 3798 4579; baseline -0.007 -17"><span class='ocrx_word' id='word_1_658' title='bbox 2208 4509 2396 4579; x_wconf 89' lang='lat' dir='ltr'><strong>posuit</strong></span> <span class='ocrx_word' id='word_1_659' title='bbox 2434 4508 2490 4563; x_wconf 91' lang='lat' dir='ltr'><strong>in</strong></span> <span class='ocrx_word' id='word_1_660' title='bbox 2519 4507 2777 4577; x_wconf 87' lang='lat' dir='ltr'><strong>paradiso</strong></span> <span class='ocrx_word' id='word_1_661' title='bbox 2796 4505 3092 4567; x_wconf 66' lang='lat' dir='ltr'><strong>Ecclesiae,</strong></span> <span class='ocrx_word' id='word_1_662' title='bbox 3133 4503 3201 4558; x_wconf 90' lang='lat' dir='ltr'><strong>ad</strong></span> <span class='ocrx_word' id='word_1_663' title='bbox 3242 4500 3588 4570; x_wconf 85' lang='lat' dir='ltr'><strong>Operandum</strong></span> <span class='ocrx_word' id='word_1_664' title='bbox 3612 4497 3798 4566; x_wconf 86' lang='lat' dir='ltr'><strong>ipsum</strong></span> 
     </span>
    </p>
   </div>
   <div class='ocr_carea' id='block_1_94' title="bbox 2211 4588 3840 4671">
    <p class='ocr_par' dir='ltr' id='par_1_94' title="bbox 2211 4588 3840 4671">
     <span class='ocr_line' id='line_1_94' title="bbox 2211 4588 3840 4671; baseline -0.007 -15"><span class='ocrx_word' id='word_1_665' title='bbox 2211 4602 2341 4671; x_wconf 84' lang='lat' dir='ltr'><strong>(hoc</strong></span> <span class='ocrx_word' id='word_1_666' title='bbox 2371 4607 2457 4655; x_wconf 89' lang='lat' dir='ltr'><strong>est</strong></span> <span class='ocrx_word' id='word_1_667' title='bbox 2488 4599 2793 4663; x_wconf 84' lang='lat' dir='ltr'><strong>hominem)</strong></span> <span class='ocrx_word' id='word_1_668' title='bbox 2819 4605 2876 4653; x_wconf 86' lang='lat' dir='ltr'><strong>et</strong></span> <span class='ocrx_word' id='word_1_669' title='bbox 2900 4588 3358 4652; x_wconf 86' lang='lat' dir='ltr'><strong>custodiendum.</strong></span> <span class='ocrx_word' id='word_1_670' title='bbox 3387 4592 3586 4660; x_wconf 90' lang='lat' dir='ltr'><strong>Siquis</strong></span> <span class='ocrx_word' id='word_1_671' title='bbox 3610 4599 3798 4645; x_wconf 86' lang='lat' dir='ltr'><strong>autem</strong></span> <span class='ocrx_word' id='word_1_672' title='bbox 3829 4649 3840 4658; x_wconf 59' lang='grc'><strong>,</strong></span> 
     </span>
    </p>
   </div>
   <div class='ocr_carea' id='block_1_95' title="bbox 2208 4680 3799 4749">
    <p class='ocr_par' dir='ltr' id='par_1_95' title="bbox 2208 4680 3799 4749">
     <span class='ocr_line' id='line_1_95' title="bbox 2208 4680 3799 4749; baseline -0.009 -2"><span class='ocrx_word' id='word_1_673' title='bbox 2208 4692 2317 4748; x_wconf 78' lang='lat' dir='ltr'><strong>huc</strong></span> <span class='ocrx_word' id='word_1_674' title='bbox 2343 4690 2516 4746; x_wconf 85' lang='lat' dir='ltr'><strong>verbo</strong></span> <span class='ocrx_word' id='word_1_675' title='bbox 2551 4689 2923 4745; x_wconf 85' lang='lat' dir='ltr'><strong>conturbatur</strong></span> <span class='ocrx_word' id='word_1_676' title='bbox 2957 4727 2971 4749; x_wconf 89' lang='lat'><strong>.</strong></span> <span class='ocrx_word' id='word_1_677' title='bbox 3008 4687 3159 4742; x_wconf 89' lang='lat' dir='ltr'><strong>dicat</strong></span> <span class='ocrx_word' id='word_1_678' title='bbox 3190 4684 3353 4749; x_wconf 90' lang='lat' dir='ltr'><strong>mihi,</strong></span> <span class='ocrx_word' id='word_1_679' title='bbox 3385 4698 3511 4739; x_wconf 91' lang='lat' dir='ltr'><strong>cum</strong></span> <span class='ocrx_word' id='word_1_680' title='bbox 3556 4680 3799 4741; x_wconf 82' lang='lat' dir='ltr'><strong>latitudo</strong></span> 
     </span>
    </p>
   </div>
   <div class='ocr_carea' id='block_1_96' title="bbox 2207 4773 3798 4855">
    <p class='ocr_par' dir='ltr' id='par_1_96' title="bbox 2207 4773 3798 4855">
     <span class='ocr_line' id='line_1_96' title="bbox 2207 4773 3798 4855; baseline -0.009 -14"><span class='ocrx_word' id='word_1_681' title='bbox 2207 4784 2451 4855; x_wconf 87' lang='lat' dir='ltr'><strong>paradisi</strong></span> <span class='ocrx_word' id='word_1_682' title='bbox 2478 4785 2551 4840; x_wconf 91' lang='lat' dir='ltr'><strong>sit</strong></span> <span class='ocrx_word' id='word_1_683' title='bbox 2583 4781 2991 4852; x_wconf 79' lang='lat' dir='ltr'><strong>magnitudinis</strong></span> <span class='ocrx_word' id='word_1_684' title='bbox 3014 4774 3627 4848; x_wconf 83' lang='lat' dir='ltr'><strong>incomprehensibilis.</strong></span> <span class='ocrx_word' id='word_1_685' title='bbox 3659 4773 3798 4828; x_wconf 86' lang='lat' dir='ltr'><strong>adeo</strong></span> 
     </span>
    </p>
   </div>
   <div class='ocr_carea' id='block_1_97' title="bbox 2208 4866 3887 4945">
    <p class='ocr_par' dir='ltr' id='par_1_97' title="bbox 2208 4866 3887 4945">
     <span class='ocr_line' id='line_1_97' title="bbox 2208 4866 3887 4945; baseline -0.01 -12"><span class='ocrx_word' id='word_1_686' title='bbox 2208 4886 2269 4933; x_wconf 90' lang='lat' dir='ltr'><strong>ut</strong></span> <span class='ocrx_word' id='word_1_687' title='bbox 2322 4874 2664 4931; x_wconf 85' lang='lat' dir='ltr'><strong>abundantia</strong></span> <span class='ocrx_word' id='word_1_688' title='bbox 2702 4874 2838 4945; x_wconf 82' lang='lat' dir='ltr'><strong>ejus</strong></span> <span class='ocrx_word' id='word_1_689' title='bbox 2898 4869 3246 4941; x_wconf 80' lang='lat' dir='ltr'><strong>irrigationis</strong></span> <span class='ocrx_word' id='word_1_690' title='bbox 3296 4866 3504 4922; x_wconf 84' lang='lat' dir='ltr'><strong>eﬂiciat</strong></span> <span class='ocrx_word' id='word_1_691' title='bbox 3556 4875 3801 4934; x_wconf 86' lang='lat' dir='ltr'><strong>quatuor</strong></span> <span class='ocrx_word' id='word_1_692' title='bbox 3878 4894 3887 4900; x_wconf 83' lang='lat'><strong><em>~</em></strong></span> 
     </span>
    </p>
   </div>
   <div class='ocr_carea' id='block_1_98' title="bbox 2207 4952 3804 5033">
    <p class='ocr_par' dir='ltr' id='par_1_98' title="bbox 2207 4952 3804 5033">
     <span class='ocr_line' id='line_1_98' title="bbox 2207 4952 3804 5033; baseline -0.01 -10"><span class='ocrx_word' id='word_1_693' title='bbox 2207 4967 2405 5023; x_wconf 87' lang='lat' dir='ltr'><strong>ﬂuvios</strong></span> <span class='ocrx_word' id='word_1_694' title='bbox 2427 4965 2744 5021; x_wconf 82' lang='lat' dir='ltr'><strong>universam</strong></span> <span class='ocrx_word' id='word_1_695' title='bbox 2765 4978 2939 5033; x_wconf 84' lang='lat' dir='ltr'><strong>prope</strong></span> <span class='ocrx_word' id='word_1_696' title='bbox 2955 4969 3158 5016; x_wconf 88' lang='lat' dir='ltr'><strong>terram</strong></span> <span class='ocrx_word' id='word_1_697' title='bbox 3184 4959 3501 5028; x_wconf 80' lang='lat' dir='ltr'><strong>irrigantes,</strong></span> <span class='ocrx_word' id='word_1_698' title='bbox 3519 4952 3804 5025; x_wconf 82' lang='lat' dir='ltr'><strong>quomodo</strong></span> 
     </span>
    </p>
   </div>
   <div class='ocr_carea' id='block_1_99' title="bbox 2212 5050 3804 5126">
    <p class='ocr_par' dir='ltr' id='par_1_99' title="bbox 2212 5050 3804 5126">
     <span class='ocr_line' id='line_1_99' title="bbox 2212 5050 3804 5126; baseline -0.01 -13"><span class='ocrx_word' id='word_1_699' title='bbox 2212 5060 2324 5120; x_wconf 89' lang='lat' dir='ltr'><strong>ille.</strong></span> <span class='ocrx_word' id='word_1_700' title='bbox 2357 5072 2485 5114; x_wconf 83' lang='lat' dir='ltr'><strong>cum</strong></span> <span class='ocrx_word' id='word_1_701' title='bbox 2520 5059 2595 5114; x_wconf 90' lang='lat' dir='ltr'><strong>sit</strong></span> <span class='ocrx_word' id='word_1_702' title='bbox 2626 5057 2799 5119; x_wconf 88' lang='lat' dir='ltr'><strong>solus,</strong></span> <span class='ocrx_word' id='word_1_703' title='bbox 2841 5055 3047 5126; x_wconf 88' lang='lat' dir='ltr'><strong>ligone.</strong></span> <span class='ocrx_word' id='word_1_704' title='bbox 3076 5062 3263 5109; x_wconf 84' lang='lat' dir='ltr'><strong>rastro.</strong></span> <span class='ocrx_word' id='word_1_705' title='bbox 3293 5050 3383 5106; x_wconf 84' lang='lat' dir='ltr'><strong>vel</strong></span> <span class='ocrx_word' id='word_1_706' title='bbox 3420 5056 3609 5103; x_wconf 85' lang='lat' dir='ltr'><strong>aratro</strong></span> <span class='ocrx_word' id='word_1_707' title='bbox 3644 5060 3804 5101; x_wconf 78' lang='lat' dir='ltr'><strong>exer-</strong></span> 
     </span>
    </p>
   </div>
   <div class='ocr_carea' id='block_1_100' title="bbox 2211 5141 3831 5217">
    <p class='ocr_par' dir='ltr' id='par_1_100' title="bbox 2211 5141 3831 5217">
     <span class='ocr_line' id='line_1_100' title="bbox 2211 5141 3831 5217; baseline -0.01 -12"><span class='ocrx_word' id='word_1_708' title='bbox 2211 5151 2392 5217; x_wconf 78' lang='lat' dir='ltr'><strong>cuerit</strong></span> <span class='ocrx_word' id='word_1_709' title='bbox 2421 5157 2584 5204; x_wconf 75' lang='lat' dir='ltr'><strong>terrae</strong></span> <span class='ocrx_word' id='word_1_710' title='bbox 2610 5146 2996 5217; x_wconf 85' lang='lat' dir='ltr'><strong>operationem</strong></span> <span class='ocrx_word' id='word_1_711' title='bbox 3022 5161 3036 5209; x_wconf 89' lang='lat'><strong>;</strong></span> <span class='ocrx_word' id='word_1_712' title='bbox 3069 5141 3354 5213; x_wconf 86' lang='lat' dir='ltr'><strong>quomodo</strong></span> <span class='ocrx_word' id='word_1_713' title='bbox 3386 5150 3573 5195; x_wconf 87' lang='lat' dir='ltr'><strong>autem</strong></span> <span class='ocrx_word' id='word_1_714' title='bbox 3612 5145 3831 5217; x_wconf 18' lang='lat' dir='ltr'><strong>custos</strong></span> 
     </span>
    </p>
   </div>
   <div class='ocr_carea' id='block_1_101' title="bbox 2212 5226 3799 5306">
    <p class='ocr_par' dir='ltr' id='par_1_101' title="bbox 2212 5226 3799 5306">
     <span class='ocr_line' id='line_1_101' title="bbox 2212 5226 3799 5306; baseline -0.008 -13"><span class='ocrx_word' id='word_1_715' title='bbox 2212 5239 2424 5300; x_wconf 86' lang='lat' dir='ltr'><strong>diebat,</strong></span> <span class='ocrx_word' id='word_1_716' title='bbox 2460 5253 2587 5295; x_wconf 88' lang='lat' dir='ltr'><strong>cum</strong></span> <span class='ocrx_word' id='word_1_717' title='bbox 2618 5252 2805 5306; x_wconf 88' lang='lat' dir='ltr'><strong>neque</strong></span> <span class='ocrx_word' id='word_1_718' title='bbox 2833 5242 3024 5292; x_wconf 86' lang='lat' dir='ltr'><strong>essent</strong></span> <span class='ocrx_word' id='word_1_719' title='bbox 3052 5233 3231 5297; x_wconf 76' lang='lat' dir='ltr'><strong>fures,</strong></span> <span class='ocrx_word' id='word_1_720' title='bbox 3260 5246 3445 5301; x_wconf 88' lang='lat' dir='ltr'><strong>neque</strong></span> <span class='ocrx_word' id='word_1_721' title='bbox 3472 5228 3605 5293; x_wconf 87' lang='lat' dir='ltr'><strong>viri,</strong></span> <span class='ocrx_word' id='word_1_722' title='bbox 3632 5226 3799 5297; x_wconf 65' lang='lat' dir='ltr'><strong>ethe-</strong></span> 
     </span>
    </p>
   </div>
   <div class='ocr_carea' id='block_1_102' title="bbox 2210 5322 3803 5399">
    <p class='ocr_par' dir='ltr' id='par_1_102' title="bbox 2210 5322 3803 5399">
     <span class='ocr_line' id='line_1_102' title="bbox 2210 5322 3803 5399; baseline -0.009 -12"><span class='ocrx_word' id='word_1_723' title='bbox 2210 5333 2332 5388; x_wconf 68' lang='lat' dir='ltr'><strong>stia:</strong></span> <span class='ocrx_word' id='word_1_724' title='bbox 2353 5346 2547 5387; x_wconf 87' lang='lat' dir='ltr'><strong>omnes</strong></span> <span class='ocrx_word' id='word_1_725' title='bbox 2574 5339 2633 5386; x_wconf 90' lang='lat' dir='ltr'><strong>et</strong></span> <span class='ocrx_word' id='word_1_726' title='bbox 2683 5329 2905 5399; x_wconf 85' lang='lat' dir='ltr'><strong>reptilia</strong></span> <span class='ocrx_word' id='word_1_727' title='bbox 2937 5329 3093 5399; x_wconf 88' lang='lat' dir='ltr'><strong>jussa</strong></span> <span class='ocrx_word' id='word_1_728' title='bbox 3124 5333 3318 5382; x_wconf 82' lang='lat' dir='ltr'><strong>essent</strong></span> <span class='ocrx_word' id='word_1_729' title='bbox 3356 5322 3523 5379; x_wconf 88' lang='lat' dir='ltr'><strong>simul</strong></span> <span class='ocrx_word' id='word_1_730' title='bbox 3575 5335 3706 5377; x_wconf 82' lang='lat' dir='ltr'><strong>cum</strong></span> <span class='ocrx_word' id='word_1_731' title='bbox 3731 5333 3803 5373; x_wconf 87' lang='lat' dir='ltr'><strong>eo</strong></span> 
     </span>
    </p>
   </div>
   <div class='ocr_carea' id='block_1_103' title="bbox 2213 5420 3913 5490">
    <p class='ocr_par' dir='ltr' id='par_1_103' title="bbox 2213 5420 3913 5490">
     <span class='ocr_line' id='line_1_103' title="bbox 2213 5420 3913 5490; baseline -0.008 -12"><span class='ocrx_word' id='word_1_732' title='bbox 2213 5425 2363 5480; x_wconf 85' lang='lat' dir='ltr'><strong>vesci</strong></span> <span class='ocrx_word' id='word_1_733' title='bbox 2389 5423 2653 5479; x_wconf 88' lang='lat' dir='ltr'><strong>omnibus</strong></span> <span class='ocrx_word' id='word_1_734' title='bbox 2677 5421 2958 5477; x_wconf 82' lang='lat' dir='ltr'><strong>fructibus</strong></span> <span class='ocrx_word' id='word_1_735' title='bbox 2992 5420 3090 5490; x_wconf 91' lang='lat' dir='ltr'><strong>qui</strong></span> <span class='ocrx_word' id='word_1_736' title='bbox 3125 5425 3438 5473; x_wconf 85' lang='lat' dir='ltr'><strong>nascuntur</strong></span> <span class='ocrx_word' id='word_1_737' title='bbox 3463 5431 3495 5472; x_wconf 92' lang='lat' dir='ltr'><strong>a</strong></span> <span class='ocrx_word' id='word_1_738' title='bbox 3529 5422 3705 5476; x_wconf 84' lang='lat' dir='ltr'><strong>terra,</strong></span> <span class='ocrx_word' id='word_1_739' title='bbox 3738 5420 3804 5466; x_wconf 89' lang='lat' dir='ltr'><strong>ut</strong></span> <span class='ocrx_word' id='word_1_740' title='bbox 3890 5467 3913 5489; x_wconf 52' lang='grc' dir='ltr'><strong><em>ο</em></strong></span> 
     </span>
    </p>
   </div>
   <div class='ocr_carea' id='block_1_104' title="bbox 2214 5507 3802 5585">
    <p class='ocr_par' dir='ltr' id='par_1_104' title="bbox 2214 5507 3802 5585">
     <span class='ocr_line' id='line_1_104' title="bbox 2214 5507 3802 5585; baseline -0.009 -13"><span class='ocrx_word' id='word_1_741' title='bbox 2214 5532 2339 5585; x_wconf 63' lang='lat' dir='ltr'><strong>quae</strong></span> <span class='ocrx_word' id='word_1_742' title='bbox 2365 5516 2534 5571; x_wconf 88' lang='lat' dir='ltr'><strong>aDeo</strong></span> <span class='ocrx_word' id='word_1_743' title='bbox 2579 5515 2743 5570; x_wconf 60' lang='lat' dir='ltr'><strong>facta;</strong></span> <span class='ocrx_word' id='word_1_744' title='bbox 2797 5512 2910 5569; x_wconf 84' lang='lat' dir='ltr'><strong>sint</strong></span> <span class='ocrx_word' id='word_1_745' title='bbox 2942 5529 3071 5568; x_wconf 86' lang='lat' dir='ltr'><strong>eum</strong></span> <span class='ocrx_word' id='word_1_746' title='bbox 3124 5510 3352 5566; x_wconf 84' lang='lat' dir='ltr'><strong>homine</strong></span> <span class='ocrx_word' id='word_1_747' title='bbox 3394 5507 3700 5579; x_wconf 81' lang='lat' dir='ltr'><strong>participes</strong></span> <span class='ocrx_word' id='word_1_748' title='bbox 3744 5510 3802 5559; x_wconf 86' lang='lat' dir='ltr'><strong>et</strong></span> 
     </span>
    </p>
   </div>
   <div class='ocr_carea' id='block_1_105' title="bbox 3285 5694 3787 5770">
    <p class='ocr_par' dir='ltr' id='par_1_105' title="bbox 3285 5694 3787 5770">
     <span class='ocr_line' id='line_1_105' title="bbox 3285 5694 3787 5770; baseline -0.008 -15"><span class='ocrx_word' id='word_1_749' title='bbox 3285 5699 3327 5733; x_wconf 67' lang='grc' dir='ltr'><strong>οε</strong></span> <span class='ocrx_word' id='word_1_750' title='bbox 3365 5697 3601 5770; x_wconf 76' lang='lat' dir='ltr'><strong>Philipp.</strong></span> <span class='ocrx_word' id='word_1_751' title='bbox 3634 5713 3696 5766; x_wconf 77' lang='grc' dir='ltr'><strong>ιι,</strong></span> <span class='ocrx_word' id='word_1_752' title='bbox 3730 5694 3787 5751; x_wconf 80' lang='lat'><strong>6.</strong></span> 
     </span>
    </p>
   </div>
   <div class='ocr_carea' id='block_1_106' title="bbox 2784 5699 3205 5765">
    <p class='ocr_par' dir='ltr' id='par_1_106' title="bbox 2784 5699 3205 5765">
     <span class='ocr_line' id='line_1_106' title="bbox 2784 5699 3205 5765; baseline -0.007 -9"><span class='ocrx_word' id='word_1_753' title='bbox 2784 5700 2827 5733; x_wconf 46' lang='grc' dir='ltr'><strong>ἐ</strong></span> <span class='ocrx_word' id='word_1_754' title='bbox 2859 5699 3015 5756; x_wconf 77' lang='lat' dir='ltr'><strong>Joan.</strong></span> <span class='ocrx_word' id='word_1_755' title='bbox 3052 5715 3123 5765; x_wconf 80' lang='lat' dir='ltr'><strong>Ix,</strong></span> <span class='ocrx_word' id='word_1_756' title='bbox 3152 5700 3205 5758; x_wconf 80' lang='grc'><strong>5.</strong></span> 
     </span>
    </p>
   </div>
   <div class='ocr_carea' id='block_1_107' title="bbox 2788 5792 2801 5823">
    <p class='ocr_par' dir='ltr' id='par_1_107' title="bbox 2788 5792 2801 5823">
     <span class='ocr_line' id='line_1_107' title="bbox 2788 5792 2801 5823; baseline 0 0"><span class='ocrx_word' id='word_1_757' title='bbox 2788 5792 2801 5823; x_wconf 88' lang='lat' dir='ltr'><strong><em>I</em></strong></span> 
     </span>
    </p>
   </div>
   <div class='ocr_carea' id='block_1_108' title="bbox 2314 5700 2706 5770">
    <p class='ocr_par' dir='ltr' id='par_1_108' title="bbox 2314 5700 2706 5770">
     <span class='ocr_line' id='line_1_108' title="bbox 2314 5700 2706 5770; baseline -0.005 -14"><span class='ocrx_word' id='word_1_758' title='bbox 2314 5703 2356 5733; x_wconf 60' lang='lat'><strong>“7</strong></span> <span class='ocrx_word' id='word_1_759' title='bbox 2385 5700 2539 5757; x_wconf 75' lang='lat' dir='ltr'><strong>Joan.</strong></span> <span class='ocrx_word' id='word_1_760' title='bbox 2578 5718 2614 5770; x_wconf 86' lang='lat' dir='ltr'><strong>I,</strong></span> 
     </span>
    </p>
   </div>
  </div>
