3942 6298
137 289 256 355 985

1239 296 1319 356 IN
1358 297 1910 359 HEXAEMERON.
1944 320 2015 336 -ι
2045 300 2192 365 LIB.
2234 303 2339 363 1X.

3295 308 3399 370 98f:

138 399 471 475 coheredes
518 401 825 472 fructuum,
869 405 1018 487 sicut
1056 422 1085 460 a
1118 406 1280 462 nobis
1324 408 1568 464 breviter
1607 410 1720 479 jam
1751 414 1798 470 Α
1824 410 1961 465 alios
1984 411 2332 480 septuaginta
2358 413 2645 483 operarios
2670 413 2740 467 ad
2764 414 3102 483 operandam
3131 423 3187 471 et
3221 431 3402 485 eustov

139 505 311 548 antea
343 493 553 548 dictum
586 504 674 549 est
702 513 714 547 :
774 496 873 551 sed
911 488 1108 553 omnes
1133 499 1327 555 bestiae
1350 511 1443 555 ‘et‘
1463 502 1720 557 volucres

141 584 588 653 subjiciebantur
614 584 847 645 Adamo.
873 588 1106 653 Quando
1134 604 1269 660 ergo
1291 590 1541 646 audieris
1569 592 1720 662 quod

144 674 295 731 Deus
330 674 703 737 infertAdam
735 690 800 729 ex
829 676 1071 745 quodam
1116 678 1240 733 loco
1267 681 1476 750 ignoto,
1526 689 1584 735 et
1622 682 1720 750 qui

144 781 253 822 nec
280 774 459 836 potest
489 766 756 835 explicari
783 783 888 823 nec
912 771 1313 843 comprehendi
1337 813 1351 838 ,
1382 773 1585 838 solum,
1618 790 1723 828 nu-

146 834 864 929 dum—etincompositum,
912 834 981 915 in
1032 834 1392 932 paradisum;
1433 875 1491 920 et
1539 834 1724 920 induit

146 964 275 1023 cum
307 949 457 1004 intus
486 951 720 1018 pellicea
747 953 933 1008 tunica
971 954 1223 1019 carnali;
1262 963 1320 1025 et
1350 955 1417 1009 ad
1452 971 1579 1010 eum
1618 956 1725 1010 rad-

147 1036 303 1093 ducit
336 1039 543 1095 bestias
569 1040 735 1104 intra,
767 1056 892 1111 qua:
912 1051 1042 1097 ante
1061 1043 1184 1112 ejus
1211 1043 1524 1113 ingressum
1563 1054 1725 1100 erant

149 1129 288 1184 foris
324 1149 341 1209 ς’
368 1146 465 1198 per
492 1130 608 1187 haec
642 1134 829 1187 omnia
873 1133 1014 1187 nihil
1055 1141 1141 1187 est
1181 1115 1721 1204 aliufpraadictum,

149 1221 261 1275 nisi
293 1222 438 1290 quod
466 1224 611 1279 Dens
644 1223 912 1287 Verbum,
948 1224 1045 1293 qui
1091 1225 1246 1294 prius
1290 1235 1413 1281 erat
1444 1227 1628 1283 nudus
1668 1237 1731 1283 et

149 1313 578 1383 incompositus,
608 1315 789 1369 Patris
819 1317 1107 1372 voluntate
1133 1326 1190 1372 et
1219 1318 1630 1387 cooperatione,
1657 1333 1723 1373 ex

147 1409 278 1462 loco
321 1409 510 1477 ignoto
562 1416 619 1464 et
661 1411 755 1479 qui
805 1411 1072 1479 explicari
1122 1426 1235 1465 non
1284 1419 1465 1480 potest
1503 1412 1726 1482 (nempe

144 1498 468 1554 Cherubico
529 1500 752 1568 throno)
822 1501 1106 1571 ingressus
1162 1509 1249 1558 est
1301 1502 1359 1555 in
1405 1503 1726 1571 paradisum

146 1590 437 1653 Ecclesiae,
480 1591 553 1645 ad
579 1590 924 1659 operandum
953 1591 1136 1661 ipsum
1160 1601 1219 1647 et
1238 1591 1669 1648 custodiendum
1711 1609 1723 1645 :

147 1689 213 1735 et
240 1696 405 1735 carne
430 1690 689 1750 suscepta
716 1682 931 1752 accepit
972 1683 1213 1737 tunicam
1240 1692 1444 1739 nostra:
1468 1684 1724 1740 essentiae

148 1771 373 1843 (nempe
400 1770 682 1827 hominem
711 1787 877 1839 quem
906 1772 1085 1842 ﬁnxit)
1112 1816 1124 1836 ,
1163 1782 1223 1829 et
1249 1774 1301 1829 ei
1324 1775 1515 1830 unitus
1545 1786 1631 1831 est
1659 1778 1716 1830 in

146 1858 452 1930 hypostasi.
479 1856 602 1910 Non
630 1859 771 1911 enim
795 1858 1010 1929 angelos
1035 1861 1399 1931 apprehendit.
1421 1861 1513 1915 sed
1541 1864 1720 1933 semen

143 1952 375 2007 Abrahae
403 1955 746 2024 apprehendit
772 1956 814 2019 ¹,
831 1955 1056 2025 quando
1086 1965 1313 2026 accepto
1338 1958 1521 2012 carnis
1548 1957 1720 2012 linteo

145 2046 395 2114 seipsum
438 2049 720 2113 accinxit,
756 2066 867 2103 non
914 2050 985 2104 ab
1020 2050 1130 2104 alio
1182 2050 1234 2104 ei
1283 2051 1565 2118 imposito.
1619 2050 1720 2105 Se-

146 2137 333 2205 ipsum
356 2137 504 2193 enim
534 2154 700 2193 carne
731 2138 917 2193 induit
952 2140 1161 2210 absque
1197 2140 1409 2194 semine
1452 2141 1716 2195 humano.

147 2229 232 2282 De
259 2244 368 2297 quo
418 2230 473 2283 in
501 2230 671 2284 vitam
715 2230 968 2300 ingressu
1021 2240 1261 2286 testatur
1308 2232 1467 2301 901
1516 2233 1722 2286 Paulus

72 2340 81 2349 -
148 2335 349 2374 cursor
380 2314 641 2386 paradisi,
696 2321 888 2376 dicens
929 2322 999 2376 de
1046 2323 1161 2376 Deo
1217 2323 1419 2386 Patre,
1460 2330 1516 2377 et
1580 2321 1722 2376 Filio

149 2411 250 2479 qui
277 2419 358 2464 est
393 2412 744 2468 introductus
777 2428 876 2481 per
903 2413 1121 2467 Patrem
1146 2430 1159 2466 :
1190 2412 1415 2478 Quando
1439 2420 1613 2466 autem
1637 2415 1724 2466 in-

151 2503 444 2557 troduxerit
466 2503 871 2573 primogenitum
901 2505 956 2557 in
981 2504 1157 2558 urbem
1178 2513 1335 2559 terra:
1356 2505 1377 2535 '
1397 2544 1412 2569 ,
1444 2512 1499 2558 et
1524 2520 1725 2574 posue-

150 2594 231 2647 rit
256 2610 379 2651 eum
418 2594 471 2648 in
500 2595 768 2651 Ecclesia.
801 2611 953 2663 quem
989 2595 1106 2664 fecit
1134 2595 1395 2649 heredem
1420 2597 1654 2649 omnium
1677 2596 1719 2659 ³,

150 2685 289 2738 dicit
325 2704 337 2738 :
368 2685 434 2738 Et
467 2686 765 2740 adorabunt
804 2700 922 2739 eum
951 2702 1129 2739 omnes
1152 2685 1341 2753 .tribus
1379 2687 1614 2756 gentium
1651 2686 1672 2718 ⁸
1708 2702 1735 2751 ;ο

149 2782 212 2828 et
242 2789 431 2830 omnes
462 2775 650 2829 leones
677 2778 899 2843 (nempe
926 2790 1079 2844 reges
1120 2782 1301 2840 terrae)
1333 2775 1556 2830 beatum
1596 2792 1722 2831 eum

150 2866 366 2933 dicent,
416 2876 476 2920 ut
533 2868 629 2936 qui
678 2867 958 2935 acceperit
995 2883 1027 2920 a
1065 2867 1479 2937 Patrebestias
1507 2866 1727 2935 (nempe

150 2961 534 3014 [nereditatem
561 2960 831 3029 gentium)
860 2968 919 3013 et
943 2960 1351 3028 possessionem
1376 2973 1554 3020 suam,
1588 2958 1727 3012 lines

1821 501 2086 556 diendum
2117 502 2267 556 hunc
2303 504 2644 571 paradisum,
2672 504 2740 558 ad
2782 506 2923 559 bene
2961 507 3322 574 operandum.
3351 516 3402 561 et

1821 590 2229 654 seminandum,
2269 598 2326 645 et
2372 590 2759 660 plantandum,
2796 592 3161 661 purgandum.
3195 601 3250 645 ct
3276 590 3409 667 irri-.

1821 682 2085 751 gandum,
2133 682 2215 737 eis
2268 682 2538 736 mandans
2596 689 2652 736 et
2700 682 2894 735 dicens
2936 698 2950 734 :
2989 674 3168 735 omnis
3217 681 3405 750 planta

1822 790 1982 845 quam
2020 772 2125 827 non
2170 773 2431 844 plantavit
2459 772 2625 827 Pater
2667 789 2812 826 meus
2843 770 3081 837 ccelestis,
3136 789 3253 826 eam
3282 790 3405 826 era-

1823 867 2062 927 dicate’,
2123 875 2179 921 et
2213 866 2446 920 verbum
2494 873 2743 919 nostrum
2791 874 2847 920 et
2887 864 3081 934 dogma
3140 865 3401 933 plantate.

1822 956 2083 1011 Nec-hoc
2124 957 2326 1020 solum,
2356 955 2454 1010 sed
2496 955 2664 1010 etiam
2700 971 2797 1024 per
2828 954 3007 1024 ipsum
3052 955 3183 1009 licet
3218 955 3405 1009 videre

1824 1045 1973 1101 hunc
2023 1046 2329 1101 secundum
2376 1045 2549 1100 Adam
2592 1051 2813 1114 (nempe
2864 1044 3170 1111 Christum)
3219 1053 3406 1114 aperte

1825 1144 2145 1206 operantem
2185 1137 2424 1197 (arbores
2471 1135 2684 1189 ratione
2729 1133 2987 1202 prteditas
3015 1150 3029 1198 ;
3062 1141 3119 1187 et
3160 1149 3255 1187 eas
3282 1132 3407 1201 qui-

1825 1226 1953 1281 dem
1976 1242 2099 1296 qua:
2116 1236 2247 1281 sunt
2267 1226 2583 1289 immundae,
2611 1224 2989 1278 mundantem.
3012 1224 3225 1290 Quibus
3240 1224 3404 1280 etiam

1826 1319 2248 1384 dicebatzVolo,
2276 1319 2535 1372 mundare
2560 1319 2633 1382 |°;
2667 1317 2842 1372 siccas
2868 1325 3052 1372 autem
3087 1309 3404 1371 humectano

1827 1417 1939 1464 tem
1972 1430 1992 1465 ιε
2029 1426 2096 1464 ex
2119 1409 2324 1480 quibus
2342 1418 2465 1465 erat
2492 1408 2659 1462 etiam
2701 1408 2793 1462 illa
2817 1408 2983 1462 arbor
3048 1425 3169 1478 quas
3196 1410 3406 1463 aridam

1828 1518 1983 1557 suam
2004 1502 2227 1557 habebat
2259 1519 2477 1556 manum
2502 1503 2541 1534 “
2569 1509 2828 1571 tanquam
2864 1516 3107 1565 ramum;
3138 1500 3206 1554 ad
3241 1516 3407 1569 quam

1827 1593 2155 1648 exclamavit
2210 1594 2391 1648 bonus
2451 1593 2820 1655 hortulanus,
2882 1592 3123 1645 Extende
3187 1608 3408 1645 manum

1830 1692 1979 1737 tuam
2020 1684 2064 1716 ι’
2111 1683 2180 1738 ad
2215 1683 2314 1738 Dei
2367 1682 2771 1753 operationem.
2822 1680 2912 1736 Sic
2942 1682 3110 1736 etiam
3148 1690 3408 1750 tanquam

1827 1776 1960 1838 vita,
2006 1774 2176 1829 etiam
2221 1780 2399 1829 morte
2436 1772 2664 1828 allectos
2712 1773 2862 1827 viros
2909 1772 3292 1836 mortiﬁcavit;
3340 1787 3409 1826 ex

1822 1866 2024 1937 quibus
2044 1874 2164 1920 erat
2180 1875 2397 1920 mortua
2419 1874 2475 1919 et
2495 1865 2649 1921 arida
2680 1864 2844 1919 arbor
2873 1864 3133 1928 Lazarus,
3155 1863 3407 1934 lacrymte

1820 1973 1963 2027 aqua
2006 1957 2249 2026 irrigata,
2285 1965 2341 2011 et
2372 1956 2495 2026 quae
2527 1957 2713 2013 statim
2746 1941 3077 2028 germinavit
3124 1972 3189 2010 ex
3234 1964 3403 2010 terra.

1822 2047 2336 2117 Supernaturaliter
2387 2057 2576 2101 autem
2621 2047 2728 2101 scit
2776 2062 2995 2116 quoque
3048 2047 3139 2101 hic
3171 2048 3407 2117 agricola

1820 2139 1979 2195 Iesus
2023 2139 2328 2202 inoculare,
2372 2147 2434 2193 ut
2487 2138 2583 2208 qui
2633 2138 2811 2193 instar
2859 2138 3139 2192 bortulani
3197 2137 3315 2191 luto
3347 2149 3408 2191 et

1822 2245 1964 2298 aqua
2005 2228 2297 2283 inoculans
2338 2244 2465 2284 eum
2516 2229 2611 2297 qui
2663 2236 2782 2283 erat
2817 2243 2997 2284 caecus
3032 2229 3109 2282 ‘ab
3152 2237 3278 2282 ortu
3320 2227 3404 2298 (ut

1823 2322 1917 2390 qui
1961 2331 2108 2375 esset
2147 2321 2244 2375 lux
2280 2320 2350 2375 de
2398 2320 2652 2389 lumine),
2685 2320 2815 2375 caeci
2864 2320 3040 2374 oculis
3069 2320 3246 2374 visum
3283 2320 3406 2373 red-

1823 2411 2048 2467 diderit.
2093 2411 2252 2478 Quod
2291 2412 2335 2466 si
2371 2411 2550 2466 etiam
2577 2412 2757 2481 ipsum
2804 2412 2945 2466 velis
2975 2411 3164 2466 videre
3277 2409 3407 2463 irri-

1822 2510 2092 2574 gatorem,
2124 2503 2253 2558 audi
2294 2519 2422 2557 eum
2456 2502 2733 2558 dicentem
2766 2521 2780 2556 :
2816 2502 2873 2557 Si
2906 2505 3022 2573 quis
3059 2503 3192 2563 sitit.
3227 2508 3403 2556 veniat

1826 2596 1897 2649 ad
1940 2612 2040 2659 me,
2078 2602 2130 2647 et
2182 2596 2325 2649 bibat
2353 2595 2421 2649 ¹³.
2478 2594 2570 2649 Sic
2620 2595 2767 2649 enim
2807 2598 3008 2648 sedens
3052 2593 3118 2647 ad
3154 2602 3402 2663 puteum,

1824 2686 2053 2755 pulchra
2078 2686 2170 2739 illa
2197 2686 2328 2739 vitis
2354 2686 2575 2754 (nempe
2611 2684 2975 2754 Samaritana)
3008 2684 3256 2755 irrigata,
3284 2700 3404 2737 eam

1827 2775 2070 2831 reddidit
2131 2775 2391 2830 fertilem.
2425 2774 2582 2830 Unde
2641 2774 2808 2829 etiam
2859 2783 3118 2844 tanquam
3163 2775 3405 2827 fructum

1828 2882 2018 2922 amans
2036 2869 2273 2938 agricola
2310 2876 2366 2922 et
2385 2868 2531 2921 Deus
2552 2866 2909 2936 reprehendit
2933 2881 3057 2920 eum
3095 2866 3191 2934 qui
3231 2864 3405 2917 trien-

1829 2961 1926 3013 nio
1959 2959 2121 3013 ﬁcum
2156 2959 2305 3013 illam
2361 2958 2636 3026 irrigavit,
2673 2957 2742 3011 de
2796 2966 2997 3012 caetero
3034 2972 3153 3011 eam
3199 2956 3403 3025 jubens

153 3063 339 3106 terrae.
390 3054 466 3107 lt.t
506 3052 782 3122 intelligat
830 3052 1077 3107 Ecclesia
1104 3052 1238 3106 illud
1269 3069 1282 3105 :
1332 3052 1543 3131 Accepit
1585 3051 1727 3104 Deus
1755 3077 1795 3132 ρ
1828 3052 2183 3112 exscindere;
2222 3049 2502 3120 quomodo
2527 3049 2692 3104 etiam
2718 3062 2842 3103 cum
2866 3063 2966 3117 per
2984 3063 3042 3101 se
3068 3047 3407 3115 increpassct

148 3145 432 3207 hominem,
457 3150 518 3195 -et
543 3143 713 3217 posuit
746 3158 865 3195 eum
909 3150 1166 3210 tanquam
1213 3143 1496 3211 proprium
1524 3155 1726 3210 corpus

150 3235 224 3289 in,
243 3250 402 3288 unam
431 3243 672 3289 sanctam
698 3233 1059 3304 hypostasim,
1092 3243 1155 3285 ut
1186 3233 1363 3287 lidelis
1386 3232 1571 3301 populi
1597 3246 1730 3301 ope-

150 3336 372 3380 raretur
400 3326 830 3394 plenitudinem,
860 3332 917 3379 et
943 3324 1251 3378 custodiret
1282 3324 1596 3392 paradisum
1635 3340 1727 3377 ar-

149 3419 373 3479 borum.
406 3432 605 3485 nempe
645 3418 892 3485 gentium
940 3418 1124 3473 anima
1165 3415 1538 3484 praeditarum.
1572 3414 1728 3469 Unde

147 3509 318 3564 etiam
365 3516 622 3575 tanquam
650 3502 723 3560 'ad
769 3508 873 3560 hoc
920 3506 1102 3573 ipsum
1142 3505 1354 3572 positus
1400 3519 1429 3558 a
1461 3504 1624 3558 Patre
1645 3504 1730 3557 di-

149 3601 315 3655 ccbat
370 3616 380 3650 :
422 3598 587 3651 Pater
629 3613 771 3650 meus
816 3613 981 3667 usque
1018 3596 1171 3648 modo
1218 3604 1490 3664 operatur,
1538 3603 1588 3647 et
1635 3610 1728 3665 ego

149 3708 346 3761 operor
375 3690 418 3751 ⁵,
454 3701 509 3742 et
534 3686 873 3744 custodienti
905 3687 1041 3740 mihi
1065 3694 1354 3755 paternum
1383 3687 1725 3751 mandatum,

149 3783 310 3838 dedit
343 3781 478 3834 mihi
532 3795 725 3849 agrum
765 3788 822 3833 et
866 3780 1112 3842 hortum,
1156 3779 1212 3832 in
1257 3793 1419 3846 quem
1473 3793 1730 3847 egressus

148 3893 182 3930 a
236 3876 416 3937 Patre,
475 3873 759 3943 ingressus
799 3881 884 3927 est
919 3872 1103 3927 statim
1151 3870 1246 3940 qui
1281 3870 1520 3925 seminat
1545 3870 1611 3924 ad
1640 3886 1729 3925 se-

148 3967 475 4021 minandum
518 3985 530 4019 :
583 3973 640 4016 et
687 3964 1081 4017 statim'mane
1130 3961 1370 4016 conduxi
1434 3960 1727 4017 duodecim

149 4055 437 4125 Operarios
467 4053 769 4121 discipulos
813 4054 896 4107 eis
926 4052 1192 4106 mandans
1221 4067 1285 4106 ac
1308 4051 1496 4107 dicens
1525 4069 1539 4105 :
1563 4051 1727 4105 Nemo

150 4162 218 4199 ex
239 4145 374 4197 UObl8
396 4145 603 4197 mittens
621 4128 837 4196 man-um
860 4142 929 4195 ad
942 4150 1188 4195 aratrum
1212 4151 1260 4195 et
1289 4157 1563 4195 conversus
1589 4149 1729 4196 retro

148 4247 307 4306 aptus
341 4243 417 4289 est
443 4250 602 4304 regno
637 4234 884 4287 calorum
907 4233 946 4285 ⁸.
970 4233 1047 4286 De
1076 4241 1298 4297 cmtero,
1337 4231 1521 4286 Tollite
1536 4233 1728 4301 jugum

151 4346 328 4385 meum
366 4344 525 4397 super
570 4344 680 4389 vos,
719 4328 910 4397 jugum
956 4327 1109 4379 "enim
1143 4341 1317 4380 meum
1368 4332 1444 4378 est
1483 4340 1642 4378 suave
1681 4325 1724 4389 ⁷,

1832 3142 1996 3196 ﬁcum
2017 3158 2140 3212 quae
2164 3141 2296 3196 folia
2314 3139 2545 3204 ferebat,
2571 3154 2680 3193 non
2707 3146 2892 3192 autem
2932 3137 3195 3199 fructum,
3231 3134 3405 3205 ipsam

1830 3234 2147 3289 exsiccavit.

1896 3322 2004 3377 Sed
2039 3323 2156 3377 haec
2182 3320 2408 3392 quidem
2432 3321 2579 3376 dicta
2609 3320 2722 3375 sint
2749 3319 2818 3374 de
2861 3333 2930 3374 eo
2958 3317 3107 3388 quod
3148 3317 3406 3373 Christus

1827 3422 2086 3481 operatur
2113 3413 2452 3481 paradisum.
2500 3413 2578 3466 De
2606 3427 2675 3467 eo
2719 3421 2902 3466 autem
2953 3412 3101 3481 quod
3131 3411 3408 3467 custodiat

1827 3504 1977 3557 hunc
2009 3504 2189 3573 ipsum
2233 3504 2453 3559 hortum
2505 3505 2719 3559 ratione
2744 3504 3053 3574 praeditum,
3090 3506 3220 3559 audi
3277 3521 3405 3559 eum

1829 3595 2101 3650 dicentem
2154 3612 2169 3648 :
2209 3594 2327 3649 Non
2379 3596 2683 3666 relinquam
2738 3612 2822 3650 eos
2863 3600 3127 3665 orphanos
3165 3597 3231 3650 ⁸⁸.
3282 3596 3402 3651 Et:

1827 3686 2005 3740 Portaz
2027 3687 2185 3756 inferi
2215 3702 2319 3739 non
2374 3686 2731 3756 prrevalebunt
2763 3688 3011 3742 adversus
3037 3689 3079 3720 ⁸⁵
3109 3689 3260 3742 hunc
3304 3702 3405 3756 pa-

1828 3778 2070 3832 radisum
2124 3794 2138 3830 :
2188 3777 2300 3847 Ego
2322 3793 2439 3830 sum
2466 3778 2658 3831 ostium
2685 3779 2854 3833 caulae
2891 3780 3063 3833 ovium
3113 3779 3178 3841 ‘°,
3211 3786 3261 3831 et
3290 3779 3411 3831 ani-

1831 3888 1974 3926 mam
1997 3886 2171 3923 meam
2196 3885 2332 3939 pono
2358 3886 2454 3939 pro
2501 3870 2628 3939 ipsis
2662 3870 2726 3924 ”.
2764 3870 2830 3923 Et
2863 3886 2875 3922 :
2911 3869 3075 3924 Nemo
3117 3877 3283 3939 potest
3318 3886 3408 3923 eas

1830 3964 2065 4033 accipere
2092 3963 2159 4015 de
2186 3979 2351 4017 manu
2374 3977 2493 4015 mea
2525 3961 2589 4016 ³⁸.
2616 3960 2886 4027 Quoniam
2937 3977 3064 4031 quos
3114 3961 3255 4013 dedit
3284 3961 3409 4013 mihi

1828 4053 2013 4119 Pater,
2038 4052 2295 4107 custodiri
2325 4070 2432 4115 eos,
2471 4062 2520 4106 et
2556 4068 2708 4106 nemo
2736 4068 2799 4105 ea:
2826 4053 2890 4105 iis
2934 4052 3109 4121 periit,
3136 4051 3236 4104 nisi
3263 4049 3408 4118 ﬁlius

1828 4143 2135 4213 perditionis
2163 4144 2227 4197 ".
2278 4143 2400 4197 Haec
2426 4150 2500 4197 est
2534 4144 2672 4196 enim
2700 4141 2944 4195 voluntas
2995 4141 3176 4196 Patris
3207 4141 3299 4207 qui
3328 4157 3411 4194 me

1830 4236 1974 4288 misit
1994 4242 2051 4287 ut
2073 4234 2329 4304 quidquid
2361 4234 2502 4288 dedit
2539 4226 2668 4287 mihi
2693 4233 2877 4297 Pater,
2907 4251 3012 4288 non
3069 4233 3287 4304 perdam
3346 4248 3411 4286 ea:

1830 4327 1942 4396 ipso
1969 4325 2036 4378 ὀ.
2084 4325 2165 4379 Ad
2204 4324 2313 4378 hoc
2332 4324 2479 4379 enim
2504 4339 2593 4378 me
2623 4324 2912 4379 collocavit
2932 4340 2995 4379 ac
3016 4325 3322 4386 constituit,
3349 4334 3411 4379 ut

148 4436 351 4487 nempe
382 4388 548 4482 erui;
578 4427 636 4472 et
667 4388 760 4486 qui
787 4388 1046 4479 seminat,
1073 4414 1382 4470 mercedem
1409 4414 1630 4482 accipit,
1663 4388 1795 4468 et‘D
1825 4388 2022 4485 dperei‘
2036 4421 2093 4468 et
2112 4414 2418 4469 custodiam
2438 4413 2880 4485 ejusparadisum
2903 4415 3061 4468 aDeo
3084 4414 3408 4482 plantatum.

149 4513 357 4579 colligit
380 4511 640 4571 fructum,
662 4509 965 4563 utImtetur
1002 4507 1095 4576 qui
1113 4507 1347 4562 seminat
1366 4507 1532 4560 simul
1549 4514 1607 4560 et
1627 4506 1722 4575 qui

151 4603 332 4659 metit.
378 4602 488 4655 llos
516 4600 808 4654 duodecim
846 4599 1084 4654 conduxi
1112 4600 1247 4652 mihi
1272 4613 1489 4654 summo
1539 4612 1720 4653 mane.

154 4694 263 4751 Sed
294 4703 579 4763 postquam
602 4692 715 4746 vidi
738 4692 1053 4761 paradisum
1083 4706 1360 4762 magnum,
1391 4700 1455 4745 et.
1475 4689 1727 4759 regiones

152 4786 360 4840 multas
401 4793 456 4838 et
506 4783 657 4837 albas
703 4792 759 4837 et
804 4798 971 4851 puras
999 4782 1188 4846 corde,
1232 4790 1290 4836 et
1322 4782 1604 4851 proposito
1634 4797 1729 4850 pa-

152 4886 304 4932 ratas
344 4876 412 4930 ad
452 4890 688 4931 messem
725 4874 873 4937 lidei,
917 4883 973 4927 et
1025 4873 1092 4928 ad
1145 4873 1461 4928 insitionem
1491 4889 1557 4928 ex
1607 4872 1730 4926 inﬁ-

155 4968 382 5023 delitate
405 4968 473 5021 ad
511 4968 603 5021 Dei
632 4962 1033 5036 cognitionem;
1064 4981 1245 5034 neque
1267 4965 1371 5020 hoc
1401 4965 1603 5029 solum,
1630 4964 1727 5019 sed

154 5060 325 5114 etiam
363 5059 592 5113 arbores
628 5059 894 5127 pulchras
923 5057 991 5111 ad
1023 5056 1322 5111 videndum
1353 5067 1411 5110 et
1456 5056 1631 5112 bonas
1658 5056 1729 5110 ad

156 5150 579 5215 comedendum,
619 5159 677 5205 et
724 5149 993 5205 habentes
1037 5149 1248 5204 fructus
1285 5159 1552 5215 maturos,
1583 5150 1730 5204 dixi:

156 5241 340 5297 Messis
377 5243 585 5313 quidem
619 5243 809 5306 multa,
843 5243 1073 5312 operarii
1107 5258 1228 5295 vero
1261 5243 1416 5312 pauci
1439 5240 1482 5296 ⁸.
1527 5241 1734 5308 Quam-
1778 5278 1785 5285 ε

155 5332 349 5389 obrem
381 5348 506 5387 cum
537 5332 704 5388 etiam
746 5322 1009 5403 populum
1048 5332 1440 5401 ostendissem,
1496 5332 1734 5389 conduxi

1900 4507 1968 4561 Et
1987 4509 2233 4577 praeepit
2254 4507 2511 4561 Dominus
2537 4506 2676 4560 Deus
2694 4505 2898 4560 Adamo
2928 4506 3102 4559 dicens
3128 4523 3144 4560 :
3168 4505 3253 4559 Ea:
3269 4507 3412 4560 omni

1836 4598 2133 4671 lignaquod
2155 4609 2230 4654 est
2253 4601 2312 4653 in
2355 4599 2627 4670 paradiso,
2655 4599 2904 4652 vescendo
2923 4598 3190 4652 vescimmi
3221 4615 3239 4652 :
3270 4616 3301 4652 a
3351 4597 3416 4651 li~

1834 4708 1936 4763 gno
1970 4702 2147 4747 autem
2177 4692 2517 4763 cognoscendi
2574 4692 2767 4746 bonum
2802 4700 2852 4744 et
2875 4691 3097 4755 malum,
3152 4707 3216 4744 ne
3264 4706 3328 4745 ex
3353 4708 3412 4744 eo

1833 4784 2150 4845 uescamini;
2175 4799 2274 4853 quo
2300 4791 2475 4836 autem
2494 4783 2577 4836 die
2605 4784 2893 4846 vescimini,
2918 4797 2981 4836 ea:
3019 4799 3077 4835 eo
3118 4792 3283 4854 mort;
3298 4799 3417 4835 mo-

1834 4875 2064 4929 riemini.
2094 4875 2213 4929 Non
2259 4875 2478 4939 obvius,
2509 4889 2613 4930 nec
2655 4875 3021 4944 conspicuus,
3057 4874 3152 4929 sed
3208 4890 3312 4929 nec
3346 4876 3413 4929 ad

1834 4966 2283 5034 consequendum
2325 4965 2503 5021 facilis
2530 4966 2634 5020 luit
2681 4982 2878 5020 sensus
2912 4965 3313 5035 interpretibus
3348 4964 3414 5017 iis

1828 5058 1924 5127 qui
1944 5057 2014 5112 ad
2040 5057 2149 5112 hoc
2186 5072 2325 5127 opus
2380 5059 2621 5129 aggressi
2670 5067 2832 5123 sunt;
2896 5058 3253 5126 quamobrem
3313 5056 3415 5111 l‘uit

1831 5150 1998 5204 etiam
2021 5149 2171 5205 omni
2194 5165 2263 5204 ex
2288 5159 2443 5219 parte
2463 5150 2785 5219 discrepans
2812 5151 2865 5204 in
2891 5151 3057 5205 dictis
3090 5149 3412 5218 propositis.

1831 5243 1938 5297 Alii
1997 5242 2146 5297 enim
2194 5243 2410 5297 visione
2453 5242 2947 5312 apprehenderunt
2991 5243 3232 5311 plantam
3285 5249 3416 5295 tunc

1832 5334 2195 5399 esculentam,
2228 5336 2387 5406 cujus
2405 5334 2647 5403 generis,
2671 5333 2949 5404 inquiunt,
2983 5333 3145 5389 ﬁcum
3174 5333 3417 5387 exsicca-

234 5487 252 5520 ¹
281 5488 447 5543 Hebr.
474 5489 630 5548 ".16.
721 5489 741 5518 ²
783 5486 917 5542 ibid.
952 5487 1004 5543 6.
1081 5488 1101 5518 ³
1144 5487 1280 5543 ibid.
1322 5487 1376 5541 2.
1487 5487 1510 5516 ’⁸
1549 5488 1692 5544 Psal.

1829 5505 1877 5550 :i,
1919 5490 2005 5543 11.
2111 5490 2132 5520 ⁸
2169 5488 2326 5545 Joan.
2366 5505 2419 5553 ν,
2462 5489 2548 5543 17.
2657 5489 2678 5520 ⁸
2715 5487 2850 5542 Luc.
2894 5504 2967 5552 Ix,
3001 5487 3087 5542 62.
3164 5490 3184 5521 ⁷
3217 5485 3419 5551 Matth,

158 5576 237 5623 χι,
273 5558 342 5612 30
437 5558 458 5589 ⁸
495 5556 685 5613 Matth.
722 5574 795 5624 rx,
835 5558 926 5611 57.
1003 5558 1025 5589 ⁸
1070 5556 1259 5613 Matth.
1303 5573 1390 5617 xv.
1436 5558 1520 5611 l3.

1624 5558 1666 5590 ¹⁰
1705 5559 1896 5614 Matth.
1936 5575 2051 5626 vm,
2092 5560 2145 5613 5.

2226 5559 2267 5590 ¹¹
2311 5557 2445 5613 Luc.
2484 5574 2558 5619 vr,
2610 5557 2662 5612 8.
2740 5558 2783 5589 ⁸⁸
2838 5558 2973 5612 ibid.
3016 5558 3102 5612 10.
3183 5558 3415 5614 "Joan.

162 5621 261 5709 in:
295 5628 384 5681 57.
464 5628 509 5660 ”
532 5627 696 5709 ἔρξω.
720 5621 829 5693 Juv,
862 5626 949 5681 18.
1030 5628 1070 5659 ¹⁵
1100 5627 1289 5682 Matth.
1313 5644 1418 5691 xw,
1450 5629 1532 5681 l8.
1613 5629 1654 5660 ⁸⁸
1686 5629 1841 5684 Joan.
1877 5646 1929 5693 x,
1956 5630 2006 5683 7.
2039 5621 2048 5626 ⁷
2089 5631 2128 5662 ¹⁷
2172 5628 2307 5684 ibid.
2362 5630 2447 5686 l8.
2530 5630 2573 5663 ³⁸
2603 5628 2739 5709 ibid.
2767 5621 2919 5681 23."
2945 5629 3102 5699 Joan.
3156 5644 3288 5698 xm,
3320 5628 3408 5684 12.

162 5699 209 5731 '°
232 5697 393 5755 Joan.
419 5713 492 5765 vr,
532 5697 619 5754 59.

1068 5802 1155 5815 ...Α
