3942 6298
429 200 473 287 ἶ.
505 218 606 284 981
1688 220 1749 279 s.
1788 212 2188 279 ANASTASII
2229 211 2557 277 SINAITIE
3683 209 3785 276 938

504 331 584 387 vit
606 328 882 386 Christus.
915 329 1019 386 Alii
1044 339 1228 385 autem
1247 329 1819 400 pronuntiaruntesse
1852 327 2080 399 quidem
2107 329 2151 387 Α
2182 327 2358 396 ticeps
2381 326 2517 398 ligni
2538 328 2704 405 vitae;
2733 325 2853 398 ipse
2875 322 3023 384 enim
3050 337 3157 384 est.
3211 327 3284 384 Et
3312 334 3628 398 propterea
3663 344 3785 385 ser-

503 422 773 493 ejusmodi
825 431 888 476 ut
918 423 1255 494 percipiatur
1309 422 1694 493 intelligentia,
1743 420 1838 476 sed
1896 419 2077 476 tanien
2181 434 2321 489 pens
2353 433 2703 493 nequaquam
2731 412 2973 477 consulit
3004 418 3269 477 Ecclesia:
3310 428 3377 476 ut
3404 421 3537 492 ejus
3564 421 3787 491 sitpar-

424 540 429 545 ι
505 515 746 584 plantam
797 514 1147 585 cognitionis.
1219 514 1326 568 Alii
1373 505 1557 568 autem
1616 513 1879 568 dixerunt
1937 513 2083 567 banc
2184 511 2397 583 ticeps,
2431 513 2643 568 audivit
2663 514 2813 569 enim
2866 528 2994 569 eum
3044 513 3324 570 dicentem
3365 532 3379 566 :
3420 512 3533 579 Qui
3556 515 3785 569 comedit

505 606 745 675 plantam
783 621 906 661 esse
935 605 1228 660 informem
1251 604 1798 674 contemplationem.
1821 603 1928 659 Alii
1954 620 2082 658 rur-
2184 603 2323 657 hunc
2349 618 2535 659 meum
2561 620 2779 675 panem,
2819 606 2956 660 vivet
3000 606 3057 658 in
3082 614 3339 661 internum
3379 606 3448 659 ’³.
3509 604 3629 660 Sed
3668 621 3788 675 qua

503 707 602 748 sus
630 691 969 762 ﬁgurativam
996 707 1094 747 seu
1153 692 1389 763 typicam
1422 692 1795 748 narrationem
1824 708 1947 762 qua:
1971 708 2083 748 non
2185 703 2318 750 sunt
2347 694 2572 765 quidem
2602 695 2898 773 serpentis,
2939 704 2997 751 et
3052 712 3175 766 quae
3202 696 3270 751 ad
3295 704 3653 764 serpentem,
3707 695 3786 748 di-

506 790 690 853 potest
715 783 1042 839 consistere.
1071 783 1449 848 Ne£andorum
1474 792 1659 840 autem
1685 784 1918 839 eﬂector
1940 784 2086 839 sicut
2188 786 2426 842 cendum
2483 794 2571 841 est
2602 769 2659 841 in
2690 787 2758 849 iis
2783 769 2907 857 quae
2927 795 3279 857 sequuntur:
3315 796 3682 842 revertamur
3697 802 3787 841 aa-

507 869 872 925 obscenorum
918 879 1267 941 perpetrator
1297 870 1587 943 Origenes,
1614 873 2085 927 existimaviteam
2189 888 2301 934 tem
2328 877 2395 932 ad
2424 878 2675 933 divinum
2702 880 3022 934 mandatum
3048 888 3111 934 ut
3129 878 3428 949 implentes
3456 879 3785 933 mandatu.

504 978 626 1017 esse
682 963 993 1017 mulierem.
1059 962 1166 1018 Sed
1218 965 1286 1019 de
1345 965 1497 1036 ligno
1565 965 1789 1034 quidem
1838 964 2088 1021 dicemus
2187 970 2422 1041 cjusqui
2447 971 2503 1024 in
2526 971 2689 1026 nobis
2710 972 2996 1027 mandavit
3023 980 3085 1027 ut
3105 972 3539 1042 specularemur
3572 988 3785 1042 eaqta

507 1068 711 1129 postea.

575 1150 1006 1206 Considerandm
1036 1160 1166 1206 sunt
1199 1160 1382 1207 autem
1440 1169 1563 1223 quae
1603 1155 1766 1210 nobis
1800 1164 2091 1226 emergunt

504 1243 840 1312 quaestiones
869 1244 923 1297 in
973 1242 1041 1297 iis
1074 1258 1197 1312 qua:
1235 1253 1366 1298 sunt
1400 1244 1706 1313 proposita.
1759 1245 1839 1299 Ex
1887 1247 2091 1315 quibus

508 1349 616 1386 una
668 1342 753 1388 est
800 1343 854 1388 et
904 1325 1102 1404 prima,
1153 1320 1433 1404 quomodo
1458 1335 1668 1391 Adamo
1697 1344 1754 1391 et
1787 1338 1944 1392 uxori
1978 1354 2091 1397 non

510 1426 766 1479 datDeus
788 1426 895 1480 hoc
921 1434 1281 1495 praeceptum,
1328 1427 1425 1481 sed
1459 1427 1561 1481 soli
1595 1428 1805 1483 Adamo
1849 1447 1861 1482 :
1890 1428 2093 1486 deinde

509 1514 754 1570 Adamus
784 1531 852 1570 eo
883 1515 1132 1585 impertit
1156 1532 1404 1572 uxorem.
1446 1518 1657 1573 Deinde
1687 1534 1789 1573 cur
1817 1535 1929 1575 non
1979 1536 2095 1574 ma-

510 1606 592 1675 gis
616 1622 681 1660 ex
714 1607 865 1677 ligno
906 1607 1029 1661 vita:
1061 1610 1342 1678 (tanquam
1370 1610 1708 1679 pretiosiori)
1739 1612 1932 1681 jnbeat
1980 1629 2093 1667 non

510 1697 825 1760 comedere,
857 1698 950 1752 sed
987 1715 1052 1753 ex
1081 1715 1149 1754 eo
1179 1700 1324 1769 quod
1356 1708 1442 1755 est
1482 1702 1685 1757 minus.
1714 1704 1814 1758 Est
1832 1705 1981 1758 enim
2004 1705 2095 1759 ille

512 1788 674 1843 cibus
714 1788 875 1860 longe
905 1791 1256 1859 pra-stantior
1315 1808 1481 1862 quam
1526 1794 1687 1850 cibus
1727 1797 2096 1866 cognoscendi

515 1881 724 1934 bonum
756 1891 813 1936 et
844 1882 1071 1947 malum,
1110 1892 1169 1936 ut
1198 1883 1292 1952 qui
1322 1898 1451 1938 eum
1484 1882 1668 1939 reddit
1703 1886 2096 1951 immortalem,

516 1980 573 2026 et
601 1972 670 2026 ab
694 1973 920 2027 interitu
962 1988 1025 2028 ac
1066 1974 1235 2027 exitio
1272 1974 1513 2029 alienum
1562 1975 1733 2031 eﬂicit
1776 1993 1841 2033 ac
1902 1994 2099 2047 panem

518 2063 749 2132 angelis.
777 2063 1142 2135 Ostenditque
1168 2065 1315 2120 Deus
1353 2066 1689 2122 ineﬂ‘abilem
1733 2068 2102 2125 dilferentiam

519 2152 654 2223 ligni
680 2155 1032 2225 cognitionis,
1084 2156 1387 2224 prohibens
1434 2166 1624 2227 postea
1654 2174 1725 2214 ne
1762 2160 1935 2215 Adam
1981 2161 2105 2232 ejus

519 2251 668 2299 esset
702 2245 979 2315 particeps
1013 2261 1112 2316 per
1142 2248 1448 2303 custodiam
1473 2248 1943 2307 Cherubinorum.
1965 2251 2106 2307 Ter-

524 2337 599 2391 tia
627 2352 747 2403 cur,
772 2353 898 2393 cum
936 2339 1080 2394 Deus
1123 2340 1263 2394 nihil
1320 2341 1578 2411 jussisset
1611 2341 1824 2397 Adamo
1862 2343 1930 2398 de
1957 2344 2108 2414 ligno

520 2432 680 2498 vitae,
744 2446 973 2501 serpens
999 2448 1111 2488 non
1157 2434 1342 2503 potius
1367 2435 1712 2491 consuluerit
1733 2444 1795 2491 ut
1822 2447 1971 2512 esset
1988 2439 2111 2509 ejus

523 2523 824 2593 particeps.
856 2523 1064 2579 Deinde
1098 2539 1198 2578 cur
1230 2540 1342 2580 non
1376 2535 1464 2580 est
1491 2536 1781 2596 aggressus
1807 2528 1991 2583 virum
2014 2528 2110 2583 sed

524 2615 836 2679 mulierem,
875 2622 931 2670 et
953 2614 1049 2669 ubi
1074 2615 1241 2670 etiam
1277 2616 1487 2671 invenit
1534 2617 1794 2687 privatim
1834 2627 2111 2690 agentem.

525 2704 751 2772 Quinta,
782 2705 1058 2759 undenam
1088 2705 1370 2776 cognovit,
1402 2722 1530 2762 eum
1584 2708 1869 2778 ignoraret
1904 2725 2113 2779 praece-

528 2805 682 2867 ptum
712 2797 793 2851 eis
821 2795 1031 2850 datum.
1063 2796 1229 2851 Sexta
1286 2813 1498 2863 rursus,
1527 2813 1630 2853 cur
1683 2800 1788 2854 soli
1816 2799 1983 2870 jussit
2016 2801 2116 2856 ho-

531 2887 667 2941 mini
701 2896 762 2942 ut
795 2896 945 2942 esset
982 2887 1261 2958 particeps
1292 2889 1540 2944 omnium
1575 2888 1890 2960 lignorum;
1920 2891 2114 2962 utique

2128 1669 2171 1724 Β

2191 1072 2444 1132 spectant
2486 1064 2555 1118 ad
2573 1052 2922 1121 creationem
2971 1081 3070 1121 sex
3103 1066 3345 1131 dierum,
3392 1065 3587 1120 labori
3628 1066 3783 1122 linem

2193 1151 2562 1222 imponamus.
2583 1153 2723 1208 Nam
2751 1155 2979 1224 pulchre
3009 1155 3306 1210 admodum
3347 1156 3591 1225 quando
3617 1157 3783 1211 intro-

2194 1243 2352 1299 duxit
2399 1245 2684 1301 hominem
2731 1248 3162 1319 primogenitum
3218 1249 3276 1302 in
3317 1249 3658 1319 paradisum
3704 1266 3785 1302 ra-

2195 1337 2348 1391 tione
2382 1337 2840 1406 prazditum,eum
2871 1348 2929 1394 et
2947 1339 3079 1395 fecit
3100 1354 3306 1410 regem,
3347 1349 3409 1394 et
3438 1340 3641 1394 omnia
3672 1340 3789 1393 sub-

2190 1427 2325 1499 jecit
2349 1429 2452 1483 sub
2473 1429 2710 1499 pedibus
2729 1430 2873 1500 ejus,
2904 1431 3000 1485 dat
3028 1432 3079 1486 ei
3104 1431 3252 1485 Deus
3304 1431 3489 1502 legem
3524 1432 3785 1485 mandati.

2197 1528 2459 1587 tanquam
2494 1519 2612 1575 haec
2644 1522 2788 1591 apud
2828 1522 3098 1576 Adamum
3124 1521 3438 1584 disserens,
3465 1531 3532 1576 et
3561 1522 3750 1576 dicens
3772 1565 3784 1573 .

2199 1608 2365 1674 Audi,
2404 1610 2606 1680 inquit,
2631 1627 2664 1666 ο
2690 1611 2929 1681 primum
2973 1628 3113 1682 opus
3144 1620 3203 1667 et
3249 1612 3527 1680 primum’
3566 1611 3787 1666 formata

2199 1708 2456 1755 creatura
2488 1717 2736 1757 mearum
2766 1719 3031 1757 manuum
3057 1703 3511 1779 impollutarum,
3560 1712 3624 1757 et
3652 1703 3763 1758 simi

2198 1792 2377 1846 liludo
2408 1808 2543 1848 mea).
2585 1794 2919 1864 incorruptae
2954 1794 3209 1865 imaginis
3239 1795 3570 1865 unigenita,
3604 1803 3666 1849 et
3692 1796 3794 1865 pul-

2201 1882 2475 1937 cherrima
2504 1900 2519 1948 ;
2550 1885 2692 1938 scias
2714 1884 2861 1953 quod
2881 1900 2985 1955 ego
3008 1894 3061 1940 te
3092 1884 3273 1940 solum
3294 1899 3365 1939 ex
3387 1886 3675 1939 universa
3689 1900 3791 1954 qta-

2203 1973 2306 2027 sub
2339 1983 2621 2043 aspectum
2650 1974 2799 2029 cadit
2848 1983 2907 2029 et
2936 1965 3217 2030 non‘cadit
3268 1987 3545 2031 creatura
3581 1983 3642 2031 te
3692 1979 3793 2029 [or-

2204 2066 2350 2121 mavi
2384 2067 2451 2121 ad
2480 2083 2659 2123 meam
2683 2068 3002 2137 imaginem.
3031 2069 3296 2126 Dominor
3327 2070 3691 2133 celestibus,
3709 2069 3791 2123 sed

2204 2172 2307 2228 ego
2334 2167 2394 2213 .te
2424 2173 2645 2228 quoque
2667 2159 2933 2215 constitui
2967 2159 3254 2217 dominum
3275 2161 3668 2216 terrestrium.
3696 2162 3794 2231 Ego

2180 2249 2591 2305 teinbricatus
2638 2265 2759 2304 sum
2800 2250 3083 2306 hominem
3111 2266 3181 2306 ex
3243 2240 3537 2307 terra/Tu
3584 2268 3794 2322 quoque

2208 2340 2481 2399 fabricare
2503 2340 2784 2394 hominem
2813 2356 2882 2396 ex
2934 2339 3186 2398 matrice.
3219 2340 3412 2400 Habeo
3452 2342 3655 2397 sedem
3700 2357 3799 2398 cte-

2164 2458 2179 2467 ι
2209 2431 2322 2485 lum
2365 2431 2512 2502 quod
2547 2441 2632 2487 est
2650 2446 2819 2503 super
2839 2447 3051 2502 aquas:
3082 2433 3183 2488 tibi
3223 2442 3413 2488 autem
3434 2434 3576 2490 dedi
3600 2435 3795 2494 sedem.

2213 2530 2415 2579 terram
2444 2538 2569 2593 qua:
2607 2531 2693 2578 est
2740 2539 2908 2595 super
2951 2540 3143 2593 aquas.
3187 2524 3408 2595 [mpero
3473 2526 3715 2597 angelis,
3748 2534 3800 2577 nt

2213 2613 2452 2683 imperas
2483 2612 2825 2668 hominibus.
2861 2613 3145 2668 Assistunt
3171 2614 3309 2667 mihi
3367 2615 3571 2669 omnia
3601 2614 3799 2669 Cheru—

2213 2704 2349 2767 bim,
2386 2711 2443 2759 et
2477 2704 2573 2759 tibi
2605 2704 2768 2775 902
2803 2704 3069 2760 assistunt
3091 2704 3277 2761 omnia
3306 2705 3427 2777 agri
3481 2707 3797 2760 animantia.

2216 2793 2462 2864 Subjicio
2497 2807 2562 2848 ea
2594 2808 2717 2862 quae
2766 2808 2928 2847 senas
2959 2792 3168 2848 habent
3199 2793 3350 2856 alas;
3395 2793 3679 2867 subjicies
3715 2809 3799 2842 vo-

2216 2886 2399 2942 lucres
2420 2901 2545 2956 quae
2567 2886 2772 2940 multas
2789 2884 2995 2940 habent
3022 2900 3256 2955 pennas.
3315 2885 3553 2954 [mpero
3581 2885 3653 2939 iis
3696 2900 3803 2953 qua:

530 2988 716 3035 autem
740 2980 905 3035 -dicit
951 2988 1011 3034 ut
1067 2980 1384 3036 abstineant
1415 2997 1445 3036 a
1479 2981 1633 3053 ligno
1677 2983 2028 3054 cognitionis,
2059 2996 2116 3041 et
2143 2997 2186 3055 α
2218 2977 2423 3035 ιηιιιιοε
2453 2977 2659 3033 habent
2673 2975 2901 3040 0011109;
2926 2976 3224 3045 imperabis
3249 2974 3615 3043 daemonibus
3647 2976 3801 3029 mu"!

532 3080 764 3127 mortem
817 3071 1087 3127 ambobus
1117 3071 1431 3127 denuntiat.
1488 3071 1757 3142 Septima,
1781 3076 1827 3129 si
1852 3074 2121 3132 formatus

532 3171 787 3218 esttotus
820 3161 1071 3218 interitui
1134 3177 1243 3217 non
1272 3162 1569 3229 obnoxius,
1621 3165 1899 3235 quomodo
1949 3167 2123 3222 sensit

535 3254 777 3310 fructum
802 3255 938 3325 ligni
961 3254 1189 3310 tendere
1217 3254 1284 3309 ad
1313 3257 1752 3327 corruptionem.
1773 3256 2000 3324 Octava,
2021 3274 2122 3315 cur

536 3360 647 3401 non
669 3347 835 3402 etiam
864 3361 1214 3402 communem
1240 3347 1563 3403 hominibus
1593 3357 1650 3403 et
1679 3348 1875 3404 bestiis
1933 3352 2121 3420 posuit

539 3440 690 3495 hunc
743 3453 965 3508 quoque
1006 3438 1191 3493 cibum
1233 3440 1595 3509 pulchrorum
1625 3440 1925 3512 lignorum,
1980 3443 2125 3499 sicut

536 3531 704 3584 etiam
734 3529 974 3601 priorem
1006 3530 1155 3586 intus
1182 3532 1238 3585 in
1262 3531 1541 3601 paradiso,
1573 3549 1701 3588 cum
1722 3549 1816 3591 eas
1855 3535 2123 3591 adduxis-

539 3628 626 3674 set
647 3621 714 3673 ad
749 3619 1043 3674 Adamum.
1079 3621 1258 3685 Nona,
1290 3622 1572 3691 quomodo
1599 3638 1709 3678 non
1735 3630 1821 3680 est
1870 3632 2126 3680 mortuus

540 3711 663 3780 ipso
690 3710 779 3765 die
799 3726 910 3781 quo
930 3711 1191 3778 comedit,
1221 3715 1620 3768 convenienter
1644 3715 1936 3769 sententize
1957 3730 2123 3784 quam

539 3805 591 3858 ei
646 3804 1022 3874 pronuntiavit
1063 3804 1230 3860 Deus.
1288 3805 1532 3869 Decima,
1583 3821 1823 3874 quanam
1861 3805 1931 3860 de
1961 3822 2127 3862 causa

538 3914 668 3951 eum
696 3896 997 3952 nominavit
1024 3896 1217 3973 Adam.
1249 3897 1427 3966 Atque
1452 3897 1570 3952 haec
1592 3897 1818 3967 quidem
1864 3898 2052 3952 omnia
2089 3898 2128 3952 ii

542 3987 638 4055 qui
671 3986 889 4049 volunt,
915 3994 1237 4040 scrutentur
1262 3993 1322 4038 ut
1346 3986 1541 4040 volunt
1573 3994 1631 4041 ct
1663 3994 1918 4055 possunt,
1952 3987 2130 4042 diser-

548 4079 727 4148 tisquc
761 4078 947 4132 verbis
974 4079 1241 4147 suaviquc
1276 4078 1500 4132 dicendi
1536 4079 1752 4134 ratione
1780 4087 1839 4132 et
1883 4080 2130 4135 rhetori—

546 4169 627 4223 cis
648 4169 892 4238 strephis
918 4168 1108 4223 dicant
1131 4177 1189 4223 et
1205 4168 1538 4238 intelligant.
1557 4169 1670 4239 Ego
1698 4177 1884 4224 autem
1907 4170 2130 4239 quando

545 4261 718 4315 Deum
750 4261 979 4331 mystice
1011 4260 1206 4315 videro
1234 4268 1292 4315 et
1331 4260 1562 4330 audiero
1625 4261 1726 4316 soli
1759 4261 1969 4316 Adamo
1999 4262 2130 4318 dare

2220 3069 2560 3126 videntibus.
2590 3068 2857 3123 Dominor
2891 3066 3302 3131 subterraneis;
3341 3075 3412 3143 tu
3433 3082 3671 3136 quoque
3714 3066 3800 3120 do-

2221 3163 2434 3218 minare
2466 3160 2717 3231 piscibus
2744 3159 2841 3230 qui
2868 3166 2998 3214 sunt
3035 3159 3089 3212 in
3117 3159 3519 3213 subterraneis
3548 3159 3690 3213 locis
3714 3175 3806 3211 ma-

2221 3254 2322 3317 ris,
2352 3261 2411 3307 et
2436 3252 2601 3306 timor
2630 3258 2686 3306 et
2702 3260 2918 3317 tremor
2943 3259 3124 3304 vester
3143 3249 3218 3303 sit
3255 3264 3427 3318 super
3455 3250 3655 3303 omnia
3678 3260 3804 3309 cete.

2222 3355 2280 3402 et
2312 3344 2553 3415 reptilia,
2587 3352 2644 3399 et
2686 3342 2897 3398 bestias
2942 3349 3125 3397 terrae.
3176 3340 3378 3396 Omnia
3415 3341 3523 3395 tibi
3559 3351 3807 3412 tanquam

2225 3439 2281 3493 in
2307 3453 2429 3493 mea
2459 3436 2697 3507 imagine
2719 3435 2951 3505 subjeci.
2980 3433 3175 3489 Omnia
3198 3434 3301 3488 tibi
3314 3434 3443 3488 dedi
3466 3434 3582 3489 sub
3603 3448 3808 3489 manus.

2225 3527 2489 3591 animata,
2520 3525 2792 3602 inanima,
2825 3525 3073 3588 arbores,
3097 3523 3490 3594 germinantia,
3522 3525 3806 3583 naturalia.

2225 3622 2510 3685 volucres,
2537 3627 2597 3674 et
2639 3633 2763 3689 quae
2794 3616 3162 3672 seminantur.
3192 3614 3469 3671 Omnibus
3493 3616 3809 3671 dominare:

2227 3713 2488 3768 omnibus
2506 3711 2712 3774 fruere,
2736 3717 2792 3764 et
2815 3724 2902 3764 me
2919 3708 3179 3769 maxime,
3201 3706 3298 3776 qui
3314 3722 3440 3761 sum
3461 3706 3686 3777 lignum
3702 3708 3812 3760 vit:

2227 3807 2374 3862 Deus
2407 3814 2572 3869 tuus;
2599 3810 2716 3858 toto
2738 3802 2921 3857 animo
2953 3808 3325 3871 promptaque
3349 3805 3410 3853 et
3438 3797 3715 3853 alacriter
3756 3798 3813 3850 iis

2228 3897 2485 3967 expleare
2503 3894 2739 3949 deliciis.
2760 3892 2873 3947 Nec
2888 3891 2979 3946 his
2997 3890 3253 3955 solis,sed
3271 3889 3443 3944 etiam
3460 3889 3539 3944 iis
3553 3906 3683 3959 qua
3701 3896 3815 3944 sunt

2229 4001 2298 4040 ex
2325 3984 2476 4039 omni
2505 3983 2656 4053 ligno
2679 3990 2735 4035 et
2760 3980 2941 4036 fructu
2974 3980 3072 4049 qui
3101 3987 3197 4035 .est
3233 3979 3289 4033 in
3311 3976 3607 4048 paradiso,
3667 3978 3814 4030 vide-

2231 4072 2363 4128 licet
2394 4070 2655 4125 omnibus
2676 4069 2911 4134 deliciis,
2941 4083 3065 4138 quae
3118 4067 3278 4122 vobis
3324 4078 3730 4137 proponuntur
3761 4081 3813 4119 ex

2231 4165 2437 4219 virtute
2456 4161 2722 4232 angelica,
2742 4160 3002 4223 comede;
3038 4158 3388 4214 solummodo
3425 4158 3573 4213 illud
3621 4160 3816 4229 lignum

2235 4255 2600 4326 cognoscendi
2642 4255 2852 4308 bonum
2893 4262 2953 4306 et
3002 4251 3232 4314 malum,
3277 4258 3334 4304 et
3357 4250 3509 4319 quod
3541 4260 3637 4305 est
3667 4264 3817 4320 prapr

547 4351 868 4406 mandatum
900 4361 957 4406 et
984 4364 1279 4423 praecepta,
1308 4354 1464 4407 nullo
1494 4364 1770 4422 praesente
1801 4362 1899 4409 aut
1953 4353 2130 4409 inter-
2163 4332 2207 4389 D
2236 4347 2545 4418 plantatum
2579 4345 2736 4416 (vitia
2765 4345 2912 4399 enim
2943 4343 3231 4397 adhaerent
3253 4341 3593 4397 virtutibus)
3612 4358 3684 4396 ne
3707 4358 3820 4396 con.

548 4445 784 4519 cedente
810 4462 824 4505 ;
862 4426 1063 4498 deinde
1098 4455 1287 4514 postea
1307 4445 1580 4499 Adamnm
1602 4443 1684 4498 eis
1714 4444 2005 4499 mulierem
2029 4444 2134 4498 imo

551 4537 760 4608 pertire
800 4553 813 4588 :
845 4538 1101 4606 protinus
1134 4536 1382 4604 intelligo
1406 4543 1743 4604 praeceptum
1778 4534 2135 4590 illiusAdami

551 4639 931 4703 Incorruptam
967 4628 1125 4684 suam
1153 4642 1376 4682 uxorem
1412 4627 1633 4697 (nempe
1655 4626 1983 4697 Ecclesiam)
2036 4644 2137 4682 vo-

550 4704 729 4781 cantis
755 4732 810 4778 et
834 4723 1068 4777 dicentis
1110 4740 1124 4775 :
1160 4721 1323 4779 Verba
1356 4737 1474 4787 quae
1501 4721 1688 4790 loquor
1725 4738 1829 4774 non
1854 4738 1887 4774 a
1921 4736 2001 4773 me
2021 4721 2136 4791 ipso

553 4819 760 4889 loquor,
795 4816 887 4869 sed
922 4814 1237 4869 mandatum
1264 4816 1440 4884 accepi
1473 4833 1505 4868 a
1533 4813 1696 4868 Patre
1727 4830 1843 4867 meo
1873 4813 1999 4885 quid
2053 4814 2140 4867 di-

552 4928 672 4965 cam
701 4918 751 4963 et
794 4910 920 4978 quid
976 4906 1165 4978 loquar
1196 4907 1261 4962 ²¹.
1297 4907 1410 4961 Hac
1461 4907 1677 4961 ratione
1705 4905 1913 4961 dicitur
1966 4905 2136 4959 etiam

522 5003 811 5075 'Christus
837 5002 1016 5072 magni
1049 5000 1256 5055 consilii
1281 4998 1502 5070 angelus
1537 5000 1616 5062 ",
1673 4998 1935 5068 quoniam
1987 4996 2135 5053 anti-

520 5082 521 5085 “
556 5110 726 5164 quum
744 5108 936 5148 verum
970 5092 1265 5147 consilium
1296 5091 1459 5145 simul
1490 5105 1614 5144 cum
1645 5090 1805 5144 Patre
1827 5088 1982 5158 prius
2003 5103 2138 5142 con-

558 5187 802 5251 sultavit,
843 5185 991 5256 quod
1026 5183 1440 5254 prmdestinavit
1465 5183 1612 5237 Deus
1662 5168 1790 5236 ante
1846 5180 2050 5236 srecula
2081 5188 2143 5234 ut

559 5279 626 5332 ad
660 5290 907 5334 nostram
931 5278 1149 5333 veniret
1183 5276 1435 5348 gloriam,
1481 5284 1539 5329 et
1590 5274 1945 5327 annuntiaret
1994 5272 2145 5343 gregi

562 5385 662 5426 suo
693 5380 951 5442 tanquam
970 5371 1124 5425 Mori
1155 5379 1211 5425 et
1232 5369 1384 5424 verbi
1410 5383 1601 5424 semen
1624 5367 1693 5421 ab
1727 5382 1794 5421 co
1827 5365 2145 5434 accipienti.

563 5473 619 5515 et
654 5462 826 5517 ﬁlium
846 5463 1103 5534 parienti.
1138 5460 1295 5517 Unde
1315 5476 1423 5515 non
1452 5459 1612 5531 jubet
1635 5457 1686 5513 ei
1715 5464 1774 5511 ut
1796 5473 1908 5511 non
1933 5456 2151 5526 sitpar-

641 5637 867 5695 "Joan.
898 5653 990 5702 xu,
1025 5639 1111 5693 «i9.
1179 5640 1228 5669 ²²
1274 5638 1375 5691 lsa.
1414 5653 1485 5703 Ix,
1536 5636 1589 5692 6.
1669 5635 1893 5690 “Joan.
1924 5649 1997 5692 vt.
2028 5632 2119 5687 59.

2241 4438 2453 4509 tigeris,
2484 4454 2555 4493 ne
2590 4434 3000 4499 attrectaveris,
3042 4449 3111 4488 ne
3164 4432 3735 4503 appropinquaveris,
3764 4446 3818 4484 ne

2242 4531 2299 4586 in
2328 4545 2525 4584 manus
2551 4528 2876 4597 sumpseris,
2916 4542 2987 4580 ne
3007 4524 3308 4596 gestaveris
3339 4541 3352 4576 :
3383 4521 3721 4592 Quocunque
3735 4540 3819 4576 ει-

2245 4631 2349 4678 lem
2373 4622 2457 4676 die
2479 4636 2543 4675 ea:
2571 4636 2630 4674 eo
2658 4618 3009 4681 comederilis,
3038 4624 3206 4670 morte
3239 4615 3563 4669 moriemini.
3628 4616 3688 4670 Si
3719 4624 3820 4667 ten-

2248 4715 2497 4771 taveritis
2531 4712 2648 4768 ﬁeri
2682 4712 2790 4765 mei
2828 4710 3041 4765 similes
3085 4713 3482 4778 cognoscentes
3540 4707 3755 4761 bonum
3776 4714 3820 4759 et

2247 4807 2476 4868 malum,
2500 4812 2556 4858 et
2580 4813 2690 4858 tam
2719 4817 2784 4856 ea
2820 4817 2944 4870 quae
2972 4808 3100 4853 sunt
3122 4797 3337 4853 occulta
3364 4811 3529 4865 quam
3559 4811 3693 4866 quae
3723 4810 3821 4849 tur

2245 4898 2468 4961 nifesta,
2499 4895 2687 4950 statim
2710 4903 2887 4947 morte
2918 4890 3259 4946 moriemini.

2318 4990 2434 5044 Hoc
2456 4998 2541 5042 est
2565 4986 2712 5056 quod
2744 4985 2892 5039 Deus
2928 4983 3193 5052 praecepit
3220 4980 3433 5036 homini
3482 4995 3602 5034 non
3655 4991 3819 5032 omne.

2247 5082 2381 5138 dere
2412 5100 2423 5135 :
2458 5081 2564 5135 hoc
2614 5088 2718 5143 est,
2772 5093 2843 5132 nc
2876 5083 3060 5129 mente
3090 5073 3318 5143 quidem
3352 5072 3679 5140 concipere.
3728 5066 3821 5120 llos

2242 5172 2499 5244 estquod
2533 5171 2740 5225 dicitur
2766 5168 2975 5238 lignum
3025 5162 3361 5236 cognitionis
3407 5162 3538 5215 boni
3573 5170 3637 5215 et
3664 5157 3821 5214 mali:

2246 5266 2337 5321 hic
2384 5274 2470 5320 est
2506 5263 2603 5333 qui
2631 5260 2837 5331 dicitur
2855 5259 3069 5313 fructus
3095 5255 3315 5321 ltetil'er,
3367 5251 3630 5322 superbia
3658 5244 3820 5304 caeni

2246 5369 2303 5415 et
2320 5358 2642 5414 existimare
2669 5353 2913 5424 scipsum
2940 5351 3136 5415 Deum,
3177 5353 3610 5418 cognoscentem
3634 5342 3821 5398 bonum

2247 5460 2304 5508 ct
2331 5450 2536 5506 malum
2571 5465 2584 5503 :
2615 5462 2741 5503 cum
2772 5459 2952 5515 neque
2979 5441 3209 5513 angelus
3236 5452 3431 5509 neque
3467 5436 3716 5513 daemon,
3741 5434 3819 5486 sel
