4042 6292
115 290 237 357 989
1099 281 1107 288 ’
1190 286 1271 349 ΙΝ
1310 283 1711 348 ΗΕΧΑΕΜΕΙΞ

1791 286 1859 347 Ν.
1892 309 1957 321 -
1986 286 2134 348 LlB.
2177 285 2284 348 IX.
3281 280 3387 347 390

122 402 284 460 solus
324 399 477 456 Deus
520 398 658 455 sciat
683 406 925 455 mentem
968 397 1286 465 hominum;
1318 406 1379 453 ut
1404 397 1540 452 dicit
1580 398 1704 454 Job.
1737 402 1778 456 A
1807 417 2007 466 eorum,
2028 409 2076 455 et
2096 407 2424 456 sarmentum
2444 415 2624 452 eorum
2649 414 2713 452 ea:
2733 396 3048 460 Gomorrha,
3076 409 3177 449 una
3206 409 3387 448 eorum

120 494 253 564 ipse
283 492 432 546 enim
460 493 745 562 cognoscit
764 494 979 548 occulta
1010 493 1216 557 cordis,
1255 493 1347 562 qui
1379 493 1546 548 corda
1577 508 1710 548 exa-
1812 508 1914 546 uva
1946 490 2104 560 fellis,
2140 491 2318 544 botrus
2354 488 2726 543 amaritudinis
2761 490 2828 542 “.
2856 486 3125 541 Similiter
3167 498 3311 553 quoq
3338 498 3387 536 te

124 586 307 642 minat
327 592 386 640 et
409 599 573 639 renes
596 585 764 641 Deus.
798 584 914 640 Hoc
934 602 1065 656 ergo
1084 585 1378 656 praemunit
1405 585 1708 648 hominem,
1813 585 1960 641 Deus
1985 585 2054 640 de
2086 585 2219 654 ipsis
2245 583 2381 639 dicit
2407 598 2506 654 per
2530 582 2725 636 Isaiam
2756 599 2768 634 :
2797 578 3115 651 Exspectavi
3157 583 3214 629 ut
3237 577 3387 629 vinea

122 677 369 748 perinde
418 692 483 730 ac
512 675 558 730 si
597 677 665 741 ei.
694 676 905 731 diceret
951 694 965 729 :
1003 676 1239 732 Attende
1273 675 1373 731 tibi
1401 683 1459 730 et
1482 689 1615 729 cave
1642 690 1712 729 ne
1816 695 1933 733 mea
1959 678 2156 747 faceret
2182 694 2360 741 uvam,
2390 677 2511 747 fecit
2529 671 2707 728 autem
2731 673 2913 743 spinas
2936 671 3005 723 "'.
3044 667 3201 723 Unde
3223 674 3389 719 etiam

124 774 382 838 Ροιεείθε
414 776 472 821 ει
523 780 720 835 magna
752 765 1267 835 auctoritas‘quam
1307 780 1408 835 ego
1449 763 1546 817 tibi
1584 762 1713 819 dedi
1815 773 1872 827 in
1911 771 2070 826 libris
2119 770 2435 839 Regnorum
2475 768 2621 822 Deus
2663 764 2915 819 lsraelcm
2951 760 3199 815 nominat
3242 758 3388 827 ligna

128 875 262 915 cum
299 868 352 913 te
383 874 567 929 regem
588 857 852 912 constitui
886 864 945 913 ει
975 857 1258 912 dominum
1319 857 1488 911 totius
1522 854 1715 910 mundi
1816 866 1988 928 silvm,
2019 880 2142 934 qum
2162 878 2328 932 supra
2361 876 2418 916 se
2465 859 2876 915 constituerunt
2923 868 3107 924 regem
3151 848 3391 920 ἐνῇ-,πθ-

129 951 232 1021 qui
265 951 538 1014 cernitur,
567 960 618 1004 te
644 949 874 1004 extollat
901 949 956 1003 in
991 949 1332 1018 superbiam,
1358 955 1416 1002 et
1463 945 1717 1015 experia-

1817 972 1938 1011 rum
1967 948 2304 1015 rhamnum,
2351 952 2459 1006 hoc
2497 958 2605 1013 est,
2656 946 2936 1002 diabolum
2970 944 3064 1014 qni
3106 940 3391 996 existima-

130 1045 213 1098 ris
242 1059 368 1100 esse
400 1043 650 1111 rapinam
675 1041 992 1097 θιίειίωεπε
1013 1051 1068 1097 te
1096 1056 1219 1096 esse
1247 1040 1385 1094 mihi
1432 1040 1550 1110 ((Ιυί
1596 1053 1717 1093 sum
1816 1047 1897 1101 vit
1918 1060 1977 1100 se
2000 1060 2122 1100 esse
2164 1044 2337 1098 Deum
2365 1048 2787 1111 cognoscentem
2816 1040 3021 1091 bonum
3054 1041 3109 1088 et
3162 1031 3389 1085 malum.

131 1136 309 1205 Deus)
339 1135 631 1205 παυίιιειης
683 1142 1105 1203 εοεηοεεθιιιθιη
1156 1132 1363 1186 bonum
1403 1138 1460 1185 ει
1489 1130 1714 1183 malum-
1819 1141 1994 1195 Porro
2024 1145 2208 1191 autem
2243 1135 2406 1189 ﬁcum
2437 1146 2657 1201 quoque
2681 1144 2845 1199 quam
2878 1124 3134 1182 Christus
3162 1121 3390 1176 arefecil

130 1226 534 1283 Animadverte
558 1226 707 1294 (ιυοά
734 1233 860 1279 ante
888 1232 941 1279 ιθ
991 1224 1098 1279 Ῑθοί
1124 1223 1419 1293 quemdam
1447 1220 1636 1284 alium.
1663 1228 1720 1274 ει
1819 1246 1889 1286 ne
1909 1230 2144 1298 amplius
2161 1226 2398 1281 fructum
2428 1224 2589 1287 ferat,
2618 1222 2809 1276 dicens
2827 1217 3098 1288 quispiam
3120 1228 3242 1267 esse
3269 1211 3392 1265 ido—

141 1317 415 1374 constitui
438 1318 743 1387 principem
765 1317 1074 1386 plantarum
1103 1316 1314 1369 ratione
1336 1313 1716 1383 praeditarum,

1819 1319 2115 1382 lolatriam,
2147 1332 2257 1371 non
2286 1312 2631 1384 peccaverit;
2662 1311 2820 1379 cujus
2844 1307 2946 1361 fuit
2982 1316 3144 1375 typus
3169 1300 3394 1370 sangui-

142 1417 205 1463 et
240 1407 866 1478 paradisiintelligentis
895 1405 1129 1476 angelici
1161 1423 1175 1459 :
1208 1404 1303 1473 qui
1330 1418 1454 1458 cum
1485 1417 1598 1456 non
1634 1411 1723 1456 tu-

1820 1415 1908 1469 nis
1938 1411 2142 1466 ablatio
2191 1406 2440 1462 mulieris
2471 1402 2755 1473 sanguinis
2793 1397 3064 1469 proﬂuvio
3094 1390 3397 1448 laborantis

136 1500 304 1556 lisset
321 1516 444 1555 eam
465 1500 665 1553 molem
692 1498 1004 1567 potestatis,
1038 1511 1330 1567 aggressus
1354 1502 1439 1549 est
1462 1495 1556 1548 ille
1579 1508 1721 1561 quo-
1824 1506 2055 1575 (nempe
2101 1496 2272 1569 Ενω),
2303 1496 2451 1567 quod
2498 1493 2765 1564 repressit
2800 1489 3069 1545 Dominus
3115 1485 3399 1540 exsiccans

133 1607 250 1661 que
280 1589 923 1655 comedere,etcomedit
951 1589 1160 1659 lignum
1191 1587 1491 1642 mortiferae
1518 1585 1721 1640 volun-

1823 1571 2144 1662 sanguinem
2175 1585 2592 1643 sacriﬁciorum.
2626 1581 2682 1636 Si
2703 1595 2834 1650 ergo
2863 1580 3011 1649 juste
3050 1576 3271 1643 lateque
3314 1571 3397 1625 di-

135 1679 297 1743 tatis,
324 1679 517 1734 volens
540 1676 661 1733 esSe
691 1679 858 1746 Deus,
906 1678 1041 1732 boni
1093 1685 1149 1732 et
1200 1676 1331 1740 mali
1382 1688 1722 1746 cognoscens

1823 1685 2089 1741 discimus
2113 1681 2321 1750 lignum
2343 1673 2608 1745 appellani
2629 1673 2989 1740 impietatem,
3018 1666 3149 1736 quid
3184 1662 3401 1719 miraris

135 1771 458 1838 scientiam,
503 1781 561 1827 et
616 1768 807 1826 dicens
848 1787 861 1823 :
901 1769 1072 1841 Super
1109 1771 1270 1824 nubes
1303 1760 1500 1841 ponam
1548 1767 1722 1821 sedem

1824 1733 2223 1831 si-tl'c-ea'Deus
2243 1733 2622 1821 dicit-bomini
2657 1781 2669 1817 :
2701 1733 2785 1816 Ea:
2823 1761 2965 1814 omni
2998 1733 3137 1828 liquo
3160 1755 3298 1827 quod
3327 1761 3400 1807 est

137 1881 344 1927 meam,
364 1872 415 1917 et
432 1880 520 1917 ero
549 1863 738 1918 similis
765 1863 1035 1917 ditissima
1061 1862 1129 1926 “,
1155 1871 1212 1917 et
1246 1874 1588 1931 cognoscens
1618 1858 1722 1912 bo-

1852 1885 1880 1921 η
1929 1862 2179 1935 paradiso
2229 1857 2498 1920 eomedes;
2549 1854 2655 1908 hoc
2695 1861 2823 1906 cst:
2869 1850 3077 1904 Fruere
3118 1856 3173 1901 et
3204 1844 3403 1898 satiare
3440 1852 3448 1861 '

136 1970 277 2009 "um
308 1964 363 2009 θι
389 1954 591 2009 malum
622 1961 684 2009 ιη
708 1954 848 2023 ipse,
882 1968 1082 2023 nempe
1122 1953 1419 2023 PmSCieﬂs
1445 1950 1568 2021 (Illis
1618 1950 1724 2004 hoc
1824 1930 1974 2013 omni
2007 1949 2490 2018 contemplatione,
2517 1943 2664 1998 omni
2695 1939 3030 2011 cognitione,
3058 1932 3206 1989 omni
3227 1930 3404 1986 sancti

134 2048 229 2102 vel
279 2046 421 2101 illud
451 2047 525 2101 sit
561 2047 833 2110 facturus,
868 2053 926 2101 et
964 2046 1146 2101 sciens
1169 2061 1236 2100 ea
1283 2060 1405 2115 qua:
1441 2052 1570 2099 sunt
1625 2057 1725 2097 oc-
1827 2044 2067 2116 Spiritus
2123 2034 2520 2100 illustratione,
2567 2032 2716 2086 omni
2770 2028 3038 2099 sapientia
3090 2025 3403 2080 divinarum

139 2138 297 2194 culta
320 2146 379 2193 et
399 2136 684 2192 manifesta
707 2138 1020 2207 hominum;
1039 2144 1095 2192 et
1114 2124 1367 2191 mortuus
1389 2142 1723 2190 estmortem
1827 2132 2260 2206 scripturarum,
2286 2130 2434 2185 omni
2467 2129 2616 2198 ligno
2652 2124 2886 2195 pulchro
2919 2122 2986 2177 ad
3030 2117 3323 2175 videndum
3351 2127 3407 2170 et

137 2240 411 2286 aeternam
439 2239 497 2286 et
534 2245 644 2287 non
677 2230 1047 2294 desinentem,
1096 2235 1153 2284 et
1206 2229 1420 2298 ejectus
1451 2239 1538 2281 est
1568 2234 1725 2280 extra
1825 2228 1972 2283 bono
2002 2224 2071 2279 ad
2122 2219 2544 2282 comedendum,
2590 2215 2969 2284 angelicoque,
3007 2220 3066 2266 ct
3109 2208 3406 2276 Scriptura:

139 2338 306 2377 suam
334 2329 685 2391 potestatem,
709 2329 768 2376 et
790 2337 859 2376 ne
881 2320 1272 2377 auctoritatem
1292 2319 1517 2389 quidem
1554 2317 1724 2372 habet
1827 2315 2175 2389 prephetico,
2208 2308 2548 2380 evangelico,
2571 2314 2628 2361 et
2656 2305 2722 2359 ad
2749 2304 3053 2358 doctrinam
3094 2310 3407 2353 accommo-

141 2415 199 2468 iﬂ
226 2428 456 2484 DOI'COS.
482 2421 539 2467 ει
566 2428 710 2467 nunc
734 2422 821 2467 est
868 2412 1032 2467 Simili
1086 2411 1265 2465 malus
1307 2419 1365 2465 θι
1393 2408 1636 2473 ίηνὶἀυεν
1667 2416 1726 2462 ει
1828 2411 1958 2467 dato
1979 2420 2254 2463 sermone.
2283 2404 2528 2470 Decerpe
2551 2414 2617 2453 ex
2639 2396 2788 2452 omni
2811 2396 2960 2466 ligno
2992 2390 3258 2460 frugifero
3284 2402 3411 2440 san-

141 2515 257 2559 tua:
288 2502 479 2573 glOrize
502 2502 782 2557 invisorus
810 2510 918 2566 est,
942 2517 976 2556 ο
997 2500 1192 2564 Adam,
1228 2508 1286 2555 et
1309 2508 1416 2554 tuae
1440 2496 1725 2568 potestati,
1830 2510 1942 2564 cto,
1965 2508 2022 2553 et
2057 2496 2135 2552 sis
2171 2492 2449 2565 particeps
2487 2487 2797 2550 charitatis,
2839 2496 2895 2540 et
2943 2478 3406 2542 mansuetudinis,

141 2602 201 2647 ct
243 2602 358 2648 tuae
418 2591 820 2661 pulchritudini
878 2605 1002 2661 qua:
1048 2598 1134 2645 est
1168 2591 1241 2657 ad
1267 2565 1566 2660 imaginem
1604 2587 1725 2643 Dei.
1828 2600 1884 2646 et
1920 2587 2072 2652 ﬁdei,
2110 2584 2249 2656 spei,
2278 2592 2336 2638 et
2375 2576 2759 2636 fortitudinis:
2803 2573 3065 2645 quoniam
3100 2576 3228 2625 sunt
3258 2565 3408 2622 beati

142 2684 261 2744 Est,
283 2684 355 2738 ad
382 2697 480 2738 vos
501 2693 792 2749 venturus,
820 2691 906 2737 est
933 2682 988 2736 in
1011 2697 1112 2737 vos
1140 2657 1475 2750 irrepturus,
1523 2678 1727 2735 deinde
1830 2679 1924 2751 qui
1964 2678 2068 2732 hos
2093 2675 2249 2731 cibos
2271 2671 2526 2728 esuriunt
2562 2676 2619 2722 et
2671 2665 2907 2731 sitiunt,_
2931 2659 3327 2717 convenienter
3357 2657 3408 2711 ei

139 2794 247 2833 vos
272 2777 631 2847 decepturus,
663 2770 723 2832 ul
745 2793 845 2847 per
867 2776 1017 2833 illam
1048 2775 1193 2830 viam
1223 2746 1392 2843 a—qua
1423 2774 1538 2842 ipse
1583 2771 1731 2827 ceci-
1830 2746 1925 2841 qui
1957 2768 2134 2822 dicit:
2169 2764 2313 2819 Meus
2343 2770 2419 2815 est
2444 2759 2587 2813 cibus
2626 2764 2681 2809 ut
2710 2756 2903 2826 faciam
2939 2750 3266 2807 uoluntatem
3298 2746 3413 2815 ejus

144 2867 252 2932 dit,
282 2882 385 2921 vos
403 2836 594 2922 errare
618 2836 793 2922 iaciat
818 2874 874 2921 et
913 2866 1095 2936 privet
1132 2836 1315 2935 gloria
1355 2872 1413 2919 et
1440 2836 1652 2919 honore
1673 2872 1731 2917 et
1832 2836 1922 2932 qui
1953 2873 2034 2913 me
2060 2856 2202 2911 misit
2222 2854 2291 2906 ".
2320 2851 2476 2907 Unde
2507 2861 2702 2903 rursus
2730 2845 2953 2899 dicebat
2979 2860 2994 2895 :
3040 2840 3215 2894 Habeo
3245 2836 3415 2890 cibum

142 2964 427 3029 potestate
450 2973 613 3027 quam
639 2957 799 3013 vobis
821 2956 970 3020 dedi,
993 2972 1063 3011 ne
1097 2955 1333 3011 veniatis
1356 2953 1413 3007 in
1454 2953 1639 3008 locum
1664 2967 1732 3007 ex
1834 2952 1904 3005 ad
1932 2946 2306 3004 comedendum
2342 2958 2497 3014 quem
2525 2957 2614 2995 eos
2633 2939 2839 2994 nescitis
2879 2938 2946 2988 ".

144 3021 264 3120 quo
296 3048 389 3102 ille
403 3021 622 3103 cecidit.
648 3048 718 3102 Et
754 3058 814 3101 ut
844 3047 1013 3102 semel
1042 3047 1244 3112 dicam,
1294 3060 1457 3100 omne
1521 3052 1731 3114 prabce-
1760 3058 1803 3118 ο
1905 3040 2015 3096 Sed
2036 3045 2251 3109 gustate
2277 3049 2378 3090 vos
2400 3048 2644 3104 quoque,
2674 3041 2731 3086 et
2761 3029 2958 3084 scitote
2983 3023 3130 3095 quod
3155 3021 3415 3120 Christus

146 3107 313 3211 ptum
338 3138 497 3193 etlex
516 3153 681 3208 quam
706 3139 861 3193 dedit
883 3139 1029 3197 Deus
1048 3107 1426 3208 protoplastis,
1449 3107 1590 3189 nihil
1612 3142 1735 3190 erat
1765 3107 1803 3118 ν
1838 3139 1924 3187 est
1948 3107 2349 3199 qui—deditipse
2369 3124 2553 3180 omnia
2581 3123 2728 3178 bona
2754 3118 3005 3177 fruenda,
3040 3115 3232 3169 dicens
3268 3130 3281 3164 :
3318 3107 3416 3164 Co-

148 3230 313 3285 aliud
341 3230 451 3283 nisi
478 3203 804 3300 protestatio
821 3203 1170 3286 custodiendi
1186 3203 1450 3302 pietatem
1471 3226 1738 3281 adversus
1841 3225 2031 3280 medite
2059 3238 2125 3278 ex
2161 3221 2419 3277 omnibus
2443 3217 2822 3287 intelligentiis
2846 3222 2902 3269 et
2922 3209 3113 3283 gratiis
3136 3225 3151 3273 ;
3176 3222 3245 3262 ex
3273 3203 3417 3258 malo

149 3324 364 3410 ipsum,
388 3332 444 3378 et
475 3338 543 3378 ne
565 3324 778 3393 seipsos
798 3323 853 3377 in
877 3322 1014 3378 deos
1037 3321 1310 3378 referrent
1335 3340 1349 3376 :
1379 3297 1436 3375 et
1457 3319 1741 3375 existima—
1840 3322 2026 3370 autem
2058 3311 2207 3382 ligno
2230 3305 2442 3379 peccati
2475 3306 2692 3376 (nempe
2719 3295 3084 3372 cognoscendi
3111 3294 3317 3347 bonum
3361 3296 3420 3342 et

156 3400 293 3471 rent
315 3430 376 3469 se
400 3430 522 3470 esse
555 3415 668 3470 Deo
719 3414 947 3481 similes,
990 3422 1385 3484 cognoscentes
1430 3414 1638 3468 bonum
1684 3418 1743 3465 et
1844 3400 2071 3472 malum)
2097 3417 2166 3456 ne
2205 3397 2531 3462 comedatis,
2559 3410 2630 3449 ne
2655 3390 2969 3448 moriamini
2987 3393 3165 3443 morte
3199 3383 3413 3438 animae.

156 3505 398 3567 malum,
422 3513 479 3559 et
506 3505 783 3560 occultum
803 3513 861 3559 et
900 3473 1273 3560 manifestum.
1318 3504 1436 3559 Hoc
1467 3512 1652 3558 autem
1683 3501 1744 3555 in
1845 3494 1937 3550 Sic
1967 3503 2052 3549 est
2088 3490 2382 3561 legendum
2426 3497 2482 3543 et
2535 3482 2954 3555 intelligendum
2989 3480 3057 3533 de
3083 3478 3172 3532 his
3201 3473 3423 3530 duobus

155 3596 227 3652 iis
252 3611 380 3665 quae
411 3596 676 3666 deinceps
698 3604 1115 3665 consequuntur
1148 3595 1507 3657 ostendemus
1563 3593 1744 3648 mani—
1842 3584 2028 3655 lignis.
2054 3581 2158 3648 Qui
2185 3589 2370 3634 autem
2401 3577 2549 3634 omni
2596 3573 2761 3630 modo
2811 3573 3174 3627 adversantur
3207 3564 3422 3642 theolo-

153 3659 380 3757 festius,
411 3659 673 3743 etiamex
700 3687 837 3756 ipsis
865 3659 963 3742 ὑεῖ
995 3686 1180 3742 verbis
1206 3687 1273 3741 ad
1304 3686 1597 3742 Adamum.
1631 3684 1744 3739 Ne-
1846 3676 1982 3749 gicis
2001 3671 2392 3744 Gregorioruin
2427 3667 2679 3730 vocibus,
2702 3674 2759 3720 et
2786 3665 2907 3718 haec
2929 3677 3050 3715 esse
3083 3659 3278 3714 dicunt
3296 3669 3426 3709 sen-
3487 3734 3497 3744 .

154 3798 272 3854 que
294 3780 398 3835 tibi
424 3780 679 3835 videatur
701 3795 813 3835 non
842 3780 1131 3850 probabile
1151 3779 1573 3835 autviolentum
1595 3777 1746 3847 quod
1847 3769 1972 3825 silia
1991 3774 2049 3823 et
2072 3743 2389 3827 esculenta,
2414 3759 2643 3816 omnino
2673 3754 2989 3812 necessario
3020 3752 3239 3822 (rursus
3273 3743 3423 3854 dies?

154 3831 453 3941 Scriptura
485 3831 871 3942 dicatlignuni
882 3871 1252 3927 idololatriam
1274 3882 1331 3927 et
1351 3831 1744 3933 defectionem,
1847 3860 2061 3916 faciunt
2082 3871 2275 3912 omnes
2294 3853 2522 3917 bestias,
2572 3858 2628 3904 et
2658 3847 2897 3917 reptilia,
2959 3852 3029 3897 et
3070 3854 3307 3902 muscas,
3363 3831 3418 3875 ει

156 3979 228 4017 ex
252 3978 365 4032 qua
393 3962 579 4016 statim
603 3962 672 4016 ab
695 3930 865 4017 initio
903 3961 1143 4033 gustavit
1166 3971 1222 4016 ct
1256 3960 1522 4022 comedit,
1556 3967 1610 4014 et
1643 3930 1750 4012 nu;
1851 3968 2036 4016 canes,
2066 3959 2121 4007 et
2145 3962 2337 4004 omnes
2367 3947 2627 4001 volucres
2648 3957 2769 3997 esse
2790 3937 3089 4009 participes
3112 3931 3245 4002 ligni
3278 3930 3419 3993 vitae,

158 4058 294 4112 data
326 4064 414 4110 est
457 4063 515 4109 et
542 4056 716 4125 ejecta
744 4056 839 4109 Dei
874 4022 1013 4108 uvxor
1039 4054 1260 4125 (nempe
1292 4050 1584 4120 Ecclesia),
1617 4066 1767 4120 pro-~
1849 4053 1913 4100 ut
1950 4043 2250 4114 quzejussaa
2279 4039 2390 4095 sint
2419 4039 2473 4092 in
2508 4034 2681 4106 priori
2717 4032 2842 4087 cibo
2892 4028 3057 4085 simul
3103 4022 3251 4078 vesci
3299 4035 3427 4075 cum

158 4155 361 4218 pterea
389 4145 536 4215 quod
576 4146 679 4199 hoc
733 4121 1057 4214 proximum
1089 4152 1143 4198 et
1169 4121 1547 4199 maximumin
1576 4142 1750 4196 Deum
1851 4134 2076 4191 homine
2098 4148 2167 4188 ex
2181 4129 2332 4186 omni
2354 4130 2502 4200 ligno
2518 4135 2573 4181 et
2588 4125 2773 4180 fructu
2790 4121 2884 4191 qui
2906 4127 2991 4174 est
3011 4131 3177 4186 super
3199 4123 3425 4167 terram.

161 4203 910 4307 admisit-peccatum;quod
940 4234 1310 4305 adsculpserit
1338 4234 1483 4304 ligna
1512 4233 1755 4287 homini-
1854 4228 1961 4284 Sed
1984 4232 2232 4287 non-est,
2263 4238 2377 4277 non
2423 4227 2508 4274 est
2562 4218 2659 4271 ita.
2710 4213 2861 4268 Vide
2886 4211 3034 4266 enim
3064 4206 3213 4278 quod
3261 4206 3316 4259 in
3346 4203 3434 4258 his

161 4330 280 4385 bus
306 4297 511 4383 similia
534 4326 588 4380 in
615 4297 865 4390 idola,-et
894 4340 958 4383 ea
985 4297 1319 4379 adoraverit.
1349 4297 1409 4376 ni
1443 4322 1634 4375 multis
1653 4337 1754 4375 au-
1854 4317 2072 4374 duobus
2099 4314 2350 4383 (Adamo,
2373 4312 2619 4379 inquam,
2640 4314 2697 4361 et
2716 4303 2861 4390 Eva).
2888 4302 3074 4373 posuit
3095 4297 3436 4368 amigmatice

164 4430 288 4477 tem
318 4426 377 4473 et
406 4418 643 4472 diversis
668 4417 806 4471 locis
827 4415 1127 4485 Scriptura:
1156 4413 1426 4477 invenies,
1455 4429 1487 4468 a
1508 4413 1629 4467 Deo
1657 4412 1755 4468 de-
1783 4420 1828 4475 ι)
1856 4409 2149 4480 quamdam
2177 4404 2289 4460 cibi
2317 4401 2688 4458 diﬂcrentiam
2713 4385 2837 4452 cum
2860 4391 3282 4466 participatione
3309 4389 3436 4458 qui-

162 4510 473 4585 !ectionem
506 4496 770 4578 appellari
821 4506 1062 4560 fructum
1090 4504 1245 4574 ligni.
1277 4502 1648 4569 Quamobrem
1695 4502 1753 4557 in
1854 4506 1980 4561 dem
2030 4502 2298 4561 omnium,
2334 4500 2443 4553 hoc
2467 4507 2554 4552 est
2592 4494 2964 4573 cognitionem
3020 4486 3327 4543 caelestium
3382 4492 3440 4537 et

164 4580 439 4676 parabola
468 4616 689 4669 quoque
714 4598 953 4670 prodigi,
980 4598 1075 4667 qui
1105 4568 1189 4652 est
1212 4597 1453 4666 populus
1478 4612 1547 4651 ex
1574 4595 1755 4666 genti-
1857 4593 2206 4651 terrestrium
2233 4599 2291 4645 et
2316 4568 2806 4644 subterraneorum
2833 4582 2932 4637 soli
2955 4577 3165 4634 homini
3196 4572 3436 4636 dederit,

166 4698 304 4760 bus,
341 4694 670 4766 qui.procul
706 4708 738 4747 a
793 4692 907 4747 Deo
955 4663 1231 4755 recessit;
1253 4663 1755 4745 nominavit-Deus
1857 4684 1953 4754 qui
1985 4690 2071 4738 est
2091 4680 2367 4737 Christus.
2391 4678 2513 4747 Ipse
2536 4684 2620 4730 est
2645 4674 2792 4728 enim
2817 4671 2911 4741 qui
2934 4663 3437 4739 cognoscitomnia,

166 4763 746 4858 peccatumisiliquas,
763 4783 859 4852 qui
884 4781 1109 4852 quidem
1135 4790 1221 4836 est
1239 4781 1400 4836 cibus
1433 4795 1753 4850 porcorum,
1859 4776 2022 4829 etiam
2046 4769 2312 4843 profunda
2355 4768 2451 4823 Dei
2484 4768 2562 4832 ³ος
2597 4763 2988 4819 abstinentiam
3018 4767 3201 4812 autem
3231 4772 3263 4809 a
3314 4768 3442 4823 pec-

168 4892 380 4947 nempe
413 4873 822 4929 immundorum
856 4871 1190 4926 daemonum.
1227 4869 1399 4936 Quem
1426 4848 1647 4940 quidem
1679 4860 1758 4924 ci-
1863 4872 2008 4928 cato,
2042 4876 2239 4930 nempe
2267 4859 2525 4927 Maligno,
2560 4854 2680 4909 ‘soli
2713 4850 2925 4906 homini
2958 4857 3015 4903 et
3048 4848 3194 4909 Even,
3243 4855 3443 4911 nempe

171 4938 327 5023 bum.
344 4963 642 5035 aliquando
676 4961 975 5023 comedens
1021 4960 1258 5031 populus
1289 4938 1574 5030 prodigus,
1607 4959 1756 5015 desi-
1865 4955 2146 5013 Ecclesiae.
2185 4952 2255 5006 Et
2282 4951 2415 5005 hinc
2464 4946 2821 5027 perspicuum
2869 4941 3017 5012 quod
3046 4955 3155 4994 non
3185 4938 3252 4991 de
3285 4950 3445 5035 escu:

171 5058 412 5115 derabat
446 5055 715 5119 saturari,
739 5056 845 5110 hoc
872 5062 977 5119 est,
1008 5025 1244 5109 cessare.
1274 5025 1413 5108 Nam
1452 5025 1548 5122 qui
1588 5054 1759 5108 satia-
1865 5052 2017 5106 lento
2048 5047 2199 5117 ligno
2229 5042 2368 5097 dicit
2394 5040 2703 5108 Scriptura,
2731 5025 2874 5090 cum
2918 5030 3209 5103 prohibuit
3236 5025 3444 5082 homini

176 5163 297 5215 tur,
348 5150 547 5204 exinde
608 5149 824 5203 desistit
881 5147 1193 5203 comedere.
1244 5146 1311 5200 Et
1352 5162 1504 5199 nemo
1530 5145 1691 5200 dabat
1714 5146 1759 5178 "
1867 5138 2244 5211 cognitionem
2265 5132 2395 5188 boni
2417 5141 2474 5186 et
2496 5129 2622 5184 mali
2648 5146 2663 5194 ;
2693 5142 2820 5182 nam
2853 5133 2981 5179 ante
3010 5138 3137 5178 eum
3163 5134 3316 5175 esum
3352 5132 3449 5171 co-

179 5241 344 5305 milii,
372 5242 548 5295 donec
583 5240 797 5294 veniret
843 5239 1007 5294 Panis
1030 5236 1275 5293 caelestis
1303 5237 1397 5307 qui
1421 5251 1508 5290 me
1533 5236 1766 5290 abduxit
1867 5228 2386 5308 gnoscebatmulier
2406 5226 2613 5280 bonum
2638 5231 2693 5278 et
2713 5221 2940 5276 malum.
2975 5216 3119 5273 Audi
3150 5214 3299 5269 enim
3326 5226 3449 5266 eam

177 5353 209 5390 ει
238 5336 392 5407 ligno
442 5334 796 5403 siliquarum.
836 5334 1011 5388 Porro
1037 5339 1223 5386 autem
1254 5330 1432 5385 Moses
1459 5345 1680 5399 quoque
1707 5330 1763 5383 in
1868 5329 1924 5384 in
1954 5325 2248 5382 collatione
2278 5335 2405 5376 cum
2435 5322 2716 5404 serpente,
2733 5314 3058 5369 aﬂ‘erentem
3087 5308 3286 5378 dogma
3317 5319 3448 5359 con-

178 5426 431 5485 secundo
450 5427 689 5489 cantico,
706 5425 1022 5482 Judaeorum
1042 5432 1235 5478 taxans
1249 5423 1764 5485 idololatriam,eam
1867 5417 2122 5482 trarium,
2156 5424 2214 5471 et
2255 5412 2308 5468 ei
2337 5398 2617 5466 dicentem
2647 5416 2705 5462 et
2759 5403 3136 5476 proferentem
3194 5397 3449 5468 divinum

180 5518 425 5587 appellat
452 5517 691 5586 plantam
732 5532 898 5571 :nam
937 5532 1000 5570 ea:
1044 5514 1563 5571 vineaSodomorum
1613 5515 1762 5567 vinea
1872 5507 2293 5571 mandatum,ct
2323 5504 2503 5559 minas
2532 5499 2726 5557 mortis
2754 5498 3052 5563 intentatas
3079 5493 3125 5549 si
3155 5489 3287 5562 ligni
3304 5495 3455 5546 esset

183 5688 231 5718 ω
258 5631 305 5661 ’³
333 5630 435 5684 lsa.
470 5647 579 5693 xw,
604 5633 691 5687 Μ.
768 5633 815 5665 ³⁸
852 5631 984 5687 Luc.
1021 5648 1111 5699 xv,
1146 5631 1228 5686 16.
1307 5632 1352 5664 ³⁸
1399 5631 1558 5686 Dent.
1614 5644 1776 5695 χχιιι,

256 5696 433 5756 lCor.
466 5718 523 5768 ιι,
564 5703 644 5756 l0.

1855 5625 1899 5681 ξ.
1978 5622 2159 5677 "Isa.
2216 5637 2269 5687 v,
2306 5620 2361 5675 4.
2466 5618 2512 5651 ’⁸
2550 5616 2709 5674 Joan.
2774 5611 2852 5680 iv,
2883 5610 2971 5666 5i.
3087 5609 3133 5643 ”
3188 5605 3319 5661 ibid.
3360 5601 3451 5658 ὃς.
