4042 6292
545 329 562 349 ι
601 261 704 327 991
1770 272 1832 331 S.
1871 266 2282 331 ANAS’I‘ASII
2327 266 2658 326 SINAITJ‘}
3641 332 3648 349 ,
3771 268 3875 332 992

599 380 894 451 particeps.
927 383 1032 438 Sed
1057 401 1236 456 neque
1260 387 1389 441 caeci
1420 394 1734 442 erantantc
1761 387 2177 457 cognitionem;
2213 388 2260 447 Α
2286 387 2492 454 poruin
2535 392 2751 453 stupra'
2793 395 2851 440 et
2905 385 3218 440 adulteria?
3285 385 3423 452 Quis
3467 379 3656 440 autem
3707 387 3883 442 totius

599 470 734 525 dicit
777 473 925 528 enim
975 476 1093 530 :Et
1121 479 1246 530 vidit
1294 477 1485 532 mulier
1535 479 1674 548 quod
1716 487 1848 532 esset
1885 479 2184 549 pulchrum,
2261 475 2482 530 -mundi
2531 475 2742 531 diluvio
2789 476 2920 532 fecit
2971 478 3279 544 interitum,
3341 477 3453 534 nisi
3515 477 3880 548 pulchritudo

598 571 726 618 ante
756 581 928 620 esum.
967 568 1022 621 Si
1051 577 1233 623 autem
1260 569 1419 624 cibus
1445 577 1566 624 erat
1588 570 1808 626 sensilis
1841 579 1898 626 et
1921 569 2183 634 carnalis,

2289 567 2587 634 mulierum
2643 567 2866 623 illarum
2905 568 3148 624 ﬁliarum
3196 570 3512 633 hominum,
3581 585 3720 639 quas
3779 570 3876 625 lilii

599 657 822 710 omnino
856 659 1056 710 mortui
1083 669 1268 713 essent
1297 660 1466 715 etiam
1497 662 1812 727 carnaliter,
1843 661 2068 732 quando
2092 678 2189 716 co-
2289 659 2423 714 Scth
2469 670 2812 729 acceperunt
2855 661 2913 716 in
2963 662 3205 716 uxores?
3241 661 3342 717 Sin
3388 657 3580 716 au’tem
3631 660 3876 730 adiutrix

601 754 910 802 inederunt.
937 750 1042 804 Sed
1083 767 1206 806 cum
1239 760 1421 808 mente
1456 761 1514 808 et
1553 754 1916 824 intelligentia
1951 768 2185 824 peccas-

606 847 743 902 sent,
767 840 1059 897 subierunt
1078 845 1244 898 etiam
1273 845 1473 900 animae
1497 854 1732 900 mortem
1757 846 2183 920 inteiligentem.

602 925 697 980 llic
721 937 904 982 autem
947 930 1227 987 hominem
1279 934 1530 989 nominat
1560 935 1832 990 Adamum
1862 953 1877 990 :
1905 935 2186 1006 quomodo

599 1019 767 1072 etiam
795 1020 890 1075 Dei
917 1021 1154 1078 Verbum
1176 1024 1562 1082 incarnatione
1615 1011 1974 1097 terrigenam.
2007 1026 2184 1082 Adam

598 1109 746 1162 enim
780 1111 1176 1181 interpretatur
1204 1124 1348 1170 terra
1379 1125 1434 1171 ct
1463 1117 1640 1189 ignis,
1674 1119 1820 1174 sicut
1865 1118 1979 1173 dixi
2026 1119 2180 1175 alibi.

601 1199 671 1252 Et
705 1200 840 1254 dixit
871 1202 1126 1260 Dominus
1159 1205 1298 1262 Deus
1336 1225 1354 1263 :
1389 1209 1508 1262 Non
1562 1217 1638 1263 est
1681 1212 1876 1266 bonum
1919 1212 2201 1266 hominem-

600 1307 708 1344 βεδε
737 1293 908 1347 solum
932 1313 949 1350 :
971 1297 1228 1365 faciamus
1287 1301 1335 1354 ei
1355 1301 1671 1370 adjutricem
1693 1304 1828 1357 sicut
1871 1305 1984 1374 ipse
2012 1313 2089 1357 est
2113 1305 2181 1360 ³⁸.

599 1381 736 1438 Cum
759 1385 869 1441 huc
894 1387 1136 1444 venisset
1163 1389 1370 1456 Manes,
1397 1395 1698 1450 sceleratus
1723 1396 1836 1450 dux
1850 1395 2185 1454 Manichaeo-

601 1489 745 1540 rum,
777 1478 1096 1550 intelligens
1116 1481 1318 1538 litteras
1333 1493 1648 1540 contextum
1672 1485 2061 1559 corporaliter,
2088 1505 2185 1544 oc-

601 1566 749 1621 cisus
783 1577 868 1622 est
893 1585 924 1623 a
965 1570 1152 1625 littera
1185 1573 1582 1630 convenienter
1622 1577 1785 1636 Pauli
1823 1579 1969 1644 voci,
2007 1579 2184 1636 Deum

600 1657 882 1724 appellans
905 1659 1242 1717 mendacem.
1266 1662 1535 1721 Similiter
1556 1667 1724 1723 etiam
1745 1668 2180 1740 Aquilaimpius,

603 1744 752 1800 idem
781 1748 928 1816 quod
963 1759 1158 1820 gentes
1214 1755 1480 1821 sentiens,
1518 1758 1692 1814 Deum
1747 1762 1942 1816 volens
1995 1777 2188 1832 repre-

583 1840 869 1905 hendere,
903 1857 1003 1911 pro
1036 1859 1104 1899 eo
1129 1847 1276 1915 quod
1302 1847 1492 1905 dicere
1523 1852 1820 1920 oportebat
1849 1869 1864 1906 :
1897 1852 2184 1911 Faciamus

601 1932 652 1984 ei
677 1933 992 2001 adjutricem
1017 1938 1304 1992 secundum
1350 1943 1544 2011 ipsum,
1575 1943 1717 2000 dixit
1749 1962 1764 1998 :
1794 1945 2076 2002 Faciamus
2139 1949 2188 2002 ei

603 2023 932 2093 adjutorium
961 2044 1024 2082 ea:
1057 2029 1279 2086 adverso
1328 2034 1480 2103 ejus;
1510 2036 1618 2092 hoc
1665 2045 1753 2093 est
1797 2039 2188 2097 adversarium

603 2125 660 2169 ct
683 2115 918 2174 hostem.
945 2119 1088 2187 Quid
1127 2138 1260 2194 ergo
1283 2125 1306 2178 ?
1333 2125 1424 2180 dic
1445 2127 1604 2192 mihi,
1632 2129 1894 2196 oJudme,
1929 2141 2014 2188 est
2039 2132 2188 2189 Deus

608 2222 790 2272 verus,
829 2211 1148 2267 mentiens?
1173 2215 1435 2271 Divinum
1457 2232 1522 2274 os
1541 2219 1759 2275 Domini
1784 2222 2189 2292 omnipotentis

605 2299 866 2367 Sabaoth,
903 2303 958 2358 in
983 2306 1166 2362 medio
1193 2309 1557 2366 tenebrarum
1585 2321 1643 2367 et
1665 2312 1828 2384 903
1858 2317 2112 2387 caliginis
2129 2331 2187 2374 et

605 2389 748 2460 ignis
779 2403 836 2446 et
884 2397 1142 2464 procellae
1187 2407 1245 2454 et
1292 2400 1552 2456 tubarum
1596 2410 1652 2458 et
1675 2405 2029 2474 angelorum,
2067 2409 2189 2465 hec

604 2482 772 2536 verba
794 2483 926 2540 Mosi
956 2493 1042 2542 est
1069 2487 1344 2555 locutum,
1379 2499 1438 2546 et
1469 2493 1567 2547 Dei
1601 2492 1813 2565 digitus
1838 2496 1893 2550 in
1955 2497 2188 2556 Tabulis

607 2573 722 2629 haec
743 2576 985 2645 scripsit,
997 2579 1188 2636 dicens
1211 2597 1226 2634 :
1245 2581 1364 2636 Non
1379 2584 1574 2638 bonurn
1591 2595 1668 2640 est
1688 2589 1955 2644 hominem
1977 2607 2088 2645 esse
2101 2609 2191 2646 so~

608 2666 741 2734 lum,
772 2669 1030 2736 faciamus
1045 2676 1093 2728 ei
1108 2675 1428 2746 adjutricem
1447 2680 1580 2734 sicut
1591 2683 1768 2752 ipsum
1789 2700 1807 2737 :
1827 2694 1884 2740 et
1897 2693 1983 2741 est
1998 2702 2190 2743 rursus

609 2756 796 2827 lingua
820 2759 916 2815 Dei
946 2771 1002 2816 et
1027 2779 1090 2818 os
1112 2773 1169 2818 et
1189 2782 1386 2822 manus
1401 2769 1536 2825 falsa
1559 2771 1794 2842 loquens
1813 2784 1871 2830 et
1893 2775 2146 2843 scribens
2165 2780 2191 2832 ἳ

679 2847 937 2907 Facessat
964 2853 1082 2910 haec
1111 2856 1448 2915 absurditas.
1480 2843 1725 2917 Verbum
1767 2867 1918 2920 enim
1950 2868 2046 2922 Dei
2075 2884 2192 2924 ma-

611 2947 707 2993 net
731 2955 925 2996 verum
981 2945 1038 2999 in
1072 2949 1356 3014 saeculum,
1393 2959 1451 3006 et
1479 2952 1534 3006 in
1567 2955 1829 3012 saeculum
1859 2958 2068 3012 saeculi.
2119 2958 2190 3014 Et

611 3033 888 3132 quomodo
929 3037 1194 3132 nonfuit
1236 3041 1330 3095 illa
1385 3043 1588 3098 mulier
1633 3045 1876 3116 adiutrix
1930 3048 2144 3104 Adamo
2171 3069 2188 3118 ;
2217 3073 2261 3132 (ς

611 3123 709 3177 sed
754 3125 938 3193 potius
983 3127 1233 3197 inimica,
1273 3140 1441 3202 atque
1493 3134 1634 3191 adeo
1679 3134 1831 3194 fossa
1879 3148 1936 3194 et
1961 3140 2192 3196 insidia-

615 3219 1212 3290 trix,etinterfectrix,
1249 3233 1306 3281 et
1330 3229 1774 3297 exterminatrix,
1823 3243 1880 3288 et
1931 3235 2193 3292 innume-

616 3307 873 3363 rabilium
900 3313 1174 3369 malorum
1201 3317 1317 3386 ipsi
1343 3327 1400 3372 et
1422 3321 1523 3375 toti
1547 3323 1772 3378 mundo-
1807 3327 2196 3383 consiliatrix?

613 3398 671 3453 Si
701 3411 888 3456 autem
937 3405 1141 3460 mulier
1189 3409 1258 3463 ad
1306 3411 1413 3467 hoc
1443 3412 1622 3482 ipsum
1679 3415 1823 3472 facta
1867 3426 1956 3474 est
1998 3434 2030 3474 a
2079 3421 2195 3476 Deo

610 3497 677 3543 ut
702 3490 777 3544 sit
798 3491 1011 3547 homini
1040 3495 1283 3567 adiutrix
1306 3539 1322 3563 ,
1368 3509 1426 3556 et
1478 3517 1765 3574 nunquam
1793 3509 2042 3576 potuerit
2067 3523 2193 3564 mu-

613 3581 722 3636 lier
738 3597 860 3638 esse
883 3585 1006 3640 viro
1024 3586 1248 3644 inimica
1268 3607 1283 3656 ;
1309 3591 1407 3646 sed
1431 3595 1616 3649 omnis
1633 3597 1835 3653 mulier
1853 3598 2046 3654 divino
2063 3615 2199 3671 prm-

569 3757 580 3767 .
613 3675 821 3744 scripto
837 3676 1121 3734 invenitur
1137 3681 1313 3736 virum
1323 3698 1486 3739 suum
1500 3685 1802 3744 defendere
1812 3705 1876 3746 ac
1887 3701 2198 3763 protegere:

613 3767 1062 3838 quandoquidem
1085 3782 1196 3829 stat
1217 3779 1651 3850 unumquodque
1682 3781 1738 3836 in
1756 3796 1825 3838 eo
1847 3785 1917 3838 ad
1937 3786 2086 3855 quod
2113 3787 2194 3842 fa-

615 3865 768 3932 ctum
797 3871 884 3916 est
917 3877 950 3916 a
976 3863 1091 3919 Deo
1123 3866 1239 3936 (lux
1267 3869 1416 3924 enim
1441 3870 1739 3938 illuminat,
1769 3884 1828 3929 et
1851 3890 1961 3931 non
1992 3885 2196 3946 cessat,

617 3954 773 4020 panis
793 3956 989 4021 nutrit,
1015 3957 1096 4012 sol
1115 3960 1294 4015 currit
1309 3970 1366 4017 et
1385 3962 1548 4030 luna;
1574 3965 1836 4036 cumipso
1855 3967 2056 4036 plantae
2077 3985 2200 4040 ger-

619 4044 850 4111 minant,
868 4048 1128 4104 animalia
1141 4053 1384 4121 pariunt,
1403 4054 1584 4124 pisces
1599 4064 1816 4122 natant,
1835 4073 1964 4114 aves
1983 4061 2197 4128 volant,

617 4146 693 4198 ct,
710 4139 1166 4206 utsemeldicam,
1189 4159 1361 4214 usque
1377 4145 1445 4199 ad
1471 4149 2006 4206 consummationem
2027 4167 2201 4208 sacu-

619 4228 680 4292 li,
706 4245 1048 4300 unaquaeque
1074 4244 1329 4290 creatura
1361 4237 1416 4290 in
1443 4252 1510 4291 eo
1535 4246 1644 4294 stat
1669 4239 1735 4294 ad
1761 4241 1910 4310 quod
1943 4242 2087 4297 facta
2110 4252 2197 4300 est

620 4338 651 4373 ιι
673 4320 816 4388 Deo;
846 4322 902 4377 in
925 4339 1280 4397 unaquaque,
1339 4328 1586 4399 inquam,
1615 4340 1812 4387 natura
1871 4333 2115 4390 inanima
2143 4346 2202 4393 et

2285 751 2497 806 Adamo
2533 751 2639 806 fuit
2671 753 2892 818 mulier,
2953 754 3233 823 quomodo
3287 769 3482 822 omnes
3529 769 3653 808 eam
3687 753 3877 822 deplo-

2287 857 2473 898 ramus
2511 843 2661 913 quod
2691 843 2864 898 fuerit
2894 845 3243 900 consiliatrix
3293 846 3490 900 mortis
3525 853 3584 898 et
3618 844 3876 897 interitus

2285 941 2342 988 et
2381 936 2690 990 communis
2735 937 2930 991 exitii?
2958 937 3083 992 Haec
3122 937 3308 1007 potius
3344 947 3428 1000 tu,
3459 952 3496 990 ο
3519 936 3732 998 Iudaee,
3758 936 3878 1004 ,qni

2287 1025 2602 1096 Scripturas
2629 1037 2805 1093 tenes,
2838 1044 2940 1082 nos
2965 1029 3154 1084 doces.
3182 1029 3297 1084 Una
3321 1028 3471 1082 enim
3503 1029 3726 1089 mulier,
3765 1036 3874 1091 tua,

2286 1117 2530 1187 inquam,
2577 1134 2756 1183 soror,
2803 1121 2913 1174 lilia
2959 1117 3130 1176 Jacoh
3175 1121 3348 1190 patris
3397 1120 3502 1184 tui,
3537 1133 3683 1188 .quae
3723 1117 3879 1172 dice-

2285 1209 2452 1265 batur
2492 1211 2651 1274 Dina,
2685 1220 2927 1275 scortata
2969 1221 3058 1267 est
3107 1213 3164 1266 in
3209 1213 3471 1275 Sichein;
3517 1211 3723 1265 deinde
3755 1226 3878 1280 pro-

2285 1307 2409 1369 pter
2461 1300 2908 1368 fornicationem,
2973 1303 3288 1358 universam
3345 1303 3628 1356 civitatem
3693 1301 3878 1370 inique

2287 1396 2689 1448 interemerunt
2747 1394 2950 1450 fratres
2981 1397 3126 1466 ejus,
3147 1396 3356 1465 justum
3405 1402 3465 1449 et
3501 1394 3778 1465 iniustum
3803 1393 3879 1446 si-

2288 1483 2401 1537 mul
2453 1483 2776 1540 occidentes
2821 1487 2888 1539 ³⁹.
2925 1487 3160 1556 Propter
3200 1469 3365 1556 quam
3407 1485 3610 1555 puella:
3637 1483 3879 1538 fornica-

2287 1574 2497 1629 tionem
2547 1586 2608 1630 et
2635 1576 2866 1639 eadem;
2902 1577 2973 1632 ad
2995 1577 3437 1648 quadringentos
3461 1591 3642 1630 annos
3663 1576 3878 1630 consti-

2289 1669 2394 1722 tuit
2414 1667 2562 1722 Deus
2585 1677 2666 1724 tot
2696 1669 2868 1730 millia
2894 1669 2951 1723 in
2974 1670 3302 1724 servitutem
3333 1669 3510 1738 redigi
3541 1669 3599 1722 in
3619 1663 3877 1738 Egypto.

2293 1761 2362 1816 Et
2387 1775 2641 1831 quamam
2669 1762 2872 1818 mulier
2901 1762 3178 1834 adiutrix?
3209 1762 3562 1816 Adulterium
3603 1761 3882 1816 comisit

2293 1852 2598 1908 Bethsabee
2623 1852 2682 1908 in
2703 1868 2772 1908 eo
2798 1869 2964 1924 quem
2994 1863 3052 1908 tu
3087 1865 3241 1908 tuum
3263 1853 3552 1908 Christum
3569 1851 3882 1916 existimas,

2293 1943 2488 2008 David,
2522 1945 2767 2014 inquam,
2811 1955 2869 2002 et
2910 1945 3116 2000 caedem
3144 1942 3486 2015 perpetravit
3517 1957 3623 1997 suo
3656 1940 3880 2012 coniugi

2293 2033 2457 2089 Uria.
2486 2035 2720 2100 Deinde,
2745 2037 2962 2092 etiamsi
2986 2036 3092 2091 hoc
3117 2035 3354 2090 maxime
3373 2033 3750 2089 condonatum
3780 2032 3884 2087 fuit

2295 2119 2518 2188 Davidi,
2561 2123 2618 2178 in
2656 2124 2850 2179 decem
2885 2133 3073 2180 tamen
3123 2125 3245 2194 ejus
3274 2122 3545 2178 mulieres
3579 2121 3878 2177 admissum

2294 2213 2401 2268 fuit
2443 2215 2783 2273 adulterium
2830 2233 2863 2272 a
2917 2217 3186 2272 suo.fllio
3229 2216 3526 2281 Absalom;
3553 2223 3637 2268 -et
3691 2214 3883 2268 statuit

2295 2307 2442 2363 Deus
2469 2322 2569 2378 per
2595 2309 2814 2364 Nathan
2838 2309 3169 2380 prephetam
3196 2308 3343 2380 quod
3371 2324 3484 2363 non
3510 2306 3738 2363 deficiet
3765 2307 3882 2376 gla-

2295 2397 2424 2453 dius
2447 2399 2506 2455 in
2549 2398 2716 2454 domo
2745 2398 2918 2453 David
2949 2399 3006 2453 in
3049 2409 3318 2454 aeternum
3361 2399 3430 2452 ³³.
3475 2398 3594 2452 Hoc
3622 2403 3712 2452 est
3741 2410 3884 2466 opus

2297 2490 2650 2560 pulchrarum
2687 2491 3006 2546 mulierum.
3048 2491 3184 2558 Quis
3219 2499 3402 2546 autem
3444 2490 3596 2544 inter
3627 2489 3884 2544 homines

2296 2597 2328 2636 a
2386 2583 2500 2638 Deo
2549 2591 2700 2638 tanta
2746 2583 2853 2638 fuit
2904 2583 3146 2639 donatus
3193 2582 3465 2654 sapientia
3522 2591 3732 2652 quanta
3783 2579 3884 2636 Sa-

2295 2675 2520 2730 lomon?
2566 2676 2636 2732 Et
2683 2683 2798 2734 tota
2865 2677 2986 2748 ejus
3051 2676 3319 2746 sapientia
3369 2676 3476 2732 fuit
3527 2675 3796 2730 devorata
3851 2689 3884 2729 a

2296 2769 2644 2824 mulieribus.
2687 2769 2823 2836 Quis
2871 2770 3103 2825 aﬂ‘eCtus
3135 2769 3244 2825 fuit
3293 2769 3470 2840 gloria
3517 2771 3665 2824 sicut
3714 2767 3883 2824 ludas

2298 2859 2444 2915 ﬁlius
2466 2861 2670 2926 'Jacob,
2697 2862 2838 2916 adeo
2861 2871 2922 2917 ut
2949 2877 2980 2914 a
3015 2863 3128 2916 Deo
3154 2862 3226 2917 sit
3248 2863 3616 2916 constitutum
3643 2869 3708 2915 ut
3735 2867 3883 2915 esset

2297 2966 2395 3006 rex
2418 2952 2775 3007 Judaeorum?
2832 2954 2900 3008 Et
2943 2953 3144 3007 mulier
3198 2953 3464 3018 Thamar,
3507 2968 3577 3008 eo
3605 2953 3878 3021 decepto,

2296 3042 2481 3099 effecit
2513 3052 2575 3100 ut
2607 3051 2720 3098 tota
2755 3044 2880 3114 ejus
2909 3043 3090 3099 tribus
3124 3053 3270 3098 esset
3319 3054 3446 3098 nata
3476 3060 3544 3099 ex
3576 3043 3877 3098 adulterio.

2296 3133 2366 3188 Et
2383 3147 2634 3204 quantam
2657 3144 2788 3190 sunt
2803 3150 2884 3192 ea:
2909 3135 3250 3206 adiutrices?
3277 3135 3465 3206 Longa
3481 3135 3656 3190 fuerit
3682 3135 3881 3199 oratio,

2295 3232 2353 3280 et
2380 3225 2544 3282 nobis
2585 3225 2855 3282 defecerit
2895 3237 2953 3281 et
2989 3234 3210 3296 tempus
3259 3237 3318 3282 et
3345 3227 3544 3281 charta
3586 3233 3644 3281 et
3687 3225 3882 3280 modus

2297 3315 2561 3372 narrandi
2595 3326 2734 3387 quot
2767 3328 2825 3373 et
2841 3319 3026 3388 qualia
3054 3334 3154 3389 per
3182 3327 3402 3390 gentem
3426 3319 3722 3374 femineam
3744 3317 3884 3382 ﬁunt

2297 3407 2357 3463 in
2389 3409 2598 3463 mundo
2638 3409 2708 3464 ab
2753 3409 2913 3464 initio
2939 3417 3000 3464 et
3037 3421 3216 3481 usque
3248 3411 3318 3465 ad
3347 3411 3880 3482 consummationem

2297 3500 2484 3556 seaculi
2519 3499 2576 3555 in
2618 3499 2950 3571 patriarchis
2979 3511 3038 3557 et
3070 3501 3382 3572 prephetis,
3431 3511 3490 3558 et
3525 3503 3676 3558 inter
3702 3503 3884 3573 priva-

2298 3598 2387 3647 tos
2419 3599 2481 3646 et
2507 3605 2684 3662 reges,
2725 3602 2784 3647 et
2821 3592 2968 3648 inter
2997 3592 3190 3668 fideles
3237 3593 3499 3650 similiter
3527 3603 3586 3648 et
3628 3593 3884 3664 gentiles,

2298 3692 2355 3740 et
2376 3682 2704 3740 Chaldaieas
2723 3694 2782 3740 et
2802 3684 3110 3758 Egyptias,
3142 3695 3201 3741 et
3225 3685 3496 3756 Troianas
3524 3694 3580 3741 et
3609 3685 3882 3748 heroicas,

2297 3781 2356 3830 et
2383 3773 2657 3829 Romanas
2689 3784 2882 3846 gentes
2919 3783 2976 3830 et
3007 3775 3258 3831 hostiles.
3323 3774 3381 3830 Si
3421 3782 3608 3830 autem
3648 3774 3889 3846 adiutrix

2298 3874 2386 3921 est
2424 3865 2643 3931 mulier,
2673 3865 2954 3937 quomodo
2987 3865 3129 3927 dicit
3173 3865 3460 3936 Scriptura
3524 3865 3671 3936 quod
3707 3866 3890 3918 uinum

2301 3963 2352 4009 et
2387 3956 2633 4012 mulieres
2664 3965 2917 4026 separant
2953 3975 2986 4012 a
3033 3957 3145 4012 Deo
3175 3957 3258 4011 “1'
3296 3957 3471 4024 Quam
3507 3957 3673 4012 multi
3713 3957 3886 4022 enim,

2299 4048 2389 4105 dic
2420 4049 2579 4116 mihi,
2609 4041 2782 4105 Deum
2806 4057 3079 4121 negarunt
3103 4059 3330 4120 propter
3357 4048 3696 4104 mulierem?
3725 4047 3886 4104 Unde

2299 4141 2467 4196 etiam
2499 4140 2780 4206 Salomon,
2817 4140 2994 4211 utqui
3062 4141 3136 4196 sit
3190 4148 3451 4210 expertus
3513 4140 3659 4194 mala
3691 4139 3888 4195 mulie-

2301 4233 2446 4296 hria,
2487 4232 2626 4288 dixit
2670 4250 2683 4288 :
2719 4233 2805 4288 Ea:
2833 4234 3002 4287 decies
3051 4231 3198 4286 mille
3244 4233 3370 4286 uiris
3427 4232 3661 4286 invenies
3719 4247 3884 4286 unum

2299 4322 2531 4393 ﬁdelem,
2582 4341 2645 4378 ea:
2675 4323 2981 4379 mulieribus
3006 4333 3184 4378 autem
3223 4339 3329 4377 non
3370 4322 3698 4406 invenies‘“.
3764 4323 3890 4378 Haec

622 4417 905 4482 animata),
932 4421 1210 4492 quomodo
1243 4437 1375 4493 ergo
1406 4423 1624 4489 mulier,
1658 4440 1780 4494 qua;
1810 4425 1951 4481 facta
1978 4435 2064 4482 εει
2123 4429 2199 4484 ad
2226 4415 2270 4470 ι)
2297 4427 2480 4471 autem
2503 4415 2760 4480 dicimus,
2788 4411 2900 4470 rion
2925 4425 3253 4470 accusantes
3283 4425 3539 4470 naturam
3577 4431 3762 4487 neque
3790 4416 3887 4472 Dei

621 4507 722 4561 viri
758 4509 1046 4575 auxilium,
1105 4527 1216 4567 non
1264 4514 1405 4568 facta
1453 4522 1540 4568 est
1585 4515 1866 4586 adiutrix?
1902 4516 2194 4584 Quomodo

620 4609 826 4662 autem,
855 4610 910 4656 et
935 4617 1061 4656 cum
1098 4603 1172 4658 sit
1191 4605 1311 4658 viro
1342 4604 1694 4670 imbecillior,
1721 4614 1906 4676 potest
1933 4609 2194 4680 eiusesse

620 4691 899 4762 adiutrix?
927 4691 1006 4747 Ad
1034 4694 1326 4758 auxilium,
1360 4711 1552 4751 rursus
1575 4696 1723 4761 dico,
1772 4697 1877 4752 viri
1929 4702 2193 4770 carnalis,

620 4783 866 4840 decrevit
890 4785 1035 4841 Deus
1069 4787 1140 4840 ab
1185 4786 1346 4842 initio
1397 4803 1520 4842 esse
1552 4788 1838 4844 mulierem
1881 4784 2189 4848 secundum

621 4890 867 4939 carnem,
926 4893 1208 4948 nunquam
1235 4878 1420 4934 studio
1478 4879 1647 4934 fuerit
1694 4881 1911 4937 mulieri
1939 4891 2036 4938 aut
2065 4884 2200 4942 odio

622 4969 826 5046 habere
872 4977 929 5024 et
953 4969 1020 5023 ad
1073 4971 1208 5025 iram
1247 4972 1548 5036 concitare,
1587 4981 1685 5027 aut
1731 4973 1992 5030 deserere
2035 4991 2199 5032 suum

623 5061 842 5126 virum;
888 5077 1169 5132 nunquam
1221 5073 1520 5134 conspecta
1550 5063 1718 5119 fuerit
1758 5066 1962 5120 mulier
2006 5069 2191 5138 gravis

624 5163 722 5209 aut
750 5156 1037 5223 improba;
1068 5171 1350 5227 nunquam
1399 5159 1721 5228 apparuerit
1765 5160 1967 5214 mulier
1993 5161 2200 5217 marito

629 5265 730 5303 suo
763 5249 1038 5318 insidiari,
1070 5260 1128 5306 et
1169 5249 1375 5306 caedem
1408 5251 1529 5322 eius
1555 5251 1770 5306 moliri!
1814 5251 1884 5305 Et
1919 5252 2201 5321 quomodo

629 5349 822 5395 contra
839 5341 1093 5397 videmus
1109 5342 1401 5396 mulierem
1429 5354 1551 5396 esse
1574 5341 1692 5395 viro
1717 5355 1828 5396 non
1850 5341 2198 5410 adiutricem,

630 5432 726 5486 sed
751 5430 934 5500 potius
961 5432 1362 5488 tentationem?
1389 5430 1525 5498 Quis
1551 5431 1722 5496 enim,
1781 5446 1936 5502 rogo,
1994 5448 2200 5488 accen-

585 5521 707 5574 ‘dit
742 5533 800 5577 et
824 5523 1125 5582 inﬂammat
1154 5527 1426 5582 flammam
1452 5524 1844 5596 generationis,
1911 5523 2018 5580 nisi
2073 5541 2201 5580 cor-

703 5704 745 5738 ³⁸
785 5703 938 5765 Gen.
974 5725 1032 5775 ιι,
1069 5711 1148 5764 18.
1229 5711 1272 5744 ³³
1315 5710 1450 5765 Gen.
1492 5727 1670 5776 xxxxv,
1700 5712 1923 5780 passim.
2005 5714 2046 5745 ³³
2088 5713 2132 5768 ll
2193 5713 2325 5782 lieg.
2363 5727 2435 5774 xl,
2492 5725 2587 5775 xu,
2627 5723 2739 5764 xnt.
2819 5704 3054 5760 “Eccli.
3087 5721 3195 5772 xix,
3235 5703 3288 5757 ‘2.

2295 4518 2603 4564 creaturam
2627 4509 2781 4578 (sunt
2802 4509 2950 4563 enim
2975 4508 3161 4562 omnia
3181 4508 3324 4563 bona
3352 4524 3475 4578 qua:
3497 4507 3642 4562 fiunt
3667 4525 3698 4562 a
3725 4509 3887 4580 Deo),

2295 4598 2392 4653 sed
2429 4597 2563 4652 illud
2607 4598 2874 4652 auxilium
2923 4607 3240 4674 quaerentes
3258 4597 3328 4652 de
3350 4613 3462 4667 quo
3498 4595 3638 4651 dixit
3687 4599 3838 4654 Deus
3872 4618 3887 4653 :

2294 4689 2412 4744 Non
2451 4696 2527 4742 est
2561 4689 2753 4742 bonum
2809 4690 3074 4743 hominem
3121 4704 3230 4743 esse
3276 4688 3472 4756 solum,
3525 4690 3793 4761 faciamus
3844 4693 3892 4744 ei

2296 4781 2607 4853 adjutricem
2631 4783 2765 4836 sicut
2796 4781 2987 4852 ipsum.
3018 4781 3075 4836 Si
3109 4798 3242 4852 ergo
3287 4797 3398 4836 non
3422 4790 3508 4836 est
3531 4783 3742 4836 bonum
3785 4783 3888 4838 ho-

2302 4875 2508 4930 minem
2539 4888 2662 4930 esse
2691 4875 2892 4939 solum,
2931 4875 3230 4944 quomodo,
3279 4889 3406 4930 cum
3435 4875 3510 4930 sit
3551 4876 3722 4940 Deus,
3765 4873 3894 4933 fecit

2303 4967 2526 5038 aliquod
2565 4983 2704 5038 opus
2735 4983 2849 5022 non
2878 4967 3130 5022 bonum?
3173 4967 3462 5034 Quomodo
3499 4978 3686 5022 autem
3727 4971 3892 5038 paulo

2303 5070 2428 5116 ante
2455 5075 2676 5131 quoque
2705 5059 2917 5114 dictum
2943 5069 3028 5114 est
3053 5077 3066 5112 :
3095 5059 3164 5114 Et
3186 5059 3313 5113 vidit
3342 5059 3482 5113 Deus
3512 5059 3695 5114 omnia
3749 5078 3892 5132 qua-

2305 5142 2508 5224 cunque
2533 5153 2672 5224 fecit,
2699 5162 2748 5206 et
2769 5167 2888 5205 ecce
2909 5151 3065 5206 valde
3085 5151 3254 5206 bona?
3269 5152 3559 5218 Quomodo
3586 5167 3720 5223 ergo
3742 5154 3894 5208 solus

2312 5244 2480 5300 homo
2501 5260 2611 5300 non
2637 5243 2859 5325 bonus?
2900 5228 3189 5310 Quomodo
3230 5252 3413 5298 autem
3442 5259 3592 5298 nunc
3628 5244 3762 5298 dicit
3805 5261 3892 5298 so-

2310 5340 2425 5394 lum
2463 5355 2586 5395 esse
2613 5338 2931 5394 hominem?
2966 5337 3200 5404 Quando
3223 5337 3371 5393 enim
3415 5337 3520 5390 fuit
3566 5337 3889 5398 fabricatus,

2313 5429 2626 5484 audivimus
2653 5427 2995 5496 Scriptorem
3034 5426 3306 5481 dicentem
3341 5442 3355 5478 :
3388 5424 3524 5478 Deus
3561 5423 3682 5493 fecit
3722 5426 3892 5478 horai-

2313 5539 2455 5586 ncut,
2509 5522 2578 5576 ml
2613 5519 2708 5574 Dei
2753 5520 3040 5590 imaginem
3087 5518 3207 5588 fecit
3265 5520 3457 5588 ipsum,
3499 5515 3795 5570 masculum
3843 5525 3890 5568 et

3369 5703 3410 5734 ³⁵
3445 5701 3634 5758 Eeclc.
3675 5716 3769 5768 "ll,
3801 5696 3887 5752 εει.
