4042 6292
126 305 254 371 993

1214 301 1298 363 IN
1340 298 1887 366 IIEXAEMERON.
1915 331 1985 341 -
2018 308 2163 369 LIB.
2184 309 2269 369 IX

3291 311 3395 374 994

120 439 398 491 feminam
450 432 570 503 fecit
599 449 705 498 eos,
753 442 802 486 et
831 432 1094 487 benedixit
1124 432 1392 497 ambobus,
1424 441 1480 486 et
1510 433 1718 487 consti-
1747 443 1791 500 Α
1890 438 2181 506 Quomodo
2229 449 2412 495 autem
2459 442 2510 496 ei
2560 440 2623 496 ﬁt
2673 436 2951 513 adjutrix,
2997 442 3149 498 audi.
3200 443 3391 499 Statim

121 529 245 583 tuit
275 540 375 582 eos
415 525 692 597 principes
715 522 963 579 omnium
991 538 1113 595 quae
1152 531 1281 578 sunt
1307 538 1473 593 super
1499 539 1718 580 omnem

130 628 379 673 terram.

201 714 274 767 Et
309 726 502 768 rursus
521 717 713 780 postea
736 706 889 762 dedit
909 705 992 762 eis
1013 714 1345 777 praeceptum
1365 706 1420 761 in
1440 707 1715 778 paradiso,

121 816 183 860 ut
223 812 565 859 vescerentur
611 817 675 855 ea:
703 801 846 853 omni
877 788 1017 870 ligno
1050 799 1248 869 :oligno
1276 808 1481 863 autem,
1518 799 1714 868 inquit,

123 893 508 966 cognoscendi
551 892 755 945 bonum
802 898 859 945 et
905 891 1109 949 malum
1161 906 1232 945 ne
1279 891 1598 956 vescamini,
1648 903 1717 943 ne

125 983 477 1040 moriatnini.
524 984 653 1038 Post
666 982 798 1043 ,liaec
833 981 1017 1036 omnia
1059 981 1195 1036 dicit
1221 996 1332 1036 non
1366 997 1487 1036 esse
1509 981 1717 1036 bonum

126 1079 421 1131 hominem
440 1091 560 1129 esse
597 1075 771 1128 solum
801 1091 815 1127 :
850 1072 1127 1126 Faciamus
1164 1074 1211 1127 ei
1240 1073 1557 1143 adjutricem
1585 1073 1719 1126 sicut

123 1169 331 1235 ipsum.
374 1164 519 1219 Dicis
555 1163 687 1216 mihi
731 1161 914 1217 animo
945 1163 1049 1216 hoc
1074 1178 1197 1217 esse
1242 1162 1627 1232 repetitionem
1662 1168 1720 1217 et

126 1263 186 1314 in
239 1264 513 1325 summam
564 1256 943 1310 collectionem
991 1270 1182 1309 eorum
1218 1270 1340 1325 quae
1382 1255 1537 1323 prius
1570 1254 1717 1309 dicta

126 1359 304 1411 sunt;
349 1357 406 1403 et
439 1347 630 1402 Adami
663 1355 720 1401 et
747 1347 872 1402 Evai
895 1347 988 1416 qui
1020 1348 1131 1417 jam
1166 1346 1297 1401 facti
1328 1354 1487 1401 erant
1514 1346 1583 1400 ad
1617 1345 1716 1400 Dei

129 1443 469 1511 imaginem,
512 1441 768 1495 subtilior
816 1441 1080 1494 narratio.
1142 1440 1430 1497 Terribilis
1489 1439 1714 1509 quidem

129 1548 330 1585 sermo
365 1549 393 1584 :.
427 1530 528 1584 Pro
570 1529 773 1585 Christo
809 1529 957 1584 enim
983 1539 1038 1585 et
1064 1530 1307 1585 Ecclesia
1342 1530 1532 1600 fungar
1578 1529 1720 1600 lega-

130 1627 284 1678 tione
335 1623 385 1655 ³⁶
428 1625 484 1678 et
526 1623 696 1692 justo.
736 1620 1040 1691 Oportebat
1086 1622 1231 1676 enim
1284 1614 1547 1677 adnotare
1593 1634 1718 1676 cum

132 1729 342 1784 magna
382 1722 438 1767 et
477 1712 746 1782 profunda
798 1712 1129 1777 attentione,
1175 1712 1322 1782 quod
1372 1728 1482 1767 non
1514 1713 1581 1767 de
1613 1728 1720 1768 una

128 1806 327 1873 aliqua
371 1818 603 1873 persona
647 1802 780 1857 dicit
815 1802 959 1856 Deus
991 1818 1005 1853 :
1034 1800 1151 1855 Non
1181 1801 1372 1855 bonum
1407 1817 1516 1855 esse
1543 1802 1716 1855 homi-

131 1913 261 1950 nem
306 1911 416 1949 esse
462 1894 672 1959 solum;
716 1892 812 1948 sed
853 1892 1094 1949 uniendo
1122 1900 1179 1946 et
1203 1893 1720 1963 comprehendendo

129 1987 204 2041 dc
239 1971 501 2043 universa
550 1993 753 2038 natura
770 1984 1076 2038 hominum.
1113 1981 1233 2037 Non
1272 1982 1417 2039 enim
1449 1983 1587 2037 dixit
1615 1983 1718 2054 hy-

130 2076 477 2149 postaticum
532 2081 627 2128 aut
673 2074 962 2144 personale
1016 2072 1291 2145 singulare
1339 2091 1564 2139 nomen,
1618 2076 1713 2131 sed

130 2180 318 2225 totum
355 2182 526 2239 genus
564 2167 865 2221 humanum
898 2165 1188 2236 signiﬁcat,
1224 2167 1416 2222 dicens
1446 2184 1460 2221 :
1494 2166 1613 2220 Non
1641 2173 1717 2221 est

130 2260 335 2314 bonum
370 2256 653 2331 hominem,
679 2270 789 2309 esse
826 2254 1019 2319 solum,
1054 2257 1384 2325 faciamus‘ei
1418 2256 1718 2326 adjutorem

129 2355 274 2407 sicut
304 2350 479 2422 ipsum
501 2366 518 2403 :
542 2348 657 2403 hoc
674 2356 777 2413 est,
807 2356 981 2402 totum
1019 2346 1250 2411 homini,
1295 2356 1466 2401 totum
1500 2347 1712 2418 generi,

134 2455 325 2498 totum
354 2452 565 2496 natura:
590 2441 862 2495 humanae.
889 2438 1055 2508 quue
1078 2449 1163 2493 est
1178 2439 1316 2511 \hinc
1342 2439 1713 2508 perspicuum.

131 2534 375 2602 Quando
410 2534 556 2587 enim
592 2530 813 2585 volebat
851 2529 1033 2583 facere
1084 2528 1375 2593 diluvium,
1424 2529 1715 2584 audiamus

133 2625 486 2696 Scripturam
534 2623 808 2678 dicentem
855 2640 869 2676 :
920 2622 989 2676 Et
1040 2624 1278 2692 paenituit
1327 2621 1497 2677 Deum
1540 2607 1718 2691 fecisse

129 2718 447 2783 hominem,
493 2717 599 2771 hoc
636 2728 739 2780 est,
776 2722 949 2769 totum
998 2730 1189 2784 genus.
1234 2714 1302 2768 Et
1344 2729 1574 2767 rursus:
1613 2711 1715 2766 De-
1748 2716 1753 2721 ’

132 2806 254 2862 Iebo
297 2807 565 2860 hominem
593 2822 745 2874 quem
786 2805 903 2874 feci.
950 2804 1018 2858 Et
1059 2819 1292 2857 rursus:
1338 2801 1603 2857 Inclinata
1640 2812 1717 2857 est

133 2895 373 2950 hominis
413 2895 660 2964 cogitatio
707 2894 777 2946 ad
811 2891 977 2946 mala.
1009 2891 1295 2958 Quomodo
1337 2908 1470 2962 ergo
1512 2891 1717 2947 eaedem

130 3002 311 3045 voces
350 2995 485 3041 sunt
513 2974 581 3039 de
624 2993 736 3039 toto
769 3000 968 3055 genere
996 2984 1258 3047 humano,
1301 2984 1377 3037 ita
1425 2982 1593 3038 etiam
1625 2983 1718 3038 illa

132 3095 264 3150 quae
286 3077 421 3131 dicit
441 3096 452 3129 :
471 3076 588 3131 Non
614 3076 806 3133 bonum
836 3083 911 3129 est
940 3076 1200 3147 hominem
1223 3091 1330 3129 esse
1348 3075 1547 3141 solum,
1572 3074 1717 3133 dicta

131 3179 222 3226 est
258 3171 317 3224 in
340 3168 658 3224 universum
683 3168 961 3229 hominem
983 3166 1288 3221 :Faciamus
1326 3169 1373 3221 ei
1408 3169 1722 3238 adjutricem

132 3267 276 3319 sicut
307 3264 499 3332 ipsum.
539 3264 751 3315 Rursus
793 3260 1061 3314 adhortor
1106 3260 1359 3315 Judaeum
1388 3269 1445 3314 et
1471 3256 1733 3315 Graecum

136 3370 241 3409 seu
293 3340 553 3423 gentilem
597 3361 660 3406 ut
702 3362 913 3422 qumr'at
938 3359 1016 3419 et
1062 3352 1344 3422 possideat
1379 3353 1528 3407 illam
1560 3352 1721 3424 adju-

136 3448 342 3501 tricem
391 3461 556 3514 quam
603 3443 751 3499 Deus
798 3443 932 3500 fecit
970 3443 1039 3498 ad
1082 3443 1362 3498 ferendam
1415 3459 1575 3514 Opem
1620 3445 1720 3500 toti

136 3537 341 3609 generi
365 3537 651 3590 hominum
673 3553 685 3589 :
706 3536 1033 3606 adjutricem
1056 3551 1167 3589 non
1190 3535 1373 3592 carnis
1392 3544 1449 3591 et
1466 3537 1721 3606 volupta-

141 3630 236 3693 tis,
278 3643 391 3681 non
437 3627 664 3682 seminis
694 3635 750 3681 et
783 3627 1097 3697 sanguinis;
1136 3627 1460 3698 adjutricem
1500 3636 1557 3681 et
1584 3642 1759 3682 con—'

134 3722 354 3792 iugem,
398 3727 455 3773 et
513 3734 635 3787 quae
684 3734 1031 3788 nequaquam
1084 3717 1190 3774 fuit
1234 3719 1567 3786 insidiatrix,
1624 3719 1725 3775 sed

139 3809 429 3874 salutaris,
482 3809 1026 3874 sedconservatrix,
1089 3808 1186 3864 sed
1236 3808 1720 3876 illuminans,'sed

140 3901 436 3977 benevola,
462 3902 683 3970 peccata
712 3916 971 3971 purgans,
996 3916 1106 3955 non
1147 3900 1375 3967 faciens,
1404 3903 1458 3955 in
1494 3918 1723 3972 regnum

137 3992 241 4047 Dei
280 3990 659 4053 introdueens,
711 4006 818 4043 non
845 4006 911 4045 ex
955 4005 1022 4045 eo
1060 3991 1360 4059 expellens,
1397 3992 1723 4061 adjutricem

139 4096 275 4151 quin
319 4078 465 4149 parit
512 4074 655 4134 ﬁlios
694 4081 821 4135 vita:
872 4088 929 4134 et
988 4079 1238 4134 hteredes
1285 4080 1414 4136 vita:
1460 4064 1720 4150 aeterna};

138 4171 477 4242 adjutricem
508 4186 630 4240 qua:
662 4186 888 4240 magnos
926 4168 1092 4224 edicit
1140 4173 1439 4238 apostolos,
1485 4182 1543 4227 et
1587 4172 1722 4227 facit

139 4263 477 4334 publicanos
518 4262 880 4333 evangelistas
910 4262 1212 4332 theologos,
1263 4263 1555 4333 redditque
1606 4280 1723 4319 me-

142 4356 384 4410 retrices
423 4354 732 4424 virginibus
775 4354 1535 4425 honestiores;’adjntricem
1602 4372 1724 4426 qua:

1817 533 1968 586 enim
2010 533 2314 601 subiunxit,
2346 533 2535 588 dicens
2564 552 2576 587 :
2608 532 2680 587 Et
2739 533 2896 602 finxit
2930 537 3100 588 adhuc
3133 552 3197 589 ex
3247 548 3392 591 terra

1817 620 2073 693 Dominus
2104 624 2243 677 Deus
2276 641 2456 678 omnes
2489 623 2678 679 bestias
2706 627 2843 696 agri,
2874 633 2921 678 et
2948 643 3127 679 omnes
3158 628 3391 682 volucres

1818 712 1932 767 casti
1948 729 1968 779 ;
1990 723 2037 766 et
2072 732 2160 768 eas
2190 715 2409 769 adduxit
2435 717 2504 769 ad
2526 717 2809 777 Adamum,
2836 727 2892 769 ut
2922 719 3115 771 videret
3143 720 3390 786 quidnam

1816 813 2025 858 vocaret
2057 823 2140 860 ea.
2184 806 2252 861 Et
2302 823 2454 860 omne
2482 807 2619 877 quod
2665 810 2862 861 vocavit
2907 810 3017 878 ipse
3050 809 3219 862 Adam
3271 815 3389 864 ani-

1819 914 1963 951 mam
2015 898 2290 963 viventem,
2344 900 2437 952 hoc
2485 908 2559 952 est
2603 916 2791 953 nomen
2839 916 3043 963 earum,
3100 909 3151 952 et
3193 905 3392 959 vocavit

1818 987 1991 1043 Adam
2021 990 2236 1042 nomina
2264 991 2503 1042 omnibus
2513 990 2789 1058 jumentis,
2826 998 2876 1042 et
2904 992 3140 1044 omnibus
3166 992 3392 1045 volucri-

1820 1078 1912 1131 bus
1947 1079 2080 1143 caeli,
2105 1087 2153 1132 et
2181 1081 2418 1134 omnibus
2457 1080 2629 1135 bestiis
2664 1083 2800 1152 agri.
2828 1083 2945 1135 Non
2969 1085 3196 1154 exigua,
3217 1101 3393 1154 neque

1818 1168 1957 1222 levis
1997 1180 2082 1223 est
2125 1168 2179 1222 in
2232 1169 2309 1251 iis1
2346 1186 2467 1240 quae
2517 1180 2646 1225 sunt
2703 1173 2986 1241 proposita
3028 1152 3392 1230 contradictio

1820 1257 1965 1326 apud
2029 1258 2381 1328 interpretes.
2434 1260 2568 1314 Nam
2614 1261 2705 1313 alii
2762 1264 2984 1330 quidem
3033 1264 3223 1318 eadem
3276 1281 3394 1319 esse

1820 1346 2013 1403 dicunt
2058 1349 2175 1403 hare
2218 1359 2275 1405 et
2322 1350 2497 1420 prima
2543 1352 2862 1417 animantia,
2890 1363 2947 1407 et
2979 1355 3183 1408 bestias
3214 1364 3383 1409 et'vo

1819 1440 2021 1497 lucres.
2058 1441 2162 1497 Alii
2192 1453 2404 1508 autem,
2445 1445 2838 1500 convenienter
2886 1449 2937 1501 ei
2987 1449 3079 1518 qui
3122 1449 3257 1503 dicit
3289 1467 3303 1501 :
3341 1448 3394 1505 St

1821 1549 1926 1603 qua
1962 1535 2018 1587 in
2058 1533 2264 1589 Christo
2311 1552 2444 1590 nova
2484 1546 2731 1590 creatura
2773 1538 2840 1604 ⁸⁷,
2889 1538 3081 1592 dicunt
3129 1556 3227 1609 per
3278 1541 3395 1595 haec

1820 1625 2043 1695 prmdici
2071 1626 2311 1681 'secunda
2338 1637 2395 1680 et
2418 1627 2543 1689 alia,
2572 1642 2767 1696 nempe
2789 1627 3038 1683 diversas
3062 1639 3249 1698 gentes
3272 1645 3394 1698 quae

1822 1719 1879 1769 lu
1907 1714 2152 1769 Ecclesia
2195 1698 2534 1785 congregata:
2562 1723 2694 1769 sunt
2725 1715 2794 1769 ad
2834 1716 3027 1770 Deum.
3061 1716 3118 1770 In
3158 1717 3261 1771 hac
3294 1732 3394 1771 au-

1828 1816 1938 1861 tem
1971 1806 2244 1861 sententia
2273 1816 2357 1860 est
2393 1805 2561 1861 etiam
2595 1805 2687 1861 ille
2717 1807 2772 1859 in
2807 1806 3080 1877 theologia
3104 1806 3398 1863 celeberri-

1826 1912 1948 1951 mus
1975 1895 2304 1950 Eustachius
2329 1896 2685 1950 concionator
2714 1904 2771 1950 et
2798 1905 3027 1968 martyr,
3062 1907 3118 1951 et
3148 1913 3397 1954 summus

1825 1986 2015 2041 doctor
2046 1984 2238 2056 synodi
2265 1985 2516 2049 Niczenaa,
2552 1985 2641 2040 cui
2670 1988 2839 2056 pareo
2869 1995 2925 2040 et
2966 2002 3132 2061 quem
3164 2004 3398 2057 sequor,

1824 2086 1885 2132 ut
1915 2094 1945 2132 a
1978 2079 2091 2132 Deo
2122 2077 2358 2131 amatum
2393 2090 2720 2133 curatorem.
2769 2077 2954 2133 Multis
2981 2080 3129 2133 enim
3178 2081 3357 2136 modis
3379 2120 3397 2146 ,

1824 2171 1903 2225 ait
1937 2171 2030 2225 ille
2067 2171 2250 2235 Pater,
2289 2170 2531 2224 discerni
2579 2178 2759 2239 potest
2790 2170 2989 2224 horum
3034 2172 3397 2228 animantium

1822 2271 1881 2317 et
1914 2264 2199 2341 volucrum
2235 2261 2547 2317 dill'erentia
2584 2272 2640 2317 et
2687 2260 3100 2317 dissimilitudo.
3145 2264 3398 2318 Primum

1823 2369 1922 2424 per
1953 2355 2077 2419 hoc,
2106 2354 2251 2423 quod
2273 2353 2425 2435 “dixit
2461 2372 2473 2407 :
2506 2353 2575 2408 Et
2594 2354 2751 2421 ﬁnxit
2776 2354 3031 2408 Dominus
3058 2354 3195 2409 Deus
3226 2357 3398 2409 adnue

1823 2458 1887 2500 ea:
1910 2454 2073 2500 terra.
2098 2446 2216 2500 Non
2233 2434 2379 2501 enim
2405 2434 2828 2501 invenimusDei
2850 2448 3053 2515 plasma
3077 2447 3141 2501 ad
3168 2447 3425 2516 tigmcn-'
3515 2472 3524 2493 ι

1824 2544 1941 2589 tum
1974 2535 2080 2588 nisi
2112 2535 2411 2588 hominem.
2447 2533 2659 2588 Rursus
2680 2549 2779 2603 per
2810 2534 2916 2588 hoc
2945 2534 3092 2604 quod
3115 2534 3278 2606 905
3312 2535 3401 2590 di-

1822 2627 1939 2685 cit:
1967 2626 2167 2691 Adhuc,
2203 2625 2443 2681 ostendit
2479 2625 2786 2694 Scriptura,
2838 2627 3084 2696 quaedam
3140 2627 3230 2682 hic
3294 2629 3402 2686 alia

1822 2718 2041 2788 praedici
2091 2704 2387 2771 animantia
2427 2727 2482 2772 et
2506 2718 2759 2772 volucres
2805 2729 3004 2787 praeter
3034 2720 3239 2788 priora.
3281 2720 3403 2776 Non

1823 2810 1970 2865 enim
2015 2810 2278 2881 scriptum
2332 2819 2416 2863 est
2462 2808 2667 2878 primas
2706 2809 2961 2862 volucres
3010 2811 3221 2878 genitas
3274 2827 3399 2867 esse

1825 2918 1891 2956 ex
1940 2912 2106 2967 terra,
2160 2900 2256 2956 sed
2304 2917 2370 2956 ex
2422 2901 2599 2971 aquis.
2655 2899 2748 2954 liae
2778 2910 2961 2954 autem
3009 2901 3205 2971 genitae
3270 2913 3402 2959 sunt

1823 3008 1891 3047 ex
1939 2999 2104 3054 terra,
2131 2991 2241 3045 imo
2263 3005 2394 3045 vero
2418 3006 2581 3043 manu
2606 2990 2826 3059 prapria
2862 2988 2999 3044 ﬁcue
3024 2999 3153 3043 sunt
3187 3007 3217 3043 a
3252 2992 3400 3059 Deo,

1824 3091 1882 3137 et
1917 3096 2029 3136 non
2069 3081 2248 3152 jussu.
2285 3080 2549 3135 Similiter
2580 3087 2635 3133 et
2671 3095 2768 3149 per
2802 3080 2905 3134 hoc
2926 3081 3070 3150 quod
3106 3080 3244 3134 dicit
3286 3097 3404 3135 om-

1827 3188 1927 3227 nes
1950 3174 2226 3237 volucres,
2273 3180 2330 3227 et
2357 3187 2547 3226 omnes
2591 3170 2799 3225 bestias
2847 3187 2994 3228 nunc
3036 3187 3064 3226 a
3118 3173 3228 3225 Deo
3278 3188 3403 3229 esse

1828 3262 2004 3328 ﬁctas,
2050 3279 2160 3318 non
2217 3262 2310 3317 dat
2340 3263 2522 3317 locum
2552 3260 2769 3316 dicendi
2800 3262 2947 3331 quod
2992 3263 3147 3333 prius
3175 3263 3401 3332 quidem

1827 3354 1985 3408 factae
2010 3362 2158 3418 sunt,
2194 3369 2343 3408 nunc
2370 3364 2552 3407 autem
2592 3369 2737 3423 pars.
2766 3354 2922 3410 Unde
2956 3370 3056 3409 nec
3104 3356 3157 3409 in
3198 3355 3285 3409 his
3322 3355 3402 3411 eis

1828 3443 2128 3515 quidquam
2159 3444 2408 3514 praecipit
2426 3445 2569 3499 Deus
2590 3444 2658 3498 de
2683 3460 2781 3499 esu
2804 3446 3097 3500 seminum.
3120 3447 3253 3500 Nam
3280 3461 3403 3516 qua:

1829 3535 2219 3608 ingrediuntur
2279 3536 2591 3605 paradisum
2638 3536 2866 3590 herbam
2924 3554 3036 3591 non
3081 3538 3403 3601 comedunt.

1829 3625 1926 3681 sed
1968 3640 2131 3678 omne
2176 3624 2382 3694 lignum
2413 3624 2704 3693 pulchrum
2733 3625 2801 3678 ad
2848 3624 3168 3690 videndum,
3212 3634 3270 3680 et
3301 3625 3421 3682 bo-'

1830 3732 1960 3770 num
1999 3714 2069 3768 ad
2110 3714 2507 3769 comedendum
2543 3733 2555 3767 :
2599 3724 2657 3768 et
2693 3716 2927 3770 maxime
2956 3732 3024 3769 ex
3062 3717 3211 3786 ligno
3256 3719 3404 3783 vitae.

1828 3824 2028 3878 nempe
2050 3794 2288 3872 Christo,
2305 3806 2397 3876 qui
2428 3807 2543 3861 haec
2568 3822 2787 3875 quoque
2816 3805 3057 3861 vivificat
3080 3808 3403 3865 animantia.

1829 3901 2011 3967 Quare
2060 3898 2170 3953 dici
2238 3906 2419 3968 potest
2470 3897 2615 3967 quod
2665 3898 2749 3951 hae
2804 3897 2992 3951 bestia:
3033 3908 3162 3953 sunt
3213 3907 3404 3967 gentes

1829 3991 2239 4055 ecclesiasticae,
2297 4005 2418 4059 quae
2470 3989 2527 4043 in
2587 3988 2832 4043 Ecclesia
2884 4004 2913 4042 a
2954 3988 3066 4042 Deo
3113 3999 3242 4043 sunt
3275 4005 3407 4043 con-

1831 4091 2098 4152 gregatae;
2124 4082 2211 4135 vel
2240 4079 2384 4150 quod
2412 4095 2679 4149 equorum
2711 4087 2767 4133 et
2787 4093 2947 4133 suum
2981 4084 3037 4132 et
3069 4081 3403 4134 camelorum

1830 4183 1887 4228 et
1933 4174 2117 4226 ovium
2178 4172 2452 4226 stabulum
2508 4170 2673 4224 hodie
2723 4177 2807 4224 est
2858 4169 3165 4238 paradisus.
3215 4169 3403 4239 Neque

1830 4264 2183 4319 contenderis
2211 4282 2224 4315 :
2251 4278 2375 4317 nam
2401 4272 2461 4316 ut
2482 4261 2714 4314 maxime
2733 4258 3052 4322 contendas,
3082 4276 3190 4312 non
3215 4270 3404 4314 osten-

1832 4356 1979 4410 deris
2024 4354 2169 4424 quod
2216 4369 2279 4407 ea
2323 4353 2576 4413 animalia
2625 4364 2840 4421 egressa
2885 4358 3012 4403 sunt
3051 4364 3081 4403 e
3115 4350 3400 4418 paradiso,

140 4446 396 4501 viviﬁcat
441 4453 795 4509 mortuos,.et
837 4447 1028 4499 orbem
1058 4457 1219 4500 teme
1247 4447 1450 4501 excitat
1475 4463 1543 4501 ex
1578 4463 1724 4501 mor-
1755 4468 1798 4521 ι)
1831 4463 1898 4499 ex
1938 4461 2049 4548 quo
2091 4445 2181 4500 die
2207 4461 2279 4525 ea
2314 4434 2620 4497 introduxit
2645 4449 2699 4495 et
2722 4441 3072 4509 congregavit
3113 4440 3399 4493 Dominus.

143 4537 452 4605 tilicatione
487 4536 841 4603 idololatrias;
889 4536 1215 4607 adjutricem
1247 4536 1533 4602 invictam,
1563 4538 1723 4609 adju-

142 4628 351 4681 tricem
394 4626 900 4696 inexpugnabilem,
952 4626 1278 4697 adjntricem
1328 4629 1592 4684 certando
1635 4629 1721 4683 in-

144 4715 527 4787 superabilcm
568 4724 625 4770 et
679 4717 987 4770 infractam.
1039 4716 1235 4771 Omnia
1298 4732 1484 4789 regna,
1534 4734 1726 4773 omnes

149 4806 473 4879 progenies,
506 4821 698 4862 omnes
722 4807 920 4873 tribus,
949 4815 1006 4861 et
1034 4823 1225 4862 omnes
1252 4808 1452 4878 lingua:
1479 4808 1723 4878 gentium

145 4900 221 4954 ab
245 4912 311 4952 ea
343 4905 475 4952 sunt
498 4903 746 4951 servatae.
771 4889 893 4964 ipsa
917 4895 1164 4964 iacentes
1184 4897 1382 4959 erexit,
1417 4895 1533 4963 ipsa
1563 4906 1696 4948 cura

147 4994 233 5043 vit
267 4988 544 5051 inﬁrmos,
571 4988 685 5056 ipsa
714 4987 1365 5051 recreavitdcreaturam.
1399 4984 1468 5039 Et
1498 4984 1622 5039 ideo
1660 4982 1730 5039 de

150 5084 275 5147 ἂνω
300 5083 436 5143 dixit
463 5079 728 5135 Dominus
754 5079 919 5144 Deus,
944 5080 1011 5135 de
1028 5079 1308 5149 Ecclesia,
1328 5066 1548 5148 inquam
1574 5090 1590 5130 :
1611 5076 1732 5133 Non

150 5185 233 5232 est
258 5176 451 5230 bonum
482 5174 751 5229 hominem
774 5190 888 5229 esse
906 5172 1099 5230 solum.
1137 5175 1201 5227 Et
1224 5184 1513 5243 propterea
1532 5171 1580 5228 ei
1607 5174 1729 5227 uni-

154 5283 250 5325 tus
284 5277 374 5323 est
419 5266 561 5322 Deus
592 5266 857 5330 Verbum,
909 5276 1102 5321 utnon
1160 5269 1232 5320 sit
1279 5268 1513 5337 amplius
1562 5266 1731 5320 homo

154 5363 339 5427 solus,
368 5358 464 5414 sed
488 5376 610 5414 cum
630 5358 744 5413 Deo
766 5368 934 5417 totus.
960 5374 1068 5415 non
1092 5359 1269 5414 solum
1292 5359 1348 5413 in
1374 5374 1478 5412 una
1510 5356 1731 5424 quidem

156 5453 471 5525 hypostasi,
506 5452 602 5507 sed
632 5438 797 5505 etiam
833 5452 1051 5520 quando
1083 5451 1133 5505 ei
1172 5465 1269 5519 per
1300 5450 1562 5503 virtutem
1612 5449 1734 5503 uni-

156 5555 272 5601 tur.
300 5542 593 5599 Fo'ciantus
627 5542 674 5597 ei
711 5542 1034 5610 adjutricem
1064 5542 1203 5597 sicut
1236 5543 1435 5611 ipsum.

1826 4530 1894 4591 Et
1923 4520 1969 4593 si
1999 4536 2233 4589 haberes
2258 4520 2466 4598 oculos,
2498 4543 2684 4587 etnon
2710 4530 3025 4600 imposilum
3049 4539 3192 4583 esset
3222 4531 3402 4583 velum

1825 4627 2146 4697 ignorantia:
2187 4640 2353 4695 super
2401 4626 2617 4688 faciem,
2668 4623 2907 4685 videres,
2941 4621 2988 4675 si
3038 4622 3227 4682 velles,
3273 4614 3407 4674 eun-

1825 4729 2075 4797 gregatas
2103 4718 2201 4772 has
2229 4718 2432 4771 bestias
2459 4716 2570 4786 agri
2598 4700 2932 4768 unanimiter
2956 4713 3021 4767 ad
3061 4713 3403 4782 spiritualcm

1826 4809 2098 4864 Adamum
2155 4823 2184 4861 a
2213 4807 2325 4861 Deo
2380 4822 2499 4860 esse
2538 4806 2900 4869 introduCtas,
2932 4820 3053 4873 quae
3108 4803 3236 4857 olim
3282 4803 3406 4871 qui-

1826 4899 1950 4953 dem
1979 4900 2082 4953 l‘uit
2104 4899 2293 4962 leaena,
2327 4896 2656 4960 Chaldaeam,
2688 4913 2808 4966 quae
2836 4895 2965 4949 olim
3000 4908 3132 4949 vero
3160 4893 3361 4963 pardus
3384 4933 3400 4959 ,

1825 4989 2215 5047 Macedoniam.
2247 4989 2353 5042 Has
2381 4989 2527 5043 enim
2552 4988 2649 5042 tibi
2673 4987 2875 5042 bestias
2901 4987 3191 5055 appellavit
3236 4986 3401 5039 etiam

1825 5082 2021 5137 Daniel
2057 5080 2123 5134 ⁸⁸.
2176 5080 2291 5134 Nec
2325 5080 2425 5133 has
2450 5081 2652 5144 solum,
2705 5079 2800 5133 sed
2854 5080 3020 5133 etiam
3054 5078 3400 5143 elephantos

1827 5173 2135 5242 Ethiopes,
2168 5182 2224 5227 et
2258 5172 2525 5226 dracones
2555 5172 2874 5236 Thebaidis,
2901 5180 2956 5223 ct
2983 5169 3201 5239 aspides
3232 5168 3393 5240 Aigy~

1825 5266 1929 5335 pti,
1979 5274 2034 5319 et
2077 5266 2263 5318 leones
2292 5263 2604 5331 Babylonis,
2631 5272 2687 5316 et
2716 5263 2874 5330 lupos
2898 5250 3130 5325 Arabiae,
3170 5269 3226 5315 et
3254 5270 3402 5314 strn-

1828 5355 2184 5410 thiocamelos
2209 5364 2263 5409 et
2285 5369 2518 5423 onagros
2555 5354 2844 5425 Cyrenaeos
2877 5370 2891 5405 :
2929 5353 3010 5406 hac
3041 5366 3231 5405 omnes
3274 5358 3401 5406 sunt

1829 5461 1975 5500 unus
1997 5458 2126 5513 grex
2158 5445 2454 5499 bestiarum
2477 5458 2598 5512 quae
2629 5441 2854 5495 aluntur
2900 5441 2955 5493 in
3005 5440 3119 5508 ipsa
3156 5436 3399 5494 Ecclesia

1828 5537 2117 5610 adiutrice.
2141 5537 2216 5589 De
2247 5545 2447 5589 cancro
2479 5535 2684 5605 aspice,
2718 5533 2924 5599 Iudaee,
2958 5540 3014 5587 et
3033 5531 3254 5598 vide,ct
3282 5529 3399 5585 noli

219 5687 271 5723 "
287 5688 334 5747 ll
361 5684 487 5746 Cor.
521 5704 577 5757 v,
600 5686 706 5756 ‘20;
738 5687 938 5759 Ephes.
981 5705 1052 5758 vr,
1083 5690 1174 5745 20.
1251 5690 1290 5722 ³⁷
1330 5689 1375 5744 ll
1416 5689 1544 5745 Cor.
1570 5706 1626 5758 v,
1676 5691 1721 5744 li

1838 5691 1882 5724 ³⁸
1922 5692 2056 5746 Dan.
2099 5706 2192 5756 vn,
2227 5691 2452 5760 passim.
