3942 6298
625 291 741 358 995

1826 291 1890 352 S.
1930 283 2326 350 ANASTASII
2367 283 2688 344 SINAITIE

3807 291 3898 355 9st

622 408 896 474 perpetuo
939 403 1218 458 cmentire.
1267 401 1528 473 Ingresso!
1549 398 1727 453 bestia:
1756 397 1851 451 sub
1887 404 2083 450 tectum
2125 393 2193 458 ³⁸,
2226 403 2269 454 Α
2296 389 2424 446 dem
2446 389 2712 460 εοτίριιιω
2732 394 2828 443 εει
2853 405 2866 441 ε
2899 386 3181 446 Fadum“
3206 392 3470 447 hominem
3493 395 3573 448 ad
3601 397 3895 471 imaginem

625 503 688 548 ut
715 493 851 549 dicit
884 493 989 549 Job
1025 511 1037 546 :
1083 493 1338 564 Ingressre
1371 499 1516 557 sunt,
1561 501 1609 546 et
1645 482 1747 544 non
1795 497 1918 544 sunt
1953 501 2192 558 egressa.

622 585 882 654 Agrestes
927 582 1076 637 enim
1106 582 1234 636 fera:
1268 596 1458 652 pacem
1500 587 1758 650 egerunt,
1789 579 1902 633 Deo
1933 578 2190 632 dicente:

625 673 939 728 Benedicent
991 689 1073 726 me
1105 688 1282 726 omnes
1321 671 1498 725 bestia:
1541 671 1678 742 agri,
1725 671 1922 724 sirenes
1973 677 2020 722 et
2065 667 2194 736 ﬁlia:

619 763 1172 819 struthiboamelorum
1231 763 1310 816 ⁸ος
1361 762 1621 832 quoniam
1667 777 1802 816 meae
1851 769 1979 816 sunt
2001 775 2193 814 omnes

620 857 809 910 bestia:
839 862 974 926 agrt,
1003 865 1058 910 et
1083 870 1274 910 omnes
1305 855 1558 910 volucres
1586 852 1982 922 οω1ἰ”¹.Αροι·ἰ
2027 867 2192 906 aures

623 957 761 1010 tuas,
803 955 862 1002 et
910 963 980 1002 ne
1010 947 1086 1001 sis
1121 947 1322 1002 surdus
1365 945 1508 1001 sicut
1538 945 1704 1016 aspis,
1730 962 1849 1015 quae
1881 961 1992 1000 non
2021 960 2190 1000 exau-

616 1037 735 1091 diet
761 1051 952 1092 vocem
997 1037 1328 1092 incantantis
1356 1037 1424 1090 δ’.
1455 1037 1662 1102 Bestia,
1694 1037 1801 1092 hoc
1833 1037 1932 1096 tibi
1972 1037 2188 1107 loquor.

615 1127 819 1191 Bestia,
853 1128 952 1182 tibi
983 1143 1140 1182 cano.
1169 1127 1372 1192 Bestia,
1403 1127 1528 1182 volo
1560 1136 1610 1182 te
1644 1126 1727 1200 (ut
1757 1126 1832 1182 sis
1864 1129 2004 1197 ovis)
2034 1142 2191 1180 man-

617 1221 918 1286 suefacere,
955 1230 1012 1275 et
1039 1221 1150 1274 Deo
1189 1235 1532 1274 consecrare.
1567 1221 1765 1274 Annon
1798 1229 1849 1274 te
1875 1219 2065 1289 pudet,
2103 1218 2192 1275 dic

616 1327 771 1383 rogo,
812 1312 958 1382 quod
1002 1313 1238 1378 leonem,
1274 1322 1330 1366 et
1351 1313 1601 1378 leaznam,
1636 1320 1692 1368 et
1724 1328 1936 1376 ursum,
1981 1321 2037 1367 et
2062 1327 2190 1382 par-
2229 1331 2242 1350 =-

614 1402 770 1468 dum,
820 1413 880 1458 et
906 1403 1222 1467 draconem,
1255 1411 1312 1458 et
1353 1402 1621 1472 aspidem,
1653 1410 1710 1456 et
1758 1403 1949 1472 lupum
1974 1410 2030 1457 et
2061 1417 2194 1456 ona-

613 1507 772 1561 grum
808 1493 1114 1547 introduxit
1143 1493 1197 1548 in
1235 1494 1551 1563 paradisum
1581 1495 1862 1558 Ecclesiae,
1891 1503 1951 1549 ut
1977 1493 2226 1593 aleren-j

616 1589 723 1640 tur.
747 1591 804 1636 et
827 1581 1164 1645 fruerentur,
1195 1591 1252 1637 et
1297 1597 1356 1636 se
1393 1583 1680 1651 explerent
1704 1582 1920 1637 deliciis
1945 1598 2012 1636 ex
2039 1581 2190 1636 omni

611 1669 762 1740 ligno
783 1670 1035 1739 pulchro,
1061 1679 1117 1724 et
1141 1671 1482 1732 laetarentur,
1507 1680 1564 1726 et
1592 1671 1926 1727 satiarentur
1948 1689 2015 1728 ex
2040 1673 2190 1744 ligno
2223 1700 2240 1744 ς

2297 489 2569 546 nostram;
2611 479 2718 534 hoc
2747 487 2855 545 est,
2884 495 2953 548 ex
2980 482 3262 536 communi
3293 499 3575 542 consensu
3599 489 3893 558 plenitudc

2297 570 2588 626 Trinitatis
2607 571 2746 626 dicit
2769 571 2905 626 illud
2929 571 3264 628 :Faciainus.
3297 574 3575 632 Similiter
3607 580 3714 636 hic
3735 583 3888 640 dicit:

2293 663 2416 719 Non
2449 664 2644 717 bonum
2685 673 2762 718 est
2833 666 3097 719 hominem
3134 683 3242 721 esse
3283 667 3483 735 solum,
3531 672 3813 741 faciamus
3848 687 3888 732 ei

2297 756 2617 824 adjutricem
2644 756 2779 809 sicut
2800 757 2973 827 ipsum
2993 773 3010 810 :
3027 757 3135 813 hoc
3153 768 3257 823 est,
3286 775 3318 814 a
3344 761 3453 816 Deo
3479 763 3730 820 facttim.
3755 769 3886 834 Quo.

2295 849 2442 902 niam
2477 843 2662 924 autem
2693 847 2767 902 sit
2789 848 2905 902 inec
2933 864 2965 904 a
2999 849 3112 904 Deo
3138 849 3265 905 ﬁcta
3296 852 3568 922 adjutrix,
3595 857 3740 911 audi
3773 873 3791 912 :
3823 861 3881 914 Et

2291 933 2451 1001 ﬁnxit
2503 933 2760 989 Dominus
2800 932 2940 990 Deus
2984 937 3154 990 adhuc
3185 955 3250 994 ea:
3287 948 3432 1006 terra
3474 959 3676 1000 omnes
3704 949 3881 1003 bestias

2293 1028 2433 1095 agri,
2473 1033 2522 1078 et
2547 1039 2727 1080 omnes
2755 1025 2990 1081 volucres
3021 1027 3156 1083 mli.
3193 1028 3318 1085 Haec
3345 1039 3432 1087 est
3463 1035 3751 1105 adjutrix,
3781 1041 3880 1094 hac

2291 1123 2376 1170 est
2412 1131 2561 1187 grex,
2596 1117 2715 1172 haec
2747 1126 2844 1174 est.
2869 1128 3058 1174 nostra
3095 1121 3336 1178 ferarum
3375 1127 3696 1184 animantia
3741 1132 3880 1202 adja-

2295 1207 2401 1260 trix
2430 1207 2702 1262 Ecclesia.
2720 1208 2879 1276 Nam,
2915 1210 3060 1266 sicut
3086 1212 3227 1268 dixit
3255 1215 3402 1269 Deus
3427 1233 3444 1268 :
3463 1216 3766 1274 Faciamus
3791 1225 3874 1276 lio-

2292 1297 2450 1350 minis
2477 1297 2810 1366 adjutricem,
2834 1301 3020 1376 statim
3044 1301 3212 1357 etiam
3240 1304 3518 1372 ejusmodi
3548 1309 3875 1378 adjutriceu

2291 1402 2322 1442 a
2351 1388 2470 1467 ‘Deo
2507 1388 2688 1444 ﬁctam
2709 1391 3022 1446 constituit.
3049 1393 3118 1448 Et
3138 1397 3358 1464 quando
3379 1413 3412 1450 e
3450 1406 3610 1454 terra
3636 1403 3875 1471 genitum

2291 1478 2526 1546 quidem'
2539 1479 2672 1534 facit
2703 1481 3007 1548 hominem,
3043 1498 3074 1539 e
3099 1493 3245 1539 terra
3266 1485 3510 1555 genitus,
3538 1497 3604 1544 et
3634 1491 3875 1561 ejusdem

2293 1569 2454 1624 simul
2501 1573 2658 1642 cujus
2702 1573 2824 1642 ipse
2863 1581 2950 1628 est
2979 1575 3586 1635 essentiaa‘Ecclesiam
3617 1580 3760 1635 dicit
3788 1598 3874 1651 pa-

2266 1659 2560 1726 ‘radisum,
2587 1670 2644 1716 et
2666 1663 2939 1734 lignorum
2963 1665 3379 1734 plantatiouem.
3420 1667 3668 1735 Quando
3700 1681 3874 1726 autem

611 1761 741 1814 vitae
771 1779 785 1814 :
833 1771 890 1815 et
925 1762 1126 1816 stetisti
1175 1777 1300 1818 cum
1336 1762 1490 1830 feris,
1515 1779 1639 1818 cum
1686 1765 1762 1819 sis
1790 1764 1885 1819 Dei
1916 1765 2056 1827 ovis,
2090 1741 2186 1834 qui
2223 1741 2260 1796 Β
2289 1759 2442 1804 om“
2463 1766 2528 1806 ac
2543 1751 2846 1808 fabricam"
2867 1769 2988 1809 eam
3011 1771 3134 1824 (ιυω
3156 1755 3363 1811 (Ποίων
3377 1757 3513 1821 Viuo
3535 1759 3705 1830 ῧηϐίι
3722 1763 3873 1816 εὕδω

611 1850 766 1907 fuisti
811 1854 1110 1923 aliquando
1152 1871 1448 1925 germanus
1487 1857 1936 1928 primogenitus?
1989 1855 2187 1912 Bestia:
2223 1924 2226 1927 Ι

611 1951 744 1997 sunt
777 1943 1058 2014 subjectus,
1095 1953 1150 2000 et
1175 1945 1435 2016 ingressa:
1457 1955 1588 2002 sunt
1611 1947 1667 2000 in
1693 1946 1996 2012 stabulum,
2028 1958 2084 2001 et
2105 1957 2183 2014 tu,

610 2030 707 2099 qui
747 2031 988 2087 debebas
1030 2047 1159 2089 esse
1202 2043 1392 2104 pastor
1428 2035 1754 2103 bestiarum,
1797 2036 2020 2092 evasisti
2071 2036 2188 2092 fera

609 2111 898 2192 agrestior.
942 2125 1074 2180 Vide
1121 2125 1272 2180 enim
1327 2127 1473 2196 quod
1517 2127 1833 2198 signiﬁcans
1874 2128 2020 2184 Deus
2064 2145 2186 2184 esse

607 2200 802 2282 gentes
847 2230 970 2284 qua:
1009 2216 1256 2271 secundo
1291 2216 1416 2271 loco
1459 2217 1528 2272 ab
1559 2233 1628 2274 eo
1661 2217 1820 2274 factm
1843 2227 1974 2274 sunt
2003 2228 2059 2275 et
2086 2219 2184 2275 ad-

611 2299 790 2359 ducta:
831 2311 961 2358 sunt
987 2305 1057 2359 ab
1091 2305 1302 2360 Adamo
1347 2307 1403 2361 in
1445 2303 1780 2378 paradisum,
1817 2325 1912 2364 eas
1939 2309 2187 2367 nomina-

607 2394 689 2449 vit
738 2393 964 2460 bestias,
1001 2395 1193 2449 dicens
1224 2411 1324 2465 per
1367 2397 1739 2467 scriptorem:
1778 2398 1849 2454 Et
1893 2399 2048 2468 ﬁnxit
2079 2399 2187 2454 Do-

611 2487 785 2540 minus
821 2485 961 2540 Deus
997 2487 1167 2540 adhuc
1209 2503 1272 2541 ea:
1313 2497 1456 2542 terra
1493 2506 1672 2544 omnes
1714 2489 1907 2546 bestias
1960 2494 2098 2564 agri,
2135 2500 2186 2546 et

605 2592 784 2630 omnes
811 2575 1047 2630 volucres
1069 2576 1204 2630 caeli.
1241 2577 1462 2634 Fierine
1489 2587 1674 2648 potest
1739 2589 1800 2636 ut
1837 2577 2064 2636 omnino
2091 2597 2186 2636 ve-

609 2667 723 2720 niat
754 2667 808 2720 in
849 2677 1090 2722 mentem
1122 2677 1184 2722 ut
1212 2669 1382 2735 Deus,
1419 2670 1516 2740 qui
1553 2669 1907 2728 Cherubinis.
1935 2673 2183 2741 etSera’

609 2756 796 2826 phinis
836 2765 921 2810 est
947 2757 1468 2828 incontemplabilis,
1497 2772 1554 2815 et
1580 2760 2180 2834 incomprehensibilis,

607 2855 662 2902 et
691 2847 1294 2922 inappropinquabilis,
1347 2851 1436 2906 cui
1464 2866 1590 2906 cum
1616 2860 1790 2907 ‘metu
1837 2863 1894 2908 et
1945 2863 2182 2910 tremore

606 2957 804 2996 omnes
835 2941 1206 3012 intelligentes
1223 2943 1458 2999 virtutes
1475 2944 1684 2999 cultum
1706 2945 1991 3011 exhibent,
2015 2962 2180 3018 quem

607 3046 768 3085 nemo
797 3031 1084 3086 hominum
1120 3033 1260 3087 vidit
1297 3033 1365 3099 ",
1400 3047 1584 3102 neque
1632 3041 1817 3104 potest
1841 3034 2029 3090 videre
2062 3037 2182 3108 ejus
2207 3074 2252 3134 α

605 3124 802 3179 facient
856 3133 913 3179 et
947 3123 1156 3191 vivere,
1203 3125 1249 3180 is
1293 3124 1390 3194 qui
1437 3140 1606 3194 supra
1647 3126 1819 3181 ccelos
1851 3135 1918 3182 et
1961 3141 2181 3184 omnem

607 3216 976 3286 principatum
1003 3223 1059 3270 et
1089 3224 1438 3286 potestatem,
1476 3225 1561 3271 est
1591 3215 1734 3287 ignis
1761 3231 2092 3272 consumens
2111 3219 2177 3284 “,

601 3316 830 3377 accepta
870 3307 1046 3362 forma
1091 3309 1396 3378 equisonis,
1429 3323 1626 3380 equos,
1675 3309 1770 3363 sed
1811 3319 1867 3365 et
1918 3311 2080 3380 lupos
2122 3319 2181 3366 et

605 3397 842 3452 camelos
883 3399 1142 3452 manibus
1177 3399 1402 3453 trahens
1431 3399 1607 3452 instar
1646 3398 1880 3452 ministri
1910 3397 1979 3452 ad
2008 3398 2180 3454 Adam

605 3492 866 3554 attrahat,
893 3500 955 3546 ut
981 3491 1165 3546 videat
1191 3491 1326 3560 quid
1355 3491 1428 3546 sit
1460 3506 1526 3546 ea
1555 3499 1856 3546 vocaturus
1895 3508 1908 3545 :
1934 3491 2030 3561 qui
2057 3507 2180 3545 om-

605 3583 692 3636 nia
731 3583 854 3648 scit,
887 3591 949 3636 ut
976 3584 1140 3646 Deus,
1185 3592 1313 3637 ante
1350 3597 1546 3636 eorum
1585 3590 1790 3646 ortum,
1833 3590 1889 3636 et
1925 3591 2180 3638 numerat

605 3675 1014 3730 multitudinem
1059 3676 1342 3730 stellarum
1394 3674 1652 3728 omnibus
1697 3675 1780 3729 eis
1821 3669 2046 3728 nomina
2077 3689 2177 3729 vo-

603 3781 736 3821 cans
771 3768 836 3831 ",
883 3777 939 3822 ct
970 3767 1230 3822 omnibus
1271 3767 1548 3820 creaturis
1573 3766 1793 3835 propria
1827 3766 1922 3820 dat
1950 3767 2176 3822 nomina

512 3879 518 3884 ·
603 3860 997 3914 convenienter
1026 3875 1138 3914 suae
1183 3858 1494 3912 voluntati?
1529 3857 1637 3912 Sed
1678 3859 1797 3912 haec
1844 3857 2017 3913 Judaei
2066 3875 2178 3914 non

602 3949 932 4021 intelligunt,
965 3951 1060 4020 qui
1088 3959 1144 4004 et
1173 3949 1473 4019 Scriptura
1506 3949 1678 4002 solam
1703 3949 2004 4028 attendunt
2029 3950 2178 4004 litte-

602 4057 738 4104 ram,
767 4052 824 4098 et
851 4042 920 4095 ab
950 4043 1063 4110 ipsa
1100 4041 1433 4095 occiduntur
1479 4042 1548 4094 “.
1582 4040 1661 4094 Tu
1694 4049 1900 4105 autem,
1953 4057 1986 4096 ο
2031 4043 2175 4096 divi-

600 4133 826 4187 nissime
866 4143 922 4188 et
953 4148 980 4187 a
1011 4133 1123 4187 Deo
1162 4134 1419 4202 plantataa
1461 4131 1722 4186 Ecclesiae
1761 4133 2038 4202 paradise,
2093 4135 2176 4188 in-

600 4225 827 4294 gredere
867 4235 1073 4279 certam
1113 4231 1171 4278 ct
1210 4240 1320 4278 non
1349 4233 1628 4278 errantem
1659 4223 1801 4278 viam
1843 4241 1968 4280 cum
2002 4225 2173 4280 Paulo

601 4314 838 4384 paradisi
872 4323 1202 4384 spectatore,
1235 4316 1473 4385 paradisi
1502 4316 1642 4379 cive,
1673 4316 1904 4372 audiens
1929 4333 2054 4372 eum
2089 4318 2174 4371 di-

2289 1854 2591 1911 synonyma
2635 1849 2694 1896 et
2726 1843 2889 1897 simul
2923 1843 3231 1900 animantia
3283 1846 3570 1904 animalia.
3603 1851 3748 1906 Nam
3788 1853 3872 1922 qui

2287 1940 2372 1986 est
2405 1947 2436 1987 e
2464 1942 2610 1988 terra
2631 1935 2855 2011 genitus
2881 1943 2965 1990 est
2995 1936 3243 2006 ejusdem
3281 1939 3508 2008 generis
3553 1942 3726 2013 cujus
3763 1959 3876 2014 qua

2287 2032 2418 2078 sunt
2448 2025 2504 2079 in
2529 2032 2696 2092 terra,
2730 2035 2788 2082 et
2820 2027 2933 2094 vita
2957 2037 3040 2083 est
3077 2029 3299 2100 propria
3327 2031 3733 2090 animantium.
3776 2033 3874 2090 Sed

2287 2117 2454 2180 homo
2481 2119 2706 2188 quidem
2734 2119 2906 2174 Adam
2942 2119 3124 2176 factus
3147 2133 3232 2180 est
3263 2130 3390 2178 ante
3425 2126 3738 2184 mulierem
3761 2147 3776 2181 :
3797 2135 3875 2186 est

2288 2207 2440 2261 enim
2482 2215 2610 2261 ante
2647 2208 2866 2272 saecula,
2906 2222 2963 2264 et
3001 2211 3120 2265 sine
3151 2211 3450 2282 principio,
3483 2223 3546 2269 et
3576 2215 3868 2282 increauts,

2285 2307 2342 2354 et
2373 2297 2493 2352 sine
2519 2309 2766 2368 tempore
2795 2309 2922 2354 ante
2948 2301 3274 2368 Ecclesiam,
3309 2303 3458 2358 Deus
3480 2305 3762 2363 Verbum.
3784 2309 3874 2366 llic

2290 2395 2481 2442 autem
2515 2387 2672 2458 ﬁngit
2692 2389 2990 2444 animantia
3013 2401 3142 2447 ante
3159 2392 3327 2448 Evam
3351 2410 3477 2464 quae
3495 2395 3720 2462 dicitur
3740 2401 3870 2456 vita:

2290 2479 2446 2550 prius
2471 2481 2620 2535 enim
2661 2481 2888 2562 fuerunt
2914 2489 3106 2554 gentes
3144 2485 3421 2554 belluinm,
3455 2494 3512 2542 et
3544 2475 3634 2544 sic
3667 2491 3726 2545 in
3757 2491 3866 2544 ulti-

2289 2571 2395 2626 mis
2423 2572 2769 2642 temporibus
2812 2575 3116 2630 constituta
3160 2585 3244 2632 est
3279 2593 3473 2632 earum
3514 2580 3792 2646 Ecclesia,
3819 2583 3870 2636 in

2289 2678 2455 2732 quam
2508 2664 2743 2720 adduxit
2807 2681 2904 2720 eas
2945 2666 3092 2737 Deus
3140 2675 3196 2722 et
3233 2666 3400 2724 Pater
3439 2668 3510 2723 ad
3567 2672 3868 2726 secundum

2285 2755 2458 2810 Adam
2507 2753 2814 2821 Christum,
2864 2765 2927 2812 ut
2962 2757 3176 2812 videret
3225 2759 3361 2828 quid
3402 2775 3470 2814 ea
3510 2773 3770 2818 vocaret.
3809 2764 3870 2818 Et

2287 2847 2420 2903 audi
2459 2849 2580 2919 ejus
2609 2848 2808 2903 Filium
2850 2849 2957 2904 hoc
3002 2859 3192 2919 aperte
3219 2850 3499 2906 dicentem
3531 2871 3548 2906 :
3584 2854 3758 2909 Nemo
3783 2874 3872 2925 po-

2285 2947 2385 2994 test
2441 2941 2620 2994 venire
2655 2942 2724 2995 ad
2759 2956 2865 3006 me,
2909 2940 3222 2996 nisiPater
3259 2957 3402 2997 meus
3425 2943 3665 3000 cmlestis
3697 2956 3867 3000 traxe—

2285 3033 2356 3086 rit
2395 3048 2516 3086 eum
2566 3031 2635 3083 ‘3.
2688 3033 2830 3088 Ecce
2874 3032 3134 3088 audivisti
3177 3048 3368 3089 vocem
3427 3036 3784 3094 Dominicam
3818 3049 3865 3093 te

2283 3122 2574 3178 docentem
2603 3123 2884 3194 quomodo
2929 3123 3223 3179 adduxerit
3269 3125 3479 3182 bestias
3506 3130 3766 3198 gentium
3804 3130 3866 3184 ad

2283 3212 2485 3268 Filium
2513 3213 2608 3282 qui
2649 3221 2733 3268 est
2765 3213 3032 3285 ejusdem_
3049 3215 3215 3269 simul
3244 3231 3372 3270 cum
3405 3233 3476 3272 eo
3501 3221 3788 3286 essentia,
3815 3221 3866 3274 in

2281 3305 2600 3376 paradisum
2660 3305 2940 3360 Ecclesiae.
2993 3305 3365 3373 Quamobrem
3427 3326 3636 3367 rursus
3691 3314 3862 3368 dicit:

2283 3397 2423 3465 Quos
2455 3400 2646 3453 dedisti
2678 3400 2826 3465 mihi,
2859 3399 3044 3464 Pater,
3080 3402 3160 3454 tui
3203 3413 3378 3466 erant,
3411 3414 3462 3458 et
3497 3408 3636 3462 mihi
3669 3425 3756 3462 eos
3781 3409 3863 3460 dc-

2280 3491 2406 3546 disti
2448 3491 2515 3544 “.
2569 3491 2752 3546 Omnis
2796 3495 2937 3546 enim
2999 3495 3088 3563 qui
3155 3495 3357 3548 audivit
3386 3515 3416 3548 a
3455 3497 3634 3552 Patre
3681 3500 3752 3553 ad
3791 3514 3862 3552 me

2266 3583 2441 3659 .uenit,
2489 3590 2539 3659 et
2579 3599 2732 3636 omne
2769 3583 2909 3654 quod
2953 3585 3096 3638 dedit
3146 3587 3272 3639 mihi
3311 3587 3500 3652 Pater,
3549 3592 3628 3643 ad
3667 3609 3749 3646 me
3782 3609 3862 3646 τε·

2280 3675 2411 3738 niet,
2452 3657 2654 3728 et‘cum
2683 3677 2774 3746 qui
2821 3676 2961 3728 venit
3011 3677 3082 3728 ad
3141 3693 3220 3729 me
3263 3695 3367 3730 non
3405 3680 3562 3748 rjirio
3613 3683 3760 3751 fores
3797 3685 3860 3739 ⁵⁸.

2279 3765 2577 3821 Conﬁdam
2629 3760 2997 3837 ergo'bestiaa
3063 3769 3312 3840 gentium
3359 3786 3461 3840 per
3506 3773 3734 3828 Patrem
3787 3777 3862 3829 in-

2278 3873 2480 3926 gressa:
2531 3858 2596 3912 ad
2628 3858 2851 3922 Filium,
2879 3858 3170 3914 audientes
3199 3877 3326 3914 eum
3353 3863 3642 3918 dicentem
3677 3885 3692 3920 :
3729 3867 3856 3920 Esi-

2279 3949 2370 4016 qui
2407 3949 2544 4002 venit
2597 3951 2666 4002 ad
2719 3965 2802 4002 me
2838 3966 2942 4002 non
2984 3951 3135 4019 ejicio
3181 3951 3346 4020 foras.
3381 3953 3450 4007 Et
3501 3959 3697 4012 omnia
3725 3969 3861 4016 .sunt

2279 4038 2424 4094 mihi
2445 4039 2644 4093 tradita
2669 4056 2698 4093 a
2721 4040 2882 4096 Patre
2905 4057 3046 4095 meo.
3076 4043 3238 4096 Pater
3261 4044 3408 4097 enim
3435 4031 3623 4116 diligit
3649 4049 3856 4108 Filium.

2277 4138 2334 4186 et
2355 4129 2511 4184 dedit
2535 4131 2584 4184 ei
2618 4140 2943 4200 potestatem
2969 4132 3149 4186 omnis
3169 4145 3460 4198 creaturas,
3482 4136 3686 4192 dicens
3709 4159 3720 4191 :
3745 4140 3860 4194 Pete

2277 4239 2309 4276 a
2335 4237 2416 4274 me
2441 4229 2696 4291 tanquam
2733 4222 2980 4288 Filius,et
3000 4224 3133 4278 dabo
3160 4225 3252 4278 tibi
3283 4227 3654 4282 hwrcditatcm
3682 4241 3856 4299 pater—

2276 4327 2404 4366 nam
2450 4321 2648 4383 gentes,
2699 4328 2896 4383 nempe
2938 4317 3164 4378 bestias,
3202 4316 3565 4370 Iia’reditatem
3615 4329 3853 4382 tuam.d

599 4413 813 4459 cantem
858 4403 1004 4474 quod
1067 4419 1260 4460 omnes
1307 4413 1575 4468 creatura:
1619 4421 1740 4474 qua:
1777 4415 1905 4460 sunt
1945 4406 2000 4460 in
2035 4408 2175 4463 caelo
2206 4403 2250 4458 D
2280 4404 2654 4470 possessionem
2673 4412 2818 4458 tuam
2849 4406 3098 4459 terminos
3119 4408 3352 4460 terra“.
3373 4407 3648 4474 Audiam,
3679 4427 3856 4464 rursus

598 4504 654 4550 ct
687 4496 741 4549 in
789 4503 936 4550 terra
965 4495 1286 4552 describunt
1316 4513 1382 4551 ac
1411 4497 1650 4566 ﬁgurant
1673 4496 1954 4552 Christum
1982 4505 2036 4551 et
2070 4499 2175 4554 Ec-

597 4589 820 4644 clesnam
868 4589 936 4642 ⁸⁷.
973 4591 1268 4659 Propterea
1297 4605 1429 4660 ergo
1458 4605 1569 4644 non
1607 4589 1840 4670 adduxit
1879 4591 2056 4660 prima
2085 4593 2173 4663 ju-

595 4667 782 4754 ngenta
823 4679 1084 4734 animalia
1113 4695 1234 4748 quae
1267 4681 1424 4750 jussu
1457 4681 1599 4738 facta
1626 4667 1775 4746 sunt,
1805 4682 1874 4735 ad
1900 4683 2169 4740 Adamum

595 4769 938 4840 spiritualem
991 4769 1318 4840 Christum,_
1343 4771 1503 4826 Deus
1535 4771 1590 4826 in
1617 4772 1932 4841 paradisum
1964 4791 1977 4828 :
2014 4784 2174 4832 erant

594 4862 740 4916 enim
789 4871 952 4933 typus
985 4877 1050 4915 ac
1096 4860 1268 4932 ﬁgura
1310 4863 1496 4932 populi
1539 4864 1874 4930 Judieorum,
1925 4865 2020 4921 sed
2065 4883 2168 4930 nos

595 4953 899 5008 secundum
947 4952 1245 5023 populum,
1293 4968 1405 5008 non
1449 4953 1761 5020 desertum,
1809 4955 1906 5010 sed
1949 4956 2166 5013 unitum

595 5043 914 5098 volucribus
951 5042 1100 5108 caeli,
1135 5042 1241 5096 hoc
1275 5055 1382 5106 est,
1425 5042 1680 5099 ﬁdelibus
1702 5045 1797 5114 qui
1843 5054 1972 5102 sunt
1995 5061 2165 5118 gene-

593 5136 697 5190 rati
738 5153 806 5190 (ιι
843 5151 983 5207 aqua
1013 5145 1070 5191 et
1099 5135 1332 5206 Spiritu.
1742 5200 1748 5204 _

663 5225 756 5278 Est
792 5233 977 5280 autem
1015 5239 1211 5280 revera
1241 5223 1514 5286 audienda
1537 5231 1596 5278 et
1639 5223 1964 5280 admiranda
1993 5227 2169 5280 sancti

593 5316 834 5388 Spiritus
878 5303 1168 5386 sapientia.
1215 5315 1504 5383 Quomodo
1537 5316 1686 5370 enim
1729 5316 1788 5370 in
1825 5317 2058 5381 Adamn,
2093 5319 2170 5374 ita

589 5411 756 5466 etiam
791 5409 846 5464 in
873 5410 960 5464 his
984 5408 1178 5464 bestiis
1204 5408 1340 5462 dicit
1363 5407 1721 5463 creationem.
1739 5408 1874 5464 Nam
1899 5409 2012 5464 illic
2039 5412 2167 5481 qni-

1325 5518 1370 5549 “
1408 5519 1515 5574 lsa.
1549 5535 1698 5584 xuii,
1728 5519 1819 5574 20.

664 5520 710 5553 ³⁹
770 5520 876 5575 Job
923 5536 1128 5586 xxxvn,
1169 5519 1226 5573 8.
1325 5519 1370 5549 “'
1408 5519 1515 5574 lsa.
1549 5535 1698 5584 xuii,
1728 5519 1819 5574 20.

665 5631 680 5645 .
754 5591 800 5620 “
840 5589 1005 5644 Hebr.
1045 5606 1139 5646 ιη.
1171 5590 1261 5645 29.
1373 5588 1416 5621 ⁸³
1463 5589 1604 5644 Psal.
1647 5605 1820 5646 cxm.
1867 5589 1900 5646 4

1592 5627 1604 5640 ο
1647 5627 1820 5652 unu'l,
1867 5627 1919 5646 τι

592 5592 680 5645 tl.
754 5591 800 5620 “
840 5589 1005 5644 Hebr.
1045 5606 1139 5650 ιη,
1171 5590 1261 5645 29.

591 5661 636 5694 δ’
671 5661 828 5716 Joan.
869 5673 996 5718 xvu,
1071 5666 1137 5722 6.

609 5739 670 5794 ιι,
693 5729 781 5793 24;
809 5726 1140 5790 Ront.tx.25.

1925 5523 1967 5554 "
2010 5523 2154 5578 Psal.
2192 5539 2336 5587 χιιι,
2381 5524 2469 5587 10,
2509 5524 2596 5576 Η.

1996 5593 2042 5623 ⁸⁸
2082 5593 2124 5647 ll
2177 5593 2304 5649 Cor.
2356 5611 2432 5654 ιιι.
2475 5595 2526 5646 6.
2603 5593 2646 5625 ⁸⁷
2693 5592 2904 5648 Coloss.
2948 5609 2992 5654 I,
3039 5592 3128 5652 20.
3181 5593 3280 5650 ‘23.
3344 5592 3390 5626 ⁸⁸
3421 5593 3585 5648 Joan.

1211 5659 1256 5689 ³⁰
1290 5657 1446 5712 Joan.
1483 5675 1556 5724 vr,
1597 5659 1686 5714 57.
1763 5661 1805 5692 ⁸¹
1849 5661 1990 5718 Psal.
2045 5679 2103 5728 η,
2174 5664 2228 5718 8.

2273 4495 2420 4560 dico,
2457 4495 2594 4560 haec,
2631 4511 2710 4550 ea:
2743 4512 2865 4566 qua:
2890 4506 3020 4551 sunt
3045 4497 3218 4565 intus,
3251 4508 3308 4552 et
3353 4499 3588 4554 audiant
3633 4503 3854 4558 verbum

2274 4579 2550 4652 sanctum,
2590 4587 2780 4642 bestiae
2810 4587 3079 4659 gentium.
3116 4589 3238 4644 Non
3272 4589 3419 4644 enim
3449 4591 3758 4660 ejicientur
3779 4595 3849 4648 Io-

2272 4695 2382 4734 ras.
2431 4679 2488 4735 Si
2533 4689 2714 4734 autem
2763 4679 2881 4734 vult
2923 4679 3120 4734 audire
3164 4679 3390 4755 Judaaus
3439 4682 3681 4750 quinam
3735 4693 3852 4740 sunt

2273 4772 2440 4842 ejecti
2485 4781 2549 4826 ut
2575 4770 3004 4841 ingrederentur
3030 4771 3244 4836 bestiae,
3271 4771 3461 4826 audiet
3497 4772 3848 4830 hortulanum

2277 4861 2444 4932 hujus
2481 4845 3033 4931 paradisi'dicenteni
3065 4879 3078 4914 :
3107 4859 3412 4940 Oportebat
3449 4862 3602 4917 feras
3649 4866 3848 4931 ingredi

2276 4951 2341 5004 ab
2377 4949 2590 5006 Oriente
2643 4959 2692 5004 et
2742 4949 3034 5017 Occidente,
3071 4959 3123 5005 et
3178 4953 3481 5006 recumbere
3523 4970 3650 5008 cum
3697 4956 3850 5008 Abra-

2273 5045 2452 5108 hamo,
2499 5052 2548 5096 et
2575 5041 2752 5106 Isaac,
2779 5050 2828 5096 et
2861 5041 3024 5097 Iacob
3063 5045 3120 5097 in
3155 5060 3314 5115 regno
3349 5043 3483 5110 Dei;
3509 5043 3660 5112 filios
3686 5055 3846 5096 autem

2269 5133 2520 5196 thalami,
2555 5148 2754 5196 nempe
2777 5133 3022 5200 Judieos,
3071 5133 3220 5204 {oras
3246 5135 3366 5204 ejici
3386 5136 3442 5188 in
3485 5135 3736 5188 tenebras
3763 5150 3843 5185 rr-

2269 5227 2484 5279 teriores
2519 5225 2587 5276 ".
2618 5223 2818 5278 Vocabo
2849 5225 2987 5278 enim
3016 5224 3270 5295 populum
3315 5241 3511 5286 meum,
3539 5241 3652 5277 non
3695 5215 3846 5293 popa-

2270 5316 2381 5370 lum
2427 5331 2599 5370 meum
2633 5315 2700 5379 ⁸³,
2741 5323 2792 5367 et
2833 5317 3246 5380 misericordiam
3299 5323 3638 5367 consecutam
3681 5315 3840 5383 Syna-

2267 5425 2482 5486 gogam,
2515 5422 2632 5462 eant
2657 5419 2774 5478 quae
2791 5425 2896 5462 non
2921 5417 2996 5462 est
3027 5415 3305 5462 consecuta
3331 5408 3754 5462 misericordiam
3779 5403 3840 5456 ³⁸.

2705 5522 2750 5556 δ’
2791 5523 2933 5577 Psal.
2981 5539 3108 5582 Lvn,
3163 5525 3216 5579 5.
3251 5524 3303 5580 6.
3418 5523 3465 5555 “
3506 5523 3526 5577 l
3566 5523 3731 5580 Joan.
3771 5538 3840 5581 ιτ,

3639 5611 3720 5658 τι,
3759 5594 3841 5647 «ιι.

3639 5665 3691 5698 lt
3721 5665 3824 5698 ιιι-η

2305 5664 2350 5696 ⁵⁸
2389 5664 2580 5718 Matth.
2627 5679 2741 5727 vm,
2790 5663 2874 5728 it,
2931 5663 3013 5718 5'2.
3091 5665 3136 5696 ⁸³
3189 5663 3314 5718 Ose.
3362 5678 3402 5728 ι,
3450 5662 3506 5720 9.
3639 5665 3691 5698 ⁸⁸
3721 5665 3841 5718 ὼε.
