3942 6298
133 323 232 388 997

1194 319 1276 380 IN
1317 290 1866 381 immensam.
1898 345 1967 356 ι-
2001 322 2147 382 LIB.
2188 320 2293 382 1x.

3291 327 3398 394 998

132 434 200 490 lit
250 432 516 503 quoniam
561 445 801 486 narrans
845 428 1051 495 oratio,
1085 429 1155 484 de
1198 408 1373 484 rebus
1420 430 1618 485 alienis
1667 438 1723 484 et
1752 434 1794 489 A
1824 430 1983 487 Unde
2030 434 2197 488 etiam
2254 434 2506 488 nominat
2555 414 2717 505 lupos
2747 436 3025 509 qui'grcgt
3072 435 3407 497 insidiantur

132 521 573 589 admirabilibus,
621 528 709 577 est
763 536 1039 601 persuasu
1090 514 1485 601 (Ιίὧείιίεήοη
1537 522 1718 577 solum

132 617 340 681 Iudaeo,
372 614 468 671 sed
492 615 661 669 etiam
695 599 1030 684 quibuSdam
1074 628 1142 669 ex
1172 599 1456 679 ﬁdelibus,
1492 630 1721 671 necesse

132 720 235 766 est—
254 719 318 765 ut
366 726 434 766 ex
458 711 584 766 aliis
607 710 804 787 bestiis
849 710 1251 767 conﬁrmemus
1279 709 1429 779 quod
1459 710 1718 766 dicimus.

134 803 275 859 Audi
299 818 432 873 ergo
481 803 595 857 Noe
640 802 735 872 qui
773 808 894 856 erat
924 801 981 855 in
1007 817 1157 865 arca,
1212 802 1440 871 quando
1465 802 1722 877 loquitur

136 894 420 963 Scriptura
453 892 522 946 de
559 893 945 962 corporalibus
976 893 1390 949 animalibus-et
1422 894 1725 949 materiali-

134 985 260 1050 bus,
297 985 576 1054 quomodo
597 985 742 1039 Deus
767 985 884 1041 illic
913 985 1170 1055 praecipit
1199 985 1281 1039 illi
1309 986 1476 1040 etiam
1510 986 1722 1056 ingres-

136 1092 258 1131 sum
322 1076 631 1131 bestiarum
677 1084 735 1130 et
780 1061 1161 1149 iumentorum
1217 1085 1275 1130 et
1315 1079 1607 1131 volucrum
1663 1076 1723 1130 in

138 1178 321 1220 arcam
341 1166 408 1218 ⁸⁵.
436 1165 706 1220 Similiter
739 1180 933 1219 rursus
953 1176 1079 1234 post
1101 1164 1369 1221 diluvium
1391 1165 1528 1222 dicit
1554 1166 1722 1221 etiam

138 1271 330 1309 earum
383 1270 667 1326 egressum
718 1271 992 1319 ex.arca,
1024 1257 1120 1326 qui
1151 1256 1257 1310 fuit
1302 1272 1430 1311 cum
1472 1257 1610 1320 Noe,
1667 1263 1725 1311 et

141 1347 418 1416 quomodo
455 1347 548 1401 hic
572 1362 795 1419 quoque
825 1348 969 1401 Deus
998 1363 1121 1402 cum
1146 1347 1202 1401 in
1231 1348 1493 1418 paradiso
1529 1348 1726 1403 fecerit

139 1454 240 1509 per
265 1454 322 1494 se
351 1441 657 1509 ingressum
687 1440 882 1493 harum
904 1440 1230 1520 bestiarum,
1263 1449 1319 1495 et
1338 1440 1507 1495 fuerit
1531 1456 1724 1495 earum

138 1532 313 1587 veluti
362 1532 475 1586 dux
507 1541 563 1586 et
612 1532 912 1595 bubulcus,
949 1549 1062 1587 non
1101 1532 1340 1602 amplius
1387 1549 1483 1587 eas
1510 1532 1722 1598 eduxit,

140 1624 237 1679 sed
282 1623 437 1677 intus
472 1625 715 1693 reliquit.
750 1624 804 1680 Si
832 1634 1017 1679 autem
1050 1634 1358 1679 murmurat
1380 1633 1436 1680 et
1466 1625 1729 1679 irascitur

136 1714 364 1769 Judaeus
398 1713 518 1768 haec
559 1714 815 1778 audiens,
862 1714 1498 1785 sustinebitparumper,
1532 1726 1589 1770 et
1627 1731 1726 1770 au-

138 1805 259 1860 diet
297 1805 537 1860 verbum
577 1806 726 1874 quod
772 1805 1018 1860 ostendit
1062 1807 1208 1876 quod
1250 1822 1431 1876 neque
1482 1807 1721 1873 mulier,

142 1909 324 1965 neque
361 1911 486 1965 qua:
510 1896 719 1951 dicitur
756 1897 879 1953 Vita
903 1896 1041 1951 exiit
1064 1913 1094 1952 e
1127 1898 1405 1968 paradiso,
1444 1897 1541 1954 sed
1573 1898 1724 1953 solus

138 1985 326 2054 homo,
358 1986 456 2064 qui
498 1985 847 2043 extrinsecus
901 1998 987 2043 est
1037 1988 1340 2059 ingressus.
1376 1988 1503 2045 Vita
1536 1984 1724 2045 autem

139 2082 202 2130 ut
223 2076 281 2131 in
309 2077 567 2147 paradiso
601 2079 765 2143 ﬁcta,
784 2085 846 2133 ut
873 2086 997 2148 qna:
1027 2086 1177 2135 esset
1209 2078 1491 2151 indigena,
1524 2090 1581 2136 et
1610 2096 1725 2136 non

138 2169 489 2245 extrinsecus
558 2169 708 2223 intro
772 2168 1040 2240 ingressa,
1095 2171 1300 2225 mansit
1346 2171 1404 2225 in
1465 2172 1560 2226 illo
1602 2172 1726 2228 loco

140 2268 403 2330 tanquam
449 2259 564 2315 vita
607 2259 897 2315 viviﬁcaus
936 2276 1002 2316 ea
1056 2277 1178 2331 qua:
1217 2271 1348 2317 sunt
1376 2263 1445 2317 ad
1491 2278 1611 2317 eam
1644 2264 1728 2318 in-

142 2347 418 2403 troducta.
448 2384 455 2389 ι
483 2349 628 2415 Quid
662 2365 818 2415 vero,
862 2351 1065 2421 inquit,
1112 2367 1300 2408 annon
1349 2353 1617 2425 scriptum
1642 2364 1728 2410 est

139 2447 266 2507 post
283 2438 491 2494 exitum
514 2439 730 2511 Egypti
768 2456 800 2495 e
821 2441 1104 2510 paradiso,
1138 2443 1284 2513 quod
1315 2442 1488 2498 Adam
1522 2458 1726 2515 cogno-

57 2588 65 2595 ,
139 2530 223 2585 vit
256 2530 425 2585 Evam
456 2545 686 2586 uxorem
718 2547 875 2603 suam
903 2532 950 2564 ⁸⁸
974 2532 997 2586 ?
1023 2530 1167 2588 Siste
1199 2534 1450 2605 gradum,
1475 2550 1510 2589 o
1537 2534 1724 2600 homo,

137 2629 199 2675 ct
234 2635 304 2675 ne
341 2620 583 2687 labores,
620 2620 717 2676 sed
761 2621 998 2686 sustine,
1040 2629 1263 2678 et‘tunc
1294 2625 1423 2679 cuin
1453 2622 1628 2680 fueris
1669 2626 1728 2680 in

141 2712 284 2771 locis
304 2712 623 2767 emissionis
651 2712 844 2768 Adami
881 2729 950 2769 ex
977 2714 1271 2784 paradiso,
1291 2715 1337 2770 si
1368 2715 1502 2770 mihi
1534 2705 1727 2771 ostena

140 2806 295 2861 deris
336 2805 392 2877 (0
412 2806 622 2877 Iudaee)
663 2807 813 2876 quod
840 2822 1122 2878 egressum
1158 2809 1410 2863 nominat
1447 2824 1727 2880 egressum

141 2895 472 2960 bestiarum,
524 2905 620 2950 aut
651 2912 935 2968 egressura
990 2897 1264 2961 mulieris,
1292 2897 1455 2968 905
1481 2900 1726 2954 nondum

139 2987 299 3044 venit
335 2985 542 3042 Christi
588 2987 902 3054 adventus;
927 2989 1025 3044 sed
1056 3004 1169 3043 non
1216 2990 1479 3073 ostendes
1505 3029 1520 3055 ,
1554 3008 1727 3062 quan-

1820 522 2042 579 Judaeos
2064 526 2131 590 ",
2167 535 2215 580 et
2246 526 2514 597 genimina
2543 528 2849 598 viperarum
2874 529 2954 591 '°;
2985 536 3041 584 et
3079 531 3237 598 alios,
3282 534 3408 588 vul-

1822 631 1920 686 pes
1971 617 2037 670 “.
2087 608 2162 672 Et
2192 635 2343 672 omne
2384 618 2526 689 quod
2572 621 2768 674 vocavit
2808 620 3000 686 Adam,
3047 624 3250 693 inquit,
3310 627 3407 680 hoc

1823 717 1899 762 est
1932 711 1980 763 ei
2029 727 2237 763 nomen.
2261 709 2378 765 Hoc
2409 720 2515 774 est,
2548 726 2656 765 non
2681 712 2880 766 leviter
2909 729 3012 767 nec
3048 697 3292 780 temere:
3308 717 3405 772 sed

1824 811 2196 869 congruenter
2247 802 2684 873 uniuscujusque
2734 813 2871 859 actae
2920 804 3066 867 vitae,
3112 815 3169 859 et
3191 807 3408 863 meritis

1825 893 2219 947 convenientia
2244 894 2470 948 nomina
2496 896 2725 965 imponit
2751 896 3029 951 Christus.
3057 897 3218 951 Omni
3274 913 3409 968 ergo

1824 991 2091 1037 creaturae
2117 991 2173 1038 et
2220 984 2387 1040 rebus
2432 987 2633 1041 creatis
2663 987 2811 1041 Deus
2861 987 3124 1056 imposuit
3157 990 3406 1042 nomina.

1825 1070 1924 1126 His
1966 1068 2103 1153 solis
2132 1074 2328 1129 bestiis
2373 1082 2431 1128 et
2455 1074 2700 1137 mulieri,
2745 1074 2918 1129 Adam
2961 1090 3185 1144 quoque
3215 1076 3410 1144 ‘impo-
3490 1077 3494 1081 ’

1827 1166 1938 1220 suit
1962 1167 2189 1222 nomina
2223 1185 2236 1220 :
2271 1167 2379 1221 hoc
2414 1173 2503 1222 est
2538 1165 2795 1221 Christus
2832 1168 3038 1237 populo
3076 1182 3179 1221 suo
3210 1176 3268 1222 et
3299 1167 3405 1222 Ec-

1827 1262 2029 1316 clesiae.

1898 1350 1959 1405 Si
2030 1360 2216 1405 autem
2293 1366 2487 1405 rursus
2556 1351 2761 1405 insanit
2817 1349 3068 1413 Iudaeus,
3120 1356 3182 1403 ut
3261 1348 3411 1403 dicat

1828 1441 2033 1495 nobis:
2085 1440 2201 1496 Cur
2238 1456 2361 1495 cum
2408 1442 2554 1496 Deus
2609 1441 2877 1495 omnibus
2923 1441 3146 1511 propria
3191 1440 3410 1494 dederit

1829 1533 2075 1595 nomina,
2126 1548 2238 1586 non
2293 1533 2708 1602 imposuitnec
2747 1532 2967 1586 mulieri
3019 1547 3121 1586 nec
3153 1531 3409 1585 animali-

1829 1622 1968 1677 bus?
1990 1624 2284 1692 oportebat
2324 1624 2471 1677 enim
2513 1624 2693 1693 ipsum
2723 1623 2854 1677 dare
2883 1623 3141 1678 omnibus
3185 1623 3411 1677 nomina

1828 1714 2074 1783 propria.
2120 1713 2216 1768 sed
2254 1728 2363 1767 non
2398 1713 2611 1767 Adam:
2663 1727 2764 1783 ego
2793 1712 2969 1767 dicam
3000 1730 3013 1766 :
3048 1711 3252 1776 Quare,
3282 1727 3410 1766 cum

1828 1806 1976 1859 Deus
2012 1804 2180 1859 semel
2212 1814 2269 1859 et
2289 1805 2376 1859 bis
2404 1804 2752 1859 meminisset
2775 1819 2832 1857 se
2859 1804 3055 1857 fecisse
3084 1803 3370 1857 mulierem
3393 1843 3409 1867 ,

1824 1908 1939 1949 non
1966 1909 2088 1949 eam
2113 1893 2421 1947 nominavit
2441 1894 2750 1956 mulierem,
2765 1892 2860 1947 sed
2880 1893 3205 1961 adjutricem
3223 1893 3246 1946 ?
3264 1892 3411 1959 Quo-

1825 1985 1991 2040 modo
2016 2001 2171 2056 ergo,
2209 2000 2337 2039 cum
2361 1986 2641 2039 hominem
2690 1984 3031 2038 nominasset
3063 1984 3258 2049 Adam,
3300 2000 3413 2038 non

1827 2078 1922 2133 dat
1946 2078 2064 2149 ipse
2096 2093 2297 2133 nomen
2320 2077 2537 2132 mulieri
2561 2097 2572 2131 :
2601 2076 2696 2132 sed
2715 2078 2840 2149 jure
2863 2087 2920 2131 et
2951 2078 3149 2131 merito
3185 2078 3269 2131 vir
3289 2080 3412 2149 ejus
3468 2124 3476 2130 .

1826 2171 1986 2228 Jesus
2012 2172 2130 2241 ipse
2156 2169 2410 2224 nominat
2454 2169 2622 2223 etiam
2681 2184 2837 2224 suam
2878 2184 3130 2233 uxorem,
3185 2177 3241 2223 et
3282 2185 3415 2225 suos

1828 2263 1994 2327 ﬁlius,
2039 2264 2186 2318 sicut
2226 2272 2386 2333 pater
2408 2271 2465 2316 et
2496 2258 2540 2316 is
2568 2260 2661 2331 qui
2690 2261 2881 2315 domui
2919 2261 3203 2330 praesit,et
3235 2260 3415 2316 domi-

1826 2360 1993 2408 natur
2022 2369 2134 2409 suae
2167 2353 2326 2408 uxori
2359 2361 2415 2408 et
2440 2353 2557 2409 suis
2587 2351 3211 2419 liberis?Quamohrem
3259 2354 3413 2410 dice-
3448 2386 3495 2415 —,

1828 2446 1922 2501 bat
1943 2447 2109 2501 etiam
2139 2462 2249 2501 non
2286 2446 2452 2501 fallax
2486 2446 2787 2516 legislator.
2814 2446 2962 2516 quod
2998 2445 3114 2515 ipse
3140 2455 3224 2501 est
3248 2448 3413 2501 bonus

1828 2546 2014 2608 pastor
2034 2538 2102 2601 δ’,
2127 2548 2175 2590 et
2199 2554 2316 2592 oves
2338 2554 2513 2593 vocem
2544 2538 2658 2608 ejus
2678 2538 2927 2601 audiunt,
2959 2547 3005 2590 et
3030 2554 3119 2595 eas
3136 2547 3287 2592 vocat
3321 2556 3416 2592 no-

1829 2630 2078 2683 minatim
2104 2629 2179 2680 ":
2211 2629 2316 2684 hoc
2344 2636 2451 2692 est,
2481 2629 2808 2691 nominavit,
2855 2636 2987 2682 tunc
3013 2629 3236 2696 quando
3268 2628 3416 2683 Deus

1829 2734 1924 2774 eas
1943 2717 2257 2773 adduxitad
2291 2718 2584 2781 Adamum,
2612 2727 2673 2771 ut
2694 2717 3013 2787 sciretquid
3044 2732 3138 2772 eas
3165 2727 3412 2772 vocaret.

1832 2808 1941 2864 Sed
2001 2809 2224 2880 quando
2271 2809 2748 2881 congregabantur
2788 2809 3032 2879 quidem,
3087 2808 3416 2864 dicebantur

1830 2898 2021 2955 bestiae
2047 2918 2058 2953 :
2086 2899 2310 2970 quando
2341 2908 2525 2953 autem
2566 2882 2900 2953 introductae
2931 2906 3061 2953 sunt
3089 2899 3146 2955 in
3189 2899 3413 2968 paradi-

1833 3006 1953 3046 sum
1975 3000 2032 3046 et
2065 2991 2118 3045 in
2147 2991 2427 3045 stabulum
2457 2990 2590 3044 boni
2618 2990 2877 3059 pastoris,
2934 2988 3146 3044 eﬂectte
3188 2989 3414 3045 confor-

141 3080 351 3134 tumvis
387 3079 762 3134 contenderis.
814 3079 924 3135 Sed
976 3080 1072 3150 qui
1119 3081 1464 3137 extrinsecus
1502 3084 1726 3153 quidem
1755 3108 1799 3163 ο
1833 3098 1948 3137 mes
1979 3098 2119 3153 agno
2147 3081 2389 3146 Christo,
2417 3082 2604 3136 statim
2634 3096 2768 3135 oves
2793 3081 3089 3135 nominatae
3117 3089 3246 3135 sunt
3295 3097 3416 3135 om-

137 3180 227 3226 est
256 3172 537 3242 ingressus
564 3181 622 3227 et
650 3170 777 3236 fuit,
808 3172 983 3228 homo
1027 3172 1161 3227 illuc
1189 3173 1327 3227 abiit
1370 3174 1517 3229 unde
1552 3176 1721 3230 venit.

138 3264 276 3334 Ejus
300 3271 493 3335 autem
536 3278 693 3339 uxor,
733 3278 933 3333 nempe
987 3262 1120 3328 vita,
1166 3266 1368 3319 mansit
1406 3265 1566 3321 intus
1598 3282 1724 3321 cum

133 3354 475 3411 animalibus
500 3395 519 3421 ,
551 3357 615 3410 ad
649 3370 744 3411 eas
769 3355 1128 3414 viviﬁcandas
1159 3355 1214 3408 in
1239 3356 1391 3427 ligno
1422 3357 1569 3421 Viue,
1605 3374 1727 3427 quae

71 3486 78 3492 .
140 3445 440 3515 aliquando
462 3446 814 3510 dicebautur,
855 3446 1083 3509 bestias,
1131 3452 1188 3499 et
1221 3447 1494 3500 volucres.
1544 3447 1728 3501 Discat

139 3553 275 3607 ergo
324 3537 503 3592 ﬁdelis
555 3538 704 3607 quod
752 3538 900 3607 ligna
974 3537 1206 3606 pulchra
1251 3547 1308 3592 et
1341 3538 1485 3592 bona
1528 3547 1585 3591 et
1615 3538 1726 3611 fcr-

143 3628 266 3682 tilia
313 3644 437 3697 qua:
473 3644 505 3682 a
568 3629 681 3682 Deo
732 3626 978 3682 secundo
1004 3628 1125 3681 loco
1174 3638 1303 3682 sunt
1344 3629 1634 3699 producta,
1671 3636 1728 3684 et

138 3719 405 3773 secundae
431 3719 623 3773 bestiae
651 3728 708 3773 et
751 3720 1008 3782 volucres
1031 3734 1170 3788 quas
1202 3718 1316 3788 ipse
1350 3710 1498 3775 Deus
1528 3719 1685 3773 ﬁnxit
1708 3737 1747 3790 ;‘

138 3818 200 3865 et
232 3825 427 3865 rursus
468 3811 607 3865 illud
653 3810 874 3877 linteam
912 3810 1061 3878 quod
1110 3810 1306 3864 Petrus
1358 3810 1496 3864 vidit
1542 3810 1599 3864 in
1645 3811 1728 3864 vi-

141 3904 320 3968 sione,
357 3902 571 3958 habens
601 3918 797 3957 omnes
824 3903 1029 3957 bestias
1057 3911 1115 3957 et
1137 3903 1524 3973 quadrupedes
1548 3913 1604 3959 et
1632 3920 1729 3959 vo—

144 4002 328 4051 lucres
355 3993 551 4058 cmli",
571 4009 625 4052 et
643 4000 761 4067 ipsa
806 3997 1011 4051 mulier
1035 4012 1201 4067 quam
1228 4012 1493 4051 vocamus
1524 3996 1724 4062 Vitam,

143 4086 389 4157 adjutrix
426 4087 713 4151 hominis,
761 4087 903 4142 nihil
938 4088 1087 4143 aliud
1142 4088 1419 4159 signiﬁcat
1472 4088 1579 4142 nisi
1627 4104 1726 4157 pa-

147 4178 390 4233 radisum
419 4179 701 4243 Ecclesiae,
748 4179 805 4233 in
831 4195 995 4249 quem
1028 4181 1335 4235 introduxit
1370 4181 1515 4235 Deus
1539 4188 1727 4250 gentes

144 4271 443 4335 belluinas,
490 4279 544 4326 et
578 4288 674 4327 eas
710 4272 943 4328 adduxit
976 4273 1045 4328 ad
1101 4273 1384 4328 Christum
1418 4266 1725 4327 secundum

141 4367 438 4431 Adamutn,
470 4376 533 4421 ut
561 4367 775 4422 videret
797 4366 931 4436 quid
955 4374 1180 4421 vocaret
1206 4362 1728 4436 eas,7unumquem-

143 4474 255 4527 que
280 4459 693 4524 convenienter
708 4460 828 4514 suis
860 4460 1078 4513 meritis
1106 4467 1162 4513 et
1185 4459 1311 4512 vitae
1339 4474 1503 4528 quam
1532 4457 1727 4527 egerit.

144 4550 212 4603 Et
250 4549 376 4605 ideo
395 4551 616 4604 vocavit
653 4551 880 4620 quidem
906 4566 1059 4611 oves,
1087 4566 1184 4606 eas
1212 4566 1335 4620 quae
1358 4558 1579 4605 statutae
1604 4556 1734 4604 sunt

145 4653 178 4692 a
220 4639 466 4706 dextris;
514 4640 702 4695 haedos
765 4655 929 4706 vero,
992 4641 1091 4711 qui
1160 4657 1191 4695 a
1233 4642 1509 4707 sinistris;
1562 4655 1734 4711 agnos

146 4732 354 4793 autem,
392 4739 454 4783 ut
497 4732 595 4801 qui
621 4730 902 4786 Christum
940 4741 1287 4801 sequuntur;
1321 4732 1491 4787 boves
1521 4740 1728 4796 autem,

148 4829 212 4875 ut
237 4822 333 4891 qui
352 4812 591 4877 trahunt
634 4833 882 4878 aratrum
928 4825 1151 4890 crucis;
1193 4839 1366 4894 equos
1413 4835 1620 4888 autem,
1669 4833 1732 4879 ut

147 4915 244 4983 qui
295 4914 635 4969 conturbant
687 4931 885 4987 aquam
931 4917 1122 4971 falsam
1180 4916 1619 4982 incredulitatis;
1675 4924 1731 4971 et

148 5006 310 5067 alios,
359 5006 596 5075 aquilas,
633 5016 693 5062 ut
745 5008 839 5076 qui
893 5009 1235 5063 extollentur
1279 5007 1347 5062 ad
1393 5008 1728 5077 theologiam

150 5108 250 5147 seu
297 5093 610 5149 Divinitatis
651 5097 1171 5167 contemplationem
1199 5115 1213 5162 ;
1244 5104 1300 5152 et
1334 5096 1492 5161 alios,
1522 5096 1731 5151 colum-

92 5240 115 5262 .
150 5184 271 5246 bas,
305 5180 535 5256 propter
558 5186 1021 5258 signiﬁcationem
1052 5188 1226 5259 ipsius
1246 5189 1436 5258 gratiae
1465 5188 1729 5258 Spiritus.

154 5270 313 5338 Quod
357 5273 403 5328 si
454 5273 626 5329 etiam
675 5276 764 5331 vis
798 5277 1005 5333 ~videre
1046 5278 1195 5333 feras
1239 5288 1485 5349 agrestes
1535 5279 1589 5333 in
1628 5280 1736 5334 hoc

152 5359 430 5430 paradiso,
467 5363 598 5418 audi
623 5380 752 5420 eum
787 5366 1064 5423 dicentem
1100 5385 1112 5420 :
1149 5368 1286 5422 Ecce
1319 5368 1437 5422 dedi
1473 5368 1614 5423 vobis
1644 5386 1735 5441 po-

154 5457 395 5507 testatem
452 5453 698 5509 calcandi
741 5469 903 5528 super
954 5467 1228 5529 serpentes
1279 5465 1327 5511 et
1386 5461 1617 5531 scorpios
1667 5459 1736 5512 ⁸⁸.

242 5602 288 5682 ξ’
329 5607 469 5666 Gen.
531 5626 628 5674 vn,
685 5614 911 5682 passim.
983 5613 1032 5645 “
1067 5612 1204 5667 Cen.
1251 5617 1324 5673 iv.
1362 5614 1411 5666 Ι.
1490 5613 1536 5644 ⁸⁷
1584 5614 1706 5667 Act.
1746 5630 1801 5675 Χ.
1851 5612 1942 5666 “-

169 5678 216 5742 ἕξ
249 5678 381 5733 Luc.
423 5697 502 5742 ιιι,
555 5682 607 5734 7.

176 5681 217 5765 ξζ
249 5681 381 5765 με.
423 5697 502 5742 m,
555 5682 651 5765 7.“
685 5681 727 5713 “
769 5681 902 5738 Luc.
946 5698 1060 5746 sui,
1106 5681 1195 5736 52.
1275 5684 1503 5738 “Joan.
1538 5700 1590 5747 χ,
1625 5684 1711 5736 14,

247 5749 391 5806 Psal.
428 5765 589 5817 exul,
621 5751 672 5805 9.

1831 3189 1953 3228 nes.
1990 3173 2093 3240 Qui
2125 3184 2308 3228 autem
2368 3189 2479 3227 non
2507 3174 2587 3226 sic
2620 3171 2988 3241 intelligetea
3037 3185 3162 3239 quae
3206 3173 3412 3240 scripta

1834 3274 1964 3322 sunt
1984 3266 2051 3320 de
2080 3266 2361 3336 paradiso,
2392 3265 2542 3320 etde
2577 3264 2774 3318 bestiis
2801 3265 2854 3316 in
2882 3279 3008 3318 eum
3052 3263 3411 3323 introductis.

1833 3358 2151 3412 necessario
2185 3358 2412 3412 omnino
2444 3357 2701 3426 intelligit
2744 3354 3014 3410 Adamum
3071 3356 3297 3426 quidem
3328 3358 3416 3410 in-

1834 3461 1950 3503 star
1970 3449 2178 3503 domini
2220 3458 2276 3503 et
2320 3449 2469 3519 regis
2526 3449 2677 3503 intus
2719 3449 2948 3504 sedere:
3002 3450 3174 3503 Deum
3229 3457 3414 3504 autem

1832 3538 2271 3608 omnipotentem
2295 3539 2345 3594 ei
2377 3541 2653 3594 serviliter
2678 3540 3013 3604 ministrare,
3045 3551 3102 3595 et
3121 3541 3325 3595 bestias
3348 3542 3415 3595 ad

1833 3630 2131 3686 Dominum
2164 3629 2462 3684 adducere.
2490 3629 2648 3695 Quod
2698 3630 2922 3699 quidem
2980 3642 3066 3685 cst
3100 3633 3331 3702 impium
3362 3643 3419 3688 et

1835 3720 2060 3790 plenum
2086 3719 2237 3773 omni
2277 3718 2644 3774 absurditate.
2689 3721 2903 3774 Adamo
2961 3730 3147 3776 autem
3190 3741 3294 3777 non
3343 3734 3420 3777 cst

1834 3808 2078 3861 inventus
2100 3809 2146 3861 ei
2165 3807 2375 3871 similis,
2426 3816 2482 3862 et
2538 3809 2820 3877 quomodo
2866 3809 2998 3863 dum
3036 3811 3201 3866 homo
3246 3822 3333 3868 cst
3360 3815 3418 3868 in

1835 3897 2125 3966 periculis,
2158 3905 2215 3953 et
2244 3898 2441 3953 incidit
2465 3899 2521 3952 in
2568 3898 2804 3954 fortuna:
2849 3916 3010 3954 casus
3040 3910 3095 3955 et
3134 3903 3419 3957 calamita-

1837 3997 1941 4051 tes,
1969 3996 2026 4042 et
2052 3988 2363 4057 adjutorem
2393 3988 2609 4058 quaerit,
2645 3996 2702 4043 et
2739 3990 2943 4055 clamat
2991 3993 3058 4045 ad
3096 3992 3266 4046 Deum
3297 4011 3309 4045 :
3335 3993 3424 4059 Da,

1836 4077 1983 4144 nobis
2006 4078 2270 4133 auxilium
2290 4096 2355 4133 ex
2393 4080 2687 4149 afﬂictione,
2713 4082 2967 4150 quoniam
3003 4099 3261 4153 pauperes
3289 4083 3418 4153 facti

1834 4184 2017 4221 sumus
2049 4166 2237 4231 valde;
2264 4167 2462 4235 adjuva
2486 4183 2599 4231 nos,
2625 4167 2768 4222 Deus
2807 4179 3238 4223 servatornoster
3258 4172 3323 4223 °‘.
3352 4171 3417 4225 In

1835 4258 2168 4329 adjutorium
2198 4273 2375 4311 meum
2414 4257 2646 4321 intende,
2680 4257 2926 4322 Domine,
2963 4259 3032 4312 ad
3054 4259 3417 4330 adjuvandum

1834 4369 1916 4406 me
1932 4353 2125 4422 festina
2151 4352 2216 4404 ".
2263 4352 2358 4405 Et:
2391 4351 2555 4418 Eripe
2602 4367 2683 4404 me
2710 4352 2774 4405 ab
2802 4351 3030 4405 inimicis
3067 4354 3195 4405 meis
3224 4353 3292 4417 ⁸⁸,
3323 4352 3418 4407 ad-

1833 4443 2097 4515 versariis
2123 4442 2496 4513 potestatibus
2531 4458 2655 4511 quae
2683 4458 2770 4497 me
2799 4443 3186 4497 demerserunt
3209 4444 3261 4497 in
3292 4445 3414 4498 ido-

1833 4538 2110 4592 lolatriam
2160 4547 2219 4593 et
2252 4539 2614 4608 impietatem.
2688 4537 2824 4592 Cum
2857 4538 2973 4593 haec
3006 4547 3063 4592 et
3112 4554 3233 4608 quae
3289 4551 3418 4594 sunt

1834 4630 2176 4701 hujusmodi,
2196 4630 2363 4685 homo
2384 4631 2549 4701 longo
2578 4638 2823 4700 tempore
2850 4632 3113 4686 clamaret
3128 4633 3193 4685 ad
3219 4632 3414 4697 Deum,

1835 4736 1892 4779 et
1924 4730 2199 4794 quaereret
2231 4724 2539 4794 adjutorem
2563 4741 2577 4791 ;
2602 4732 2658 4778 et
2691 4723 2850 4777 multi
2884 4723 3268 4778 existimantes
3290 4740 3415 4777 eum

1842 4815 2105 4885 adjuvare
2175 4814 2581 4893 processissent
2637 4813 2692 4867 in
2750 4812 3029 4877 medium,
3069 4812 3417 4881 patriarchae,

1839 4907 2064 4976 inquam
2092 4948 2108 4971 ,
2144 4904 2403 4962 doctores
2433 4945 2448 4969 ,
2493 4905 2777 4974 sophistae,
2802 4920 2990 4981 reges,
3042 4905 3239 4971 Moses,
3290 4919 3419 4974 pro-

1838 4998 2044 5069 phetae,
2092 4997 2244 5066 iique
2301 5005 2358 5050 et
2400 4997 2588 5066 plures
2636 4997 2878 5050 a‘liicum
2932 4996 3157 5049 homine
3216 4997 3420 5050 versati

1839 5095 2027 5144 essent
2048 5105 2061 5141 :
2086 5103 2199 5141 non
2225 5086 2484 5141 inventus
2513 5094 2598 5141 est
2627 5087 2848 5157 adjutor
2879 5087 2928 5141 ei
2956 5087 3152 5141 similis
3185 5086 3240 5140 in
3268 5085 3423 5140 simi-

1839 5180 2139 5255 litudinem
2164 5179 2407 5234 hominis
2444 5179 2619 5234 factus
2673 5179 2870 5234 homo:
2927 5180 3033 5234 hoc
3053 5189 3156 5244 est,
3188 5181 3333 5234 Deus
3364 5188 3422 5234 et

1839 5272 2026 5335 homo,
2060 5271 2215 5326 solus
2252 5270 2536 5324 hominem
2586 5285 2796 5333 amans.
2829 5271 3071 5341 adjutor,
3113 5271 3260 5326 Deus
3307 5272 3423 5324 for-

1838 5366 1932 5430 tis,
1982 5372 2311 5435 potestatem
2364 5361 2598 5425 habens,
2649 5363 2910 5433 princeps
2962 5363 3136 5433 pacis.
3184 5363 3421 5432 Oportet

1838 5458 1987 5513 enim
2014 5456 2331 5528 adjutorem
2382 5468 2505 5508 esse
2530 5455 2838 5521 fortiorem,
2895 5455 3123 5509 minime
3167 5466 3421 5526 egentem

2297 5611 2344 5644 ⁸⁸
2391 5610 2526 5667 Luc.
2582 5610 2762 5674 x,19.
2841 5610 2885 5643 δ’
2931 5610 3123 5665 Matth.
3182 5627 3278 5675 νη,
3334 5611 3420 5662 lii.

1791 5682 1837 5716 ”
1888 5681 2023 5737 ibid.
2051 5681 2105 5737 3.
2186 5683 2229 5714 ”
2262 5682 2405 5737 Psal.
2463 5699 2684 5748 Lxxvm,
2713 5680 2765 5747 8,
2792 5682 2843 5737 9.
2924 5682 2968 5713 “
2998 5682 3140 5737 l’sal.
3186 5697 3327 5745 Lux,
3361 5681 3418 5736 9..
