4042 6292
538 291 644 354 999

1735 291 1797 353 S.
1837 292 2235 356 ANASTASII
2273 295 2599 361 SINAITAS

3653 311 3809 381 1000

537 397 753 454 auxilii.
787 375 926 452 Nam
969 397 1065 468 qui
1098 407 1186 454 est
1209 398 1453 470 adiutor,
1488 407 1574 455 est
1621 401 1842 473 adjutor
1879 404 1935 460 in
1967 407 2114 475 peri-
2141 413 2188 470 Δ
2215 419 2338 466 acta
2380 415 2714 483 pcenitentia
2769 422 3078 478 transmisit
3118 423 3188 480 ad
3237 424 3421 496 ignem
3477 431 3808 499 aeternum?

535 493 680 547 culis
711 503 766 548 et
817 493 988 560 rebus
1037 494 1304 559 adversis,
1345 503 1407 548 ut
1451 496 1548 565 qui
1594 497 1708 550 vim
1751 499 2003 569 repellat.
2041 501 2110 555 Et

536 583 663 638 ideo
696 583 880 640 dictus
936 594 1022 639 est
1045 585 1256 650 Graece,
1307 585 1522 658 βοηθὸς,
1551 602 1585 642 a
1639 588 1695 643 vi
1744 591 2104 660 repellenda:

535 674 681 744 quod
713 675 940 744 quidem
977 675 1182 730 dicitur
1229 675 1299 730 de
1349 675 1467 731 sola
1522 677 1786 733 Ecclesia.
1821 679 1878 734 Si
1919 689 2108 756 autem

533 780 751 819 omnem
807 781 1026 820 carnem
1061 775 1118 820 et
1154 767 1434 822 carnalem
1490 769 1781 824 mulierem
1824 771 2108 829 existimas

453 905 468 914 ,
532 855 807 909 nominari
823 843 1152 925 adiutricem
1176 855 1455 911 hominis:
1489 859 1769 927 quomodo
1815 874 1924 914 non
1950 861 2106 916 inve-

529 945 714 998 nimus
740 955 863 1014 post
887 946 1029 1000 hanc
1053 947 1384 1017 adiutricem
1413 964 1536 1018 quae
1557 948 1702 1004 facta
1739 960 1826 1005 est
1855 951 1912 1006 in
1940 967 2105 1022 para-

527 1034 670 1099 diso,
694 1035 858 1089 aliam
882 1052 1268 1106 quamcunque
1291 1039 1586 1094 mulierem
1613 1041 1809 1107 sancti,
1847 1051 1944 1096 aut
1968 1059 2102 1098 sau-

525 1134 694 1189 ctam,
732 1134 830 1180 aut
851 1127 1280 1196 prophetissam,
1313 1140 1411 1184 aut
1439 1131 1770 1200 patriarcha:
1787 1134 2099 1204 coniugem,

524 1219 853 1287 appellatam
880 1219 1208 1288 adiutricem
1236 1222 1344 1275 viri
1375 1222 1428 1276 in
1467 1231 1586 1278 tota
1637 1223 1825 1278 divina
1850 1225 2102 1296 Scriptu-

523 1311 614 1364 ra?
664 1311 966 1379 Diligenter
1025 1311 1175 1365 enim
1223 1312 1333 1366 hoc
1359 1313 1593 1368 scrutati
1626 1329 1820 1370 sumus
1849 1356 1864 1382 ,
1887 1327 1943 1371 et
1988 1333 2102 1372 non

525 1399 860 1454 invenimus.
897 1400 1030 1454 Nam
1055 1401 1100 1454 si
1126 1417 1422 1456 commune
1448 1417 1674 1469 nomen,
1706 1414 1781 1469 et,
1809 1413 1869 1458 ut
1892 1405 2098 1472 dicam,

523 1491 840 1546 universale
877 1501 1023 1546 esset
1051 1493 1106 1546 in
1134 1493 1395 1547 muliebri
1429 1509 1634 1564 genere
1663 1495 1820 1558 illud,
1857 1496 2096 1566 adjutor,

521 1583 642 1636 lieri
673 1598 783 1637 non
824 1592 1012 1652 posset
1061 1593 1124 1638 ut
1161 1601 1274 1639 non
1314 1585 1482 1640 situm
1512 1597 1660 1641 esset
1702 1587 1759 1642 in
1813 1588 2099 1657 Scriptura

519 1673 730 1736 divina,
759 1675 842 1727 vel
871 1679 1006 1728 cum‘
1045 1675 1262 1744 accepit
1296 1675 1403 1729 sibi
1435 1675 1786 1746 adiutricem,
1819 1687 1915 1732 aut
1941 1678 2095 1743 Setb,

517 1775 613 1819 aut
638 1765 896 1826 Lamech,
924 1774 1019 1819 aut
1058 1765 1194 1831 Noe,
1249 1776 1346 1821 aut
1382 1767 1683 1833 Abraham,
1742 1777 1844 1826 aut
1895 1769 2098 1839 aliquis

516 1857 680 1910 alius.
708 1857 814 1911 Sed
839 1857 893 1911 in
925 1858 1187 1913 omnibus
1215 1858 1309 1928 qui
1332 1860 1615 1930 coniuncti
1659 1868 1790 1914 sunt
1816 1876 1948 1916 cum
1971 1877 2095 1916 mu-

513 1943 770 2011 lieribus,
805 1946 878 1999 ita
903 1946 1147 2016 positum
1175 1947 1450 2002 invenies.
1491 1949 1586 2003 llle
1615 1949 1766 2002 illam
1805 1949 2098 2020 accepitin

517 2048 767 2099 uxorem,
787 2049 896 2087 non
927 2035 982 2088 in
1003 2034 1354 2106 adiutricem.
1389 2036 1612 2106 Absque
1636 2038 1745 2092 ulla
1769 2048 2097 2094 controver-

513 2124 594 2176 sia
623 2123 709 2177 vir
733 2125 917 2193 potius
945 2135 1030 2181 est
1072 2126 1294 2197 adjutor
1339 2129 1587 2199 cujusvis
1617 2131 1893 2197 mulieris,
1917 2133 2092 2202 utqui
2125 2128 2133 2137 ’

513 2217 590 2272 sit
622 2217 742 2285 ejus
774 2226 960 2285 caput,
995 2227 1224 2274 curator
1283 2219 1645 2293 et_defensor.
1680 2221 1736 2276 Si
1779 2233 1962 2278 autem
2009 2224 2094 2279 fe-

513 2305 662 2360 mina
681 2315 774 2369 est
789 2307 1035 2376 adiutrix
1067 2308 1326 2374 masculi,
1347 2324 1446 2364 cur
1475 2325 1588 2364 non
1617 2311 1792 2381 magis
1825 2313 2092 2368 mulieres

513 2396 570 2450 in
601 2397 765 2453 bellis
801 2405 950 2452 stant
981 2399 1035 2452 in
1071 2400 1214 2464 acie,
1253 2400 1349 2455 sed
1397 2401 1504 2455 viri
1541 2409 1790 2472 pugnant
1823 2419 1925 2472 pro
1966 2420 2091 2460 mu-

512 2487 744 2543 lieribus
791 2499 889 2542 :et
927 2505 1026 2559 per
1081 2492 1253 2545 maria
1307 2501 1542 2546 currunt
1591 2493 1720 2558 viri,
1773 2503 1829 2548 et
1883 2506 2088 2550 terram

513 2581 724 2644 colunt,
779 2591 836 2636 et
895 2584 1144 2636 omnium
1212 2600 1402 2638 curam
1450 2594 1690 2655 gerunt,
1746 2588 1812 2640 et
1854 2586 2090 2642 feminas

513 2681 847 2741 protegunt:
885 2674 1095 2726 nullam
1147 2690 1260 2728 non
1305 2677 1616 2730 machinam
1651 2677 1984 2733 adhibentes
2033 2688 2090 2734 et

513 2769 689 2812 artem
741 2772 801 2814 ut
839 2761 955 2814 suis
985 2762 1256 2815 uxoribus
1290 2779 1449 2832 opem
1502 2765 1730 2819 ferant?
1766 2766 1862 2820 Sin
1899 2777 2089 2822 autem

513 2858 777 2920 tanquam
828 2867 1053 2906 crassus
1097 2860 1153 2907 et
1202 2865 1416 2908 amator
1453 2856 1640 2909 carnis
1689 2857 1830 2912 dicis
1879 2859 2087 2914 coitum

415 3015 418 3020 _
513 2943 766 3006 masculi,
797 2943 1228 3014 adiumentum:
1264 2959 1354 2998 res
1403 2960 1536 3014 ergo
1558 2946 1642 3001 sic
1671 2947 1913 3002 debebat
1950 2965 2086 3019 pro-

511 3033 733 3098 cedere,
765 3043 822 3089 et
875 3050 987 3088 non
1032 3035 1207 3105 magis
1239 3043 1299 3089 ut
1328 3035 1384 3089 in
1432 3037 1634 3091 cubilis
1691 3041 2086 3108 congressibus

513 3128 771 3182 tollerent
815 3144 1017 3184 uxores
1042 3129 1256 3199 gladios
1286 3129 1402 3184 suis
1425 3131 1778 3202 coniugibus,
1813 3143 1873 3188 ut
1900 3133 2085 3190 cubile

509 3233 767 3292 pararent
796 3223 940 3280 aliis.

579 3335 687 3390 Sed
734 3344 791 3390 et
821 3335 998 3399 canis,
1034 3342 1092 3390 et
1115 3349 1267 3398 ursa.
1293 3344 1349 3390 et
1374 3337 1570 3403 leaena,
1609 3346 1667 3393 et
1710 3338 1980 3412 hirundo,
2027 3351 2086 3398 et

509 3449 699 3488 omnes
749 3433 970 3488 femina:
1017 3433 1363 3499 animalium,
1406 3434 1678 3489 deberent
1711 3437 1900 3491 vocari
1928 3437 2087 3508 adiu-

508 3527 674 3580 trices
697 3541 922 3580 suorum
958 3526 1356 3580 masculorum.
1389 3525 1496 3581 Sed
1521 3542 1632 3580 non
1659 3535 1745 3581 est
1774 3527 1877 3582 ita:
1900 3521 2086 3598 'quan-

507 3618 804 3687 doquidcm
852 3617 1112 3676 feminam
1146 3618 1586 3688 uniuscujusque
1610 3619 1832 3688 generis
1855 3635 1954 3674 seu
1983 3635 2083 3674 vo-

505 3710 700 3775 lucris,
743 3725 840 3764 seu
881 3710 1034 3770 ferte,
1070 3723 1168 3764 seu
1227 3709 1467 3780 reptilis,
1513 3720 1740 3766 vocaret
1795 3711 2084 3782 Scriptura

505 3801 832 3871 adiutricem
857 3799 1124 3866 masculi;
1169 3800 1267 3854 sed
1316 3813 1666 3872 nequaquam
1698 3803 1804 3858 hoc
1845 3805 1954 3859 dici
1986 3819 2085 3858 au-

505 3892 747 3948 divimus
766 3895 819 3946 in
841 3893 1126 3959 iumentis,
1150 3899 1248 3945 aut
1271 3893 1484 3958 bestiis,
1509 3902 1604 3948 aut
1623 3895 1968 3966 natatilibus,
1987 3904 2084 3950 aut

505 3983 859 4036 volucribus:
891 3981 986 4035 sed
1016 3980 1069 4034 in
1103 3981 1222 4034 solo
1247 3980 1481 4036 Adamn.
1510 3983 1648 4037 Nam
1682 3983 1880 4046 sidari
1913 3999 2081 4054 Opor-

507 4081 586 4128 tet
646 4073 1024 4142 adiumentum
1053 4086 1118 4126 ea
1149 4071 1452 4125 animantia
1500 4087 1623 4141 qua:
1657 4081 1787 4126 sunt
1831 4073 2082 4142 subiecta

505 4163 692 4219 manui
736 4161 999 4222 hominis.
1043 4169 1101 4214 et
1152 4159 1207 4213 in
1229 4176 1352 4229 qua:
1392 4149 1880 4230 regnum'obtinet,
1907 4160 2082 4232 magis

505 4265 670 4325 egent
693 4255 1036 4323 adiumento.
1053 4253 1155 4306 llic
1181 4261 1366 4306 autem
1391 4253 1682 4307 audiamus
1709 4254 2078 4319 contrarium,

506 4347 652 4416 quod
691 4345 901 4399 homini
927 4344 1024 4414 qui
1075 4350 1161 4398 est
1188 4343 1448 4414 princeps
1494 4353 1550 4399 et
1575 4344 1836 4400 dominus
1862 4386 1876 4411 ,
1909 4360 1968 4402 et
1991 4348 2078 4402 cui

2211 499 2363 556 Bona
2387 495 2654 560 autemet
2670 507 2916 564 clemens
2946 511 3190 582 adiutrix
3213 495 3332 583 ipsa
3371 495 3580 569 Christi
3603 515 3808 570 Eccle-

2209 593 2314 660 sia,
2347 596 2610 665 prtebens
2635 601 3026 668 peccatoribus
3053 603 3239 658 locum
3265 614 3324 660 et
3367 614 3588 674 tempus
3611 606 3806 674 paeni-

2210 687 2420 753 tentias,
2447 696 2505 742 et
2536 687 2782 746 latrones
2827 703 2886 748 et
2925 709 3133 766 magos,
3163 703 3222 750 et
3267 693 3366 750 Dei
3397 703 3700 766 negatores
3741 706 3807 752 et

2208 779 2534 838 idololatras
2576 791 2762 853 potest
2814 786 3033 848 cﬁicere
3073 789 3224 844 cives
3255 789 3381 844 caeli
3429 799 3488 842 et
3533 789 3806 845 heredes

2206 873 2449 941 paradisi
2472 890 2538 929 ac
2585 876 2739 946 regni
2798 878 3088 932 calorum.
3124 877 3412 944 Quomodo
3440 889 3627 935 autem
3666 881 3803 951 ipsa

2204 961 2352 1018 facta
2399 973 2489 1019 est
2541 974 2598 1020 ct
2641 967 2942 1022 constituta
2983 984 3049 1022 ac
3083 969 3382 1024 nominata
3433 970 3683 1040 adiutrix
3734 982 3802 1025 et

2207 1057 2479 1112 servatrix
2502 1057 2716 1124 mundi,
2745 1059 2939 1114 audiat
2955 1061 3126 1115 surda
3152 1060 3434 1132 Synagoga
3457 1078 3621 1117 suum
3653 1079 3798 1134 pro-

2203 1145 2426 1215 phetam
2449 1147 2655 1204 Mosem
2703 1149 2981 1205 dicentem
3008 1169 3022 1204 :
3058 1150 3131 1204 Et
3154 1152 3294 1206 misit
3343 1152 3606 1208 Dominus
3635 1155 3797 1210 Deus

2202 1237 2456 1288 exstasim
2485 1237 2541 1288 in
2559 1235 2848 1305 A-damum,
2881 1247 2932 1292 et
2960 1241 3138 1310 sopiit,
3187 1249 3240 1294 et
3286 1230 3482 1312 accepit
3517 1260 3688 1308 unum
3720 1261 3796 1299 ea:

2201 1327 2356 1380 costis
2383 1327 2519 1398 ejus,
2543 1337 2592 1382 et
2639 1328 2860 1400 replevit
2881 1347 3096 1386 carnem
3118 1348 3214 1402 pro
3236 1335 3354 1404 ipsa
3378 1350 3397 1397 ;
3423 1343 3474 1388 et
3494 1334 3798 1403 (editioni:

2200 1417 2629 1474 DominuDeus
2689 1431 2888 1476 costam
2927 1439 3089 1493 quam
3113 1425 3312 1494 accepit
3358 1440 3424 1478 ea:
3461 1427 3668 1480 Adamo
3728 1429 3794 1482 in

2200 1510 2494 1578 mulierem,
2531 1520 2582 1566 et
2619 1513 2842 1567 adduxit
2862 1529 2980 1567 eam
3006 1514 3076 1567 ad
3101 1514 3384 1568 Adamam.
3437 1515 3794 1570 Profundam

2200 1601 2294 1657 hic
2322 1603 2488 1658 video
2521 1603 2822 1660 dictionem
2843 1613 2902 1659 et
2935 1605 3314 1676 contemplatu
3331 1606 3794 1670 dilﬂcilem,cum

2200 1693 2314 1748 sint
2358 1694 2531 1749 multa
2561 1695 2730 1750 dubia
2767 1696 2823 1750 in
2845 1697 2917 1751 iis
2945 1713 3069 1766 qua:
3099 1707 3234 1752 sunt
3287 1699 3589 1768 proposita.
3621 1699 3796 1753 illud

2197 1792 2325 1839 ante
2345 1785 2453 1840 alia
2479 1785 2688 1842 inﬁdeli
2708 1797 2765 1843 et
2781 1789 3196 1844 earnaliJudmo
3216 1791 3400 1860 exigat
3426 1791 3703 1856 Ecclesia,
3727 1801 3801 1846 ut

2197 1875 2348 1930 dicat
2377 1878 2681 1946 quomodo.
2719 1894 2847 1934 cum
2876 1881 3027 1936 Deus
3073 1888 3252 1937 staret
3271 1883 3430 1953 iuxta
3477 1882 3794 1949 Adamum,

2194 1977 2254 2024 et
2306 1969 2478 2024 veluti
2513 1971 2750 2040 quadam
2804 1971 3012 2027 medici
3055 1981 3194 2038 arte,
3242 1981 3305 2028 ut
3357 1982 3418 2028 tu
3464 1973 3796 2040 existimas,

2194 2068 2412 2114 secaret
2444 2061 2566 2131 eius
2591 2069 2824 2124 costam,
2861 2061 3000 2117 dicit
3019 2047 3344 2134 Scriptura:
3393 2063 3628 2134 Repleuit
3651 2079 3798 2118 oar-

2194 2163 2313 2201 nem
2335 2165 2432 2218 pro
2452 2165 2537 2216 ea,
2559 2153 2614 2202 et
2631 2151 2857 2205 adduxit
2877 2167 2998 2207 eam
3015 2153 3086 2206 ad
3116 2153 3413 2219 Adamum;
3435 2168 3558 2209 cum
3589 2161 3798 2224 nedue

2193 2239 2340 2295 Deus
2369 2245 2733 2307 recessisset,
2765 2259 2949 2314 neque
2978 2245 3181 2301 mulier
3225 2261 3348 2315 qua
3373 2245 3514 2300 facta
3541 2255 3666 2301 erat
3709 2261 3802 2302 ex

2191 2327 2424 2392 Adamn,
2451 2330 2552 2387 sed
2574 2331 2740 2386 ambo
2763 2333 2930 2388 simul
2963 2341 3190 2401 essent,
3225 2333 3374 2389 unde
3397 2334 3630 2392 adduxit
3649 2351 3796 2391 eam

2191 2422 2341 2476 Deus
2363 2422 2432 2477 ad
2458 2423 2766 2478 Adamum?
2787 2423 3094 2495 Oportebat
3113 2426 3277 2481 ’enim
3307 2426 3526 2483 dicere:
3579 2427 3805 2496 Ᾰίᾱδῤ-

2191 2515 2330 2568 cavit
2353 2513 2614 2569 Dominus
2637 2515 2777 2570 Deus
2799 2526 2998 2572 costam
3025 2519 3084 2572 in
3113 2517 3407 2582 mulierem,
3441 2527 3492 2571 et
3541 2521 3802 2576 ostendit

2191 2619 2308 2658 eam
2330 2605 2558 2674 Adamo.
2579 2607 2722 2662 lllud
2734 2609 2910 2673 enim,
2944 2609 3164 2663 adduxit
3187 2610 3600 2680 eam,significat
3620 2612 3798 2680 quod

2189 2705 2484 2766 postquam
2513 2699 2634 2769 ipsa
2685 2699 2832 2756 facta
2877 2710 2982 2766 est,
3012 2701 3202 2771 aliquo
3227 2701 3443 2772 aufugit
3489 2711 3545 2756 et
3569 2704 3797 2772 procul

2189 2799 2447 2858 separata
2484 2791 2592 2846 fuit
2619 2807 2652 2846 a
2705 2787 2811 2848 suo
2839 2793 2985 2858 viro,
3019 2793 3236 2848 deinde
3276 2794 3424 2848 Deus
3451 2811 3456 2814 ·
3479 2793 3600 2848 eam
3635 2810 3802 2850 eon-

2189 2895 2408 2936 versam
2433 2880 2660 2938 reduxit
2685 2883 2753 2936 ad
2779 2881 3049 2937 Adamum
3072 2883 3242 2954 908
3259 2884 3562 2954 spiritalem
3589 2892 3649 2938 et
3685 2900 3800 2942 se-

2187 2981 2464 3040 natorem,
2491 2975 2841 3045 corporalem
2873 2983 2930 3030 et
2955 2975 3080 3046 ejus
3108 2976 3400 3046 coniugem
3440 2975 3792 3030 Ecclesium.

2110 3087 2154 3144 ο
2188 3063 2478 3130 Quomodo
2513 3067 2662 3120 enim
2696 3066 2863 3136 paulo
2918 3076 3049 3121 ante
3094 3065 3235 3120 dixit
3264 3067 3550 3137 Scriptura
3588 3068 3796 3136 cutio-

2188 3169 2312 3208 rum
2335 3163 2394 3210 et
2445 3155 2756 3210 bestiarum
2791 3165 2848 3212 et
2867 3158 3251 3228 iumentorum
3277 3157 3562 3212 ductorem
3589 3159 3793 3216 Deum

2187 3245 2561 3302 adducentem
2585 3249 2654 3302 ad
2681 3247 2956 3302 Adamum
2987 3257 3044 3302 et
3065 3249 3278 3304 bestias
3295 3258 3356 3304 et
3383 3249 3656 3314 volucres,
3689 3251 3796 3310 ita

2186 3351 2340 3392 nunc
2369 3353 2497 3392 eum
2530 3339 2702 3394 refert
2729 3354 2942 3410 sponsa:
2971 3339 3335 3395 deductorem
3395 3339 3791 3396 adducentem

2186 3443 2446 3498 sponsam
2492 3429 2563 3484 ad
2613 3445 2882 3500 sponsum
2925 3429 3232 3490 Christum.
3269 3429 3377 3484 Sed
3419 3438 3796 3486 revertamur

2186 3516 2256 3570 ad
2287 3516 2512 3570 initium
2570 3519 2864 3583 orationis,
2894 3527 3207 3588 quaerentes
3241 3534 3310 3574 ex
3341 3534 3408 3574 eo
3428 3519 3638 3573 discere
3663 3523 3792 3589 qui

2179 3607 2342 3678 iubet
2387 3615 2446 3662 et
2491 3607 2658 3662 dicit:
2683 3607 2914 3674 Quwrite
2950 3618 3001 3663 et
3040 3611 3314 3665 invenietis
3347 3611 3416 3665 ⁸⁷.
3449 3598 3786 3678 Quomodo,
3811 3636 3832 3650 ο

2185 3713 2312 3754 cum
2349 3710 2633 3759 narrasset
2686 3702 2850 3758 nobis
2877 3703 3160 3774 Scriptura
3191 3718 3537 3758 communem
3567 3712 3628 3758 et
3675 3703 3792 3761 inv

2185 3789 2473 3844 dividuam
2546 3800 2604 3846 et
2666 3791 3355 3860 incorruptam'hominis
3395 3800 3452 3846 et
3506 3793 3794 3864 mulieri;

2184 3879 2776 3950 creationem,quando
2795 3881 2964 3935 dixit:
2997 3880 3069 3936 Et
3095 3881 3214 3952 fecit
3244 3876 3382 3936 Deus
3399 3884 3792 3949 ltomiuem,ad

2183 3973 2473 4041 imaginem
2514 3970 2616 4028 Dei
2644 3971 2764 4043 fecit
2817 3974 3012 4044 ipsum,
3046 3973 3346 4028 masculum
3393 3981 3442 4028 et
3503 3976 3794 4044 feminam

2184 4063 2302 4133 fecit
2335 4066 2474 4136 ipsos
2495 4081 2514 4130 ;
2539 4073 2732 4135 postea
2750 4074 2938 4119 narrat
2953 4065 3212 4135 privatim
3236 4081 3302 4119 ac
3325 4065 3599 4136 sigillatim
3617 4067 3790 4126 duas

2183 4163 2468 4227 separatas
2491 4158 2884 4228 generationes
2911 4157 3144 4228 penitus
3187 4145 3437 4213 diversas
3482 4173 3545 4212 ac
3587 4158 3789 4216 dissi-

2183 4247 2364 4313 miles,
2387 4255 2443 4302 et
2471 4263 2596 4317 quae
2628 4249 2774 4303 inter
2817 4263 2876 4304 se
2922 4249 3133 4314 nullam
3184 4249 3392 4303 habent
3442 4241 3792 4308 similitudi-

2184 4352 2524 4409 nem,neque
2543 4339 2692 4409 quod
2723 4339 2926 4394 attinet
2957 4341 3022 4394 ad
3045 4341 3480 4410 inodum,neque
3506 4342 3658 4412 quod
3689 4347 3790 4402 ad

507 4447 639 4492 sunt
705 4438 892 4491 omnia
955 4437 1202 4506 subiecta
1255 4438 1358 4490 sub
1393 4436 1632 4506 pedibus
1661 4439 1814 4508 eius;
1855 4454 1967 4494 non
1995 4424 2388 4494 εει-91001111).
2423 4430 2696 4510 Adam!!!“
2738 4431 3015 4502 Siquidem
3049 4431 3200 4495 fecit
3229 4443 3384 4488 extra
3445 4433 3788 4502 paradisum

507 4532 768 4584 inventus
804 4530 1026 4599 adiutor
1070 4527 1399 4596 spiritualis,
1448 4527 1672 4597 adiutor
1697 4529 1844 4599 apud
1883 4531 2082 4598 Deum,

508 4626 726 4693 adjutor
753 4623 970 4684 animae,
995 4629 1142 4675 recte
1167 4635 1359 4674 curam
1384 4635 1589 4693 gerens
1622 4620 1772 4675 illius
1806 4621 2082 4678 hominis:

509 4717 678 4776 illius,
699 4715 960 4782 .inquam,
984 4711 1079 4782 qui
1135 4709 1337 4765 cecidit
1367 4710 1421 4764 in
1485 4709 1752 4777 latrones,
1805 4724 1863 4767 et
1896 4729 1928 4768 a
1973 4715 2087 4770 Deo

506 4809 740 4878 aufugit,
763 4793 820 4862 et
843 4805 949 4858 fuit
983 4803 1331 4869 vulneratus,
1359 4811 1416 4856 ct
1447 4801 1624 4856 evasit
1657 4804 1944 4876 prodigus.
1979 4806 2086 4872 Qui

506 4911 693 4958 autem
728 4907 990 4966 tanquam
1045 4895 1339 4950 haereticus
1359 4903 1415 4950 et
1456 4894 1678 4950 invidus
1703 4895 1970 4952 adversus
2015 4915 2080 4954 ea

505 5009 632 5064 qua:
685 4991 952 5044 dicuntur
989 4987 1346 5048 contradicit,
1408 4986 1506 5041 sed
1568 4997 1760 5042 contra
1809 4989 2077 5058 Spiritum

507 5091 760 5140 sanctum
785 5090 844 5135 et
868 5079 1152 5136 Christum
1183 5080 1278 5148 qui
1305 5093 1403 5148 per
1431 5094 1494 5133 os
1528 5078 1706 5143 Pauli,
1731 5096 2080 5152 quaecunque

508 5178 773 5232 dicuntur
789 5174 859 5228 de
895 5173 1106 5227 Adamo
1135 5180 1192 5226 et
1229 5172 1360 5235 Eva,
1394 5171 1568 5225 refert
1613 5169 1682 5224 ad
1714 5169 1999 5226 Christum
2022 5183 2080 5228 et

506 5267 832 5326 Ecclesiam.
869 5266 1134 5335 Siautem
1166 5262 1302 5318 dicit
1329 5261 1901 5332 JudaeusJegitimnm
1947 5279 2087 5332 quo-

510 5373 618 5427 que
645 5358 854 5411 cultqu
891 5369 1013 5410 esse
1045 5353 1354 5422 adiutorem
1401 5351 1684 5405 hominis:
1749 5351 2084 5422 cuiusmodi,

512 5463 718 5518 quaeso,
748 5456 833 5502 est
873 5446 920 5501 is
967 5444 1208 5515 adjutor,
1237 5442 1330 5511 qui
1363 5455 1584 5496 omnem
1642 5449 1960 5509 peccantem
1986 5440 2088 5494 ho-

511 5541 715 5596 minem
741 5539 922 5593 statim
953 5538 1191 5608 puniens
1224 5537 1364 5588 citra
1398 5532 1889 5598 condonationcm,
1935 5533 2087 5588 nulla

582 5719 628 5758 ⁸⁷
687 5718 880 5776 Matth.
919 5734 1013 5785 vti,
1037 5719 1090 5772 7.

2182 4525 2240 4579 in
2275 4523 2516 4594 quodam
2541 4523 2666 4578 loco
2690 4523 3072 4588 inenarrabili,
3100 4535 3158 4579 et
3185 4524 3680 4594 ininterpretabili,
3713 4539 3794 4587 et

2183 4615 2766 4686 incomprehensibili,
2823 4615 2971 4671 sicut
3001 4617 3170 4671 etiam
3231 4617 3364 4671 alibi
3395 4617 3529 4681 dixi,
3554 4618 3788 4678 deinde

2184 4723 2489 4773 eum,cum
2549 4715 2697 4764 esset
2743 4717 2923 4772 extra,
2975 4709 3286 4764 introduxit
3327 4709 3738 4780 in‘paradisum
3767 4734 3786 4769 :

2184 4802 2480 4858 mulierem
2507 4813 2691 4856 autem
2715 4802 2869 4856 intus
2899 4803 3033 4857 fecit
3075 4801 3131 4856 in
3191 4802 3468 4872 paradiso.
3497 4801 3792 4868 Quando-

2187 4893 2414 4966 quidem
2468 4891 2726 4949 Christus
2772 4907 2998 4962 quoque
3035 4893 3376 4948 intrinsecus
3422 4909 3454 4947 a
3483 4893 3646 4947 Patre
3697 4909 3791 4951 ex

2186 4987 2310 5042 loco
2367 4986 2556 5056 ignoto
2613 4994 2671 5040 et
2716 4969 3184 5053 ininterpretabili
3217 4975 3366 5056 (cuin
3413 4993 3558 5040 esset
3613 4986 3790 5045 Deus

2182 5076 2456 5145 Verbum)
2509 5077 2579 5132 ad
2609 5091 2714 5130 nos
2738 5084 2826 5131 est
2873 5076 3178 5146 ingressus.
3212 5077 3419 5131 Deinde
3459 5076 3785 5134 Ecclesiam

2188 5187 2313 5240 quae
2343 5169 2570 5234 dicitur,
2622 5169 2952 5240 adiutricem
2987 5169 3119 5223 fecit
3159 5170 3508 5238 ex-propria
3550 5170 3606 5221 in
3643 5169 3788 5238 ipso

2186 5271 2358 5318 costa.
2385 5263 2456 5316 Et
2485 5262 2613 5317 ideo
2635 5261 2844 5316 divisas
2878 5269 2936 5316 et
2967 5261 3274 5324 dissimiles
3318 5261 3512 5316 Adami
3543 5269 3602 5315 et
3637 5262 3788 5320 Eva;

2187 5354 2581 5424 generationes
2608 5353 2770 5408 nobis
2817 5353 2988 5408 refert
3019 5369 3177 5408 sacra
3209 5353 3516 5428 Scriptura,
3573 5361 3639 5407 ut
3667 5357 3782 5422 qui

2187 5445 2342 5499 illum
2375 5445 2602 5514 quidem
2637 5460 2702 5499 ex
2737 5453 2880 5499 terra
2909 5443 3151 5498 inanima
3199 5445 3353 5514 prius
3383 5444 3603 5499 ﬁnxerit
3645 5445 3788 5500 ina-

2191 5536 2434 5601 nimum;
2471 5545 2526 5591 et
2572 5535 2772 5590 deinde
2799 5534 3043 5590 Verbum
3091 5551 3252 5589 suum
3288 5546 3346 5590 et
3382 5535 3580 5600 Deum,
3639 5551 3785 5596 cum
