4042 6292
219 238 341 305 1001

1267 236 1348 296 ΙΝ
1387 226 1936 295 ΗΕΧΑΕΜΕΒΟΝ.
1969 251 2036 261 -
2063 226 2210 285 LIB.
2256 225 2334 283 ῐΧ

3313 213 3445 275 10333

212 364 348 412 esset
371 347 632 404 inanimis
660 345 860 418 (neque
913 345 1061 399 enim
1087 357 1154 397 cx
1177 358 1235 398 se
1259 353 1343 397 cst
1370 339 1597 409 animal)
1616 326 1629 333 ’
1648 336 1772 392 ani-
1802 341 1847 397 Α
1877 333 2203 406 (Synagoga.
2229 332 2474 401 inquam,
2506 328 2844 394 intimorum)
2874 334 3130 380 manente
3173 341 3281 378 non
3314 329 3446 379 sub-

213 449 429 506 matum,
458 455 584 495 cum
618 453 728 493 non
754 447 904 493 esset
940 437 1164 500 animal,
1222 435 1528 489 animatum
1565 426 1773 501 produ-
1870 426 2036 496 jecta.
2069 427 2145 480 Ea
2177 425 2246 480 de
2275 439 2440 478 causa
2471 422 2606 475 dicit
2629 420 2775 489 quod
2805 419 3022 489 accepit
3051 434 3213 472 unam
3240 433 3305 471 ex
3330 417 3450 487 ejus

216 533 349 590 xerit
372 550 384 584 :
407 538 465 585 et
496 529 699 585 deinde
730 528 1009 599 animarit,
1036 525 1277 588 ﬁnxerit,
1333 534 1390 578 et
1428 521 1731 577 viviﬁcarit
1761 537 1772 571 :

217 621 353 676 hanc
383 633 516 673 vero
550 633 619 672 ex
650 616 889 671 animata
934 616 1255 677 animatam,
1307 621 1364 667 et
1412 627 1481 667 ex
1532 610 1777 681 perfecta

219 711 529 782 perfectam,
567 716 627 764 et
650 723 717 762 ex
767 707 889 763 viva
942 706 1223 762 viventem
1260 704 1429 758 vitam
1477 701 1780 758 fabricatus

220 803 283 858 sit
328 810 383 855 et
425 800 752 871 appellarit,
798 800 906 857 hoc
953 806 1061 861 est,
1110 797 1164 852 ei
1193 796 1467 868 placuerit
1500 804 1561 849 ut
1613 795 1781 849 homo

220 902 403 948 mente
425 902 484 946 et
505 891 693 946 anima
740 890 1005 960 praeditus
1062 888 1220 943 ﬁeret
1257 887 1519 942 Verbum.
1580 886 1782 941 Factus

217 985 358 1040 enim
388 985 553 1038 homo
603 983 905 1040 animatus.
928 980 1231 1037 Ecclesiam
1286 995 1352 1035 ex
1384 995 1442 1034 se
1467 978 1778 1043 :editicarit,

220 1076 513 1133 animatam
540 1074 751 1146 Spiritu
780 1082 995 1129 sancto.

288 1167 344 1223 Si
412 1175 595 1221 autem
632 1180 757 1234 qua:
813 1164 940 1219 dico
1007 1160 1225 1228 irridet,
1281 1175 1515 1232 corpora
1569 1158 1791 1229 sapiens

221 1258 464 1321 ludaeus,
502 1258 621 1326 ipse
663 1256 826 1311 nobis
860 1255 1009 1309 dicat
1038 1254 1319 1324 quomodo
1349 1255 1495 1307 Deus
1530 1250 1788 1319 omnipo-

222 1359 364 1412 tens,
392 1349 484 1417 qui
511 1361 705 1401 omnes
729 1345 984 1400 caelestes
1005 1345 1243 1399 virtutes
1268 1343 1322 1397 in
1354 1347 1789 1396 momento-tem-

222 1439 369 1508 poris
402 1438 567 1493 simul
617 1439 692 1491 ita
734 1444 794 1491 ut
825 1451 928 1505 per
975 1450 1035 1490 se
1074 1442 1264 1491 essent
1324 1432 1555 1510 creavit,
1611 1430 1789 1485 solum

220 1531 501 1603 hominem
555 1537 613 1584 et
667 1530 963 1584 humanam
996 1527 1408 1583 multitudinem
1463 1540 1571 1579 non
1627 1522 1790 1578 simul

221 1621 399 1683 ﬁnxit,
451 1635 629 1688 neque
681 1618 828 1688 ipsos
877 1617 1046 1681 duos,
1102 1616 1399 1681 Adamum,
1435 1614 1679 1684 inquam.
1736 1620 1794 1666 et

218 1710 432 1764 Evam?
472 1709 625 1765 Unde
655 1709 822 1764 etiam
853 1723 983 1762 cum
1010 1722 1204 1762 omnes
1234 1706 1457 1761 fecisset
1506 1703 1713 1759 bestias
1737 1709 1794 1755 et

221 1799 528 1854 animantia
547 1807 604 1852 et
643 1797 897 1852 volucres
920 1804 977 1852 et
1026 1795 1210 1865 pisces
1239 1792 1546 1849 secundum
1596 1806 1794 1863 genus,

222 1898 639 1962 utgenerarent
696 1889 981 1944 masculus
1028 1896 1085 1944 et
1133 1887 1337 1942 femina
1393 1901 1494 1957 per
1541 1894 1798 1939 mutuum

219 1985 370 2038 inter
411 1998 471 2037 se
498 1997 860 2053 congressum
894 1989 949 2036 et
975 1983 1206 2044 coitum,
1235 1993 1581 2049 nequaquam
1609 1978 1665 2032 in
1691 1977 1802 2031 illis

219 2076 487 2130 omnibus
535 2073 838 2127 nominavit
867 2071 1156 2142 Scriptura
1182 2071 1489 2126 masculum
1534 2079 1593 2125 et
1626 2068 1792 2124 femi-

220 2183 373 2227 nam,
403 2166 512 2220 nisi
540 2165 595 2219 in
620 2167 738 2219 sole
768 2165 996 2219 homine
1032 2174 1090 2218 et
1121 2164 1255 2224 Eva.
1307 2162 1541 2217 dicens:
1590 2160 1802 2216 Mascu—

220 2260 333 2314 lum
386 2271 442 2314 et
472 2261 724 2329 feminam
766 2259 885 2328 fecit
921 2273 1028 2312 eos.
1064 2256 1221 2323 Quod
1246 2255 1471 2325 quidem
1513 2267 1615 2308 nos
1642 2252 1805 2307 docet

217 2352 556 2408 admirabile
628 2352 984 2420 mysterium;
1044 2350 1170 2405 dico
1235 2356 1421 2403 autem
1480 2345 1803 2416 mysterium

217 2444 438 2500 Christi
470 2453 528 2499 et
557 2444 839 2499 Ecclesiae.
889 2442 1031 2497 Dicit
1071 2441 1222 2497 enim
1258 2459 1270 2493 :
1313 2439 1380 2494 Et
1407 2440 1626 2493 immisit
1666 2436 1804 2490 Deus

215 2541 483 2593 exstasim
510 2540 565 2592 in
589 2539 812 2592 Adamo.
840 2538 962 2592 Non
989 2537 1149 2599 dixit,
1205 2537 1367 2601 misit,
1416 2534 1535 2598 sed,
1557 2535 1806 2598 immisit;

220 2629 333 2685 hoc
357 2640 481 2685 est:
509 2630 627 2683 Non
658 2629 725 2684 ad
771 2629 879 2683 hoc
930 2628 1083 2697 quod
1136 2627 1381 2682 habebat
1408 2625 1803 2687 essentialiter,

218 2722 459 2777 immisit
493 2723 637 2775 Deus
679 2729 739 2775 et
768 2721 950 2786 Pater,
983 2720 1079 2775 sed
1108 2718 1176 2773 ad
1212 2719 1265 2773 id
1316 2718 1466 2798 quod
1512 2733 1615 2788 per
1653 2716 1809 2772 addi-

216 2812 443 2869 tionem
473 2828 540 2867 ex
567 2813 979 2883 dispensatione
996 2811 1190 2866 habuit
1211 2825 1310 2881 per
1329 2822 1575 2865 carnem.
1607 2809 1810 2865 Exces-

215 2905 296 2961 sit
331 2907 490 2959 enim
520 2905 697 2960 factus
718 2904 865 2973 quod
898 2919 1010 2958 non
1048 2911 1190 2967 erat,
1244 2917 1477 2958 manens
1530 2909 1717 2957 autem
1752 2901 1807 2956 id

1875 518 2083 572 costis:
2114 532 2221 571 una
2258 516 2406 570 enim
2446 513 2770 575 assumitur,
2805 511 2911 564 alia
2940 525 3071 563 vero
3128 509 3451 564 dimittitur.

1828 624 1833 627 '
1876 607 2023 661 Duas
2057 621 2189 676 ergo
2215 614 2399 661 costas
2427 603 2690 665 diximus,
2728 601 2867 655 duas
2906 600 3217 657 Ecclesias:
3256 616 3456 670 nempe

1874 714 1996 754 eam
2028 713 2152 769 qua:
2177 702 2262 752 εει
2294 712 2361 752 ex
2376 695 2633 767 gentibus
2653 703 2709 747 et
2737 710 2858 748 eam
2886 709 3009 764 qua:
3036 704 3204 749 estex
3227 693 3457 755 Judacis.

1876 788 2323 861 quandoquidem
2352 795 2579 857 pr0pter
2593 800 2712 840 eam
2740 795 2950 843 costam
2976 801 3098 857 quae
3124 796 3344 856 sumpta
3372 797 3460 842 est

1880 891 1938 937 et
1969 879 2236 935 aediﬁcata
2260 879 2319 934 in
2348 879 2661 942 mulierem,
2709 876 2917 932 dictum
2949 885 3035 933 est
3077 876 3147 932 de
3182 876 3411 933 Christo
3444 897 3458 931 :

1891 972 2175 1044 Relinquat
2195 979 2401 1040 patrem
2426 988 2582 1026 suum
2606 971 2915 1026 secundum
2960 986 3210 1035 Carnem,
3266 986 3464 1040 nempe

1884 1064 2149 1138 populum
2200 1062 2513 1126 Iudaicum,
2556 1071 2605 1114 et
2652 1071 2878 1117 matrem
2925 1079 3081 1117 suam
3102 1077 3226 1132 quae
3285 1061 3463 1132 ipsum

1886 1157 2107 1227 peperit
2137 1155 2479 1228 Syuagogam
2505 1173 2517 1205 :
2547 1164 2595 1207 et
2643 1153 2933 1207 adhwrebit
2964 1154 3119 1208 uxori
3150 1168 3280 1216 sum,
3344 1168 3467 1222 qua:

1888 1263 1957 1304 ex
1984 1262 2051 1302 eo
2078 1254 2207 1302 nata
2255 1259 2341 1302 est
2386 1254 2575 1309 costae,
2601 1244 2866 1300 Ecclesia:
2919 1245 3137 1300 scilicet
3182 1245 3465 1316 gentium:

1892 1349 1941 1393 et
1977 1347 2132 1393 erunt
2169 1337 2272 1392 duo
2304 1339 2358 1391 in
2383 1354 2598 1392 carnem
2630 1352 2794 1391 unam
2837 1336 2903 1390 '°.
2942 1335 3201 1391 Christus
3232 1338 3381 1392 enim
3413 1346 3469 1393 et

1890 1429 2140 1486 Ecclesia
2172 1445 2281 1485 una
2329 1439 2415 1485 est
2464 1429 2762 1485 consensio
2811 1438 2867 1485 et
2921 1429 3309 1484 consonantia.
3351 1425 3461 1482 Nos

1893 1522 2039 1576 enim
2066 1537 2261 1579 sumus
2277 1537 2480 1593 corpus
2495 1521 2730 1587 Christi,
2745 1531 2800 1577 ct
2824 1521 3070 1576 membra
3092 1538 3160 1577 ex
3182 1522 3468 1586 membris.

1894 1622 1950 1668 et
1981 1630 2176 1670 carnes
2224 1623 2281 1670 et
2326 1630 2471 1671 ossa.
2503 1615 2622 1670 Dici
2652 1622 2884 1685 possunt
2914 1615 3081 1672 etiam
3139 1614 3262 1670 dua:
3304 1623 3473 1670 eosne

1894 1707 2101 1763 Christi
2137 1708 2368 1762 secundi
2425 1707 2643 1771 Adami,
2673 1708 2792 1780 ejus
2815 1708 3083 1767 divinitas
3112 1716 3169 1763 et
3217 1708 3475 1763 humani-

1897 1812 2000 1869 tas,
2041 1803 2214 1858 altera
2246 1803 2469 1874 quidem
2503 1803 2720 1873 (nempe
2751 1804 2900 1873 caro)
2931 1802 3179 1873 subjecta
3219 1814 3276 1858 et
3312 1818 3474 1872 supe-

1899 1901 2015 1949 rata
2045 1909 2074 1948 a
2104 1908 2300 1949 somno
2319 1892 2540 1958 mortis;
2572 1892 2839 1955 divinitas
2871 1908 3004 1949 vero
3058 1908 3169 1947 non
3226 1894 3473 1963 subjecta

1899 1995 1955 2042 et
1996 1995 2256 2057 superata
2288 2000 2318 2039 a
2372 2000 2569 2041 somno
2605 1983 2821 2049 mortis,
2865 1983 2965 2039 sed
3010 1984 3177 2040 altior
3225 1985 3473 2056 subjecta

1901 2077 2074 2131 altera
2101 2087 2253 2130 costa
2279 2074 2484 2130 carnis.
2517 2073 2690 2142 Quam
2744 2073 2968 2144 quidem
3000 2090 3131 2128 cum
3166 2075 3475 2145 accepisset

1903 2168 2068 2233 Deus,
2106 2166 2403 2223 aediﬁcavit
2432 2182 2551 2223 eam
2607 2167 2661 2220 in
2691 2167 2982 2221 mulierem
3029 2166 3366 2221 Ecclesiam:
3419 2176 3477 2220 ct

1902 2274 2004 2329 pro
2033 2274 2097 2314 ea
2117 2258 2349 2329 replevit
2369 2257 2575 2314 Christi
2589 2272 2834 2312 carnem.
2849 2257 2986 2312 Nam
3003 2273 3127 2312 cum
3145 2273 3247 2313 nos
3275 2258 3479 2326 imper-

1904 2350 2088 2406 tiissct
2120 2350 2438 2414 divinitate,
2470 2348 2715 2404 vicissim
2737 2364 2767 2403 a
2795 2348 2959 2403 nobis
2990 2348 3205 2418 accepit
3231 2363 3474 2403 carnem.

1905 2442 1982 2497 De
2020 2458 2130 2512 qua
2158 2441 2568 2512 permutatione
2607 2440 2720 2501 Deo
2769 2438 2991 2495 dicebat
3026 2438 3220 2502 David,
3277 2438 3480 2494 adver—

1907 2549 2003 2588 sus
2021 2534 2244 2589 Iudaeos
2276 2533 2590 2587 exclamans
2631 2541 2688 2588 et
2717 2531 2909 2586 dicens
2955 2549 2967 2585 :
3016 2530 3483 2602 Erprobraverunt

1909 2625 2370 2679 commutationem
2464 2619 2661 2677 Christi
2707 2620 2783 2673 tui
2815 2622 2897 2685 τίς
2954 2613 3065 2677 hoc
3121 2629 3228 2680 est,
3260 2635 3483 2676 carnem

1910 2714 2033 2769 Filii
2056 2715 2363 2770 atl‘ecerunt
2408 2712 2614 2783 probro
2665 2720 2723 2768 et
2766 2710 3121 2767 contumelia.
3169 2710 3238 2767 Et
3270 2714 3486 2768 immisit

1911 2806 2052 2862 Deus
2076 2805 2325 2861 exstasim
2352 2806 2405 2858 in
2424 2803 2616 2867 Adam,
2641 2810 2689 2857 et
2704 2804 2888 2874 sopiit,
2922 2811 2972 2856 et
2995 2805 3190 2875 accepit
3233 2820 3398 2859 unam
3424 2820 3489 2858 es:

1912 2900 2066 2955 costis
2084 2900 2218 2969 ejus.
2244 2897 2352 2952 Per
2378 2896 2485 2950 hoc
2509 2895 2774 2951 discimus
2807 2894 2955 2964 quod
2985 2895 3040 2950 in
3074 2895 3280 2952 Christi
3308 2905 3488 2953 morte

215 2998 376 3067 quod
418 3004 542 3051 erat
579 2997 720 3051 Deus
738 2996 1004 3051 Verbum:
1031 2995 1265 3051 excessit
1297 3009 1430 3049 cum
1455 3002 1599 3049 esset
1623 2992 1806 3048 nudus
1837 3005 1881 3065 ο
1916 2998 2224 3046 θιοτιειεῑ
2276 2997 2334 3044 et
2388 2988 2445 3043 in
2504 2988 2684 3044 lucem
2713 2988 2988 3059 processit
3035 2989 3317 3055 Ecclesia,
3365 3005 3489 3060 quae

213 3097 275 3142 et
304 3088 739 3155 incompositus,
764 3086 940 3142 factus
973 3087 1315 3157 compositus
1370 3086 1516 3142 Deus
1560 3087 1722 3142 simul
1756 3096 1813 3143 et

214 3177 423 3237 homo.
458 3178 534 3232 De
556 3179 885 3247 quaexstasi
912 3193 1012 3232 seu
1053 3192 1286 3233 excessu
1344 3186 1401 3231 et
1428 3177 1813 3232 incarnatione

213 3270 371 3325 dixit
402 3269 460 3324 ei
494 3269 763 3337 propheta
815 3268 1107 3324 Habacuc:
1162 3268 1469 3322 Dissecuisti
1524 3270 1580 3322 in
1614 3271 1816 3323 exstasi

213 3364 409 3433 capita
451 3371 727 3432 potentum
761 3362 829 3426 “,
859 3362 967 3417 hoc
1024 3369 1131 3427 est,
1164 3362 1527 3418 adversarum
1574 3369 1818 3433 potestao

213 3461 368 3510 tum.
399 3452 516 3509 Pro
545 3452 749 3508 exstasi
779 3462 964 3508 autem
986 3454 1136 3509 alius
1164 3453 1444 3524 interpres
1469 3454 1608 3509 dixit
1638 3463 1820 3525 torpo-

212 3561 378 3610 rem;
415 3544 591 3608 alius,
613 3552 942 3610 veternum;
969 3545 1112 3599 alius
1146 3559 1426 3601 somnum.
1466 3545 1682 3616 Torpor
1717 3560 1818 3600 au-

212 3643 364 3697 tem,
394 3643 671 3690 veternus
688 3643 747 3688 et
772 3646 1024 3697 somnus,
1052 3646 1184 3691 sunt
1217 3638 1346 3692 vitm
1376 3646 1433 3691 et
1470 3638 1668 3692 mortis
1690 3653 1822 3708 par-

212 3726 480 3797 ticipes;
513 3734 573 3780 ut
594 3725 643 3780 si
672 3726 886 3783 diceret
919 3716 1133 3782 {Prius
1164 3727 1495 3785 immortalis
1527 3738 1583 3785 et
1611 3730 1824 3784 insom-

208 3820 313 3874 nis
343 3820 509 3874 Deus
533 3818 778 3874 Verbum
812 3819 867 3873 in
893 3833 1122 3874 excessu
1146 3827 1203 3873 et
1226 3820 1379 3873 exitu
1414 3820 1630 3875 e'cmlis
1655 3834 1822 3875 carne

1916 3084 2139 3154 quidem
2187 3093 2270 3139 est
2318 3092 2491 3138 costa.
2543 3082 2914 3149 Quamobrem
2970 3080 3226 3137 Christus
3267 3098 3489 3152 quoque

1917 3186 2045 3248 post
2070 3160 2583 3246 mortemipunctus
2617 3175 2671 3229 in
2710 3189 2823 3229 uno
2874 3174 3070 3241 latere,
3132 3183 3390 3245 tanquam
3420 3191 3490 3230 ex

1918 3269 2259 3340 scaturigine
2291 3268 2480 3323 emisit
2511 3267 2835 3339 sanguinem
2866 3275 2924 3323 et
2955 3282 3190 3339 aquam;
3252 3270 3359 3325 hoc
3383 3281 3489 3336 est,

1918 3359 2244 3430 mysterium
2278 3367 2335 3413 et
2384 3363 2860 3430 regenerationem
2890 3360 3155 3417 Ecclesiae
3184 3378 3284 3432 per
3310 3363 3491 3432 ignem

1919 3460 1975 3505 et
2004 3467 2223 3521 aquam.
2258 3451 2326 3506 Et
2370 3451 2614 3506 nonfuit
2657 3440 2939 3508 sauciatus
2983 3455 3038 3508 in
3083 3455 3261 3509 altero
3286 3455 3489 3510 latere;

1919 3542 2053 3612 quid
2095 3542 2242 3596 enim
2293 3542 2398 3597 fuit
2448 3543 2841 3613 impedimento
2861 3544 3177 3602 Judeeorum
3230 3547 3490 3609 insaniae.

1921 3634 2221 3705 quominus
2254 3642 2542 3703 pateretur
2577 3634 2847 3692 Dominus
2896 3636 2950 3690 in
2975 3637 3271 3707 utrisque?
3303 3638 3410 3694 Sed
3434 3648 3496 3694 ut

1922 3726 2201 3782 discentes
2251 3724 2396 3796 quod
2444 3734 2594 3782 costa
2618 3726 2932 3783 Judaeorum
3003 3744 3125 3784 eam
3173 3745 3285 3785 non
3340 3732 3497 3786 novit

1926 3818 2194 3888 mulgerc,
2245 3832 2308 3872 ea
2344 3815 2413 3870 de
2443 3832 2607 3871 causa
2639 3816 2892 3873 Christus
2916 3802 3241 3875 vulneratur
3274 3821 3328 3876 in
3364 3838 3493 3878 una.

206 3916 701 3982 susciepta,earne
717 3910 884 3966 etiam
904 3911 1410 3981 guStavitsomnum
1425 3912 1620 3966 mortis
1645 3912 1823 3967 factus

209 4002 862 4071 homo.Sapientissime
890 4011 1075 4057 autem
1101 4001 1311 4057 dictum
1342 4010 1428 4058 est
1457 4002 1607 4073 quod
1639 4003 1826 4058 Domi—

202 4109 329 4150 nus
361 4094 516 4148 Deus
540 4094 756 4159 immisit
788 4092 1051 4162 in'ipsum
1075 4092 1217 4146 hanc
1246 4094 1495 4147 exstasim
1517 4108 1614 4147 seu
1638 4109 1826 4150 exces—
1926 4107 2052 4147 nem
2090 4092 2337 4162 suscepit
2378 4091 2585 4162 absque
2628 4092 2770 4159 viro,
2794 4093 2963 4148 etiam
2993 4095 3226 4165 replevit
3274 4113 3497 4155 carnem

202 4199 376 4249 sum,
415 4192 483 4238 et
498 4183 687 4252 sepiit.
713 4182 849 4237 Deus
878 4183 1029 4236 enim
1054 4190 1110 4237 et
1142 4183 1305 4237 Pater
1324 4184 1536 4253 praprio
1557 4180 1691 4236 Filio
1723 4198 1828 4235 non
1926 4200 2038 4241 non
2087 4184 2410 4240 seminatam
2457 4201 2559 4254 pro
2589 4185 2681 4239 illa
2715 4194 2868 4240 costa
2898 4202 3021 4256 qua:
3053 4197 3273 4259 sumpta
3314 4201 3403 4248 est
3430 4207 3499 4248 ex

200 4274 478 4348 pepercit
502 4312 516 4336 ,
545 4273 636 4326 sed
666 4288 761 4342 pro
785 4272 931 4327 nobis
951 4272 1189 4327 omnibus
1235 4273 1457 4327 tradidit
1482 4275 1653 4344 ipsum
1684 4274 1727 4305 “
1758 4273 1826 4329 ad
1865 4350 1873 4352 _
1931 4277 2140 4333 Adamn
2167 4277 2222 4331 in
2252 4292 2498 4332 uxorem.
2533 4278 2834 4348 Postquam
2882 4280 3060 4336 dixit:
3095 4280 3166 4337 Et
3218 4284 3499 4352 adiﬁcavit

198 4376 509 4424 mortem,
567 4362 622 4415 in
654 4379 761 4431 qua
788 4362 1030 4418 excessit
1074 4362 1363 4432 impolluta
1397 4363 1520 4433 ejus
1561 4364 1745 4417 anima
1793 4380 1823 4418 a
1859 4350 1899 4407 θ
1927 4366 2186 4422 Dominus
2222 4365 2359 4422 Deus
2394 4375 2614 4433 costam,
2646 4367 2853 4424 faciens
2882 4370 3205 4441 perfectum
3233 4350 3497 4444 punctum

198 4454 611 4514 sanetissimo
637 4469 869 4522 corpore
921 4460 1207 4523 separata:
1266 4469 1393 4509 cum
1439 4454 1557 4524 ipse
1601 4470 1825 4525 quoque
1927 4473 2158 4530 magnus
2186 4457 2460 4521 Clemens,
2490 4469 2548 4514 et
2590 4468 2722 4515 tunc
2746 4474 2944 4518 versus
2996 4463 3204 4519 faciens
3254 4466 3497 4532 initium,

198 4546 583 4604 excessisset
605 4560 634 4599 a
661 4546 1018 4615 corruptione
1069 4547 1125 4601 in
1181 4546 1678 4617 incorrUptionem,
1711 4558 1767 4603 et
1796 4564 1827 4603 a
1930 4550 2247 4621 subiunxit:
2281 4547 2455 4615 Quam
2478 4553 2677 4622 accepit
2708 4552 2772 4606 ab
2816 4551 2991 4608 Adam
3012 4555 3067 4608 in
3104 4555 3414 4622 mulierem;
3445 4566 3503 4613 et

196 4647 416 4696 morte
454 4636 529 4691 ad
558 4636 1057 4703 immortalitatem,
1102 4637 1314 4692 habens
1354 4653 1487 4692 vere
1520 4639 1827 4694 admirabi-
1931 4642 2068 4697 mihi
2102 4642 2323 4696 videtur
2373 4644 2461 4714 pie
2485 4643 2779 4699 admodum
2829 4646 3130 4703 attendisse
3176 4648 3500 4705 dictionem.

196 4734 330 4790 lem
356 4738 431 4785 et.
465 4728 821 4797 spiritualem
849 4728 1114 4783 exstasim
1147 4743 1244 4782 seu
1277 4744 1590 4785 excessum.
1618 4731 1694 4786 De
1718 4744 1829 4801 quo
1934 4733 2071 4788 Nam
2102 4732 2449 4788 Theodotion
2505 4750 2726 4804 quoque
2775 4734 2857 4790 sic
2887 4736 3146 4791 distinxit
3177 4722 3322 4794 idem
3372 4756 3503 4795 ver-

191 4823 359 4880 dicit
396 4821 605 4876 Deus:
660 4818 731 4873 Et
754 4819 973 4873 immisit
1003 4818 1260 4873 Dominus
1304 4818 1445 4873 Deus
1485 4818 1735 4873 exstasim
1770 4822 1829 4873 in
1935 4821 2090 4885 ltum,
2115 4828 2177 4874 ut
2221 4820 2294 4875 sit
2330 4820 2384 4874 id
2436 4821 2583 4890 quod
2625 4821 2869 4876 dicitur:
2908 4823 2979 4877 Et
3015 4825 3296 4893 aediﬁcavit
3326 4826 3508 4882 Domi-

188 4913 539 4973 Adamum,
566 4916 615 4960 et
641 4908 820 4978 sopiit,
856 4915 905 4960 et
931 4909 1127 4979 accepit
1145 4923 1312 4962 unam
1329 4922 1394 4961 ea:
1416 4910 1568 4962 costis
1599 4909 1734 4979 ejus.
1762 4908 1832 4963 Et
1938 4928 2036 4966 nus
2068 4910 2230 4978 Deus,
2260 4920 2308 4965 et
2335 4913 2562 4976 ornavit,
2606 4922 2982 4984 venustamque
3014 4923 3064 4968 et
3114 4915 3344 4987 lepidam
3391 4921 3509 4990 επιτ-

190 5018 315 5060 cur
343 4997 634 5057 costam?
683 4997 1006 5069 Subjectum
1040 4998 1353 5053 membrum
1376 5039 1390 5064 ,
1421 4998 1724 5054 dormienti
1745 5009 1834 5054 est
1938 5007 2029 5069 cit,
2086 5012 2135 5058 et
2172 5003 2520 5072 sanctiﬁcarit
2579 5011 2777 5057 costam
2811 5006 2987 5060 carnis
3018 5022 3179 5077 quam
3217 5011 3413 5079 accepit
3442 5011 3507 5064 ab

188 5109 321 5149 una
370 5097 553 5149 costa
581 5098 786 5158 ιιι-ξηει-
815 5098 1017 5147 caetera
1052 5092 1302 5149 membra
1331 5108 1346 5146 :
1381 5106 1552 5160 super
1577 5092 1687 5147 alia
1731 5107 1833 5147 au-
1943 5097 2143 5151 Adamo
2174 5095 2280 5151 sibi
2310 5096 2367 5150 in
2392 5110 2640 5159 uxorem,
2668 5110 2865 5166 nempe
2892 5097 3217 5154 Ecclesiam.
3240 5099 3352 5155 Cur
3374 5101 3511 5157 dicit

188 5199 324 5244 tem
367 5181 652 5239 membra
682 5190 768 5237 est
796 5183 1056 5253 imposita
1084 5198 1346 5255 superne.
1369 5182 1682 5240 Ostendens
1705 5199 1853 5256 ergo
1938 5188 2176 5244 Paulus:
2216 5187 2483 5259 Despondi
2505 5204 2594 5243 vos
2618 5188 2713 5242 uni
2739 5190 2852 5243 viro
2881 5190 3123 5245 exhibere
3149 5194 3408 5264 virginem
3441 5195 3506 5249 τ’.

183 5285 368 5339 Deus
405 5275 581 5348 quod
610 5283 762 5331 costa
787 5292 911 5346 qua:
941 5277 1050 5332 fuit
1068 5277 1367 5348 aliquando
1389 5278 1639 5349 subjecta
1658 5278 1838 5348 (nem-
1943 5279 2094 5336 Unde
2116 5289 2282 5335 etiam
2332 5280 2477 5334 Deus
2502 5280 2691 5334 unitus
2713 5288 2771 5335 et
2807 5280 3118 5351 desponsus
3159 5284 3291 5341 huic
3319 5295 3507 5351 eosne,

182 5388 268 5447 pe
296 5366 619 5435 Ecclesia)
658 5367 990 5438 subjicietur
1017 5367 1266 5435 Christo,
1307 5370 1484 5426 altera
1513 5370 1634 5440 ejus
1679 5379 1835 5424 tosta
1942 5370 2020 5425 ait
2042 5386 2142 5442 per
2174 5372 2500 5442 prephetam
2543 5371 2807 5429 adulteras
2867 5371 3196 5445 Synagogze:
3237 5375 3356 5431 Non
3386 5390 3511 5432 sum

1924 3910 2105 3967 Unam
2132 3918 2329 3963 autem
2359 3920 2566 3964 costam
2598 3910 2811 3979 accepit
2854 3911 3001 3965 Deus
3026 3910 3289 3968 Verbum.
3343 3911 3491 3981 Quo-

1882 4018 1895 4027 ί
1925 4000 2072 4056 niam
2107 4009 2292 4055 autem
2326 4015 2393 4054 ex
2427 3999 2542 4056 sola
2574 4008 2751 4055 matre
2813 3999 3005 4071 (super
3051 4002 3330 4076 naturam)
3373 4019 3497 4062 car-

266 5576 325 5609 ”
368 5567 608 5624 Hahae.
637 5581 716 5626 ιιι,
747 5565 834 5619 l3.
911 5566 956 5599 ⁶⁹
980 5565 1138 5621 Rom.
1160 5582 1277 5631 VIII,
1311 5567 1401 5623 52.
1454 5567 1660 5622 "Cen.
1700 5566 1801 5634 ιηὲ

174 5649 226 5680 τ’
268 5649 327 5706 ιι
364 5643 534 5699 Cor.
573 5651 647 5697 tu,
684 5636 740 5691 2.

1900 5564 2091 5625 Matth.
2116 5583 2232 5640 ω,
2265 5573 2323 5633 5;
2362 5571 2555 5643 Ephcs.
2587 5585 2641 5633 ν,
2673 5570 2762 5624 3!.

422 5653 534 5694 ΟΥ.
573 5653 647 5697 1|,
684 5653 740 5691 Ζ.

537 5731 809 5792 Ριτειοι..
848 5731 965 5793 Gn.
1005 5732 1338 5795 LXXXIX.

2873 5570 2915 5602 τ’
2956 5570 3102 5627 Psal.
3140 5588 3393 5639 Lxxxvnt,
3422 5575 3509 5633 52.

3079 5736 3158 5795 3‘2
