  <div class='ocr_page' id='page_1' title='image "/cluster/home/n/w/nwhite01/storage/ocr_20150623/89/pst.000005712953/509.png"; bbox 0 0 4042 6292; ppageno 0'>
   <div class='ocr_carea' id='block_1_1' title="bbox 557 351 695 417">
    <p class='ocr_par' dir='ltr' id='par_1_1' title="bbox 557 351 695 417">
     <span class='ocr_line' id='line_1_1' title="bbox 557 351 695 417; baseline 0.036 -5"><span class='ocrx_word' id='word_1_1' title='bbox 557 351 695 417; x_wconf 76' lang='grc' dir='ltr'><strong>1ϋ(3</strong></span> 
     </span>
    </p>
   </div>
   <div class='ocr_carea' id='block_1_2' title="bbox 1753 304 2618 430">
    <p class='ocr_par' dir='ltr' id='par_1_2' title="bbox 1753 304 2618 430">
     <span class='ocr_line' id='line_1_2' title="bbox 1753 304 2618 430; baseline -0.005 -20"><span class='ocrx_word' id='word_1_2' title='bbox 1753 352 1814 410; x_wconf 92' lang='lat' dir='ltr'><strong>s.</strong></span> <span class='ocrx_word' id='word_1_3' title='bbox 1858 345 2257 430; x_wconf 65' lang='lat' dir='ltr'><strong>ANASTASII</strong></span> <span class='ocrx_word' id='word_1_4' title='bbox 2296 304 2618 408; x_wconf 64' lang='lat' dir='ltr'><strong>summa</strong></span> 
     </span>
    </p>
   </div>
   <div class='ocr_carea' id='block_1_3' title="bbox 3645 340 3791 406">
    <p class='ocr_par' dir='ltr' id='par_1_3' title="bbox 3645 340 3791 406">
     <span class='ocr_line' id='line_1_3' title="bbox 3645 340 3791 406; baseline 0.021 -3"><span class='ocrx_word' id='word_1_5' title='bbox 3645 340 3791 406; x_wconf 67' lang='grc' dir='ltr'><strong>Ἰθὓῖ</strong></span> 
     </span>
    </p>
   </div>
   <div class='ocr_carea' id='block_1_4' title="bbox 553 443 3790 530">
    <p class='ocr_par' dir='ltr' id='par_1_4' title="bbox 553 443 3790 530">
     <span class='ocr_line' id='line_1_4' title="bbox 553 443 3790 530; baseline -0.003 -15"><span class='ocrx_word' id='word_1_6' title='bbox 553 459 792 530; x_wconf 78' lang='lat' dir='ltr'><strong>amplius</strong></span> <span class='ocrx_word' id='word_1_7' title='bbox 813 459 898 512; x_wconf 73' lang='lat' dir='ltr'><strong>vir</strong></span> <span class='ocrx_word' id='word_1_8' title='bbox 915 443 1146 524; x_wconf 84' lang='lat' dir='ltr'><strong>tuus,et</strong></span> <span class='ocrx_word' id='word_1_9' title='bbox 1181 465 1238 512; x_wconf 89' lang='lat' dir='ltr'><strong>tu</strong></span> <span class='ocrx_word' id='word_1_10' title='bbox 1260 472 1368 511; x_wconf 90' lang='lat' dir='ltr'><strong>non</strong></span> <span class='ocrx_word' id='word_1_11' title='bbox 1398 471 1458 510; x_wconf 84' lang='lat' dir='ltr'><strong>cs</strong></span> <span class='ocrx_word' id='word_1_12' title='bbox 1485 455 1724 524; x_wconf 77' lang='lat' dir='ltr'><strong>amplius</strong></span> <span class='ocrx_word' id='word_1_13' title='bbox 1755 470 1892 509; x_wconf 81' lang='lat' dir='ltr'><strong>uxor</strong></span> <span class='ocrx_word' id='word_1_14' title='bbox 1919 452 2123 508; x_wconf 77' lang='lat' dir='ltr'><strong>mea&quot;.</strong></span> <span class='ocrx_word' id='word_1_15' title='bbox 2154 453 2200 513; x_wconf 82' lang='grc' dir='ltr'><strong>Α</strong></span> <span class='ocrx_word' id='word_1_16' title='bbox 2229 451 2476 509; x_wconf 81' lang='lat' dir='ltr'><strong>membra</strong></span> <span class='ocrx_word' id='word_1_17' title='bbox 2508 447 2758 520; x_wconf 86' lang='lat' dir='ltr'><strong>corporis</strong></span> <span class='ocrx_word' id='word_1_18' title='bbox 2781 457 2912 504; x_wconf 85' lang='lat' dir='ltr'><strong>sunt</strong></span> <span class='ocrx_word' id='word_1_19' title='bbox 2941 449 3096 503; x_wconf 90' lang='lat' dir='ltr'><strong>unita</strong></span> <span class='ocrx_word' id='word_1_20' title='bbox 3140 449 3193 504; x_wconf 88' lang='lat' dir='ltr'><strong>in</strong></span> <span class='ocrx_word' id='word_1_21' title='bbox 3239 462 3476 522; x_wconf 89' lang='lat' dir='ltr'><strong>corpore</strong></span> <span class='ocrx_word' id='word_1_22' title='bbox 3505 448 3574 510; x_wconf 80' lang='grc'><strong>⁷⁸,</strong></span> <span class='ocrx_word' id='word_1_23' title='bbox 3602 463 3790 518; x_wconf 79' lang='lat' dir='ltr'><strong>possu-</strong></span> 
     </span>
    </p>
   </div>
   <div class='ocr_carea' id='block_1_5' title="bbox 553 541 2124 614">
    <p class='ocr_par' dir='ltr' id='par_1_5' title="bbox 553 541 2124 614">
     <span class='ocr_line' id='line_1_5' title="bbox 553 541 2124 614; baseline -0.006 -12"><span class='ocrx_word' id='word_1_24' title='bbox 553 547 708 614; x_wconf 83' lang='lat' dir='ltr'><strong>Quod</strong></span> <span class='ocrx_word' id='word_1_25' title='bbox 740 547 785 602; x_wconf 91' lang='lat' dir='ltr'><strong>si</strong></span> <span class='ocrx_word' id='word_1_26' title='bbox 827 547 909 602; x_wconf 81' lang='lat' dir='ltr'><strong>vis</strong></span> <span class='ocrx_word' id='word_1_27' title='bbox 939 547 1105 600; x_wconf 88' lang='lat' dir='ltr'><strong>etiam</strong></span> <span class='ocrx_word' id='word_1_28' title='bbox 1133 543 1348 599; x_wconf 90' lang='lat' dir='ltr'><strong>discere</strong></span> <span class='ocrx_word' id='word_1_29' title='bbox 1378 541 1673 598; x_wconf 65' lang='lat' dir='ltr'><strong>aedilicium</strong></span> <span class='ocrx_word' id='word_1_30' title='bbox 1715 542 1880 612; x_wconf 82' lang='lat' dir='ltr'><strong>hujus</strong></span> <span class='ocrx_word' id='word_1_31' title='bbox 1906 550 2068 594; x_wconf 71' lang='lat' dir='ltr'><strong>costa:</strong></span> <span class='ocrx_word' id='word_1_32' title='bbox 2092 553 2124 592; x_wconf 86' lang='lat' dir='ltr'><strong>a</strong></span> 
     </span>
    </p>
   </div>
   <div class='ocr_carea' id='block_1_6' title="bbox 557 628 2126 707">
    <p class='ocr_par' dir='ltr' id='par_1_6' title="bbox 557 628 2126 707">
     <span class='ocr_line' id='line_1_6' title="bbox 557 628 2126 707; baseline -0.006 -17"><span class='ocrx_word' id='word_1_33' title='bbox 557 639 668 690; x_wconf 89' lang='lat' dir='ltr'><strong>Deo</strong></span> <span class='ocrx_word' id='word_1_34' title='bbox 697 635 1006 707; x_wconf 70' lang='lat' dir='ltr'><strong>conjunctae</strong></span> <span class='ocrx_word' id='word_1_35' title='bbox 1035 649 1156 705; x_wconf 69' lang='lat' dir='ltr'><strong>qua:</strong></span> <span class='ocrx_word' id='word_1_36' title='bbox 1186 633 1292 687; x_wconf 90' lang='lat' dir='ltr'><strong>fuit</strong></span> <span class='ocrx_word' id='word_1_37' title='bbox 1315 630 1614 700; x_wconf 83' lang='lat' dir='ltr'><strong>aliquando</strong></span> <span class='ocrx_word' id='word_1_38' title='bbox 1646 631 1866 686; x_wconf 86' lang='lat' dir='ltr'><strong>deserta</strong></span> <span class='ocrx_word' id='word_1_39' title='bbox 1888 639 1945 684; x_wconf 87' lang='lat' dir='ltr'><strong>et</strong></span> <span class='ocrx_word' id='word_1_40' title='bbox 1969 628 2126 682; x_wconf 87' lang='lat' dir='ltr'><strong>dere-</strong></span> 
     </span>
    </p>
   </div>
   <div class='ocr_carea' id='block_1_7' title="bbox 552 719 2123 794">
    <p class='ocr_par' dir='ltr' id='par_1_7' title="bbox 552 719 2123 794">
     <span class='ocr_line' id='line_1_7' title="bbox 552 719 2123 794; baseline -0.006 -12"><span class='ocrx_word' id='word_1_41' title='bbox 552 719 704 791; x_wconf 83' lang='lat' dir='ltr'><strong>licta,</strong></span> <span class='ocrx_word' id='word_1_42' title='bbox 737 726 866 782; x_wconf 88' lang='lat' dir='ltr'><strong>audi</strong></span> <span class='ocrx_word' id='word_1_43' title='bbox 897 726 948 781; x_wconf 90' lang='lat' dir='ltr'><strong>ei</strong></span> <span class='ocrx_word' id='word_1_44' title='bbox 983 725 1198 779; x_wconf 90' lang='lat' dir='ltr'><strong>unitum</strong></span> <span class='ocrx_word' id='word_1_45' title='bbox 1242 724 1564 794; x_wconf 74' lang='lat' dir='ltr'><strong>angularem</strong></span> <span class='ocrx_word' id='word_1_46' title='bbox 1610 721 1850 792; x_wconf 88' lang='lat' dir='ltr'><strong>lapidem</strong></span> <span class='ocrx_word' id='word_1_47' title='bbox 1883 720 2123 790; x_wconf 83' lang='lat' dir='ltr'><strong>(ﬁrmum</strong></span> 
     </span>
    </p>
   </div>
   <div class='ocr_carea' id='block_1_8' title="bbox 555 811 2128 885">
    <p class='ocr_par' dir='ltr' id='par_1_8' title="bbox 555 811 2128 885">
     <span class='ocr_line' id='line_1_8' title="bbox 555 811 2128 885; baseline -0.005 -12"><span class='ocrx_word' id='word_1_48' title='bbox 555 826 612 874; x_wconf 88' lang='lat' dir='ltr'><strong>et</strong></span> <span class='ocrx_word' id='word_1_49' title='bbox 663 817 1086 873; x_wconf 86' lang='lat' dir='ltr'><strong>illabefactabile</strong></span> <span class='ocrx_word' id='word_1_50' title='bbox 1144 814 1587 885; x_wconf 73' lang='lat' dir='ltr'><strong>fundamentum)</strong></span> <span class='ocrx_word' id='word_1_51' title='bbox 1631 813 1910 868; x_wconf 76' lang='lat' dir='ltr'><strong>Christum</strong></span> <span class='ocrx_word' id='word_1_52' title='bbox 1940 811 2128 866; x_wconf 85' lang='lat' dir='ltr'><strong>dicen-</strong></span> 
     </span>
    </p>
   </div>
   <div class='ocr_carea' id='block_1_9' title="bbox 558 904 2124 980">
    <p class='ocr_par' dir='ltr' id='par_1_9' title="bbox 558 904 2124 980">
     <span class='ocr_line' id='line_1_9' title="bbox 558 904 2124 980; baseline -0.004 -18"><span class='ocrx_word' id='word_1_53' title='bbox 558 920 666 964; x_wconf 81' lang='lat' dir='ltr'><strong>tem</strong></span> <span class='ocrx_word' id='word_1_54' title='bbox 688 926 702 962; x_wconf 89' lang='lat'>:</span> <span class='ocrx_word' id='word_1_55' title='bbox 728 909 897 980; x_wconf 83' lang='lat' dir='ltr'><strong>Super</strong></span> <span class='ocrx_word' id='word_1_56' title='bbox 921 909 1055 962; x_wconf 82' lang='lat' dir='ltr'><strong>hanc</strong></span> <span class='ocrx_word' id='word_1_57' title='bbox 1077 915 1280 979; x_wconf 77' lang='lat' dir='ltr'><strong>petram</strong></span> <span class='ocrx_word' id='word_1_58' title='bbox 1302 905 1569 974; x_wconf 68' lang='lat' dir='ltr'><strong>aadiﬁcabo</strong></span> <span class='ocrx_word' id='word_1_59' title='bbox 1609 904 1902 958; x_wconf 80' lang='lat' dir='ltr'><strong>Ecclesiam</strong></span> <span class='ocrx_word' id='word_1_60' title='bbox 1930 919 2124 967; x_wconf 80' lang='lat' dir='ltr'><strong>meam,</strong></span> 
     </span>
    </p>
   </div>
   <div class='ocr_carea' id='block_1_10' title="bbox 555 994 2124 1072">
    <p class='ocr_par' dir='ltr' id='par_1_10' title="bbox 555 994 2124 1072">
     <span class='ocr_line' id='line_1_10' title="bbox 555 994 2124 1072; baseline -0.004 -18"><span class='ocrx_word' id='word_1_61' title='bbox 555 1011 604 1054; x_wconf 84' lang='lat' dir='ltr'><strong>et</strong></span> <span class='ocrx_word' id='word_1_62' title='bbox 637 1012 800 1072; x_wconf 74' lang='lat' dir='ltr'><strong>portae</strong></span> <span class='ocrx_word' id='word_1_63' title='bbox 833 1001 1030 1071; x_wconf 77' lang='lat' dir='ltr'><strong>inferni</strong></span> <span class='ocrx_word' id='word_1_64' title='bbox 1079 1017 1184 1054; x_wconf 83' lang='lat' dir='ltr'><strong>non</strong></span> <span class='ocrx_word' id='word_1_65' title='bbox 1236 997 1594 1071; x_wconf 65' lang='lat' dir='ltr'><strong>praevalebunt</strong></span> <span class='ocrx_word' id='word_1_66' title='bbox 1629 997 1876 1052; x_wconf 80' lang='lat' dir='ltr'><strong>adversus</strong></span> <span class='ocrx_word' id='word_1_67' title='bbox 1909 1011 2029 1049; x_wconf 80' lang='lat' dir='ltr'><strong>eam</strong></span> <span class='ocrx_word' id='word_1_68' title='bbox 2057 994 2124 1048; x_wconf 77' lang='grc'><strong>⁷⁸.</strong></span> 
     </span>
    </p>
   </div>
   <div class='ocr_carea' id='block_1_11' title="bbox 555 1080 2129 1158">
    <p class='ocr_par' dir='ltr' id='par_1_11' title="bbox 555 1080 2129 1158">
     <span class='ocr_line' id='line_1_11' title="bbox 555 1080 2129 1158; baseline -0.008 -12"><span class='ocrx_word' id='word_1_69' title='bbox 555 1091 684 1146; x_wconf 81' lang='lat' dir='ltr'><strong>Fuit</strong></span> <span class='ocrx_word' id='word_1_70' title='bbox 713 1089 862 1144; x_wconf 86' lang='lat' dir='ltr'><strong>enim</strong></span> <span class='ocrx_word' id='word_1_71' title='bbox 897 1087 1165 1158; x_wconf 74' lang='lat' dir='ltr'><strong>wdiﬁcata</strong></span> <span class='ocrx_word' id='word_1_72' title='bbox 1219 1103 1376 1158; x_wconf 80' lang='lat' dir='ltr'><strong>super</strong></span> <span class='ocrx_word' id='word_1_73' title='bbox 1414 1085 1818 1156; x_wconf 75' lang='lat' dir='ltr'><strong>fundamentum</strong></span> <span class='ocrx_word' id='word_1_74' title='bbox 1848 1080 1976 1137; x_wconf 82' lang='lat' dir='ltr'><strong>ﬁdei</strong></span> <span class='ocrx_word' id='word_1_75' title='bbox 2007 1097 2129 1152; x_wconf 85' lang='lat' dir='ltr'><strong>pro-</strong></span> 
     </span>
    </p>
   </div>
   <div class='ocr_carea' id='block_1_12' title="bbox 557 1167 2125 1251">
    <p class='ocr_par' dir='ltr' id='par_1_12' title="bbox 557 1167 2125 1251">
     <span class='ocr_line' id='line_1_12' title="bbox 557 1167 2125 1251; baseline -0.008 -17"><span class='ocrx_word' id='word_1_76' title='bbox 557 1183 834 1251; x_wconf 77' lang='lat' dir='ltr'><strong>phetarum</strong></span> <span class='ocrx_word' id='word_1_77' title='bbox 854 1184 901 1230; x_wconf 85' lang='lat' dir='ltr'><strong>et</strong></span> <span class='ocrx_word' id='word_1_78' title='bbox 922 1175 1372 1248; x_wconf 83' lang='lat' dir='ltr'><strong>apostolorum&quot;,</strong></span> <span class='ocrx_word' id='word_1_79' title='bbox 1406 1173 1502 1242; x_wconf 92' lang='lat' dir='ltr'><strong>qui</strong></span> <span class='ocrx_word' id='word_1_80' title='bbox 1545 1180 1676 1230; x_wconf 89' lang='lat' dir='ltr'><strong>sunt</strong></span> <span class='ocrx_word' id='word_1_81' title='bbox 1721 1169 1856 1224; x_wconf 87' lang='lat' dir='ltr'><strong>boni</strong></span> <span class='ocrx_word' id='word_1_82' title='bbox 1884 1167 2125 1240; x_wconf 83' lang='lat' dir='ltr'><strong>operarii</strong></span> 
     </span>
    </p>
   </div>
   <div class='ocr_carea' id='block_1_13' title="bbox 557 1262 2126 1341">
    <p class='ocr_par' dir='ltr' id='par_1_13' title="bbox 557 1262 2126 1341">
     <span class='ocr_line' id='line_1_13' title="bbox 557 1262 2126 1341; baseline -0.009 -13"><span class='ocrx_word' id='word_1_83' title='bbox 557 1271 950 1341; x_wconf 80' lang='lat' dir='ltr'><strong>sapientissimi</strong></span> <span class='ocrx_word' id='word_1_84' title='bbox 981 1267 1352 1323; x_wconf 64' lang='lat' dir='ltr'><strong>aadilieatoris.</strong></span> <span class='ocrx_word' id='word_1_85' title='bbox 1375 1263 1814 1332; x_wconf 59' lang='lat' dir='ltr'><strong>Quando&#39;autem</strong></span> <span class='ocrx_word' id='word_1_86' title='bbox 1869 1262 1988 1316; x_wconf 67' lang='lat' dir='ltr'><strong>haec</strong></span> <span class='ocrx_word' id='word_1_87' title='bbox 2015 1275 2126 1314; x_wconf 89' lang='lat' dir='ltr'><strong>una</strong></span> 
     </span>
    </p>
   </div>
   <div class='ocr_carea' id='block_1_14' title="bbox 557 1351 2165 1422">
    <p class='ocr_par' dir='ltr' id='par_1_14' title="bbox 557 1351 2165 1422">
     <span class='ocr_line' id='line_1_14' title="bbox 557 1351 2165 1422; baseline -0.009 -4"><span class='ocrx_word' id='word_1_88' title='bbox 557 1373 709 1418; x_wconf 80' lang='lat' dir='ltr'><strong>costa</strong></span> <span class='ocrx_word' id='word_1_89' title='bbox 777 1359 1021 1415; x_wconf 80' lang='lat' dir='ltr'><strong>Ecclesia</strong></span> <span class='ocrx_word' id='word_1_90' title='bbox 1097 1358 1204 1412; x_wconf 85' lang='lat' dir='ltr'><strong>fuit</strong></span> <span class='ocrx_word' id='word_1_91' title='bbox 1259 1354 1562 1410; x_wconf 67' lang='lat' dir='ltr'><strong>aedificata?</strong></span> <span class='ocrx_word' id='word_1_92' title='bbox 1625 1355 1722 1408; x_wconf 89' lang='lat' dir='ltr'><strong>Est</strong></span> <span class='ocrx_word' id='word_1_93' title='bbox 1770 1351 2165 1422; x_wconf 75' lang='lat' dir='ltr'><strong>perspicuum—</strong></span> 
     </span>
    </p>
   </div>
   <div class='ocr_carea' id='block_1_15' title="bbox 555 1439 2129 1526">
    <p class='ocr_par' dir='ltr' id='par_1_15' title="bbox 555 1439 2129 1526">
     <span class='ocr_line' id='line_1_15' title="bbox 555 1439 2129 1526; baseline -0.01 -16"><span class='ocrx_word' id='word_1_94' title='bbox 555 1455 702 1526; x_wconf 90' lang='lat' dir='ltr'><strong>quod</strong></span> <span class='ocrx_word' id='word_1_95' title='bbox 747 1451 969 1523; x_wconf 91' lang='lat' dir='ltr'><strong>quando</strong></span> <span class='ocrx_word' id='word_1_96' title='bbox 992 1450 1164 1504; x_wconf 87' lang='lat' dir='ltr'><strong>altera</strong></span> <span class='ocrx_word' id='word_1_97' title='bbox 1212 1453 1366 1500; x_wconf 85' lang='lat' dir='ltr'><strong>costa</strong></span> <span class='ocrx_word' id='word_1_98' title='bbox 1394 1444 1501 1498; x_wconf 88' lang='lat' dir='ltr'><strong>fuit</strong></span> <span class='ocrx_word' id='word_1_99' title='bbox 1528 1443 1812 1507; x_wconf 90' lang='lat' dir='ltr'><strong>derelicta,</strong></span> <span class='ocrx_word' id='word_1_100' title='bbox 1833 1451 1891 1497; x_wconf 90' lang='lat' dir='ltr'><strong>et</strong></span> <span class='ocrx_word' id='word_1_101' title='bbox 1946 1439 2129 1502; x_wconf 77' lang='lat' dir='ltr'><strong>disso—</strong></span> 
     </span>
    </p>
   </div>
   <div class='ocr_carea' id='block_1_16' title="bbox 553 1530 2130 1610">
    <p class='ocr_par' dir='ltr' id='par_1_16' title="bbox 553 1530 2130 1610">
     <span class='ocr_line' id='line_1_16' title="bbox 553 1530 2130 1610; baseline -0.01 -10"><span class='ocrx_word' id='word_1_102' title='bbox 553 1549 729 1601; x_wconf 84' lang='lat' dir='ltr'><strong>lutum</strong></span> <span class='ocrx_word' id='word_1_103' title='bbox 754 1541 857 1599; x_wconf 86' lang='lat' dir='ltr'><strong>fuit</strong></span> <span class='ocrx_word' id='word_1_104' title='bbox 890 1542 1136 1598; x_wconf 88' lang='lat' dir='ltr'><strong>secundo</strong></span> <span class='ocrx_word' id='word_1_105' title='bbox 1161 1541 1426 1610; x_wconf 82' lang='lat' dir='ltr'><strong>templum</strong></span> <span class='ocrx_word' id='word_1_106' title='bbox 1446 1535 1758 1591; x_wconf 74' lang='lat' dir='ltr'><strong>Iudaicum.</strong></span> <span class='ocrx_word' id='word_1_107' title='bbox 1813 1531 1972 1600; x_wconf 87' lang='lat' dir='ltr'><strong>Quod</strong></span> <span class='ocrx_word' id='word_1_108' title='bbox 2001 1530 2130 1602; x_wconf 88' lang='lat' dir='ltr'><strong>qui-</strong></span> 
     </span>
    </p>
   </div>
   <div class='ocr_carea' id='block_1_17' title="bbox 554 1623 2126 1702">
    <p class='ocr_par' dir='ltr' id='par_1_17' title="bbox 554 1623 2126 1702">
     <span class='ocr_line' id='line_1_17' title="bbox 554 1623 2126 1702; baseline -0.01 -8"><span class='ocrx_word' id='word_1_109' title='bbox 554 1639 679 1694; x_wconf 85' lang='lat' dir='ltr'><strong>dem</strong></span> <span class='ocrx_word' id='word_1_110' title='bbox 718 1653 844 1692; x_wconf 87' lang='lat' dir='ltr'><strong>cum</strong></span> <span class='ocrx_word' id='word_1_111' title='bbox 875 1640 1026 1689; x_wconf 85' lang='lat' dir='ltr'><strong>esset</strong></span> <span class='ocrx_word' id='word_1_112' title='bbox 1056 1641 1316 1702; x_wconf 86' lang='lat' dir='ltr'><strong>tanquam</strong></span> <span class='ocrx_word' id='word_1_113' title='bbox 1344 1645 1454 1687; x_wconf 88' lang='lat' dir='ltr'><strong>una</strong></span> <span class='ocrx_word' id='word_1_114' title='bbox 1487 1637 1641 1684; x_wconf 87' lang='lat' dir='ltr'><strong>costa</strong></span> <span class='ocrx_word' id='word_1_115' title='bbox 1674 1626 1865 1682; x_wconf 88' lang='lat' dir='ltr'><strong>Adami</strong></span> <span class='ocrx_word' id='word_1_116' title='bbox 1893 1623 2126 1689; x_wconf 86' lang='lat' dir='ltr'><strong>Christi,</strong></span> 
     </span>
    </p>
   </div>
   <div class='ocr_carea' id='block_1_18' title="bbox 555 1717 2128 1796">
    <p class='ocr_par' dir='ltr' id='par_1_18' title="bbox 555 1717 2128 1796">
     <span class='ocr_line' id='line_1_18' title="bbox 555 1717 2128 1796; baseline -0.01 -12"><span class='ocrx_word' id='word_1_117' title='bbox 555 1729 849 1784; x_wconf 71' lang='lat' dir='ltr'><strong>manifeste</strong></span> <span class='ocrx_word' id='word_1_118' title='bbox 879 1725 930 1780; x_wconf 92' lang='lat' dir='ltr'><strong>id</strong></span> <span class='ocrx_word' id='word_1_119' title='bbox 963 1724 1117 1796; x_wconf 90' lang='lat' dir='ltr'><strong>prius</strong></span> <span class='ocrx_word' id='word_1_120' title='bbox 1138 1721 1490 1778; x_wconf 84' lang='lat' dir='ltr'><strong>describebat</strong></span> <span class='ocrx_word' id='word_1_121' title='bbox 1511 1734 1713 1776; x_wconf 86' lang='lat' dir='ltr'><strong>nomen</strong></span> <span class='ocrx_word' id='word_1_122' title='bbox 1739 1717 1904 1789; x_wconf 89' lang='lat' dir='ltr'><strong>primi</strong></span> <span class='ocrx_word' id='word_1_123' title='bbox 1931 1730 2128 1788; x_wconf 86' lang='lat' dir='ltr'><strong>paren-</strong></span> 
     </span>
    </p>
   </div>
   <div class='ocr_carea' id='block_1_19' title="bbox 2227 540 3790 610">
    <p class='ocr_par' dir='ltr' id='par_1_19' title="bbox 2227 540 3790 610">
     <span class='ocr_line' id='line_1_19' title="bbox 2227 540 3790 610; baseline 0.001 -14"><span class='ocrx_word' id='word_1_124' title='bbox 2227 557 2351 598; x_wconf 89' lang='lat' dir='ltr'><strong>mus</strong></span> <span class='ocrx_word' id='word_1_125' title='bbox 2392 541 2579 596; x_wconf 85' lang='lat' dir='ltr'><strong>dicere</strong></span> <span class='ocrx_word' id='word_1_126' title='bbox 2631 540 2699 595; x_wconf 89' lang='lat' dir='ltr'><strong>de</strong></span> <span class='ocrx_word' id='word_1_127' title='bbox 2748 555 3083 610; x_wconf 87' lang='lat' dir='ltr'><strong>unoquoque</strong></span> <span class='ocrx_word' id='word_1_128' title='bbox 3122 555 3352 597; x_wconf 88' lang='lat' dir='ltr'><strong>eorum:</strong></span> <span class='ocrx_word' id='word_1_129' title='bbox 3401 541 3514 596; x_wconf 85' lang='lat' dir='ltr'><strong>Hoc</strong></span> <span class='ocrx_word' id='word_1_130' title='bbox 3567 558 3790 597; x_wconf 68' lang='lat' dir='ltr'><strong>natrices</strong></span> 
     </span>
    </p>
   </div>
   <div class='ocr_carea' id='block_1_20' title="bbox 2227 629 3788 700">
    <p class='ocr_par' dir='ltr' id='par_1_20' title="bbox 2227 629 3788 700">
     <span class='ocr_line' id='line_1_20' title="bbox 2227 629 3788 700; baseline 0.002 -15"><span class='ocrx_word' id='word_1_131' title='bbox 2227 632 2429 686; x_wconf 87' lang='lat' dir='ltr'><strong>ossibus</strong></span> <span class='ocrx_word' id='word_1_132' title='bbox 2455 633 2603 694; x_wconf 82' lang='lat' dir='ltr'><strong>meis,</strong></span> <span class='ocrx_word' id='word_1_133' title='bbox 2641 639 2690 685; x_wconf 88' lang='lat' dir='ltr'><strong>et</strong></span> <span class='ocrx_word' id='word_1_134' title='bbox 2723 647 2848 686; x_wconf 85' lang='lat' dir='ltr'><strong>caro</strong></span> <span class='ocrx_word' id='word_1_135' title='bbox 2876 645 2940 684; x_wconf 84' lang='lat' dir='ltr'><strong>ea:</strong></span> <span class='ocrx_word' id='word_1_136' title='bbox 2981 646 3144 684; x_wconf 83' lang='lat' dir='ltr'><strong>carne</strong></span> <span class='ocrx_word' id='word_1_137' title='bbox 3171 647 3310 686; x_wconf 81' lang='lat' dir='ltr'><strong>mea.</strong></span> <span class='ocrx_word' id='word_1_138' title='bbox 3341 629 3576 700; x_wconf 72' lang='lat' dir='ltr'><strong>Quando</strong></span> <span class='ocrx_word' id='word_1_139' title='bbox 3612 641 3788 688; x_wconf 81' lang='lat' dir='ltr'><strong>autem</strong></span> 
     </span>
    </p>
   </div>
   <div class='ocr_carea' id='block_1_21' title="bbox 2230 721 3792 797">
    <p class='ocr_par' dir='ltr' id='par_1_21' title="bbox 2230 721 3792 797">
     <span class='ocr_line' id='line_1_21' title="bbox 2230 721 3792 797; baseline 0.001 -18"><span class='ocrx_word' id='word_1_140' title='bbox 2230 740 2299 780; x_wconf 78' lang='lat' dir='ltr'><strong>ex</strong></span> <span class='ocrx_word' id='word_1_141' title='bbox 2330 739 2496 779; x_wconf 84' lang='lat' dir='ltr'><strong>causa</strong></span> <span class='ocrx_word' id='word_1_142' title='bbox 2552 722 2732 792; x_wconf 88' lang='lat' dir='ltr'><strong>aliqua</strong></span> <span class='ocrx_word' id='word_1_143' title='bbox 2760 721 2926 776; x_wconf 86' lang='lat' dir='ltr'><strong>fuerit</strong></span> <span class='ocrx_word' id='word_1_144' title='bbox 2977 721 3181 778; x_wconf 79' lang='lat' dir='ltr'><strong>ablatio</strong></span> <span class='ocrx_word' id='word_1_145' title='bbox 3217 733 3274 778; x_wconf 91' lang='lat' dir='ltr'><strong>et</strong></span> <span class='ocrx_word' id='word_1_146' title='bbox 3306 723 3510 778; x_wconf 78' lang='lat' dir='ltr'><strong>divisio</strong></span> <span class='ocrx_word' id='word_1_147' title='bbox 3564 723 3792 797; x_wconf 78' lang='lat' dir='ltr'><strong>alicujus</strong></span> 
     </span>
    </p>
   </div>
   <div class='ocr_carea' id='block_1_22' title="bbox 2229 807 3794 884">
    <p class='ocr_par' dir='ltr' id='par_1_22' title="bbox 2229 807 3794 884">
     <span class='ocr_line' id='line_1_22' title="bbox 2229 807 3794 884; baseline -0.003 -12"><span class='ocrx_word' id='word_1_148' title='bbox 2229 815 2468 871; x_wconf 79' lang='lat' dir='ltr'><strong>membri</strong></span> <span class='ocrx_word' id='word_1_149' title='bbox 2508 831 2538 870; x_wconf 90' lang='lat' dir='ltr'><strong>a</strong></span> <span class='ocrx_word' id='word_1_150' title='bbox 2577 827 2832 883; x_wconf 89' lang='lat' dir='ltr'><strong>corpore,</strong></span> <span class='ocrx_word' id='word_1_151' title='bbox 2864 828 2976 867; x_wconf 89' lang='lat' dir='ltr'><strong>non</strong></span> <span class='ocrx_word' id='word_1_152' title='bbox 3011 813 3182 868; x_wconf 87' lang='lat' dir='ltr'><strong>habet</strong></span> <span class='ocrx_word' id='word_1_153' title='bbox 3227 815 3466 884; x_wconf 83' lang='lat' dir='ltr'><strong>amplius</strong></span> <span class='ocrx_word' id='word_1_154' title='bbox 3490 816 3676 870; x_wconf 90' lang='lat' dir='ltr'><strong>locum</strong></span> <span class='ocrx_word' id='word_1_155' title='bbox 3717 807 3794 868; x_wconf 65' lang='lat' dir='ltr'><strong>di1</strong></span> 
     </span>
    </p>
   </div>
   <div class='ocr_carea' id='block_1_23' title="bbox 2229 903 3796 967">
    <p class='ocr_par' dir='ltr' id='par_1_23' title="bbox 2229 903 3796 967">
     <span class='ocr_line' id='line_1_23' title="bbox 2229 903 3796 967; baseline -0.001 -7"><span class='ocrx_word' id='word_1_156' title='bbox 2229 919 2389 960; x_wconf 85' lang='lat' dir='ltr'><strong>cere:</strong></span> <span class='ocrx_word' id='word_1_157' title='bbox 2415 903 2524 958; x_wconf 86' lang='lat' dir='ltr'><strong>Hoc</strong></span> <span class='ocrx_word' id='word_1_158' title='bbox 2545 920 2686 958; x_wconf 82' lang='lat' dir='ltr'><strong>nunc</strong></span> <span class='ocrx_word' id='word_1_159' title='bbox 2719 919 2776 957; x_wconf 90' lang='lat' dir='ltr'><strong>os</strong></span> <span class='ocrx_word' id='word_1_160' title='bbox 2805 919 2870 957; x_wconf 79' lang='lat' dir='ltr'><strong>ea:</strong></span> <span class='ocrx_word' id='word_1_161' title='bbox 2894 903 3094 957; x_wconf 84' lang='lat' dir='ltr'><strong>ossibus</strong></span> <span class='ocrx_word' id='word_1_162' title='bbox 3119 905 3266 967; x_wconf 85' lang='lat' dir='ltr'><strong>meis,</strong></span> <span class='ocrx_word' id='word_1_163' title='bbox 3295 912 3345 957; x_wconf 87' lang='lat' dir='ltr'><strong>et</strong></span> <span class='ocrx_word' id='word_1_164' title='bbox 3379 920 3504 958; x_wconf 80' lang='lat' dir='ltr'><strong>caro</strong></span> <span class='ocrx_word' id='word_1_165' title='bbox 3546 920 3612 958; x_wconf 78' lang='lat' dir='ltr'><strong>ea:</strong></span> <span class='ocrx_word' id='word_1_166' title='bbox 3643 920 3796 967; x_wconf 77' lang='lat' dir='ltr'><strong>carne</strong></span> 
     </span>
    </p>
   </div>
   <div class='ocr_carea' id='block_1_24' title="bbox 2230 993 3798 1064">
    <p class='ocr_par' dir='ltr' id='par_1_24' title="bbox 2230 993 3798 1064">
     <span class='ocr_line' id='line_1_24' title="bbox 2230 993 3798 1064; baseline -0.001 -13"><span class='ocrx_word' id='word_1_167' title='bbox 2230 1011 2383 1050; x_wconf 85' lang='lat' dir='ltr'><strong>mea:</strong></span> <span class='ocrx_word' id='word_1_168' title='bbox 2417 995 2512 1051; x_wconf 88' lang='lat' dir='ltr'><strong>sed</strong></span> <span class='ocrx_word' id='word_1_169' title='bbox 2552 995 2658 1051; x_wconf 88' lang='lat' dir='ltr'><strong>hoc</strong></span> <span class='ocrx_word' id='word_1_170' title='bbox 2683 995 2790 1049; x_wconf 86' lang='lat' dir='ltr'><strong>fuit</strong></span> <span class='ocrx_word' id='word_1_171' title='bbox 2833 993 3132 1064; x_wconf 87' lang='lat' dir='ltr'><strong>aliquando</strong></span> <span class='ocrx_word' id='word_1_172' title='bbox 3158 1010 3214 1048; x_wconf 91' lang='lat' dir='ltr'><strong>os</strong></span> <span class='ocrx_word' id='word_1_173' title='bbox 3237 1010 3301 1048; x_wconf 76' lang='lat' dir='ltr'><strong>ea:</strong></span> <span class='ocrx_word' id='word_1_174' title='bbox 3337 995 3539 1048; x_wconf 79' lang='lat' dir='ltr'><strong>ossibus</strong></span> <span class='ocrx_word' id='word_1_175' title='bbox 3571 997 3722 1056; x_wconf 82' lang='lat' dir='ltr'><strong>meis,</strong></span> <span class='ocrx_word' id='word_1_176' title='bbox 3745 1003 3798 1049; x_wconf 86' lang='lat' dir='ltr'><strong>et</strong></span> 
     </span>
    </p>
   </div>
   <div class='ocr_carea' id='block_1_25' title="bbox 2230 1087 3797 1157">
    <p class='ocr_par' dir='ltr' id='par_1_25' title="bbox 2230 1087 3797 1157">
     <span class='ocr_line' id='line_1_25' title="bbox 2230 1087 3797 1157; baseline -0.001 -15"><span class='ocrx_word' id='word_1_177' title='bbox 2230 1103 2360 1142; x_wconf 90' lang='lat' dir='ltr'><strong>caro</strong></span> <span class='ocrx_word' id='word_1_178' title='bbox 2392 1103 2460 1142; x_wconf 79' lang='lat' dir='ltr'><strong>ex</strong></span> <span class='ocrx_word' id='word_1_179' title='bbox 2487 1102 2720 1157; x_wconf 90' lang='lat' dir='ltr'><strong>corpore</strong></span> <span class='ocrx_word' id='word_1_180' title='bbox 2748 1102 2891 1142; x_wconf 91' lang='lat' dir='ltr'><strong>meo.</strong></span> <span class='ocrx_word' id='word_1_181' title='bbox 2919 1087 3079 1142; x_wconf 83' lang='lat' dir='ltr'><strong>Nunc</strong></span> <span class='ocrx_word' id='word_1_182' title='bbox 3110 1095 3294 1142; x_wconf 86' lang='lat' dir='ltr'><strong>autem</strong></span> <span class='ocrx_word' id='word_1_183' title='bbox 3316 1101 3426 1141; x_wconf 89' lang='lat' dir='ltr'><strong>non</strong></span> <span class='ocrx_word' id='word_1_184' title='bbox 3458 1096 3544 1140; x_wconf 87' lang='lat' dir='ltr'><strong>est</strong></span> <span class='ocrx_word' id='word_1_185' title='bbox 3562 1087 3797 1156; x_wconf 82' lang='lat' dir='ltr'><strong>amplius</strong></span> 
     </span>
    </p>
   </div>
   <div class='ocr_carea' id='block_1_26' title="bbox 2228 1174 3793 1248">
    <p class='ocr_par' dir='ltr' id='par_1_26' title="bbox 2228 1174 3793 1248">
     <span class='ocr_line' id='line_1_26' title="bbox 2228 1174 3793 1248; baseline -0.001 -14"><span class='ocrx_word' id='word_1_186' title='bbox 2228 1195 2291 1234; x_wconf 91' lang='lat' dir='ltr'><strong>os</strong></span> <span class='ocrx_word' id='word_1_187' title='bbox 2313 1195 2496 1235; x_wconf 87' lang='lat' dir='ltr'><strong>meum</strong></span> <span class='ocrx_word' id='word_1_188' title='bbox 2521 1174 2864 1248; x_wconf 64' lang='lat' dir='ltr'><strong>neque&quot;caro</strong></span> <span class='ocrx_word' id='word_1_189' title='bbox 2887 1191 3032 1246; x_wconf 81' lang='lat' dir='ltr'><strong>mea,</strong></span> <span class='ocrx_word' id='word_1_190' title='bbox 3061 1179 3160 1235; x_wconf 88' lang='lat' dir='ltr'><strong>sed</strong></span> <span class='ocrx_word' id='word_1_191' title='bbox 3197 1179 3414 1234; x_wconf 85' lang='lat' dir='ltr'><strong>diversa</strong></span> <span class='ocrx_word' id='word_1_192' title='bbox 3458 1189 3566 1243; x_wconf 87' lang='lat' dir='ltr'><strong>est,</strong></span> <span class='ocrx_word' id='word_1_193' title='bbox 3599 1179 3793 1243; x_wconf 81' lang='lat' dir='ltr'><strong>ablata,</strong></span> 
     </span>
    </p>
   </div>
   <div class='ocr_carea' id='block_1_27' title="bbox 2228 1270 3796 1338">
    <p class='ocr_par' dir='ltr' id='par_1_27' title="bbox 2228 1270 3796 1338">
     <span class='ocr_line' id='line_1_27' title="bbox 2228 1270 3796 1338; baseline 0 -12"><span class='ocrx_word' id='word_1_194' title='bbox 2228 1272 2434 1338; x_wconf 80' lang='lat' dir='ltr'><strong>excisa,</strong></span> <span class='ocrx_word' id='word_1_195' title='bbox 2485 1272 2794 1327; x_wconf 86' lang='lat' dir='ltr'><strong>abalienata</strong></span> <span class='ocrx_word' id='word_1_196' title='bbox 2835 1280 2924 1327; x_wconf 84' lang='lat' dir='ltr'><strong>est</strong></span> <span class='ocrx_word' id='word_1_197' title='bbox 2971 1271 3042 1326; x_wconf 92' lang='lat' dir='ltr'><strong>ab</strong></span> <span class='ocrx_word' id='word_1_198' title='bbox 3089 1270 3311 1326; x_wconf 86' lang='lat' dir='ltr'><strong>ossibus</strong></span> <span class='ocrx_word' id='word_1_199' title='bbox 3348 1271 3488 1326; x_wconf 86' lang='lat' dir='ltr'><strong>meis</strong></span> <span class='ocrx_word' id='word_1_200' title='bbox 3531 1279 3588 1326; x_wconf 87' lang='lat' dir='ltr'><strong>et</strong></span> <span class='ocrx_word' id='word_1_201' title='bbox 3637 1285 3796 1326; x_wconf 85' lang='lat' dir='ltr'><strong>carne</strong></span> 
     </span>
    </p>
   </div>
   <div class='ocr_carea' id='block_1_28' title="bbox 2229 1373 2370 1414">
    <p class='ocr_par' dir='ltr' id='par_1_28' title="bbox 2229 1373 2370 1414">
     <span class='ocr_line' id='line_1_28' title="bbox 2229 1373 2370 1414; baseline 0 0"><span class='ocrx_word' id='word_1_202' title='bbox 2229 1373 2370 1414; x_wconf 88' lang='lat' dir='ltr'><strong>mea.</strong></span> 
     </span>
    </p>
   </div>
   <div class='ocr_carea' id='block_1_29' title="bbox 2299 1449 3802 1520">
    <p class='ocr_par' dir='ltr' id='par_1_29' title="bbox 2299 1449 3802 1520">
     <span class='ocr_line' id='line_1_29' title="bbox 2299 1449 3802 1520; baseline 0.001 -16"><span class='ocrx_word' id='word_1_203' title='bbox 2299 1451 2405 1506; x_wconf 79' lang='lat' dir='ltr'><strong>llic</strong></span> <span class='ocrx_word' id='word_1_204' title='bbox 2433 1457 2618 1506; x_wconf 88' lang='lat' dir='ltr'><strong>autem</strong></span> <span class='ocrx_word' id='word_1_205' title='bbox 2641 1451 2699 1506; x_wconf 92' lang='lat' dir='ltr'><strong>in</strong></span> <span class='ocrx_word' id='word_1_206' title='bbox 2720 1451 2824 1506; x_wconf 81' lang='lat' dir='ltr'><strong>hac</strong></span> <span class='ocrx_word' id='word_1_207' title='bbox 2839 1450 3150 1506; x_wconf 80' lang='lat' dir='ltr'><strong>admirabili</strong></span> <span class='ocrx_word' id='word_1_208' title='bbox 3184 1449 3456 1520; x_wconf 85' lang='lat' dir='ltr'><strong>stupenda</strong></span> <span class='ocrx_word' id='word_1_209' title='bbox 3483 1458 3640 1506; x_wconf 77' lang='lat' dir='ltr'><strong>costa</strong></span> <span class='ocrx_word' id='word_1_210' title='bbox 3666 1450 3802 1506; x_wconf 76' lang='lat' dir='ltr'><strong>Ada-</strong></span> 
     </span>
    </p>
   </div>
   <div class='ocr_carea' id='block_1_30' title="bbox 2229 1541 3800 1612">
    <p class='ocr_par' dir='ltr' id='par_1_30' title="bbox 2229 1541 3800 1612">
     <span class='ocr_line' id='line_1_30' title="bbox 2229 1541 3800 1612; baseline 0.001 -14"><span class='ocrx_word' id='word_1_211' title='bbox 2229 1542 2306 1598; x_wconf 90' lang='lat' dir='ltr'><strong>mi</strong></span> <span class='ocrx_word' id='word_1_212' title='bbox 2339 1543 2436 1612; x_wconf 80' lang='lat' dir='ltr'><strong>qui</strong></span> <span class='ocrx_word' id='word_1_213' title='bbox 2471 1542 2700 1608; x_wconf 89' lang='lat' dir='ltr'><strong>dicitur,</strong></span> <span class='ocrx_word' id='word_1_214' title='bbox 2729 1559 2762 1598; x_wconf 77' lang='grc' dir='ltr'>θ</span> <span class='ocrx_word' id='word_1_215' title='bbox 2794 1545 3073 1599; x_wconf 83' lang='lat' dir='ltr'><strong>contrario</strong></span> <span class='ocrx_word' id='word_1_216' title='bbox 3091 1558 3186 1599; x_wconf 86' lang='lat' dir='ltr'><strong>res</strong></span> <span class='ocrx_word' id='word_1_217' title='bbox 3211 1541 3494 1598; x_wconf 86' lang='lat' dir='ltr'><strong>dicuntur.</strong></span> <span class='ocrx_word' id='word_1_218' title='bbox 3515 1543 3654 1600; x_wconf 90' lang='lat' dir='ltr'><strong>Nam</strong></span> <span class='ocrx_word' id='word_1_219' title='bbox 3682 1551 3800 1599; x_wconf 85' lang='lat' dir='ltr'><strong>ante</strong></span> 
     </span>
    </p>
   </div>
   <div class='ocr_carea' id='block_1_31' title="bbox 2230 1631 3802 1708">
    <p class='ocr_par' dir='ltr' id='par_1_31' title="bbox 2230 1631 3802 1708">
     <span class='ocr_line' id='line_1_31' title="bbox 2230 1631 3802 1708; baseline 0 -22"><span class='ocrx_word' id='word_1_220' title='bbox 2230 1631 2564 1708; x_wconf 79' lang='lat' dir='ltr'><strong>ablationem</strong></span> <span class='ocrx_word' id='word_1_221' title='bbox 2586 1640 2644 1687; x_wconf 88' lang='lat' dir='ltr'><strong>et</strong></span> <span class='ocrx_word' id='word_1_222' title='bbox 2675 1631 3006 1688; x_wconf 78' lang='lat' dir='ltr'><strong>divisionem</strong></span> <span class='ocrx_word' id='word_1_223' title='bbox 3048 1640 3216 1688; x_wconf 64' lang='lat' dir='ltr'><strong>costae</strong></span> <span class='ocrx_word' id='word_1_224' title='bbox 3241 1647 3364 1702; x_wconf 79' lang='lat' dir='ltr'><strong>quae</strong></span> <span class='ocrx_word' id='word_1_225' title='bbox 3392 1641 3611 1703; x_wconf 85' lang='lat' dir='ltr'><strong>sumpta</strong></span> <span class='ocrx_word' id='word_1_226' title='bbox 3639 1641 3724 1687; x_wconf 83' lang='lat' dir='ltr'><strong>est</strong></span> <span class='ocrx_word' id='word_1_227' title='bbox 3749 1640 3802 1686; x_wconf 85' lang='lat' dir='ltr'><strong>et</strong></span> 
     </span>
    </p>
   </div>
   <div class='ocr_carea' id='block_1_32' title="bbox 2231 1724 3800 1796">
    <p class='ocr_par' dir='ltr' id='par_1_32' title="bbox 2231 1724 3800 1796">
     <span class='ocr_line' id='line_1_32' title="bbox 2231 1724 3800 1796; baseline -0.001 -18"><span class='ocrx_word' id='word_1_228' title='bbox 2231 1739 2453 1793; x_wconf 88' lang='lat' dir='ltr'><strong>egressa</strong></span> <span class='ocrx_word' id='word_1_229' title='bbox 2483 1739 2551 1780; x_wconf 80' lang='lat' dir='ltr'><strong>ex</strong></span> <span class='ocrx_word' id='word_1_230' title='bbox 2581 1739 2818 1795; x_wconf 84' lang='lat' dir='ltr'><strong>corpore</strong></span> <span class='ocrx_word' id='word_1_231' title='bbox 2841 1726 2983 1796; x_wconf 86' lang='lat' dir='ltr'><strong>ejus,</strong></span> <span class='ocrx_word' id='word_1_232' title='bbox 3016 1739 3128 1780; x_wconf 82' lang='lat' dir='ltr'><strong>non</strong></span> <span class='ocrx_word' id='word_1_233' title='bbox 3165 1724 3406 1780; x_wconf 81' lang='lat' dir='ltr'><strong>diximus</strong></span> <span class='ocrx_word' id='word_1_234' title='bbox 3458 1726 3633 1795; x_wconf 85' lang='lat' dir='ltr'><strong>ipsam</strong></span> <span class='ocrx_word' id='word_1_235' title='bbox 3661 1741 3716 1778; x_wconf 86' lang='lat' dir='ltr'><strong>os</strong></span> <span class='ocrx_word' id='word_1_236' title='bbox 3741 1739 3800 1777; x_wconf 73' lang='lat' dir='ltr'><strong>es</strong></span> 
     </span>
    </p>
   </div>
   <div class='ocr_carea' id='block_1_33' title="bbox 557 1787 3802 1889">
    <p class='ocr_par' dir='ltr' id='par_1_33' title="bbox 557 1787 3802 1889">
     <span class='ocr_line' id='line_1_33' title="bbox 557 1787 3802 1889; baseline -0.007 -15"><span class='ocrx_word' id='word_1_237' title='bbox 557 1820 629 1874; x_wconf 84' lang='lat' dir='ltr'><strong>lis</strong></span> <span class='ocrx_word' id='word_1_238' title='bbox 657 1837 670 1884; x_wconf 91' lang='lat'><strong>;</strong></span> <span class='ocrx_word' id='word_1_239' title='bbox 704 1833 834 1872; x_wconf 88' lang='lat' dir='ltr'><strong>nam</strong></span> <span class='ocrx_word' id='word_1_240' title='bbox 873 1815 916 1871; x_wconf 88' lang='lat' dir='ltr'><strong>si</strong></span> <span class='ocrx_word' id='word_1_241' title='bbox 941 1815 1006 1869; x_wconf 91' lang='lat' dir='ltr'><strong>ad</strong></span> <span class='ocrx_word' id='word_1_242' title='bbox 1039 1813 1314 1868; x_wconf 87' lang='lat' dir='ltr'><strong>calculum</strong></span> <span class='ocrx_word' id='word_1_243' title='bbox 1350 1811 1648 1866; x_wconf 85' lang='lat' dir='ltr'><strong>reducatur</strong></span> <span class='ocrx_word' id='word_1_244' title='bbox 1671 1787 1872 1864; x_wconf 74' lang='lat' dir='ltr'><strong>nomen</strong></span> <span class='ocrx_word' id='word_1_245' title='bbox 1909 1787 2126 1872; x_wconf 74' lang='lat' dir='ltr'><strong>Adami,</strong></span> <span class='ocrx_word' id='word_1_246' title='bbox 2165 1787 2203 1840; x_wconf 74' lang='grc' dir='ltr'>Β</span> <span class='ocrx_word' id='word_1_247' title='bbox 2222 1787 2432 1874; x_wconf 60' lang='grc' dir='ltr'><strong>,οξείιηη</strong></span> <span class='ocrx_word' id='word_1_248' title='bbox 2465 1818 2606 1889; x_wconf 60' lang='lat' dir='ltr'><strong>eius,</strong></span> <span class='ocrx_word' id='word_1_249' title='bbox 2637 1787 2820 1888; x_wconf 49' lang='lat' dir='ltr'><strong>néque</strong></span> <span class='ocrx_word' id='word_1_250' title='bbox 2850 1787 3072 1872; x_wconf 37' lang='lat' dir='ltr'><strong>cvm-hem</strong></span> <span class='ocrx_word' id='word_1_251' title='bbox 3101 1832 3171 1872; x_wconf 64' lang='lat' dir='ltr'><strong>ex</strong></span> <span class='ocrx_word' id='word_1_252' title='bbox 3195 1831 3368 1872; x_wconf 67' lang='lat' dir='ltr'><strong>came</strong></span> <span class='ocrx_word' id='word_1_253' title='bbox 3399 1787 3544 1887; x_wconf 45' lang='lat' dir='ltr'><strong>e363.</strong></span> <span class='ocrx_word' id='word_1_254' title='bbox 3575 1815 3802 1883; x_wconf 64' lang='lat' dir='ltr'><strong>Quando</strong></span> 
     </span>
    </p>
   </div>
   <div class='ocr_carea' id='block_1_34' title="bbox 555 1899 2138 1982">
    <p class='ocr_par' dir='ltr' id='par_1_34' title="bbox 555 1899 2132 1974">
     <span class='ocr_line' id='line_1_34' title="bbox 555 1899 2132 1974; baseline -0.008 -9"><span class='ocrx_word' id='word_1_255' title='bbox 555 1911 780 1965; x_wconf 79' lang='lat' dir='ltr'><strong>coniicit</strong></span> <span class='ocrx_word' id='word_1_256' title='bbox 839 1920 1135 1963; x_wconf 88' lang='lat' dir='ltr'><strong>numerum</strong></span> <span class='ocrx_word' id='word_1_257' title='bbox 1196 1903 1560 1974; x_wconf 77' lang='lat' dir='ltr'><strong>quadraginta</strong></span> <span class='ocrx_word' id='word_1_258' title='bbox 1605 1910 1662 1956; x_wconf 90' lang='lat' dir='ltr'><strong>et</strong></span> <span class='ocrx_word' id='word_1_259' title='bbox 1709 1916 1827 1966; x_wconf 77' lang='lat' dir='ltr'><strong>sex,</strong></span> <span class='ocrx_word' id='word_1_260' title='bbox 1864 1899 2132 1969; x_wconf 87' lang='lat' dir='ltr'><strong>templum</strong></span> 
     </span>
    </p>
   </div>
   <div class='ocr_carea' id='block_1_35' title="bbox 2237 1899 3804 1982">
    <p class='ocr_par' dir='ltr' id='par_1_35' title="bbox 2237 1909 3804 1982">
     <span class='ocr_line' id='line_1_35' title="bbox 2237 1909 3804 1982; baseline 0.001 -17"><span class='ocrx_word' id='word_1_261' title='bbox 2237 1919 2416 1966; x_wconf 84' lang='lat' dir='ltr'><strong>autem</strong></span> <span class='ocrx_word' id='word_1_262' title='bbox 2447 1919 2665 1982; x_wconf 89' lang='lat' dir='ltr'><strong>sumpta</strong></span> <span class='ocrx_word' id='word_1_263' title='bbox 2685 1918 2771 1966; x_wconf 86' lang='lat' dir='ltr'><strong>est</strong></span> <span class='ocrx_word' id='word_1_264' title='bbox 2796 1918 2856 1966; x_wconf 87' lang='lat' dir='ltr'><strong>et</strong></span> <span class='ocrx_word' id='word_1_265' title='bbox 2884 1917 3014 1965; x_wconf 85' lang='lat' dir='ltr'><strong>nata</strong></span> <span class='ocrx_word' id='word_1_266' title='bbox 3043 1921 3111 1965; x_wconf 73' lang='lat' dir='ltr'><strong>ex</strong></span> <span class='ocrx_word' id='word_1_267' title='bbox 3139 1917 3370 1980; x_wconf 82' lang='lat' dir='ltr'><strong>corpore</strong></span> <span class='ocrx_word' id='word_1_268' title='bbox 3397 1911 3542 1981; x_wconf 86' lang='lat' dir='ltr'><strong>ejus,</strong></span> <span class='ocrx_word' id='word_1_269' title='bbox 3574 1919 3636 1964; x_wconf 89' lang='lat' dir='ltr'><strong>et</strong></span> <span class='ocrx_word' id='word_1_270' title='bbox 3668 1909 3804 1966; x_wconf 84' lang='lat' dir='ltr'><strong>facta</strong></span> 
     </span>
    </p>
   </div>
   <div class='ocr_carea' id='block_1_36' title="bbox 555 1989 2130 2065">
    <p class='ocr_par' dir='ltr' id='par_1_36' title="bbox 555 1989 2130 2065">
     <span class='ocr_line' id='line_1_36' title="bbox 555 1989 2130 2065; baseline -0.01 -7"><span class='ocrx_word' id='word_1_271' title='bbox 555 2003 706 2058; x_wconf 86' lang='lat' dir='ltr'><strong>cnim</strong></span> <span class='ocrx_word' id='word_1_272' title='bbox 758 1999 1074 2061; x_wconf 87' lang='lat' dir='ltr'><strong>Judaicum,</strong></span> <span class='ocrx_word' id='word_1_273' title='bbox 1123 1995 1271 2065; x_wconf 89' lang='lat' dir='ltr'><strong>quod</strong></span> <span class='ocrx_word' id='word_1_274' title='bbox 1330 1992 1649 2048; x_wconf 79' lang='lat' dir='ltr'><strong>allomanis</strong></span> <span class='ocrx_word' id='word_1_275' title='bbox 1701 1991 1801 2046; x_wconf 90' lang='lat' dir='ltr'><strong>fuit</strong></span> <span class='ocrx_word' id='word_1_276' title='bbox 1860 1989 2130 2054; x_wconf 89' lang='lat' dir='ltr'><strong>dirutum,</strong></span> 
     </span>
    </p>
   </div>
   <div class='ocr_carea' id='block_1_37' title="bbox 557 2085 1812 2162">
    <p class='ocr_par' dir='ltr' id='par_1_37' title="bbox 557 2085 1812 2162">
     <span class='ocr_line' id='line_1_37' title="bbox 557 2085 1812 2162; baseline -0.011 -12"><span class='ocrx_word' id='word_1_277' title='bbox 557 2094 892 2150; x_wconf 73' lang='lat' dir='ltr'><strong>mditlcatum</strong></span> <span class='ocrx_word' id='word_1_278' title='bbox 922 2093 1104 2146; x_wconf 81' lang='lat' dir='ltr'><strong>fuerat</strong></span> <span class='ocrx_word' id='word_1_279' title='bbox 1121 2089 1489 2162; x_wconf 81' lang='lat' dir='ltr'><strong>quadraginta</strong></span> <span class='ocrx_word' id='word_1_280' title='bbox 1510 2101 1605 2141; x_wconf 85' lang='lat' dir='ltr'><strong>sex</strong></span> <span class='ocrx_word' id='word_1_281' title='bbox 1631 2085 1812 2138; x_wconf 88' lang='lat' dir='ltr'><strong>annis.</strong></span> 
     </span>
    </p>
   </div>
   <div class='ocr_carea' id='block_1_38' title="bbox 631 2176 2134 2254">
    <p class='ocr_par' dir='ltr' id='par_1_38' title="bbox 631 2176 2134 2254">
     <span class='ocr_line' id='line_1_38' title="bbox 631 2176 2134 2254; baseline -0.009 -14"><span class='ocrx_word' id='word_1_282' title='bbox 631 2187 700 2240; x_wconf 84' lang='lat' dir='ltr'><strong>Et</strong></span> <span class='ocrx_word' id='word_1_283' title='bbox 719 2185 1000 2254; x_wconf 75' lang='lat' dir='ltr'><strong>rediﬁcavit</strong></span> <span class='ocrx_word' id='word_1_284' title='bbox 1025 2183 1277 2238; x_wconf 87' lang='lat' dir='ltr'><strong>Dominus</strong></span> <span class='ocrx_word' id='word_1_285' title='bbox 1300 2181 1440 2234; x_wconf 89' lang='lat' dir='ltr'><strong>Deus</strong></span> <span class='ocrx_word' id='word_1_286' title='bbox 1461 2187 1658 2234; x_wconf 85' lang='lat' dir='ltr'><strong>costam</strong></span> <span class='ocrx_word' id='word_1_287' title='bbox 1717 2194 1879 2249; x_wconf 86' lang='lat' dir='ltr'><strong>quam</strong></span> <span class='ocrx_word' id='word_1_288' title='bbox 1936 2176 2134 2246; x_wconf 78' lang='lat' dir='ltr'><strong>accepit</strong></span> 
     </span>
    </p>
   </div>
   <div class='ocr_carea' id='block_1_39' title="bbox 559 2267 2132 2338">
    <p class='ocr_par' dir='ltr' id='par_1_39' title="bbox 559 2267 2132 2338">
     <span class='ocr_line' id='line_1_39' title="bbox 559 2267 2132 2338; baseline -0.008 -7"><span class='ocrx_word' id='word_1_289' title='bbox 559 2276 657 2331; x_wconf 89' lang='lat' dir='ltr'><strong>sibi</strong></span> <span class='ocrx_word' id='word_1_290' title='bbox 684 2275 748 2330; x_wconf 88' lang='lat' dir='ltr'><strong>ab</strong></span> <span class='ocrx_word' id='word_1_291' title='bbox 777 2276 982 2330; x_wconf 81' lang='lat' dir='ltr'><strong>Adamo</strong></span> <span class='ocrx_word' id='word_1_292' title='bbox 1007 2275 1061 2328; x_wconf 85' lang='lat' dir='ltr'><strong>in</strong></span> <span class='ocrx_word' id='word_1_293' title='bbox 1079 2287 1320 2338; x_wconf 57' lang='lat' dir='ltr'><strong>uxorem,</strong></span> <span class='ocrx_word' id='word_1_294' title='bbox 1354 2276 1403 2323; x_wconf 86' lang='lat' dir='ltr'><strong>et</strong></span> <span class='ocrx_word' id='word_1_295' title='bbox 1428 2269 1578 2322; x_wconf 70' lang='lat' dir='ltr'><strong>dua‘it</strong></span> <span class='ocrx_word' id='word_1_296' title='bbox 1607 2285 1724 2324; x_wconf 80' lang='lat' dir='ltr'><strong>eam</strong></span> <span class='ocrx_word' id='word_1_297' title='bbox 1751 2267 1821 2322; x_wconf 85' lang='lat' dir='ltr'><strong>ad</strong></span> <span class='ocrx_word' id='word_1_298' title='bbox 1845 2267 2132 2331; x_wconf 83' lang='lat' dir='ltr'><strong>Adamum,</strong></span> 
     </span>
    </p>
   </div>
   <div class='ocr_carea' id='block_1_40' title="bbox 559 2357 2132 2436">
    <p class='ocr_par' dir='ltr' id='par_1_40' title="bbox 559 2357 2132 2436">
     <span class='ocr_line' id='line_1_40' title="bbox 559 2357 2132 2436; baseline -0.006 -17"><span class='ocrx_word' id='word_1_299' title='bbox 559 2367 819 2422; x_wconf 76' lang='lat' dir='ltr'><strong>videlicet</strong></span> <span class='ocrx_word' id='word_1_300' title='bbox 839 2373 965 2436; x_wconf 90' lang='lat' dir='ltr'><strong>post</strong></span> <span class='ocrx_word' id='word_1_301' title='bbox 989 2365 1409 2419; x_wconf 88' lang='lat' dir='ltr'><strong>suscitationem</strong></span> <span class='ocrx_word' id='word_1_302' title='bbox 1439 2376 1546 2430; x_wconf 90' lang='lat' dir='ltr'><strong>qua</strong></span> <span class='ocrx_word' id='word_1_303' title='bbox 1564 2359 1806 2428; x_wconf 80' lang='lat' dir='ltr'><strong>scipsum</strong></span> <span class='ocrx_word' id='word_1_304' title='bbox 1825 2357 2132 2412; x_wconf 82' lang='lat' dir='ltr'><strong>suscitavit.</strong></span> 
     </span>
    </p>
   </div>
   <div class='ocr_carea' id='block_1_41' title="bbox 562 2449 2134 2529">
    <p class='ocr_par' dir='ltr' id='par_1_41' title="bbox 562 2449 2134 2529">
     <span class='ocr_line' id='line_1_41' title="bbox 562 2449 2134 2529; baseline -0.007 -14"><span class='ocrx_word' id='word_1_305' title='bbox 562 2461 678 2515; x_wconf 54' lang='lat' dir='ltr'><strong>Non</strong></span> <span class='ocrx_word' id='word_1_306' title='bbox 707 2459 972 2529; x_wconf 85' lang='lat' dir='ltr'><strong>scriptum</strong></span> <span class='ocrx_word' id='word_1_307' title='bbox 1007 2465 1092 2512; x_wconf 86' lang='lat' dir='ltr'><strong>est</strong></span> <span class='ocrx_word' id='word_1_308' title='bbox 1123 2456 1305 2512; x_wconf 89' lang='lat' dir='ltr'><strong>enim:</strong></span> <span class='ocrx_word' id='word_1_309' title='bbox 1344 2453 1412 2508; x_wconf 85' lang='lat' dir='ltr'><strong>Et</strong></span> <span class='ocrx_word' id='word_1_310' title='bbox 1439 2453 1684 2506; x_wconf 61' lang='lat' dir='ltr'><strong>excitavit</strong></span> <span class='ocrx_word' id='word_1_311' title='bbox 1711 2451 1964 2504; x_wconf 78' lang='lat' dir='ltr'><strong>Dominus</strong></span> <span class='ocrx_word' id='word_1_312' title='bbox 1994 2449 2134 2504; x_wconf 77' lang='lat' dir='ltr'><strong>Deus</strong></span> 
     </span>
    </p>
   </div>
   <div class='ocr_carea' id='block_1_42' title="bbox 562 2540 2136 2618">
    <p class='ocr_par' dir='ltr' id='par_1_42' title="bbox 562 2540 2136 2618">
     <span class='ocr_line' id='line_1_42' title="bbox 562 2540 2136 2618; baseline -0.006 -12"><span class='ocrx_word' id='word_1_313' title='bbox 562 2552 843 2613; x_wconf 76' lang='lat' dir='ltr'><strong>Adamum,</strong></span> <span class='ocrx_word' id='word_1_314' title='bbox 865 2560 912 2604; x_wconf 88' lang='lat' dir='ltr'><strong>et</strong></span> <span class='ocrx_word' id='word_1_315' title='bbox 941 2551 1090 2603; x_wconf 63' lang='lat' dir='ltr'><strong>duxit</strong></span> <span class='ocrx_word' id='word_1_316' title='bbox 1127 2549 1196 2602; x_wconf 86' lang='lat' dir='ltr'><strong>ad</strong></span> <span class='ocrx_word' id='word_1_317' title='bbox 1226 2549 1399 2618; x_wconf 87' lang='lat' dir='ltr'><strong>ipsum</strong></span> <span class='ocrx_word' id='word_1_318' title='bbox 1420 2544 1720 2599; x_wconf 74' lang='lat' dir='ltr'><strong>mulierem.</strong></span> <span class='ocrx_word' id='word_1_319' title='bbox 1748 2542 1922 2596; x_wconf 84' lang='lat' dir='ltr'><strong>Habet</strong></span> <span class='ocrx_word' id='word_1_320' title='bbox 1955 2540 2136 2596; x_wconf 81' lang='lat' dir='ltr'><strong>ﬁdelis</strong></span> 
     </span>
    </p>
   </div>
   <div class='ocr_carea' id='block_1_43' title="bbox 561 2631 2138 2708">
    <p class='ocr_par' dir='ltr' id='par_1_43' title="bbox 561 2631 2138 2708">
     <span class='ocr_line' id='line_1_43' title="bbox 561 2631 2138 2708; baseline -0.006 -14"><span class='ocrx_word' id='word_1_321' title='bbox 561 2642 726 2695; x_wconf 89' lang='lat' dir='ltr'><strong>ctiam</strong></span> <span class='ocrx_word' id='word_1_322' title='bbox 762 2641 829 2694; x_wconf 90' lang='lat' dir='ltr'><strong>de</strong></span> <span class='ocrx_word' id='word_1_323' title='bbox 873 2639 1044 2706; x_wconf 78' lang='lat' dir='ltr'><strong>hujus</strong></span> <span class='ocrx_word' id='word_1_324' title='bbox 1083 2637 1229 2708; x_wconf 81' lang='lat' dir='ltr'><strong>(post</strong></span> <span class='ocrx_word' id='word_1_325' title='bbox 1255 2635 1466 2690; x_wconf 88' lang='lat' dir='ltr'><strong>Christi</strong></span> <span class='ocrx_word' id='word_1_326' title='bbox 1510 2631 1998 2698; x_wconf 86' lang='lat' dir='ltr'><strong>resurrectionem)</strong></span> <span class='ocrx_word' id='word_1_327' title='bbox 2036 2631 2138 2685; x_wconf 89' lang='lat' dir='ltr'><strong>Ec-</strong></span> 
     </span>
    </p>
   </div>
   <div class='ocr_carea' id='block_1_44' title="bbox 563 2722 2136 2797">
    <p class='ocr_par' dir='ltr' id='par_1_44' title="bbox 563 2722 2136 2797">
     <span class='ocr_line' id='line_1_44' title="bbox 563 2722 2136 2797; baseline -0.005 -15"><span class='ocrx_word' id='word_1_328' title='bbox 563 2732 743 2786; x_wconf 69' lang='lat' dir='ltr'><strong>clesiae</strong></span> <span class='ocrx_word' id='word_1_329' title='bbox 773 2730 840 2784; x_wconf 89' lang='lat' dir='ltr'><strong>ad</strong></span> <span class='ocrx_word' id='word_1_330' title='bbox 883 2731 1062 2797; x_wconf 87' lang='lat' dir='ltr'><strong>ipsum</strong></span> <span class='ocrx_word' id='word_1_331' title='bbox 1126 2728 1389 2792; x_wconf 80' lang='lat' dir='ltr'><strong>adventu,</strong></span> <span class='ocrx_word' id='word_1_332' title='bbox 1437 2726 1497 2779; x_wconf 91' lang='lat' dir='ltr'><strong>in</strong></span> <span class='ocrx_word' id='word_1_333' title='bbox 1534 2722 1844 2793; x_wconf 82' lang='lat' dir='ltr'><strong>Evangeliis</strong></span> <span class='ocrx_word' id='word_1_334' title='bbox 1892 2729 2136 2792; x_wconf 89' lang='lat' dir='ltr'><strong>apertam</strong></span> 
     </span>
    </p>
   </div>
   <div class='ocr_carea' id='block_1_45' title="bbox 563 2811 2134 2882">
    <p class='ocr_par' dir='ltr' id='par_1_45' title="bbox 563 2811 2134 2882">
     <span class='ocr_line' id='line_1_45' title="bbox 563 2811 2134 2882; baseline -0.005 -8"><span class='ocrx_word' id='word_1_335' title='bbox 563 2819 1118 2874; x_wconf 71' lang='lat' dir='ltr'><strong>demonstrationem.</strong></span> <span class='ocrx_word' id='word_1_336' title='bbox 1139 2815 1368 2882; x_wconf 84' lang='lat' dir='ltr'><strong>Quando</strong></span> <span class='ocrx_word' id='word_1_337' title='bbox 1381 2815 1528 2869; x_wconf 88' lang='lat' dir='ltr'><strong>enim</strong></span> <span class='ocrx_word' id='word_1_338' title='bbox 1551 2813 1794 2868; x_wconf 84' lang='lat' dir='ltr'><strong>surrexit</strong></span> <span class='ocrx_word' id='word_1_339' title='bbox 1822 2829 1854 2867; x_wconf 90' lang='lat' dir='ltr'><strong>a</strong></span> <span class='ocrx_word' id='word_1_340' title='bbox 1879 2811 2134 2878; x_wconf 86' lang='lat' dir='ltr'><strong>mortuis,</strong></span> 
     </span>
    </p>
   </div>
   <div class='ocr_carea' id='block_1_46' title="bbox 566 2903 2138 2981">
    <p class='ocr_par' dir='ltr' id='par_1_46' title="bbox 566 2903 2138 2981">
     <span class='ocr_line' id='line_1_46' title="bbox 566 2903 2138 2981; baseline -0.006 -16"><span class='ocrx_word' id='word_1_341' title='bbox 566 2923 700 2966; x_wconf 86' lang='lat' dir='ltr'><strong>tunc</strong></span> <span class='ocrx_word' id='word_1_342' title='bbox 725 2911 986 2981; x_wconf 67' lang='lat' dir='ltr'><strong>praecepit</strong></span> <span class='ocrx_word' id='word_1_343' title='bbox 1007 2908 1292 2979; x_wconf 87' lang='lat' dir='ltr'><strong>apostolis,</strong></span> <span class='ocrx_word' id='word_1_344' title='bbox 1325 2905 1548 2962; x_wconf 90' lang='lat' dir='ltr'><strong>dicens:</strong></span> <span class='ocrx_word' id='word_1_345' title='bbox 1577 2903 1778 2959; x_wconf 85' lang='lat' dir='ltr'><strong>Euntes</strong></span> <span class='ocrx_word' id='word_1_346' title='bbox 1799 2906 1854 2958; x_wconf 83' lang='lat' dir='ltr'><strong>in</strong></span> <span class='ocrx_word' id='word_1_347' title='bbox 1881 2904 2138 2958; x_wconf 87' lang='lat' dir='ltr'><strong>mundum</strong></span> 
     </span>
    </p>
   </div>
   <div class='ocr_carea' id='block_1_47' title="bbox 565 2993 2136 3072">
    <p class='ocr_par' dir='ltr' id='par_1_47' title="bbox 565 2993 2136 3072">
     <span class='ocr_line' id='line_1_47' title="bbox 565 2993 2136 3072; baseline -0.005 -14"><span class='ocrx_word' id='word_1_348' title='bbox 565 3005 742 3058; x_wconf 78' lang='lat' dir='ltr'><strong>docete</strong></span> <span class='ocrx_word' id='word_1_349' title='bbox 774 3018 954 3056; x_wconf 79' lang='lat' dir='ltr'><strong>omnes</strong></span> <span class='ocrx_word' id='word_1_350' title='bbox 981 3010 1176 3072; x_wconf 83' lang='lat' dir='ltr'><strong>gentes,</strong></span> <span class='ocrx_word' id='word_1_351' title='bbox 1198 2998 1526 3068; x_wconf 81' lang='lat' dir='ltr'><strong>baptizantes</strong></span> <span class='ocrx_word' id='word_1_352' title='bbox 1545 3013 1632 3050; x_wconf 87' lang='lat' dir='ltr'><strong>eos</strong></span> <span class='ocrx_word' id='word_1_353' title='bbox 1650 2997 1703 3050; x_wconf 89' lang='lat' dir='ltr'><strong>in</strong></span> <span class='ocrx_word' id='word_1_354' title='bbox 1723 2997 1933 3051; x_wconf 82' lang='lat' dir='ltr'><strong>nomine</strong></span> <span class='ocrx_word' id='word_1_355' title='bbox 1955 2993 2136 3050; x_wconf 81' lang='lat' dir='ltr'><strong>Patris</strong></span> 
     </span>
    </p>
   </div>
   <div class='ocr_carea' id='block_1_48' title="bbox 2233 2001 3808 2075">
    <p class='ocr_par' dir='ltr' id='par_1_48' title="bbox 2233 2001 3808 2075">
     <span class='ocr_line' id='line_1_48' title="bbox 2233 2001 3808 2075; baseline -0.003 -15"><span class='ocrx_word' id='word_1_356' title='bbox 2233 2013 2320 2060; x_wconf 89' lang='lat' dir='ltr'><strong>est</strong></span> <span class='ocrx_word' id='word_1_357' title='bbox 2351 2015 2604 2075; x_wconf 84' lang='lat' dir='ltr'><strong>tanquam</strong></span> <span class='ocrx_word' id='word_1_358' title='bbox 2636 2019 2838 2074; x_wconf 88' lang='lat' dir='ltr'><strong>corpus</strong></span> <span class='ocrx_word' id='word_1_359' title='bbox 2864 2004 3008 2074; x_wconf 84' lang='lat' dir='ltr'><strong>ejus,</strong></span> <span class='ocrx_word' id='word_1_360' title='bbox 3039 2001 3109 2057; x_wconf 65' lang='lat' dir='ltr'><strong>a‘d</strong></span> <span class='ocrx_word' id='word_1_361' title='bbox 3142 2003 3323 2074; x_wconf 90' lang='lat' dir='ltr'><strong>ipsum</strong></span> <span class='ocrx_word' id='word_1_362' title='bbox 3345 2009 3434 2056; x_wconf 87' lang='lat' dir='ltr'><strong>est</strong></span> <span class='ocrx_word' id='word_1_363' title='bbox 3457 2001 3722 2065; x_wconf 88' lang='lat' dir='ltr'><strong>adducta,</strong></span> <span class='ocrx_word' id='word_1_364' title='bbox 3755 2011 3808 2056; x_wconf 88' lang='lat' dir='ltr'><strong>et</strong></span> 
     </span>
    </p>
   </div>
   <div class='ocr_carea' id='block_1_49' title="bbox 2234 2092 3808 2156">
    <p class='ocr_par' dir='ltr' id='par_1_49' title="bbox 2234 2092 3808 2156">
     <span class='ocr_line' id='line_1_49' title="bbox 2234 2092 3808 2156; baseline -0.003 -6"><span class='ocrx_word' id='word_1_365' title='bbox 2234 2104 2366 2151; x_wconf 85' lang='lat' dir='ltr'><strong>tunc</strong></span> <span class='ocrx_word' id='word_1_366' title='bbox 2389 2096 2524 2150; x_wconf 85' lang='lat' dir='ltr'><strong>dicit</strong></span> <span class='ocrx_word' id='word_1_367' title='bbox 2557 2114 2570 2150; x_wconf 92' lang='lat'><strong>:</strong></span> <span class='ocrx_word' id='word_1_368' title='bbox 2597 2093 2708 2150; x_wconf 79' lang='lat' dir='ltr'><strong>Hoc</strong></span> <span class='ocrx_word' id='word_1_369' title='bbox 2737 2111 2876 2148; x_wconf 84' lang='lat' dir='ltr'><strong>nunc</strong></span> <span class='ocrx_word' id='word_1_370' title='bbox 2898 2109 2954 2148; x_wconf 89' lang='lat' dir='ltr'><strong>os</strong></span> <span class='ocrx_word' id='word_1_371' title='bbox 2989 2109 3053 2148; x_wconf 81' lang='lat' dir='ltr'><strong>ea;</strong></span> <span class='ocrx_word' id='word_1_372' title='bbox 3086 2092 3286 2146; x_wconf 77' lang='lat' dir='ltr'><strong>ossibus</strong></span> <span class='ocrx_word' id='word_1_373' title='bbox 3314 2093 3466 2156; x_wconf 86' lang='lat' dir='ltr'><strong>meis,</strong></span> <span class='ocrx_word' id='word_1_374' title='bbox 3498 2100 3552 2145; x_wconf 86' lang='lat' dir='ltr'><strong>et</strong></span> <span class='ocrx_word' id='word_1_375' title='bbox 3587 2107 3716 2146; x_wconf 85' lang='lat' dir='ltr'><strong>caro</strong></span> <span class='ocrx_word' id='word_1_376' title='bbox 3748 2107 3808 2145; x_wconf 71' lang='lat' dir='ltr'><strong>ex</strong></span> 
     </span>
    </p>
   </div>
   <div class='ocr_carea' id='block_1_50' title="bbox 2235 2181 3802 2257">
    <p class='ocr_par' dir='ltr' id='par_1_50' title="bbox 2235 2181 3802 2257">
     <span class='ocr_line' id='line_1_50' title="bbox 2235 2181 3802 2257; baseline -0.002 -16"><span class='ocrx_word' id='word_1_377' title='bbox 2235 2203 2396 2242; x_wconf 84' lang='lat' dir='ltr'><strong>carne</strong></span> <span class='ocrx_word' id='word_1_378' title='bbox 2429 2204 2569 2252; x_wconf 80' lang='lat' dir='ltr'><strong>mea,</strong></span> <span class='ocrx_word' id='word_1_379' title='bbox 2597 2187 2811 2242; x_wconf 86' lang='lat' dir='ltr'><strong>scilicet</strong></span> <span class='ocrx_word' id='word_1_380' title='bbox 2841 2185 3088 2257; x_wconf 79' lang='lat' dir='ltr'><strong>ejusdem</strong></span> <span class='ocrx_word' id='word_1_381' title='bbox 3110 2184 3348 2255; x_wconf 74' lang='lat' dir='ltr'><strong>generis.</strong></span> <span class='ocrx_word' id='word_1_382' title='bbox 3375 2181 3534 2239; x_wconf 86' lang='lat' dir='ltr'><strong>Unde</strong></span> <span class='ocrx_word' id='word_1_383' title='bbox 3553 2198 3658 2252; x_wconf 89' lang='lat' dir='ltr'><strong>per</strong></span> <span class='ocrx_word' id='word_1_384' title='bbox 3679 2183 3802 2250; x_wconf 88' lang='lat' dir='ltr'><strong>hoc,</strong></span> 
     </span>
    </p>
   </div>
   <div class='ocr_carea' id='block_1_51' title="bbox 2234 2263 3808 2349">
    <p class='ocr_par' dir='ltr' id='par_1_51' title="bbox 2234 2263 3808 2349">
     <span class='ocr_line' id='line_1_51' title="bbox 2234 2263 3808 2349; baseline -0.003 -17"><span class='ocrx_word' id='word_1_385' title='bbox 2234 2279 2380 2349; x_wconf 89' lang='lat' dir='ltr'><strong>quod</strong></span> <span class='ocrx_word' id='word_1_386' title='bbox 2415 2277 2549 2334; x_wconf 86' lang='lat' dir='ltr'><strong>dicit</strong></span> <span class='ocrx_word' id='word_1_387' title='bbox 2601 2287 2658 2332; x_wconf 87' lang='lat' dir='ltr'><strong>et</strong></span> <span class='ocrx_word' id='word_1_388' title='bbox 2685 2277 2839 2332; x_wconf 86' lang='lat' dir='ltr'><strong>addit</strong></span> <span class='ocrx_word' id='word_1_389' title='bbox 2897 2275 3057 2339; x_wconf 85' lang='lat' dir='ltr'><strong>illud,</strong></span> <span class='ocrx_word' id='word_1_390' title='bbox 3111 2275 3282 2337; x_wconf 81' lang='lat' dir='ltr'><strong>Nunc,</strong></span> <span class='ocrx_word' id='word_1_391' title='bbox 3344 2263 3594 2328; x_wconf 84' lang='lat' dir='ltr'><strong>ostendit</strong></span> <span class='ocrx_word' id='word_1_392' title='bbox 3629 2273 3808 2336; x_wconf 82' lang='lat' dir='ltr'><strong>nobis,</strong></span> 
     </span>
    </p>
   </div>
   <div class='ocr_carea' id='block_1_52' title="bbox 2235 2367 3812 2442">
    <p class='ocr_par' dir='ltr' id='par_1_52' title="bbox 2235 2367 3812 2442">
     <span class='ocr_line' id='line_1_52' title="bbox 2235 2367 3812 2442; baseline -0.004 -16"><span class='ocrx_word' id='word_1_393' title='bbox 2235 2371 2382 2442; x_wconf 87' lang='lat' dir='ltr'><strong>quod</strong></span> <span class='ocrx_word' id='word_1_394' title='bbox 2409 2371 2564 2441; x_wconf 80' lang='lat' dir='ltr'><strong>prius</strong></span> <span class='ocrx_word' id='word_1_395' title='bbox 2593 2385 2704 2425; x_wconf 88' lang='lat' dir='ltr'><strong>non</strong></span> <span class='ocrx_word' id='word_1_396' title='bbox 2732 2377 2852 2425; x_wconf 89' lang='lat' dir='ltr'><strong>erat</strong></span> <span class='ocrx_word' id='word_1_397' title='bbox 2904 2369 3022 2424; x_wconf 67' lang='lat' dir='ltr'><strong>haec</strong></span> <span class='ocrx_word' id='word_1_398' title='bbox 3051 2376 3203 2423; x_wconf 89' lang='lat' dir='ltr'><strong>costa</strong></span> <span class='ocrx_word' id='word_1_399' title='bbox 3238 2367 3580 2431; x_wconf 65' lang='lat' dir='ltr'><strong>.ludaeorum,</strong></span> <span class='ocrx_word' id='word_1_400' title='bbox 3637 2380 3812 2436; x_wconf 87' lang='lat' dir='ltr'><strong>neque</strong></span> 
     </span>
    </p>
   </div>
   <div class='ocr_carea' id='block_1_53' title="bbox 2235 2457 3808 2531">
    <p class='ocr_par' dir='ltr' id='par_1_53' title="bbox 2235 2457 3808 2531">
     <span class='ocr_line' id='line_1_53' title="bbox 2235 2457 3808 2531; baseline -0.005 -13"><span class='ocrx_word' id='word_1_401' title='bbox 2235 2477 2299 2518; x_wconf 89' lang='lat' dir='ltr'><strong>os</strong></span> <span class='ocrx_word' id='word_1_402' title='bbox 2331 2477 2397 2517; x_wconf 73' lang='lat' dir='ltr'><strong>ex</strong></span> <span class='ocrx_word' id='word_1_403' title='bbox 2425 2461 2646 2516; x_wconf 85' lang='lat' dir='ltr'><strong>ossibus</strong></span> <span class='ocrx_word' id='word_1_404' title='bbox 2681 2462 2822 2531; x_wconf 86' lang='lat' dir='ltr'><strong>ejus,</strong></span> <span class='ocrx_word' id='word_1_405' title='bbox 2859 2475 3038 2530; x_wconf 87' lang='lat' dir='ltr'><strong>neque</strong></span> <span class='ocrx_word' id='word_1_406' title='bbox 3063 2475 3190 2514; x_wconf 86' lang='lat' dir='ltr'><strong>caro</strong></span> <span class='ocrx_word' id='word_1_407' title='bbox 3210 2473 3277 2513; x_wconf 79' lang='lat' dir='ltr'><strong>ex</strong></span> <span class='ocrx_word' id='word_1_408' title='bbox 3311 2473 3476 2512; x_wconf 87' lang='lat' dir='ltr'><strong>carne</strong></span> <span class='ocrx_word' id='word_1_409' title='bbox 3500 2459 3646 2525; x_wconf 89' lang='lat' dir='ltr'><strong>ejus,</strong></span> <span class='ocrx_word' id='word_1_410' title='bbox 3671 2457 3808 2520; x_wconf 84' lang='lat' dir='ltr'><strong>veri,</strong></span> 
     </span>
    </p>
   </div>
   <div class='ocr_carea' id='block_1_54' title="bbox 2237 2547 3814 2620">
    <p class='ocr_par' dir='ltr' id='par_1_54' title="bbox 2237 2547 3814 2620">
     <span class='ocr_line' id='line_1_54' title="bbox 2237 2547 3814 2620; baseline -0.004 -13"><span class='ocrx_word' id='word_1_411' title='bbox 2237 2553 2484 2620; x_wconf 87' lang='lat' dir='ltr'><strong>inquam,</strong></span> <span class='ocrx_word' id='word_1_412' title='bbox 2508 2551 2722 2608; x_wconf 75' lang='lat' dir='ltr'><strong>Adami.</strong></span> <span class='ocrx_word' id='word_1_413' title='bbox 2755 2551 2824 2605; x_wconf 87' lang='lat' dir='ltr'><strong>Et</strong></span> <span class='ocrx_word' id='word_1_414' title='bbox 2857 2551 2904 2605; x_wconf 90' lang='lat' dir='ltr'><strong>si</strong></span> <span class='ocrx_word' id='word_1_415' title='bbox 2927 2549 3156 2604; x_wconf 81' lang='lat' dir='ltr'><strong>dixisset</strong></span> <span class='ocrx_word' id='word_1_416' title='bbox 3181 2547 3404 2618; x_wconf 89' lang='lat' dir='ltr'><strong>quidem</strong></span> <span class='ocrx_word' id='word_1_417' title='bbox 3438 2565 3450 2598; x_wconf 89' lang='lat'>:</span> <span class='ocrx_word' id='word_1_418' title='bbox 3491 2547 3604 2600; x_wconf 84' lang='lat' dir='ltr'><strong>Hoc</strong></span> <span class='ocrx_word' id='word_1_419' title='bbox 3645 2563 3702 2600; x_wconf 87' lang='lat' dir='ltr'><strong>os</strong></span> <span class='ocrx_word' id='word_1_420' title='bbox 3752 2562 3814 2600; x_wconf 76' lang='lat' dir='ltr'><strong>ea:</strong></span> 
     </span>
    </p>
   </div>
   <div class='ocr_carea' id='block_1_55' title="bbox 2236 2635 3812 2709">
    <p class='ocr_par' dir='ltr' id='par_1_55' title="bbox 2236 2635 3812 2709">
     <span class='ocr_line' id='line_1_55' title="bbox 2236 2635 3812 2709; baseline -0.004 -11"><span class='ocrx_word' id='word_1_421' title='bbox 2236 2644 2435 2698; x_wconf 76' lang='lat' dir='ltr'><strong>ossibus</strong></span> <span class='ocrx_word' id='word_1_422' title='bbox 2482 2644 2632 2708; x_wconf 76' lang='lat' dir='ltr'><strong>meis,</strong></span> <span class='ocrx_word' id='word_1_423' title='bbox 2665 2643 2848 2698; x_wconf 85' lang='lat' dir='ltr'><strong>locum</strong></span> <span class='ocrx_word' id='word_1_424' title='bbox 2893 2640 3128 2696; x_wconf 82' lang='lat' dir='ltr'><strong>haberet</strong></span> <span class='ocrx_word' id='word_1_425' title='bbox 3189 2638 3414 2694; x_wconf 68' lang='lat' dir='ltr'><strong>Judaeus</strong></span> <span class='ocrx_word' id='word_1_426' title='bbox 3469 2635 3812 2709; x_wconf 78' lang='lat' dir='ltr'><strong>intelligendi</strong></span> 
     </span>
    </p>
   </div>
   <div class='ocr_carea' id='block_1_56' title="bbox 2237 2727 3812 2802">
    <p class='ocr_par' dir='ltr' id='par_1_56' title="bbox 2237 2727 3812 2802">
     <span class='ocr_line' id='line_1_56' title="bbox 2237 2727 3812 2802; baseline -0.006 -10"><span class='ocrx_word' id='word_1_427' title='bbox 2237 2735 2305 2792; x_wconf 87' lang='lat' dir='ltr'><strong>ad</strong></span> <span class='ocrx_word' id='word_1_428' title='bbox 2333 2735 2572 2790; x_wconf 89' lang='lat' dir='ltr'><strong>litteram</strong></span> <span class='ocrx_word' id='word_1_429' title='bbox 2627 2733 2684 2790; x_wconf 90' lang='lat' dir='ltr'><strong>id</strong></span> <span class='ocrx_word' id='word_1_430' title='bbox 2733 2732 2882 2802; x_wconf 91' lang='lat' dir='ltr'><strong>quod</strong></span> <span class='ocrx_word' id='word_1_431' title='bbox 2911 2731 3137 2786; x_wconf 90' lang='lat' dir='ltr'><strong>dicitur.</strong></span> <span class='ocrx_word' id='word_1_432' title='bbox 3193 2729 3396 2784; x_wconf 80' lang='lat' dir='ltr'><strong>Addito</strong></span> <span class='ocrx_word' id='word_1_433' title='bbox 3460 2736 3649 2784; x_wconf 87' lang='lat' dir='ltr'><strong>autem</strong></span> <span class='ocrx_word' id='word_1_434' title='bbox 3700 2727 3812 2791; x_wconf 88' lang='lat' dir='ltr'><strong>illo,</strong></span> 
     </span>
    </p>
   </div>
   <div class='ocr_carea' id='block_1_57' title="bbox 2237 2819 3817 2894">
    <p class='ocr_par' dir='ltr' id='par_1_57' title="bbox 2237 2819 3817 2894">
     <span class='ocr_line' id='line_1_57' title="bbox 2237 2819 3817 2894; baseline -0.004 -14"><span class='ocrx_word' id='word_1_435' title='bbox 2237 2825 2410 2888; x_wconf 84' lang='lat' dir='ltr'><strong>Nunc,</strong></span> <span class='ocrx_word' id='word_1_436' title='bbox 2437 2830 2628 2894; x_wconf 87' lang='lat' dir='ltr'><strong>aperte</strong></span> <span class='ocrx_word' id='word_1_437' title='bbox 2657 2821 2819 2880; x_wconf 86' lang='lat' dir='ltr'><strong>nobis</strong></span> <span class='ocrx_word' id='word_1_438' title='bbox 2843 2820 3085 2876; x_wconf 84' lang='lat' dir='ltr'><strong>ostendit</strong></span> <span class='ocrx_word' id='word_1_439' title='bbox 3106 2819 3278 2891; x_wconf 80' lang='lat' dir='ltr'><strong>quod,</strong></span> <span class='ocrx_word' id='word_1_440' title='bbox 3311 2835 3381 2874; x_wconf 74' lang='lat' dir='ltr'><strong>ex</strong></span> <span class='ocrx_word' id='word_1_441' title='bbox 3417 2834 3534 2889; x_wconf 84' lang='lat' dir='ltr'><strong>quo</strong></span> <span class='ocrx_word' id='word_1_442' title='bbox 3582 2819 3817 2875; x_wconf 78' lang='lat' dir='ltr'><strong>excessit</strong></span> 
     </span>
    </p>
   </div>
   <div class='ocr_carea' id='block_1_58' title="bbox 2239 2910 3814 2984">
    <p class='ocr_par' dir='ltr' id='par_1_58' title="bbox 2239 2910 3814 2984">
     <span class='ocr_line' id='line_1_58' title="bbox 2239 2910 3814 2984; baseline -0.005 -11"><span class='ocrx_word' id='word_1_443' title='bbox 2239 2915 2520 2973; x_wconf 80' lang='lat' dir='ltr'><strong>secundus</strong></span> <span class='ocrx_word' id='word_1_444' title='bbox 2566 2915 2765 2979; x_wconf 72' lang='lat' dir='ltr'><strong>Adam,</strong></span> <span class='ocrx_word' id='word_1_445' title='bbox 2816 2913 3055 2984; x_wconf 87' lang='lat' dir='ltr'><strong>pulchro</strong></span> <span class='ocrx_word' id='word_1_446' title='bbox 3108 2921 3165 2968; x_wconf 83' lang='lat' dir='ltr'><strong>et</strong></span> <span class='ocrx_word' id='word_1_447' title='bbox 3194 2913 3357 2969; x_wconf 84' lang='lat' dir='ltr'><strong>beato</strong></span> <span class='ocrx_word' id='word_1_448' title='bbox 3387 2919 3445 2966; x_wconf 89' lang='lat' dir='ltr'><strong>et</strong></span> <span class='ocrx_word' id='word_1_449' title='bbox 3482 2910 3814 2966; x_wconf 77' lang='lat' dir='ltr'><strong>immutabili</strong></span> 
     </span>
    </p>
   </div>
   <div class='ocr_carea' id='block_1_59' title="bbox 2238 3002 3819 3077">
    <p class='ocr_par' dir='ltr' id='par_1_59' title="bbox 2238 3002 3819 3077">
     <span class='ocr_line' id='line_1_59' title="bbox 2238 3002 3819 3077; baseline -0.004 -14"><span class='ocrx_word' id='word_1_450' title='bbox 2238 3023 2492 3072; x_wconf 80' lang='lat' dir='ltr'><strong>excessu,</strong></span> <span class='ocrx_word' id='word_1_451' title='bbox 2517 3015 2574 3061; x_wconf 85' lang='lat' dir='ltr'><strong>et</strong></span> <span class='ocrx_word' id='word_1_452' title='bbox 2595 3005 2821 3061; x_wconf 88' lang='lat' dir='ltr'><strong>dormiit</strong></span> <span class='ocrx_word' id='word_1_453' title='bbox 2839 3005 2962 3077; x_wconf 88' lang='lat' dir='ltr'><strong>(nos</strong></span> <span class='ocrx_word' id='word_1_454' title='bbox 2980 3019 3175 3059; x_wconf 85' lang='lat' dir='ltr'><strong>omnes</strong></span> <span class='ocrx_word' id='word_1_455' title='bbox 3189 3003 3584 3074; x_wconf 74' lang='lat' dir='ltr'><strong>vivificantem)</strong></span> <span class='ocrx_word' id='word_1_456' title='bbox 3613 3002 3819 3057; x_wconf 84' lang='lat' dir='ltr'><strong>tridua-</strong></span> 
     </span>
    </p>
   </div>
   <div class='ocr_carea' id='block_1_60' title="bbox 560 3086 3816 3171">
    <p class='ocr_par' dir='ltr' id='par_1_60' title="bbox 560 3086 3816 3171">
     <span class='ocr_line' id='line_1_60' title="bbox 560 3086 3816 3171; baseline -0.005 -24"><span class='ocrx_word' id='word_1_457' title='bbox 560 3103 618 3147; x_wconf 53' lang='grc' dir='ltr'><strong>αρε</strong></span> <span class='ocrx_word' id='word_1_458' title='bbox 809 3101 858 3146; x_wconf 84' lang='lat' dir='ltr'><strong>et</strong></span> <span class='ocrx_word' id='word_1_459' title='bbox 1152 3088 1324 3144; x_wconf 83' lang='lat' dir='ltr'><strong>sancti</strong></span> <span class='ocrx_word' id='word_1_460' title='bbox 1350 3087 1416 3142; x_wconf 64' lang='grc'><strong>⁷⁸.</strong></span> <span class='ocrx_word' id='word_1_461' title='bbox 1451 3087 1662 3143; x_wconf 85' lang='lat' dir='ltr'><strong>Euntes</strong></span> <span class='ocrx_word' id='word_1_462' title='bbox 1891 3086 2135 3158; x_wconf 86' lang='lat' dir='ltr'><strong>colligite</strong></span> <span class='ocrx_word' id='word_1_463' title='bbox 2164 3114 2206 3171; x_wconf 78' lang='lat' dir='ltr'><strong><em>C</em></strong></span> <span class='ocrx_word' id='word_1_464' title='bbox 2237 3111 2366 3152; x_wconf 71' lang='lat' dir='ltr'><strong>nam</strong></span> <span class='ocrx_word' id='word_1_465' title='bbox 2391 3109 2548 3150; x_wconf 80' lang='lat' dir='ltr'><strong>suam</strong></span> <span class='ocrx_word' id='word_1_466' title='bbox 2582 3105 2839 3160; x_wconf 61' lang='lat' dir='ltr'><strong>mortem,</strong></span> <span class='ocrx_word' id='word_1_467' title='bbox 2867 3103 2926 3150; x_wconf 61' lang='lat' dir='ltr'><strong>et</strong></span> <span class='ocrx_word' id='word_1_468' title='bbox 2957 3093 3174 3164; x_wconf 57' lang='lat' dir='ltr'><strong>peperit</strong></span> <span class='ocrx_word' id='word_1_469' title='bbox 3199 3092 3487 3163; x_wconf 70' lang='lat' dir='ltr'><strong>pulchram</strong></span> <span class='ocrx_word' id='word_1_470' title='bbox 3522 3105 3680 3146; x_wconf 61' lang='lat' dir='ltr'><strong>sua&quot;;</strong></span> 
     </span>
    </p>
   </div>
   <div class='ocr_carea' id='block_1_61' title="bbox 566 3179 2138 3253">
    <p class='ocr_par' dir='ltr' id='par_1_61' title="bbox 566 3179 2138 3253">
     <span class='ocr_line' id='line_1_61' title="bbox 566 3179 2138 3253; baseline -0.006 -13"><span class='ocrx_word' id='word_1_471' title='bbox 566 3201 720 3241; x_wconf 87' lang='lat' dir='ltr'><strong>meos</strong></span> <span class='ocrx_word' id='word_1_472' title='bbox 744 3185 886 3239; x_wconf 84' lang='lat' dir='ltr'><strong>lllios</strong></span> <span class='ocrx_word' id='word_1_473' title='bbox 951 3183 1274 3253; x_wconf 81' lang='lat' dir='ltr'><strong>dispersos,</strong></span> <span class='ocrx_word' id='word_1_474' title='bbox 1328 3179 1577 3234; x_wconf 87' lang='lat' dir='ltr'><strong>membra</strong></span> <span class='ocrx_word' id='word_1_475' title='bbox 1629 3181 1934 3250; x_wconf 88' lang='lat' dir='ltr'><strong>dispersa;</strong></span> <span class='ocrx_word' id='word_1_476' title='bbox 1984 3179 2138 3232; x_wconf 90' lang='lat' dir='ltr'><strong>unite</strong></span> 
     </span>
    </p>
   </div>
   <div class='ocr_carea' id='block_1_62' title="bbox 569 3268 2138 3341">
    <p class='ocr_par' dir='ltr' id='par_1_62' title="bbox 569 3268 2138 3341">
     <span class='ocr_line' id='line_1_62' title="bbox 569 3268 2138 3341; baseline -0.005 -11"><span class='ocrx_word' id='word_1_477' title='bbox 569 3291 718 3330; x_wconf 86' lang='lat' dir='ltr'><strong>meas</strong></span> <span class='ocrx_word' id='word_1_478' title='bbox 753 3289 953 3330; x_wconf 86' lang='lat' dir='ltr'><strong>carnes</strong></span> <span class='ocrx_word' id='word_1_479' title='bbox 981 3273 1190 3327; x_wconf 88' lang='lat' dir='ltr'><strong>divisas</strong></span> <span class='ocrx_word' id='word_1_480' title='bbox 1218 3286 1234 3339; x_wconf 91' lang='lat'><strong>;</strong></span> <span class='ocrx_word' id='word_1_481' title='bbox 1271 3270 1592 3341; x_wconf 87' lang='lat' dir='ltr'><strong>conjungite</strong></span> <span class='ocrx_word' id='word_1_482' title='bbox 1631 3285 1752 3326; x_wconf 85' lang='lat' dir='ltr'><strong>mea</strong></span> <span class='ocrx_word' id='word_1_483' title='bbox 1801 3285 1926 3325; x_wconf 86' lang='lat' dir='ltr'><strong>ossa</strong></span> <span class='ocrx_word' id='word_1_484' title='bbox 1956 3268 2138 3324; x_wconf 87' lang='lat' dir='ltr'><strong>disso-</strong></span> 
     </span>
    </p>
   </div>
   <div class='ocr_carea' id='block_1_63' title="bbox 570 3363 2141 3432">
    <p class='ocr_par' dir='ltr' id='par_1_63' title="bbox 570 3363 2141 3432">
     <span class='ocr_line' id='line_1_63' title="bbox 570 3363 2141 3432; baseline -0.003 -12"><span class='ocrx_word' id='word_1_485' title='bbox 570 3365 997 3432; x_wconf 83' lang='lat' dir='ltr'><strong>luta;adducite</strong></span> <span class='ocrx_word' id='word_1_486' title='bbox 1027 3363 1096 3418; x_wconf 89' lang='lat' dir='ltr'><strong>ad</strong></span> <span class='ocrx_word' id='word_1_487' title='bbox 1149 3377 1233 3417; x_wconf 93' lang='lat' dir='ltr'><strong>me</strong></span> <span class='ocrx_word' id='word_1_488' title='bbox 1267 3369 1474 3416; x_wconf 73' lang='lat' dir='ltr'><strong>costam</strong></span> <span class='ocrx_word' id='word_1_489' title='bbox 1523 3375 1644 3430; x_wconf 70' lang='lat' dir='ltr'><strong>qum</strong></span> <span class='ocrx_word' id='word_1_490' title='bbox 1671 3369 1758 3418; x_wconf 81' lang='lat' dir='ltr'><strong>est</strong></span> <span class='ocrx_word' id='word_1_491' title='bbox 1791 3377 1822 3414; x_wconf 91' lang='lat' dir='ltr'><strong>a</strong></span> <span class='ocrx_word' id='word_1_492' title='bbox 1861 3376 1948 3415; x_wconf 87' lang='lat' dir='ltr'><strong>me</strong></span> <span class='ocrx_word' id='word_1_493' title='bbox 1983 3376 2141 3430; x_wconf 49' lang='lat' dir='ltr'><strong>scpaj</strong></span> 
     </span>
    </p>
   </div>
   <div class='ocr_carea' id='block_1_64' title="bbox 569 3449 2141 3528">
    <p class='ocr_par' dir='ltr' id='par_1_64' title="bbox 569 3449 2141 3528">
     <span class='ocr_line' id='line_1_64' title="bbox 569 3449 2141 3528; baseline -0.003 -17"><span class='ocrx_word' id='word_1_494' title='bbox 569 3467 724 3524; x_wconf 87' lang='lat' dir='ltr'><strong>rata;</strong></span> <span class='ocrx_word' id='word_1_495' title='bbox 776 3465 967 3512; x_wconf 88' lang='lat' dir='ltr'><strong>vocate</strong></span> <span class='ocrx_word' id='word_1_496' title='bbox 1029 3454 1097 3508; x_wconf 89' lang='lat' dir='ltr'><strong>ad</strong></span> <span class='ocrx_word' id='word_1_497' title='bbox 1156 3468 1242 3508; x_wconf 89' lang='lat' dir='ltr'><strong>me</strong></span> <span class='ocrx_word' id='word_1_498' title='bbox 1300 3467 1530 3506; x_wconf 77' lang='lat' dir='ltr'><strong>uxorem</strong></span> <span class='ocrx_word' id='word_1_499' title='bbox 1589 3467 1767 3507; x_wconf 83' lang='lat' dir='ltr'><strong>meam</strong></span> <span class='ocrx_word' id='word_1_500' title='bbox 1803 3493 1818 3520; x_wconf 93' lang='lat'><strong>,</strong></span> <span class='ocrx_word' id='word_1_501' title='bbox 1882 3449 2004 3523; x_wconf 80' lang='lat' dir='ltr'><strong>quae</strong></span> <span class='ocrx_word' id='word_1_502' title='bbox 2045 3453 2141 3528; x_wconf 81' lang='lat' dir='ltr'><strong>ab-</strong></span> 
     </span>
    </p>
   </div>
   <div class='ocr_carea' id='block_1_65' title="bbox 567 3545 2140 3618">
    <p class='ocr_par' dir='ltr' id='par_1_65' title="bbox 567 3545 2140 3618">
     <span class='ocr_line' id='line_1_65' title="bbox 567 3545 2140 3618; baseline -0.003 -14"><span class='ocrx_word' id='word_1_503' title='bbox 567 3551 732 3604; x_wconf 87' lang='lat' dir='ltr'><strong>ducta</strong></span> <span class='ocrx_word' id='word_1_504' title='bbox 777 3558 863 3605; x_wconf 89' lang='lat' dir='ltr'><strong>est</strong></span> <span class='ocrx_word' id='word_1_505' title='bbox 895 3549 1138 3618; x_wconf 87' lang='lat' dir='ltr'><strong>captiva;</strong></span> <span class='ocrx_word' id='word_1_506' title='bbox 1191 3545 1458 3602; x_wconf 80' lang='lat' dir='ltr'><strong>:edilicate</strong></span> <span class='ocrx_word' id='word_1_507' title='bbox 1506 3560 1626 3600; x_wconf 84' lang='lat' dir='ltr'><strong>eam</strong></span> <span class='ocrx_word' id='word_1_508' title='bbox 1652 3562 1846 3602; x_wconf 88' lang='lat' dir='ltr'><strong>rursus</strong></span> <span class='ocrx_word' id='word_1_509' title='bbox 1880 3547 1936 3602; x_wconf 91' lang='lat' dir='ltr'><strong>in</strong></span> <span class='ocrx_word' id='word_1_510' title='bbox 1963 3561 2140 3602; x_wconf 89' lang='lat' dir='ltr'><strong>meam</strong></span> 
     </span>
    </p>
   </div>
   <div class='ocr_carea' id='block_1_66' title="bbox 569 3638 2138 3713">
    <p class='ocr_par' dir='ltr' id='par_1_66' title="bbox 569 3638 2138 3713">
     <span class='ocr_line' id='line_1_66' title="bbox 569 3638 2138 3713; baseline -0.003 -17"><span class='ocrx_word' id='word_1_511' title='bbox 569 3643 862 3713; x_wconf 77' lang='lat' dir='ltr'><strong>conjugem</strong></span> <span class='ocrx_word' id='word_1_512' title='bbox 900 3641 1225 3696; x_wconf 86' lang='lat' dir='ltr'><strong>Ecclesiam.</strong></span> <span class='ocrx_word' id='word_1_513' title='bbox 1281 3640 1610 3711; x_wconf 80' lang='lat' dir='ltr'><strong>Conjungite</strong></span> <span class='ocrx_word' id='word_1_514' title='bbox 1649 3638 1814 3713; x_wconf 78' lang='lat' dir='ltr'><strong>mihi,</strong></span> <span class='ocrx_word' id='word_1_515' title='bbox 1881 3638 1980 3709; x_wconf 92' lang='lat' dir='ltr'><strong>qui</strong></span> <span class='ocrx_word' id='word_1_516' title='bbox 2015 3653 2138 3693; x_wconf 91' lang='lat' dir='ltr'><strong>sum</strong></span> 
     </span>
    </p>
   </div>
   <div class='ocr_carea' id='block_1_67' title="bbox 572 3711 2143 3806">
    <p class='ocr_par' dir='ltr' id='par_1_67' title="bbox 572 3711 2143 3806">
     <span class='ocr_line' id='line_1_67' title="bbox 572 3711 2143 3806; baseline -0.002 -18"><span class='ocrx_word' id='word_1_517' title='bbox 572 3733 710 3806; x_wconf 79' lang='lat' dir='ltr'><strong>lapis</strong></span> <span class='ocrx_word' id='word_1_518' title='bbox 739 3735 941 3788; x_wconf 69' lang='lat' dir='ltr'><strong>excisus</strong></span> <span class='ocrx_word' id='word_1_519' title='bbox 965 3747 1028 3786; x_wconf 78' lang='lat' dir='ltr'><strong>ea:</strong></span> <span class='ocrx_word' id='word_1_520' title='bbox 1066 3741 1242 3786; x_wconf 82' lang='lat' dir='ltr'><strong>monte</strong></span> <span class='ocrx_word' id='word_1_521' title='bbox 1293 3741 1486 3786; x_wconf 89' lang='lat' dir='ltr'><strong>sancto</strong></span> <span class='ocrx_word' id='word_1_522' title='bbox 1517 3733 1630 3786; x_wconf 82' lang='lat' dir='ltr'><strong>sine</strong></span> <span class='ocrx_word' id='word_1_523' title='bbox 1649 3711 1896 3785; x_wconf 69' lang='lat' dir='ltr'><strong>manibus</strong></span> <span class='ocrx_word' id='word_1_524' title='bbox 1921 3729 1988 3796; x_wconf 77' lang='grc'><strong>⁷⁷,</strong></span> <span class='ocrx_word' id='word_1_525' title='bbox 2019 3729 2143 3786; x_wconf 85' lang='lat' dir='ltr'><strong>illos</strong></span> 
     </span>
    </p>
   </div>
   <div class='ocr_carea' id='block_1_68' title="bbox 571 3821 2144 3898">
    <p class='ocr_par' dir='ltr' id='par_1_68' title="bbox 571 3821 2144 3898">
     <span class='ocr_line' id='line_1_68' title="bbox 571 3821 2144 3898; baseline -0.005 -16"><span class='ocrx_word' id='word_1_526' title='bbox 571 3827 782 3898; x_wconf 83' lang='lat' dir='ltr'><strong>lapides</strong></span> <span class='ocrx_word' id='word_1_527' title='bbox 815 3827 882 3881; x_wconf 89' lang='lat' dir='ltr'><strong>de</strong></span> <span class='ocrx_word' id='word_1_528' title='bbox 911 3825 1118 3896; x_wconf 82' lang='lat' dir='ltr'><strong>quibus</strong></span> <span class='ocrx_word' id='word_1_529' title='bbox 1159 3825 1294 3880; x_wconf 85' lang='lat' dir='ltr'><strong>dicit</strong></span> <span class='ocrx_word' id='word_1_530' title='bbox 1323 3825 1492 3880; x_wconf 78' lang='lat' dir='ltr'><strong>Isaias</strong></span> <span class='ocrx_word' id='word_1_531' title='bbox 1525 3841 1538 3876; x_wconf 89' lang='lat'><strong>:</strong></span> <span class='ocrx_word' id='word_1_532' title='bbox 1572 3823 1756 3879; x_wconf 89' lang='lat' dir='ltr'><strong>Sancti</strong></span> <span class='ocrx_word' id='word_1_533' title='bbox 1789 3821 2002 3892; x_wconf 90' lang='lat' dir='ltr'><strong>lapides</strong></span> <span class='ocrx_word' id='word_1_534' title='bbox 2026 3821 2144 3876; x_wconf 89' lang='lat' dir='ltr'><strong>vol-</strong></span> 
     </span>
    </p>
   </div>
   <div class='ocr_carea' id='block_1_69' title="bbox 569 3913 2160 3990">
    <p class='ocr_par' dir='ltr' id='par_1_69' title="bbox 569 3913 2160 3990">
     <span class='ocr_line' id='line_1_69' title="bbox 569 3913 2160 3990; baseline -0.003 -19"><span class='ocrx_word' id='word_1_535' title='bbox 569 3929 777 3974; x_wconf 72' lang='lat' dir='ltr'><strong>runtur</strong></span> <span class='ocrx_word' id='word_1_536' title='bbox 829 3930 997 3987; x_wconf 82' lang='lat' dir='ltr'><strong>super</strong></span> <span class='ocrx_word' id='word_1_537' title='bbox 1048 3924 1439 3987; x_wconf 82' lang='lat' dir='ltr'><strong>terram:‘per</strong></span> <span class='ocrx_word' id='word_1_538' title='bbox 1497 3931 1637 3986; x_wconf 91' lang='lat' dir='ltr'><strong>quos</strong></span> <span class='ocrx_word' id='word_1_539' title='bbox 1695 3913 1959 3970; x_wconf 69' lang='lat' dir='ltr'><strong>aedificata</strong></span> <span class='ocrx_word' id='word_1_540' title='bbox 1990 3923 2160 3990; x_wconf 76' lang='lat' dir='ltr'><strong>costa</strong></span> 
     </span>
    </p>
   </div>
   <div class='ocr_carea' id='block_1_70' title="bbox 569 4005 2144 4079">
    <p class='ocr_par' dir='ltr' id='par_1_70' title="bbox 569 4005 2144 4079">
     <span class='ocr_line' id='line_1_70' title="bbox 569 4005 2144 4079; baseline -0.004 -14"><span class='ocrx_word' id='word_1_541' title='bbox 569 4009 776 4065; x_wconf 86' lang='lat' dir='ltr'><strong>Christi</strong></span> <span class='ocrx_word' id='word_1_542' title='bbox 827 4009 1109 4070; x_wconf 58' lang='lat' dir='ltr'><strong>Ecclesiae.</strong></span> <span class='ocrx_word' id='word_1_543' title='bbox 1146 4016 1202 4062; x_wconf 88' lang='lat' dir='ltr'><strong>et</strong></span> <span class='ocrx_word' id='word_1_544' title='bbox 1233 4009 1548 4079; x_wconf 80' lang='lat' dir='ltr'><strong>conjunctis</strong></span> <span class='ocrx_word' id='word_1_545' title='bbox 1579 4005 1845 4061; x_wconf 85' lang='lat' dir='ltr'><strong>membris</strong></span> <span class='ocrx_word' id='word_1_546' title='bbox 1892 4005 2144 4075; x_wconf 77' lang='lat' dir='ltr'><strong>cognatis</strong></span> 
     </span>
    </p>
   </div>
   <div class='ocr_carea' id='block_1_71' title="bbox 573 4092 2142 4165">
    <p class='ocr_par' dir='ltr' id='par_1_71' title="bbox 573 4092 2142 4165">
     <span class='ocr_line' id='line_1_71' title="bbox 573 4092 2142 4165; baseline -0.007 -9"><span class='ocrx_word' id='word_1_547' title='bbox 573 4101 754 4156; x_wconf 86' lang='lat' dir='ltr'><strong>carnis</strong></span> <span class='ocrx_word' id='word_1_548' title='bbox 808 4111 942 4165; x_wconf 68' lang='lat' dir='ltr'><strong>suae,</strong></span> <span class='ocrx_word' id='word_1_549' title='bbox 997 4107 1054 4153; x_wconf 92' lang='lat' dir='ltr'><strong>et</strong></span> <span class='ocrx_word' id='word_1_550' title='bbox 1108 4097 1320 4154; x_wconf 85' lang='lat' dir='ltr'><strong>coactis</strong></span> <span class='ocrx_word' id='word_1_551' title='bbox 1359 4112 1424 4152; x_wconf 90' lang='lat' dir='ltr'><strong>ac</strong></span> <span class='ocrx_word' id='word_1_552' title='bbox 1473 4095 1790 4152; x_wconf 80' lang='lat' dir='ltr'><strong>constrictis</strong></span> <span class='ocrx_word' id='word_1_553' title='bbox 1843 4093 2002 4148; x_wconf 86' lang='lat' dir='ltr'><strong>nobis</strong></span> <span class='ocrx_word' id='word_1_554' title='bbox 2037 4092 2142 4159; x_wconf 72' lang='lat' dir='ltr'><strong>qui</strong></span> 
     </span>
    </p>
   </div>
   <div class='ocr_carea' id='block_1_72' title="bbox 579 4184 2186 4270">
    <p class='ocr_par' dir='ltr' id='par_1_72' title="bbox 579 4184 2186 4270">
     <span class='ocr_line' id='line_1_72' title="bbox 579 4184 2186 4270; baseline -0.006 -23"><span class='ocrx_word' id='word_1_555' title='bbox 579 4207 772 4247; x_wconf 87' lang='lat' dir='ltr'><strong>sumus</strong></span> <span class='ocrx_word' id='word_1_556' title='bbox 793 4192 915 4262; x_wconf 86' lang='lat' dir='ltr'><strong>ejus</strong></span> <span class='ocrx_word' id='word_1_557' title='bbox 949 4205 1074 4245; x_wconf 85' lang='lat' dir='ltr'><strong>ossa</strong></span> <span class='ocrx_word' id='word_1_558' title='bbox 1100 4191 1328 4260; x_wconf 84' lang='lat' dir='ltr'><strong>(unione</strong></span> <span class='ocrx_word' id='word_1_559' title='bbox 1352 4189 1419 4243; x_wconf 88' lang='lat' dir='ltr'><strong>ad</strong></span> <span class='ocrx_word' id='word_1_560' title='bbox 1457 4189 1635 4260; x_wconf 88' lang='lat' dir='ltr'><strong>ipsmn</strong></span> <span class='ocrx_word' id='word_1_561' title='bbox 1680 4195 1736 4242; x_wconf 88' lang='lat' dir='ltr'><strong>et</strong></span> <span class='ocrx_word' id='word_1_562' title='bbox 1774 4184 2186 4270; x_wconf 33' lang='lat' dir='ltr'><strong>coalescentia,“</strong></span> 
     </span>
    </p>
   </div>
   <div class='ocr_carea' id='block_1_73' title="bbox 577 4280 2147 4354">
    <p class='ocr_par' dir='ltr' id='par_1_73' title="bbox 577 4280 2147 4354">
     <span class='ocr_line' id='line_1_73' title="bbox 577 4280 2147 4354; baseline -0.004 -14"><span class='ocrx_word' id='word_1_563' title='bbox 577 4284 752 4354; x_wconf 78' lang='lat' dir='ltr'><strong>fidei),</strong></span> <span class='ocrx_word' id='word_1_564' title='bbox 788 4283 986 4340; x_wconf 80' lang='lat' dir='ltr'><strong>videns</strong></span> <span class='ocrx_word' id='word_1_565' title='bbox 1021 4283 1160 4338; x_wconf 87' lang='lat' dir='ltr'><strong>adeo</strong></span> <span class='ocrx_word' id='word_1_566' title='bbox 1182 4280 1412 4354; x_wconf 83' lang='lat' dir='ltr'><strong>pulchre</strong></span> <span class='ocrx_word' id='word_1_567' title='bbox 1453 4297 1482 4337; x_wconf 88' lang='lat' dir='ltr'><strong>a</strong></span> <span class='ocrx_word' id='word_1_568' title='bbox 1515 4283 1626 4337; x_wconf 89' lang='lat' dir='ltr'><strong>Deo</strong></span> <span class='ocrx_word' id='word_1_569' title='bbox 1647 4281 1970 4337; x_wconf 82' lang='lat' dir='ltr'><strong>aediﬁcatam</strong></span> <span class='ocrx_word' id='word_1_570' title='bbox 2013 4295 2147 4334; x_wconf 91' lang='lat' dir='ltr'><strong>con-</strong></span> 
     </span>
    </p>
   </div>
   <div class='ocr_carea' id='block_1_74' title="bbox 574 4372 2146 4446">
    <p class='ocr_par' dir='ltr' id='par_1_74' title="bbox 574 4372 2146 4446">
     <span class='ocr_line' id='line_1_74' title="bbox 574 4372 2146 4446; baseline -0.005 -14"><span class='ocrx_word' id='word_1_571' title='bbox 574 4375 918 4446; x_wconf 75' lang='lat' dir='ltr'><strong>corporalem</strong></span> <span class='ocrx_word' id='word_1_572' title='bbox 947 4381 1003 4428; x_wconf 89' lang='lat' dir='ltr'><strong>et</strong></span> <span class='ocrx_word' id='word_1_573' title='bbox 1023 4377 1312 4446; x_wconf 84' lang='lat' dir='ltr'><strong>conjugem</strong></span> <span class='ocrx_word' id='word_1_574' title='bbox 1359 4389 1514 4429; x_wconf 88' lang='lat' dir='ltr'><strong>suam</strong></span> <span class='ocrx_word' id='word_1_575' title='bbox 1565 4381 1774 4430; x_wconf 91' lang='lat' dir='ltr'><strong>costam</strong></span> <span class='ocrx_word' id='word_1_576' title='bbox 1820 4372 2146 4435; x_wconf 86' lang='lat' dir='ltr'><strong>Ecclesiam,</strong></span> 
     </span>
    </p>
   </div>
   <div class='ocr_carea' id='block_1_75' title="bbox 2241 3183 3816 3257">
    <p class='ocr_par' dir='ltr' id='par_1_75' title="bbox 2241 3183 3816 3257">
     <span class='ocr_line' id='line_1_75' title="bbox 2241 3183 3816 3257; baseline -0.004 -15"><span class='ocrx_word' id='word_1_577' title='bbox 2241 3189 2487 3255; x_wconf 88' lang='lat' dir='ltr'><strong>clesiam,</strong></span> <span class='ocrx_word' id='word_1_578' title='bbox 2519 3193 2727 3244; x_wconf 87' lang='lat' dir='ltr'><strong>costam</strong></span> <span class='ocrx_word' id='word_1_579' title='bbox 2769 3187 3242 3257; x_wconf 80' lang='lat' dir='ltr'><strong>concorporalem,</strong></span> <span class='ocrx_word' id='word_1_580' title='bbox 3273 3193 3342 3240; x_wconf 57' lang='lat' dir='ltr'><strong>et“</strong></span> <span class='ocrx_word' id='word_1_581' title='bbox 3375 3183 3670 3239; x_wconf 66' lang='lat' dir='ltr'><strong>mdiﬁcavit</strong></span> <span class='ocrx_word' id='word_1_582' title='bbox 3697 3197 3816 3237; x_wconf 86' lang='lat' dir='ltr'><strong>eam</strong></span> 
     </span>
    </p>
   </div>
   <div class='ocr_carea' id='block_1_76' title="bbox 2240 3275 3818 3345">
    <p class='ocr_par' dir='ltr' id='par_1_76' title="bbox 2240 3275 3818 3345">
     <span class='ocr_line' id='line_1_76' title="bbox 2240 3275 3818 3345; baseline -0.004 -11"><span class='ocrx_word' id='word_1_583' title='bbox 2240 3280 2297 3335; x_wconf 90' lang='lat' dir='ltr'><strong>in</strong></span> <span class='ocrx_word' id='word_1_584' title='bbox 2327 3296 2481 3336; x_wconf 88' lang='lat' dir='ltr'><strong>suam</strong></span> <span class='ocrx_word' id='word_1_585' title='bbox 2506 3295 2755 3345; x_wconf 81' lang='lat' dir='ltr'><strong>uxorem,</strong></span> <span class='ocrx_word' id='word_1_586' title='bbox 2799 3289 2856 3335; x_wconf 91' lang='lat' dir='ltr'><strong>et</strong></span> <span class='ocrx_word' id='word_1_587' title='bbox 2890 3278 3123 3336; x_wconf 70' lang='lat' dir='ltr'><strong>adduxit</strong></span> <span class='ocrx_word' id='word_1_588' title='bbox 3168 3291 3288 3332; x_wconf 90' lang='lat' dir='ltr'><strong>eam</strong></span> <span class='ocrx_word' id='word_1_589' title='bbox 3321 3276 3471 3331; x_wconf 85' lang='lat' dir='ltr'><strong>Deus</strong></span> <span class='ocrx_word' id='word_1_590' title='bbox 3515 3275 3586 3330; x_wconf 85' lang='lat' dir='ltr'><strong>ab</strong></span> <span class='ocrx_word' id='word_1_591' title='bbox 3629 3288 3818 3330; x_wconf 87' lang='lat' dir='ltr'><strong>errore</strong></span> 
     </span>
    </p>
   </div>
   <div class='ocr_carea' id='block_1_77' title="bbox 2241 3365 3819 3446">
    <p class='ocr_par' dir='ltr' id='par_1_77' title="bbox 2241 3365 3819 3446">
     <span class='ocr_line' id='line_1_77' title="bbox 2241 3365 3819 3446; baseline -0.007 -16"><span class='ocrx_word' id='word_1_592' title='bbox 2241 3389 2564 3446; x_wconf 84' lang='lat' dir='ltr'><strong>conversam</strong></span> <span class='ocrx_word' id='word_1_593' title='bbox 2617 3373 2687 3428; x_wconf 88' lang='lat' dir='ltr'><strong>ad</strong></span> <span class='ocrx_word' id='word_1_594' title='bbox 2728 3371 3038 3438; x_wconf 87' lang='lat' dir='ltr'><strong>Christum,</strong></span> <span class='ocrx_word' id='word_1_595' title='bbox 3069 3370 3248 3424; x_wconf 84' lang='lat' dir='ltr'><strong>donec</strong></span> <span class='ocrx_word' id='word_1_596' title='bbox 3292 3367 3411 3422; x_wconf 57' lang='lat' dir='ltr'><strong>haec</strong></span> <span class='ocrx_word' id='word_1_597' title='bbox 3462 3365 3649 3421; x_wconf 80' lang='lat' dir='ltr'><strong>omnia</strong></span> <span class='ocrx_word' id='word_1_598' title='bbox 3676 3365 3819 3422; x_wconf 79' lang='lat' dir='ltr'><strong>facta</strong></span> 
     </span>
    </p>
   </div>
   <div class='ocr_carea' id='block_1_78' title="bbox 2241 3461 3820 3532">
    <p class='ocr_par' dir='ltr' id='par_1_78' title="bbox 2241 3461 3820 3532">
     <span class='ocr_line' id='line_1_78' title="bbox 2241 3461 3820 3532; baseline -0.009 -9"><span class='ocrx_word' id='word_1_599' title='bbox 2241 3476 2392 3532; x_wconf 86' lang='lat' dir='ltr'><strong>sunt,</strong></span> <span class='ocrx_word' id='word_1_600' title='bbox 2434 3465 2684 3520; x_wconf 86' lang='lat' dir='ltr'><strong>nondum</strong></span> <span class='ocrx_word' id='word_1_601' title='bbox 2716 3472 2836 3520; x_wconf 88' lang='lat' dir='ltr'><strong>erat</strong></span> <span class='ocrx_word' id='word_1_602' title='bbox 2879 3479 2936 3518; x_wconf 81' lang='lat' dir='ltr'><strong>es</strong></span> <span class='ocrx_word' id='word_1_603' title='bbox 2975 3478 3040 3517; x_wconf 77' lang='lat' dir='ltr'><strong>ea:</strong></span> <span class='ocrx_word' id='word_1_604' title='bbox 3079 3461 3279 3516; x_wconf 71' lang='lat' dir='ltr'><strong>ossibus</strong></span> <span class='ocrx_word' id='word_1_605' title='bbox 3305 3461 3448 3532; x_wconf 87' lang='lat' dir='ltr'><strong>ejus,</strong></span> <span class='ocrx_word' id='word_1_606' title='bbox 3491 3468 3540 3513; x_wconf 85' lang='lat' dir='ltr'><strong>et</strong></span> <span class='ocrx_word' id='word_1_607' title='bbox 3589 3473 3714 3512; x_wconf 82' lang='lat' dir='ltr'><strong>caro</strong></span> <span class='ocrx_word' id='word_1_608' title='bbox 3757 3471 3820 3509; x_wconf 77' lang='lat' dir='ltr'><strong>ea:</strong></span> 
     </span>
    </p>
   </div>
   <div class='ocr_carea' id='block_1_79' title="bbox 2243 3547 3818 3630">
    <p class='ocr_par' dir='ltr' id='par_1_79' title="bbox 2243 3547 3818 3630">
     <span class='ocr_line' id='line_1_79' title="bbox 2243 3547 3818 3630; baseline -0.007 -18"><span class='ocrx_word' id='word_1_609' title='bbox 2243 3573 2400 3612; x_wconf 86' lang='lat' dir='ltr'><strong>carne</strong></span> <span class='ocrx_word' id='word_1_610' title='bbox 2435 3559 2572 3630; x_wconf 85' lang='lat' dir='ltr'><strong>ejus.</strong></span> <span class='ocrx_word' id='word_1_611' title='bbox 2604 3556 2744 3612; x_wconf 92' lang='lat' dir='ltr'><strong>lllud</strong></span> <span class='ocrx_word' id='word_1_612' title='bbox 2783 3559 2951 3626; x_wconf 80' lang='lat' dir='ltr'><strong>ergo,</strong></span> <span class='ocrx_word' id='word_1_613' title='bbox 2989 3554 3163 3615; x_wconf 82' lang='lat' dir='ltr'><strong>Nunc,</strong></span> <span class='ocrx_word' id='word_1_614' title='bbox 3205 3553 3414 3608; x_wconf 87' lang='lat' dir='ltr'><strong>dicitur</strong></span> <span class='ocrx_word' id='word_1_615' title='bbox 3461 3557 3690 3620; x_wconf 78' lang='lat' dir='ltr'><strong>propter</strong></span> <span class='ocrx_word' id='word_1_616' title='bbox 3720 3547 3818 3602; x_wconf 88' lang='lat' dir='ltr'><strong>ad-</strong></span> 
     </span>
    </p>
   </div>
   <div class='ocr_carea' id='block_1_80' title="bbox 2241 3642 3813 3719">
    <p class='ocr_par' dir='ltr' id='par_1_80' title="bbox 2241 3642 3813 3719">
     <span class='ocr_line' id='line_1_80' title="bbox 2241 3642 3813 3719; baseline -0.008 -14"><span class='ocrx_word' id='word_1_617' title='bbox 2241 3661 2490 3715; x_wconf 87' lang='lat' dir='ltr'><strong>ventum,</strong></span> <span class='ocrx_word' id='word_1_618' title='bbox 2519 3647 2744 3719; x_wconf 89' lang='lat' dir='ltr'><strong>quando</strong></span> <span class='ocrx_word' id='word_1_619' title='bbox 2777 3655 2904 3704; x_wconf 83' lang='lat' dir='ltr'><strong>cum</strong></span> <span class='ocrx_word' id='word_1_620' title='bbox 2941 3655 3088 3703; x_wconf 84' lang='lat' dir='ltr'><strong>esset</strong></span> <span class='ocrx_word' id='word_1_621' title='bbox 3113 3661 3286 3717; x_wconf 83' lang='lat' dir='ltr'><strong>prope</strong></span> <span class='ocrx_word' id='word_1_622' title='bbox 3321 3643 3616 3708; x_wconf 78' lang='lat' dir='ltr'><strong>Adamum,</strong></span> <span class='ocrx_word' id='word_1_623' title='bbox 3651 3642 3702 3696; x_wconf 86' lang='lat' dir='ltr'><strong>ei</strong></span> <span class='ocrx_word' id='word_1_624' title='bbox 3730 3645 3813 3693; x_wconf 82' lang='lat' dir='ltr'><strong>est</strong></span> 
     </span>
    </p>
   </div>
   <div class='ocr_carea' id='block_1_81' title="bbox 2241 3733 3819 3814">
    <p class='ocr_par' dir='ltr' id='par_1_81' title="bbox 2241 3733 3819 3814">
     <span class='ocr_line' id='line_1_81' title="bbox 2241 3733 3819 3814; baseline -0.008 -17"><span class='ocrx_word' id='word_1_625' title='bbox 2241 3741 2650 3814; x_wconf 87' lang='lat' dir='ltr'><strong>propinquitate</strong></span> <span class='ocrx_word' id='word_1_626' title='bbox 2693 3740 3008 3810; x_wconf 77' lang='lat' dir='ltr'><strong>conjuncta,</strong></span> <span class='ocrx_word' id='word_1_627' title='bbox 3043 3745 3100 3792; x_wconf 89' lang='lat' dir='ltr'><strong>et</strong></span> <span class='ocrx_word' id='word_1_628' title='bbox 3141 3737 3314 3802; x_wconf 88' lang='lat' dir='ltr'><strong>unita,</strong></span> <span class='ocrx_word' id='word_1_629' title='bbox 3347 3741 3403 3790; x_wconf 91' lang='lat' dir='ltr'><strong>et</strong></span> <span class='ocrx_word' id='word_1_630' title='bbox 3434 3733 3730 3803; x_wconf 82' lang='lat' dir='ltr'><strong>desponsa,</strong></span> <span class='ocrx_word' id='word_1_631' title='bbox 3765 3737 3819 3785; x_wconf 90' lang='lat' dir='ltr'><strong>et</strong></span> 
     </span>
    </p>
   </div>
   <div class='ocr_carea' id='block_1_82' title="bbox 2243 3821 3819 3902">
    <p class='ocr_par' dir='ltr' id='par_1_82' title="bbox 2243 3821 3819 3902">
     <span class='ocr_line' id='line_1_82' title="bbox 2243 3821 3819 3902; baseline -0.009 -15"><span class='ocrx_word' id='word_1_632' title='bbox 2243 3833 2518 3902; x_wconf 82' lang='lat' dir='ltr'><strong>copulata.</strong></span> <span class='ocrx_word' id='word_1_633' title='bbox 2551 3830 2620 3885; x_wconf 93' lang='lat' dir='ltr'><strong>Et</strong></span> <span class='ocrx_word' id='word_1_634' title='bbox 2655 3830 2779 3884; x_wconf 89' lang='lat' dir='ltr'><strong>ideo</strong></span> <span class='ocrx_word' id='word_1_635' title='bbox 2806 3829 2876 3884; x_wconf 87' lang='lat' dir='ltr'><strong>ab</strong></span> <span class='ocrx_word' id='word_1_636' title='bbox 2905 3828 3024 3898; x_wconf 83' lang='lat' dir='ltr'><strong>ipso</strong></span> <span class='ocrx_word' id='word_1_637' title='bbox 3057 3845 3070 3880; x_wconf 92' lang='lat'><strong>:</strong></span> <span class='ocrx_word' id='word_1_638' title='bbox 3109 3827 3222 3882; x_wconf 83' lang='lat' dir='ltr'><strong>Hoc</strong></span> <span class='ocrx_word' id='word_1_639' title='bbox 3255 3842 3395 3880; x_wconf 77' lang='lat' dir='ltr'><strong>nunc</strong></span> <span class='ocrx_word' id='word_1_640' title='bbox 3425 3841 3484 3878; x_wconf 90' lang='lat' dir='ltr'><strong>os</strong></span> <span class='ocrx_word' id='word_1_641' title='bbox 3533 3825 3600 3876; x_wconf 85' lang='lat' dir='ltr'><strong>de</strong></span> <span class='ocrx_word' id='word_1_642' title='bbox 3623 3821 3819 3876; x_wconf 75' lang='lat' dir='ltr'><strong>ossibus</strong></span> 
     </span>
    </p>
   </div>
   <div class='ocr_carea' id='block_1_83' title="bbox 2244 3913 3816 3987">
    <p class='ocr_par' dir='ltr' id='par_1_83' title="bbox 2244 3913 3816 3987">
     <span class='ocr_line' id='line_1_83' title="bbox 2244 3913 3816 3987; baseline -0.008 -9"><span class='ocrx_word' id='word_1_643' title='bbox 2244 3925 2392 3987; x_wconf 82' lang='lat' dir='ltr'><strong>meis,</strong></span> <span class='ocrx_word' id='word_1_644' title='bbox 2417 3930 2466 3976; x_wconf 88' lang='lat' dir='ltr'><strong>et</strong></span> <span class='ocrx_word' id='word_1_645' title='bbox 2491 3938 2616 3976; x_wconf 85' lang='lat' dir='ltr'><strong>caro</strong></span> <span class='ocrx_word' id='word_1_646' title='bbox 2655 3920 2720 3975; x_wconf 80' lang='lat' dir='ltr'><strong>de</strong></span> <span class='ocrx_word' id='word_1_647' title='bbox 2741 3936 2904 3976; x_wconf 72' lang='lat' dir='ltr'><strong>carne</strong></span> <span class='ocrx_word' id='word_1_648' title='bbox 2934 3935 3054 3974; x_wconf 84' lang='lat' dir='ltr'><strong>mea</strong></span> <span class='ocrx_word' id='word_1_649' title='bbox 3077 3934 3096 3973; x_wconf 92' lang='lat'><strong><em>:</em></strong></span> <span class='ocrx_word' id='word_1_650' title='bbox 3126 3933 3268 3983; x_wconf 87' lang='lat' dir='ltr'><strong>mea,</strong></span> <span class='ocrx_word' id='word_1_651' title='bbox 3307 3918 3556 3986; x_wconf 82' lang='lat' dir='ltr'><strong>inquam,</strong></span> <span class='ocrx_word' id='word_1_652' title='bbox 3590 3913 3816 3978; x_wconf 86' lang='lat' dir='ltr'><strong>Christi,</strong></span> 
     </span>
    </p>
   </div>
   <div class='ocr_carea' id='block_1_84' title="bbox 2243 4001 3822 4082">
    <p class='ocr_par' dir='ltr' id='par_1_84' title="bbox 2243 4001 3822 4082">
     <span class='ocr_line' id='line_1_84' title="bbox 2243 4001 3822 4082; baseline -0.008 -16"><span class='ocrx_word' id='word_1_653' title='bbox 2243 4027 2312 4066; x_wconf 83' lang='lat' dir='ltr'><strong>ex</strong></span> <span class='ocrx_word' id='word_1_654' title='bbox 2340 4027 2451 4082; x_wconf 91' lang='lat' dir='ltr'><strong>quo</strong></span> <span class='ocrx_word' id='word_1_655' title='bbox 2475 4011 2640 4066; x_wconf 87' lang='lat' dir='ltr'><strong>etiam</strong></span> <span class='ocrx_word' id='word_1_656' title='bbox 2666 4017 2796 4064; x_wconf 90' lang='lat' dir='ltr'><strong>nata</strong></span> <span class='ocrx_word' id='word_1_657' title='bbox 2813 4018 2917 4064; x_wconf 87' lang='lat' dir='ltr'><strong>est.</strong></span> <span class='ocrx_word' id='word_1_658' title='bbox 2943 4008 3014 4062; x_wconf 86' lang='lat' dir='ltr'><strong>Et</strong></span> <span class='ocrx_word' id='word_1_659' title='bbox 3043 4006 3170 4062; x_wconf 91' lang='lat' dir='ltr'><strong>ideo</strong></span> <span class='ocrx_word' id='word_1_660' title='bbox 3215 4004 3370 4060; x_wconf 86' lang='lat' dir='ltr'><strong>audit</strong></span> <span class='ocrx_word' id='word_1_661' title='bbox 3393 4003 3584 4069; x_wconf 88' lang='lat' dir='ltr'><strong>etiam,</strong></span> <span class='ocrx_word' id='word_1_662' title='bbox 3635 4001 3718 4055; x_wconf 80' lang='lat' dir='ltr'><strong>Ad</strong></span> <span class='ocrx_word' id='word_1_663' title='bbox 3742 4017 3822 4055; x_wconf 73' lang='grc' dir='ltr'><strong>οι·-</strong></span> 
     </span>
    </p>
   </div>
   <div class='ocr_carea' id='block_1_85' title="bbox 2246 4093 3826 4165">
    <p class='ocr_par' dir='ltr' id='par_1_85' title="bbox 2246 4093 3826 4165">
     <span class='ocr_line' id='line_1_85' title="bbox 2246 4093 3826 4165; baseline -0.008 -9"><span class='ocrx_word' id='word_1_664' title='bbox 2246 4119 2364 4156; x_wconf 90' lang='lat' dir='ltr'><strong>rum</strong></span> <span class='ocrx_word' id='word_1_665' title='bbox 2399 4110 2549 4156; x_wconf 87' lang='lat' dir='ltr'><strong>tuum</strong></span> <span class='ocrx_word' id='word_1_666' title='bbox 2585 4101 2850 4155; x_wconf 71' lang='lat' dir='ltr'><strong>conversio</strong></span> <span class='ocrx_word' id='word_1_667' title='bbox 2875 4107 2987 4164; x_wconf 85' lang='lat' dir='ltr'><strong>tua,</strong></span> <span class='ocrx_word' id='word_1_668' title='bbox 3017 4106 3066 4152; x_wconf 88' lang='lat' dir='ltr'><strong>et</strong></span> <span class='ocrx_word' id='word_1_669' title='bbox 3079 4099 3200 4164; x_wconf 76' lang='lat' dir='ltr'><strong>ipse</strong></span> <span class='ocrx_word' id='word_1_670' title='bbox 3250 4105 3510 4165; x_wconf 82' lang='lat' dir='ltr'><strong>tanquam</strong></span> <span class='ocrx_word' id='word_1_671' title='bbox 3559 4093 3826 4148; x_wconf 80' lang='lat' dir='ltr'><strong>Dominus</strong></span> 
     </span>
    </p>
   </div>
   <div class='ocr_carea' id='block_1_86' title="bbox 2245 4181 3823 4255">
    <p class='ocr_par' dir='ltr' id='par_1_86' title="bbox 2245 4181 3823 4255">
     <span class='ocr_line' id='line_1_86' title="bbox 2245 4181 3823 4255; baseline -0.009 -7"><span class='ocrx_word' id='word_1_672' title='bbox 2245 4193 2490 4248; x_wconf 88' lang='lat' dir='ltr'><strong>omnium</strong></span> <span class='ocrx_word' id='word_1_673' title='bbox 2535 4191 2915 4246; x_wconf 79' lang='lat' dir='ltr'><strong>dominabitur.</strong></span> <span class='ocrx_word' id='word_1_674' title='bbox 2968 4187 3077 4244; x_wconf 83' lang='lat' dir='ltr'><strong>Sed</strong></span> <span class='ocrx_word' id='word_1_675' title='bbox 3105 4187 3162 4242; x_wconf 91' lang='lat' dir='ltr'><strong>in</strong></span> <span class='ocrx_word' id='word_1_676' title='bbox 3199 4201 3294 4242; x_wconf 71' lang='lat' dir='ltr'><strong>sex</strong></span> <span class='ocrx_word' id='word_1_677' title='bbox 3337 4183 3562 4255; x_wconf 84' lang='lat' dir='ltr'><strong>quidem</strong></span> <span class='ocrx_word' id='word_1_678' title='bbox 3607 4181 3823 4237; x_wconf 81' lang='lat' dir='ltr'><strong>dierum</strong></span> 
     </span>
    </p>
   </div>
   <div class='ocr_carea' id='block_1_87' title="bbox 2224 4265 3823 4350">
    <p class='ocr_par' dir='ltr' id='par_1_87' title="bbox 2224 4265 3823 4350">
     <span class='ocr_line' id='line_1_87' title="bbox 2224 4265 3823 4350; baseline -0.009 -9"><span class='ocrx_word' id='word_1_679' title='bbox 2224 4285 2546 4350; x_wconf 74' lang='lat' dir='ltr'><strong>.creatione,</strong></span> <span class='ocrx_word' id='word_1_680' title='bbox 2571 4283 2827 4338; x_wconf 84' lang='lat' dir='ltr'><strong>ultimum</strong></span> <span class='ocrx_word' id='word_1_681' title='bbox 2877 4287 3030 4336; x_wconf 82' lang='lat' dir='ltr'><strong>creat</strong></span> <span class='ocrx_word' id='word_1_682' title='bbox 3060 4286 3118 4334; x_wconf 91' lang='lat' dir='ltr'><strong>et</strong></span> <span class='ocrx_word' id='word_1_683' title='bbox 3150 4265 3304 4348; x_wconf 76' lang='lat' dir='ltr'><strong>tingit</strong></span> <span class='ocrx_word' id='word_1_684' title='bbox 3336 4276 3653 4341; x_wconf 82' lang='lat' dir='ltr'><strong>hominem;</strong></span> <span class='ocrx_word' id='word_1_685' title='bbox 3683 4275 3739 4328; x_wconf 90' lang='lat' dir='ltr'><strong>in</strong></span> <span class='ocrx_word' id='word_1_686' title='bbox 3759 4288 3823 4328; x_wconf 84' lang='lat' dir='ltr'><strong>ea</strong></span> 
     </span>
    </p>
   </div>
   <div class='ocr_carea' id='block_1_88' title="bbox 2247 4366 3824 4445">
    <p class='ocr_par' dir='ltr' id='par_1_88' title="bbox 2247 4366 3824 4445">
     <span class='ocr_line' id='line_1_88' title="bbox 2247 4366 3824 4445; baseline -0.006 -15"><span class='ocrx_word' id='word_1_687' title='bbox 2247 4383 2433 4431; x_wconf 88' lang='lat' dir='ltr'><strong>autem</strong></span> <span class='ocrx_word' id='word_1_688' title='bbox 2471 4390 2594 4445; x_wconf 67' lang='lat' dir='ltr'><strong>quae</strong></span> <span class='ocrx_word' id='word_1_689' title='bbox 2651 4374 2758 4429; x_wconf 89' lang='lat' dir='ltr'><strong>fuit</strong></span> <span class='ocrx_word' id='word_1_690' title='bbox 2812 4380 3024 4444; x_wconf 85' lang='lat' dir='ltr'><strong>postea,</strong></span> <span class='ocrx_word' id='word_1_691' title='bbox 3057 4383 3186 4426; x_wconf 85' lang='lat' dir='ltr'><strong>eum</strong></span> <span class='ocrx_word' id='word_1_692' title='bbox 3229 4369 3471 4440; x_wconf 88' lang='lat' dir='ltr'><strong>primum</strong></span> <span class='ocrx_word' id='word_1_693' title='bbox 3501 4366 3738 4430; x_wconf 84' lang='lat' dir='ltr'><strong>inducit,</strong></span> <span class='ocrx_word' id='word_1_694' title='bbox 3772 4368 3824 4420; x_wconf 85' lang='lat' dir='ltr'><strong>&#39;ct</strong></span> 
     </span>
    </p>
   </div>
   <div class='ocr_carea' id='block_1_89' title="bbox 573 4455 3824 4536">
    <p class='ocr_par' dir='ltr' id='par_1_89' title="bbox 573 4455 3824 4536">
     <span class='ocr_line' id='line_1_89' title="bbox 573 4455 3824 4536; baseline -0.004 -16"><span class='ocrx_word' id='word_1_695' title='bbox 573 4465 796 4536; x_wconf 79' lang='lat' dir='ltr'><strong>quando</strong></span> <span class='ocrx_word' id='word_1_696' title='bbox 818 4478 938 4521; x_wconf 86' lang='lat' dir='ltr'><strong>eam</strong></span> <span class='ocrx_word' id='word_1_697' title='bbox 974 4465 1043 4520; x_wconf 86' lang='lat' dir='ltr'><strong>ad</strong></span> <span class='ocrx_word' id='word_1_698' title='bbox 1077 4481 1136 4520; x_wconf 85' lang='lat' dir='ltr'><strong>se</strong></span> <span class='ocrx_word' id='word_1_699' title='bbox 1175 4466 1334 4521; x_wconf 77' lang='lat' dir='ltr'><strong>duxit</strong></span> <span class='ocrx_word' id='word_1_700' title='bbox 1379 4465 1527 4520; x_wconf 89' lang='lat' dir='ltr'><strong>Deus</strong></span> <span class='ocrx_word' id='word_1_701' title='bbox 1555 4473 1613 4519; x_wconf 91' lang='lat' dir='ltr'><strong>et</strong></span> <span class='ocrx_word' id='word_1_702' title='bbox 1651 4464 1835 4532; x_wconf 85' lang='lat' dir='ltr'><strong>Pater,</strong></span> <span class='ocrx_word' id='word_1_703' title='bbox 1887 4462 2026 4517; x_wconf 63' lang='lat' dir='ltr'><strong>dixit</strong></span> <span class='ocrx_word' id='word_1_704' title='bbox 2058 4465 2146 4518; x_wconf 66' lang='grc' dir='ltr'><strong>δεε-</strong></span> <span class='ocrx_word' id='word_1_705' title='bbox 2183 4457 2227 4512; x_wconf 91' lang='lat' dir='ltr'>D</span> <span class='ocrx_word' id='word_1_706' title='bbox 2253 4466 2454 4522; x_wconf 71' lang='lat' dir='ltr'><strong>deinde</strong></span> <span class='ocrx_word' id='word_1_707' title='bbox 2481 4480 2570 4520; x_wconf 72' lang='lat' dir='ltr'><strong>res</strong></span> <span class='ocrx_word' id='word_1_708' title='bbox 2600 4479 2725 4535; x_wconf 61' lang='lat' dir='ltr'><strong>qua;</strong></span> <span class='ocrx_word' id='word_1_709' title='bbox 2749 4463 3009 4519; x_wconf 63' lang='lat' dir='ltr'><strong>Ecclesia</strong></span> <span class='ocrx_word' id='word_1_710' title='bbox 3039 4459 3292 4516; x_wconf 74' lang='lat' dir='ltr'><strong>referunt</strong></span> <span class='ocrx_word' id='word_1_711' title='bbox 3319 4457 3636 4528; x_wconf 76' lang='lat' dir='ltr'><strong>imaginem.</strong></span> <span class='ocrx_word' id='word_1_712' title='bbox 3691 4455 3824 4510; x_wconf 79' lang='lat' dir='ltr'><strong>Nam</strong></span> 
     </span>
    </p>
   </div>
   <div class='ocr_carea' id='block_1_90' title="bbox 579 4555 2144 4630">
    <p class='ocr_par' dir='ltr' id='par_1_90' title="bbox 579 4555 2144 4630">
     <span class='ocr_line' id='line_1_90' title="bbox 579 4555 2144 4630; baseline -0.001 -16"><span class='ocrx_word' id='word_1_713' title='bbox 579 4559 798 4614; x_wconf 88' lang='lat' dir='ltr'><strong>cundus</strong></span> <span class='ocrx_word' id='word_1_714' title='bbox 827 4556 1000 4613; x_wconf 83' lang='lat' dir='ltr'><strong>Adam</strong></span> <span class='ocrx_word' id='word_1_715' title='bbox 1032 4567 1157 4628; x_wconf 86' lang='lat' dir='ltr'><strong>post</strong></span> <span class='ocrx_word' id='word_1_716' title='bbox 1188 4560 1306 4630; x_wconf 90' lang='lat' dir='ltr'><strong>ejus</strong></span> <span class='ocrx_word' id='word_1_717' title='bbox 1339 4574 1371 4612; x_wconf 90' lang='lat' dir='ltr'><strong>a</strong></span> <span class='ocrx_word' id='word_1_718' title='bbox 1415 4555 1650 4612; x_wconf 89' lang='lat' dir='ltr'><strong>mortuis</strong></span> <span class='ocrx_word' id='word_1_719' title='bbox 1688 4555 2103 4610; x_wconf 88' lang='lat' dir='ltr'><strong>suscitationem</strong></span> <span class='ocrx_word' id='word_1_720' title='bbox 2131 4575 2144 4612; x_wconf 92' lang='lat'><strong>:</strong></span> 
     </span>
    </p>
   </div>
   <div class='ocr_carea' id='block_1_91' title="bbox 575 4649 2146 4718">
    <p class='ocr_par' dir='ltr' id='par_1_91' title="bbox 575 4649 2146 4718">
     <span class='ocr_line' id='line_1_91' title="bbox 575 4649 2146 4718; baseline 0.001 -13"><span class='ocrx_word' id='word_1_721' title='bbox 575 4649 688 4705; x_wconf 82' lang='lat' dir='ltr'><strong>Hoc</strong></span> <span class='ocrx_word' id='word_1_722' title='bbox 711 4666 853 4704; x_wconf 69' lang='lat' dir='ltr'><strong>nutu:</strong></span> <span class='ocrx_word' id='word_1_723' title='bbox 871 4655 936 4704; x_wconf 82' lang='lat' dir='ltr'><strong>&#39;os</strong></span> <span class='ocrx_word' id='word_1_724' title='bbox 953 4667 1017 4704; x_wconf 78' lang='lat' dir='ltr'><strong>ea:</strong></span> <span class='ocrx_word' id='word_1_725' title='bbox 1051 4651 1248 4706; x_wconf 82' lang='lat' dir='ltr'><strong>ossibus</strong></span> <span class='ocrx_word' id='word_1_726' title='bbox 1278 4653 1426 4718; x_wconf 85' lang='lat' dir='ltr'><strong>meis,</strong></span> <span class='ocrx_word' id='word_1_727' title='bbox 1481 4659 1531 4705; x_wconf 88' lang='lat' dir='ltr'><strong>et</strong></span> <span class='ocrx_word' id='word_1_728' title='bbox 1571 4666 1694 4704; x_wconf 83' lang='lat' dir='ltr'><strong>caro</strong></span> <span class='ocrx_word' id='word_1_729' title='bbox 1739 4664 1801 4702; x_wconf 79' lang='lat' dir='ltr'><strong>ex</strong></span> <span class='ocrx_word' id='word_1_730' title='bbox 1827 4665 1985 4704; x_wconf 85' lang='lat' dir='ltr'><strong>carne</strong></span> <span class='ocrx_word' id='word_1_731' title='bbox 2008 4667 2146 4706; x_wconf 90' lang='lat' dir='ltr'><strong>mea.</strong></span> 
     </span>
    </p>
   </div>
   <div class='ocr_carea' id='block_1_92' title="bbox 577 4741 2152 4814">
    <p class='ocr_par' dir='ltr' id='par_1_92' title="bbox 577 4741 2152 4814">
     <span class='ocr_line' id='line_1_92' title="bbox 577 4741 2152 4814; baseline 0.001 -18"><span class='ocrx_word' id='word_1_732' title='bbox 577 4741 800 4814; x_wconf 81' lang='lat' dir='ltr'><strong>Eiergo</strong></span> <span class='ocrx_word' id='word_1_733' title='bbox 843 4744 937 4814; x_wconf 91' lang='lat' dir='ltr'><strong>qui</strong></span> <span class='ocrx_word' id='word_1_734' title='bbox 971 4743 1039 4798; x_wconf 89' lang='lat' dir='ltr'><strong>ad</strong></span> <span class='ocrx_word' id='word_1_735' title='bbox 1076 4743 1316 4799; x_wconf 88' lang='lat' dir='ltr'><strong>litteram</strong></span> <span class='ocrx_word' id='word_1_736' title='bbox 1365 4743 1544 4799; x_wconf 87' lang='lat' dir='ltr'><strong>solum</strong></span> <span class='ocrx_word' id='word_1_737' title='bbox 1591 4741 1771 4796; x_wconf 89' lang='lat' dir='ltr'><strong>nudas</strong></span> <span class='ocrx_word' id='word_1_738' title='bbox 1799 4742 2037 4798; x_wconf 83' lang='lat' dir='ltr'><strong>attendit</strong></span> <span class='ocrx_word' id='word_1_739' title='bbox 2067 4743 2152 4798; x_wconf 89' lang='lat' dir='ltr'><strong>di-</strong></span> 
     </span>
    </p>
   </div>
   <div class='ocr_carea' id='block_1_93' title="bbox 577 4833 2154 4904">
    <p class='ocr_par' dir='ltr' id='par_1_93' title="bbox 577 4833 2154 4904">
     <span class='ocr_line' id='line_1_93' title="bbox 577 4833 2154 4904; baseline 0.002 -16"><span class='ocrx_word' id='word_1_740' title='bbox 577 4835 793 4890; x_wconf 85' lang='lat' dir='ltr'><strong>ctiones</strong></span> <span class='ocrx_word' id='word_1_741' title='bbox 816 4851 939 4904; x_wconf 67' lang='lat' dir='ltr'><strong>quae</strong></span> <span class='ocrx_word' id='word_1_742' title='bbox 979 4836 1143 4890; x_wconf 62' lang='lat' dir='ltr'><strong>dictae</strong></span> <span class='ocrx_word' id='word_1_743' title='bbox 1175 4843 1324 4900; x_wconf 90' lang='lat' dir='ltr'><strong>sunt,</strong></span> <span class='ocrx_word' id='word_1_744' title='bbox 1352 4834 1511 4890; x_wconf 84' lang='lat' dir='ltr'><strong>valde</strong></span> <span class='ocrx_word' id='word_1_745' title='bbox 1535 4833 1908 4904; x_wconf 89' lang='lat' dir='ltr'><strong>discrepantia</strong></span> <span class='ocrx_word' id='word_1_746' title='bbox 1929 4834 1998 4889; x_wconf 69' lang='lat' dir='ltr'><strong>&#39;et</strong></span> <span class='ocrx_word' id='word_1_747' title='bbox 2019 4851 2154 4891; x_wconf 88' lang='lat' dir='ltr'><strong>con-</strong></span> 
     </span>
    </p>
   </div>
   <div class='ocr_carea' id='block_1_94' title="bbox 577 4923 2152 4996">
    <p class='ocr_par' dir='ltr' id='par_1_94' title="bbox 577 4923 2152 4996">
     <span class='ocr_line' id='line_1_94' title="bbox 577 4923 2152 4996; baseline 0.004 -21"><span class='ocrx_word' id='word_1_748' title='bbox 577 4924 744 4978; x_wconf 81' lang='lat' dir='ltr'><strong>traria</strong></span> <span class='ocrx_word' id='word_1_749' title='bbox 786 4931 915 4979; x_wconf 87' lang='lat' dir='ltr'><strong>sunt</strong></span> <span class='ocrx_word' id='word_1_750' title='bbox 981 4923 1150 4980; x_wconf 77' lang='lat' dir='ltr'><strong>verba</strong></span> <span class='ocrx_word' id='word_1_751' title='bbox 1189 4924 1378 4980; x_wconf 90' lang='lat' dir='ltr'><strong>rebus.</strong></span> <span class='ocrx_word' id='word_1_752' title='bbox 1438 4923 1576 4980; x_wconf 85' lang='lat' dir='ltr'><strong>Nam</strong></span> <span class='ocrx_word' id='word_1_753' title='bbox 1625 4925 1872 4995; x_wconf 88' lang='lat' dir='ltr'><strong>quandiu</strong></span> <span class='ocrx_word' id='word_1_754' title='bbox 1927 4923 2152 4996; x_wconf 85' lang='lat' dir='ltr'><strong>quidem</strong></span> 
     </span>
    </p>
   </div>
   <div class='ocr_carea' id='block_1_95' title="bbox 585 5195 768 5264">
    <p class='ocr_par' dir='ltr' id='par_1_95' title="bbox 585 5195 768 5264">
     <span class='ocr_line' id='line_1_95' title="bbox 585 5195 768 5264; baseline -0.005 -13"><span class='ocrx_word' id='word_1_755' title='bbox 585 5211 640 5264; x_wconf 73' lang='lat' dir='ltr'><strong>v,</strong></span> <span class='ocrx_word' id='word_1_756' title='bbox 674 5195 768 5252; x_wconf 70' lang='grc' dir='ltr'><strong>δυ.</strong></span> 
     </span>
    </p>
   </div>
   <div class='ocr_carea' id='block_1_96' title="bbox 2253 4549 3822 4630">
    <p class='ocr_par' dir='ltr' id='par_1_96' title="bbox 2253 4549 3822 4630">
     <span class='ocr_line' id='line_1_96' title="bbox 2253 4549 3822 4630; baseline -0.008 -16"><span class='ocrx_word' id='word_1_757' title='bbox 2253 4561 2495 4630; x_wconf 88' lang='lat' dir='ltr'><strong>primum</strong></span> <span class='ocrx_word' id='word_1_758' title='bbox 2551 4557 2774 4628; x_wconf 87' lang='lat' dir='ltr'><strong>quidem</strong></span> <span class='ocrx_word' id='word_1_759' title='bbox 2833 4569 3058 4612; x_wconf 87' lang='lat' dir='ltr'><strong>carnem</strong></span> <span class='ocrx_word' id='word_1_760' title='bbox 3117 4551 3367 4622; x_wconf 81' lang='lat' dir='ltr'><strong>suscepit</strong></span> <span class='ocrx_word' id='word_1_761' title='bbox 3424 4549 3716 4614; x_wconf 83' lang='lat' dir='ltr'><strong>Christus,</strong></span> <span class='ocrx_word' id='word_1_762' title='bbox 3770 4552 3822 4602; x_wconf 87' lang='lat' dir='ltr'><strong>et</strong></span> 
     </span>
    </p>
   </div>
   <div class='ocr_carea' id='block_1_97' title="bbox 2253 4643 3822 4716">
    <p class='ocr_par' dir='ltr' id='par_1_97' title="bbox 2253 4643 3822 4716">
     <span class='ocr_line' id='line_1_97' title="bbox 2253 4643 3822 4716; baseline -0.007 -10"><span class='ocrx_word' id='word_1_763' title='bbox 2253 4651 2456 4707; x_wconf 88' lang='lat' dir='ltr'><strong>deinde</strong></span> <span class='ocrx_word' id='word_1_764' title='bbox 2489 4649 2634 4706; x_wconf 88' lang='lat' dir='ltr'><strong>facta</strong></span> <span class='ocrx_word' id='word_1_765' title='bbox 2673 4659 2761 4706; x_wconf 83' lang='lat' dir='ltr'><strong>est</strong></span> <span class='ocrx_word' id='word_1_766' title='bbox 2794 4647 3063 4712; x_wconf 79' lang='lat' dir='ltr'><strong>Ecclesia,</strong></span> <span class='ocrx_word' id='word_1_767' title='bbox 3094 4645 3149 4701; x_wconf 92' lang='lat' dir='ltr'><strong>in</strong></span> <span class='ocrx_word' id='word_1_768' title='bbox 3173 4660 3282 4716; x_wconf 86' lang='lat' dir='ltr'><strong>qua</strong></span> <span class='ocrx_word' id='word_1_769' title='bbox 3317 4643 3510 4698; x_wconf 65' lang='lat' dir='ltr'><strong>bestiae</strong></span> <span class='ocrx_word' id='word_1_770' title='bbox 3569 4643 3822 4713; x_wconf 68' lang='lat' dir='ltr'><strong>ingressa</strong></span> 
     </span>
    </p>
   </div>
   <div class='ocr_carea' id='block_1_98' title="bbox 2253 4733 3824 4812">
    <p class='ocr_par' dir='ltr' id='par_1_98' title="bbox 2253 4733 3824 4812">
     <span class='ocr_line' id='line_1_98' title="bbox 2253 4733 3824 4812; baseline -0.007 -15"><span class='ocrx_word' id='word_1_771' title='bbox 2253 4751 2388 4798; x_wconf 86' lang='lat' dir='ltr'><strong>sunt</strong></span> <span class='ocrx_word' id='word_1_772' title='bbox 2412 4741 2640 4798; x_wconf 67' lang='lat' dir='ltr'><strong>ultimas.</strong></span> <span class='ocrx_word' id='word_1_773' title='bbox 2669 4741 2780 4812; x_wconf 81' lang='lat' dir='ltr'><strong>Ipsi</strong></span> <span class='ocrx_word' id='word_1_774' title='bbox 2806 4739 3032 4796; x_wconf 80' lang='lat' dir='ltr'><strong>Christo</strong></span> <span class='ocrx_word' id='word_1_775' title='bbox 3063 4739 3159 4808; x_wconf 83' lang='lat' dir='ltr'><strong>qui</strong></span> <span class='ocrx_word' id='word_1_776' title='bbox 3186 4735 3528 4802; x_wconf 70' lang='lat' dir='ltr'><strong>introduxit,</strong></span> <span class='ocrx_word' id='word_1_777' title='bbox 3553 4735 3628 4790; x_wconf 85' lang='lat' dir='ltr'><strong>sit</strong></span> <span class='ocrx_word' id='word_1_778' title='bbox 3657 4733 3824 4806; x_wconf 78' lang='lat' dir='ltr'><strong>gloria</strong></span> 
     </span>
    </p>
   </div>
   <div class='ocr_carea' id='block_1_99' title="bbox 2245 4817 3130 4890">
    <p class='ocr_par' dir='ltr' id='par_1_99' title="bbox 2245 4817 3130 4890">
     <span class='ocr_line' id='line_1_99' title="bbox 2245 4817 3130 4890; baseline -0.006 0"><span class='ocrx_word' id='word_1_779' title='bbox 2245 4835 2312 4890; x_wconf 87' lang='lat' dir='ltr'><strong>in</strong></span> <span class='ocrx_word' id='word_1_780' title='bbox 2346 4817 2544 4890; x_wconf 57' lang='lat' dir='ltr'><strong>saecula</strong></span> <span class='ocrx_word' id='word_1_781' title='bbox 2570 4833 2920 4890; x_wconf 62' lang='lat' dir='ltr'><strong>saeculorum.</strong></span> <span class='ocrx_word' id='word_1_782' title='bbox 2953 4831 3130 4888; x_wconf 69' lang='lat' dir='ltr'><strong>Amen</strong></span> 
     </span>
    </p>
   </div>
   <div class='ocr_carea' id='block_1_100' title="bbox 649 5070 2138 5202">
    <p class='ocr_par' dir='ltr' id='par_1_100' title="bbox 649 5123 2128 5202">
     <span class='ocr_line' id='line_1_100' title="bbox 649 5123 2128 5202; baseline -0.003 -22"><span class='ocrx_word' id='word_1_783' title='bbox 649 5125 855 5202; x_wconf 55' lang='lat' dir='ltr'><strong>&#39;iosee</strong></span> <span class='ocrx_word' id='word_1_784' title='bbox 888 5143 950 5202; x_wconf 81' lang='grc' dir='ltr'><strong>η,</strong></span> <span class='ocrx_word' id='word_1_785' title='bbox 988 5127 1042 5182; x_wconf 72' lang='lat'><strong>2.</strong></span> <span class='ocrx_word' id='word_1_786' title='bbox 1121 5127 1163 5158; x_wconf 51' lang='grc' dir='ltr'><strong>τι</strong></span> <span class='ocrx_word' id='word_1_787' title='bbox 1187 5125 1374 5180; x_wconf 79' lang='lat' dir='ltr'><strong>Matth.</strong></span> <span class='ocrx_word' id='word_1_788' title='bbox 1419 5141 1532 5190; x_wconf 79' lang='lat' dir='ltr'><strong>xw,</strong></span> <span class='ocrx_word' id='word_1_789' title='bbox 1591 5124 1674 5180; x_wconf 83' lang='grc'><strong>18.</strong></span> <span class='ocrx_word' id='word_1_790' title='bbox 1740 5123 2024 5195; x_wconf 48' lang='grc' dir='ltr'><strong>έτθΕρίιθε.</strong></span> <span class='ocrx_word' id='word_1_791' title='bbox 2069 5138 2128 5187; x_wconf 83' lang='grc' dir='ltr'><strong>ιι,</strong></span> 
     </span>
    </p>
   </div>
   <div class='ocr_carea' id='block_1_101' title="bbox 2237 5070 3821 5202">
    <p class='ocr_par' dir='ltr' id='par_1_101' title="bbox 2244 5113 3821 5190">
     <span class='ocr_line' id='line_1_101' title="bbox 2244 5113 3821 5190; baseline -0.003 -14"><span class='ocrx_word' id='word_1_792' title='bbox 2244 5162 2258 5176; x_wconf 92' lang='grc'><strong>.</strong></span> <span class='ocrx_word' id='word_1_793' title='bbox 2332 5121 2380 5154; x_wconf 71' lang='grc'><strong>’³⁸</strong></span> <span class='ocrx_word' id='word_1_794' title='bbox 2418 5121 2610 5175; x_wconf 68' lang='lat' dir='ltr'><strong>Matth.</strong></span> <span class='ocrx_word' id='word_1_795' title='bbox 2651 5133 2836 5186; x_wconf 77' lang='lat' dir='ltr'><strong>xxvm,</strong></span> <span class='ocrx_word' id='word_1_796' title='bbox 2874 5119 2960 5174; x_wconf 66' lang='lat'><strong>£9.</strong></span> <span class='ocrx_word' id='word_1_797' title='bbox 3041 5120 3086 5152; x_wconf 70' lang='grc'>’⁷</span> <span class='ocrx_word' id='word_1_798' title='bbox 3115 5119 3248 5174; x_wconf 82' lang='lat' dir='ltr'><strong>Dan.</strong></span> <span class='ocrx_word' id='word_1_799' title='bbox 3282 5133 3342 5181; x_wconf 66' lang='grc' dir='ltr'><strong>ιτ,</strong></span> <span class='ocrx_word' id='word_1_800' title='bbox 3373 5117 3463 5172; x_wconf 69' lang='grc' dir='ltr'><strong>δι.</strong></span> <span class='ocrx_word' id='word_1_801' title='bbox 3541 5116 3592 5152; x_wconf 69' lang='grc' dir='ltr'><strong>τ’</strong></span> <span class='ocrx_word' id='word_1_802' title='bbox 3628 5113 3821 5190; x_wconf 68' lang='lat' dir='ltr'><strong>Ephes-</strong></span> 
     </span>
    </p>
   </div>
  </div>
