4042 6292
193 314 330 383 1005

1292 311 1375 374 ΙΝ
1417 314 1966 374 ΗΕΧΛΕΜΕΒΟΝ.
1994 339 2064 348 --
2088 316 2232 375 LIB.
2273 317 2344 374 Χ.

3297 317 3430 380 1006

1318 655 1674 744 LIBER
1751 654 2312 746 DECIMUS.

1169 852 1255 894 DE
1301 849 1605 895 MULIEBlS
1643 847 1997 892 CREATIONE
2041 850 2121 892 ET
2157 849 2460 894 PECCATO.

266 1115 396 1185 lpsa
429 1111 702 1166 vocabitur
731 1108 941 1172 mulier,
957 1109 1208 1178 quoniam
1236 1117 1449 1179 sumpta
1472 1116 1547 1160 est
1575 1122 1638 1161 ea:
1657 1108 1767 1160 viro
1798 1110 1842 1167 Α
1870 1121 2010 1167 mea,
2045 1105 2296 1175 quoniam
2349 1104 2676 1174 ampliﬁcata
2719 1111 2794 1158 est
2831 1103 3110 1174 fornicatio
3141 1114 3233 1160 tua
3279 1115 3438 1180 super

186 1224 304 1262 suo.
349 1206 418 1260 Et
450 1221 551 1260 cur
583 1202 766 1257 statim
821 1199 1043 1264 mulier,
1094 1209 1151 1255 et
1206 1216 1315 1254 non
1363 1198 1537 1268 magis
1562 1212 1763 1252 conve-

185 1299 407 1353 nienter
433 1294 613 1350 ordini
649 1290 976 1346 incrementi
1028 1305 1344 1359 corporum,
1377 1290 1614 1358 primum
1676 1287 1763 1340 in-

185 1391 331 1450 fans.
359 1386 560 1442 deinde
587 1384 792 1454 puella,
824 1381 1032 1435 deinde
1068 1381 1499 1442 adolescentula,
1553 1389 1609 1434 et
1631 1387 1766 1434 tunc

185 1481 412 1542 mulier,
436 1477 530 1533 sed
552 1477 738 1531 statim
767 1459 1069 1544 perfectam
1102 1481 1263 1527 vocat
1294 1472 1604 1535 mulierem,
1659 1471 1765 1526 hoc

182 1581 293 1634 est,
335 1586 450 1625 rem
509 1566 830 1638 perfectam,
886 1573 1217 1627 matronam,
1271 1559 1761 1624 matremfamilias,

183 1671 446 1724 matrem,
499 1659 776 1713 nutricem
829 1664 886 1710 ct
937 1655 1284 1725 genitricem,
1318 1662 1377 1709 et
1426 1653 1630 1708 multos
1668 1651 1766 1706 ha-

181 1755 412 1810 bentem
456 1751 634 1806 ﬁlios?
682 1749 1049 1815 Quamobrem
1097 1747 1234 1802 dicit
1285 1765 1298 1800 :
1341 1747 1463 1818 Ipsa
1497 1746 1766 1800 vocabitur

181 1843 424 1898 mulier?
453 1841 758 1913 Atqui‘jam
794 1839 1139 1893 dixiteam-a
1183 1838 1297 1891 Deo
1342 1835 1669 1891 aedificatam
1705 1833 1763 1888 in

179 1937 498 1999 mulierem,
548 1943 603 1989 et
636 1931 834 1986 deinde
864 1930 1154 1984 adductam
1211 1928 1280 1982 ad
1329 1927 1621 1982 Adamum.
1656 1924 1766 1980 Sed

184 2038 249 2081 ut
282 2023 599 2079 ostenderet
649 2019 796 2090 quod
821 2020 938 2074 haec
971 2017 1289 2073 referuntur
1335 2016 1401 2070 ad
1439 2013 1765 2076 Ecclesiam,

181 2130 313 2186 qua
339 2113 396 2166 in
427 2109 636 2166 ultimis
661 2108 876 2162 saeculis
900 2107 1008 2161 fuit
1031 2106 1302 2174 desponsa
1337 2103 1577 2164 Christo,
1607 2117 1671 2155 ea
1698 2099 1766 2155 de

177 2220 354 2260 causa
381 2204 436 2257 in
457 2201 628 2256 verbo
655 2199 843 2253 futuro
862 2197 1034 2267 ponit,
1059 2196 1248 2251 dicens
1280 2213 1291 2246 :
1323 2195 1446 2265 Ipsa
1470 2191 1768 2262 aliquando

177 2295 458 2350 vocabitur
495 2291 706 2354 mulier,
752 2291 1002 2360 quoniam
1031 2289 1146 2368 ipsa
1178 2295 1390 2357 sumpta
1435 2295 1511 2339 est
1562 2300 1625 2338 ea:
1657 2286 1767 2337 viro

177 2405 306 2443 suo.
339 2385 505 2455 Atqui
534 2383 682 2454 quod
715 2382 934 2437 exviro
961 2380 1199 2435 sumitur
1235 2387 1332 2432 aut
1360 2378 1626 2440 nascitur,
1655 2392 1766 2431 non

1865 1196 2152 1251 Sodomam
2171 1213 2408 1250 sororem
2431 1205 2584 1250 tuam
2615 1197 2682 1250 ⁸⁸.
2710 1197 2778 1251 Et
2827 1198 2978 1252 mille
3006 1199 3111 1253 alia
3141 1201 3434 1268 ejusmodi,

1866 1296 2124 1357 tanquam
2159 1287 2424 1342 adulterae
2446 1289 2694 1342 cernitur
2733 1290 2874 1344 Deus
2907 1290 3094 1347 dicere
3140 1293 3438 1365 Synagogaé

1863 1379 1918 1433 in
1968 1381 2108 1450 lege.
2139 1379 2294 1446 Quod
2330 1379 2374 1434 si
2417 1379 2642 1435 Judaeus
2671 1396 2736 1435 ea
2790 1395 2912 1451 quae
2954 1399 2982 1436 a
3014 1398 3102 1438 me
3153 1385 3437 1453 dicuntur,

1864 1470 2168 1524 toleranter
2186 1469 2341 1524 audit
2360 1477 2418 1524 et
2440 1469 2650 1540 patitur
2681 1489 2694 1523 :
2728 1473 2965 1527 ostendo
3002 1474 3054 1528 ei
3079 1474 3226 1544 quod
3270 1478 3437 1532 etiam

1859 1563 1983 1632 ejus
2007 1574 2146 1616 uxor
2167 1561 2450 1632 Synagoga
2475 1577 2542 1617 ex
2560 1568 2730 1617 carne
2748 1571 2836 1617 est
2859 1574 3066 1630 creata,
3097 1568 3242 1622 sicut
3268 1568 3437 1624 etiam

1864 1651 2133 1717 Ecclesia,
2165 1661 2228 1706 ut
2245 1668 2369 1722 quae
2388 1652 2460 1707 sit
2483 1661 2603 1708 orta
2638 1668 2706 1708 ex
2733 1645 3162 1714 circumcisione
3183 1661 3437 1730 praeputii

1862 1744 2096 1798 Abrahae
2115 1744 2280 1814 primi
2308 1745 2885 1814 parentisJudreorum
2921 1767 2934 1802 :
2970 1751 3251 1818 quomodo
3277 1753 3442 1808 Chri-

1865 1832 1936 1888 sti
1983 1833 2231 1889 Ecclesia
2293 1849 2362 1889 ει
2407 1849 2572 1889 carne
2635 1844 2803 1890 costae
2865 1837 3083 1892 Adami.
3155 1839 3259 1894 Sed
3313 1857 3442 1897 caro

1866 1925 1959 1980 illa
2020 1926 2395 1996 (praeputium,
2462 1927 2707 1997 inquam,
2764 1927 3019 1996 Abrahae)
3069 1928 3282 1998 abjccta
3336 1932 3442 1987 fuit

1864 2032 1990 2073 eum
2009 2019 2246 2088 primum
2274 2027 2360 2073 est
2391 2019 2740 2083 circumcisa,
2770 2029 2828 2075 et
2855 2020 3007 2074 humi
3044 2021 3150 2075 fuit
3210 2027 3442 2084 concul-

1865 2116 1987 2163 cata
2033 2125 2047 2160 :
2085 2109 2390 2176 praedicens
2439 2109 2768 2179 ejectionem
2821 2110 3172 2167 Abrahamici
3222 2117 3441 2184 generis

1866 2195 2174 2251 lsraelitici.
2201 2195 2342 2252 Caro
2361 2207 2549 2254 autem
2580 2208 2748 2253 costae
2771 2214 2802 2252 a
2849 2199 2961 2253 Deo
2989 2200 3282 2264 honorata,
3323 2211 3443 2258 tan-

1866 2303 2032 2357 quam
2083 2287 2218 2352 vita,
2256 2303 2367 2343 non
2390 2289 2494 2343 fuit
2537 2291 2745 2359 ejecta;
2793 2289 2890 2342 sed
2922 2290 3109 2344 statim
3149 2307 3316 2346 manu
3343 2294 3440 2348 Dei

1865 2379 1972 2434 fuit
1998 2379 2268 2435 aediﬁcata
2317 2381 2370 2434 in
2406 2381 2695 2435 mulierem
2742 2381 3066 2451 perfectam.
3101 2399 3300 2454 nempe
3343 2385 3441 2441 Dei

177 2478 395 2536 dicitur
421 2452 526 2532 viri
551 2452 753 2531 mulier
779 2481 1053 2536 autuxor,
1084 2470 1178 2527 sed
1211 2470 1342 2534 ﬁlia,
1369 2477 1633 2532 autnata,
1671 2476 1767 2522 aut
1798 2452 1839 2509 Β
1867 2472 2191 2527 Ecclesiam.
2247 2471 2617 2538 Quamobrem
2657 2472 2802 2527 sicut
2852 2489 2980 2528 caro
3007 2474 3100 2530 ma
3165 2486 3221 2531 ει
3252 2491 3442 2533 some"

175 2575 358 2638 ﬁlius,
383 2579 475 2626 aut
521 2570 666 2625 fetus
697 2566 1011 2639 :quomodo
1038 2567 1203 2620 etiam
1251 2564 1304 2618 in
1349 2562 1679 2618 animalibus
1709 2568 1767 2615 et

175 2663 505 2720 volneribus
539 2671 596 2720 et
627 2660 840 2726 bestiis,
867 2657 1049 2714 omnis
1075 2672 1204 2712 caro
1223 2671 1345 2726 qua:
1361 2671 1428 2709 ex
1452 2657 1768 2724 carne'pro-

175 2756 341 2811 cedit
399 2753 676 2826 (videlicet
725 2749 1032 2807 substantia
1061 2764 1128 2803 ex
1167 2745 1476 2813 substantia
1519 2747 1766 2816 ejusdem

177 2847 360 2902 simul
401 2843 674 2908 essentiae)
704 2842 851 2897 fetus
898 2841 1106 2896 dicitur
1137 2850 1194 2896 et
1227 2839 1408 2904 ﬁlius;
1446 2839 1536 2893 hic
1585 2846 1766 2893 autem

173 2944 300 2993 non
331 2935 559 2990 dicitita
616 2934 685 2988 de
713 2948 882 2988 carne
917 2940 1081 2987 costa:
1129 2947 1252 3001 quae
1310 2938 1528 3000 sumpta
1591 2938 1766 2985 estex

173 3029 312 3081 viro
333 3027 474 3096 ejus.
500 3026 641 3079 Ecce
667 3024 773 3078 alia
801 3038 997 3078 rursus
1021 3021 1314 3076 dubitatio.
1337 3021 1591 3084 Nondum
1617 3020 1767 3074 enim

173 3126 313 3172 erat
337 3116 423 3169 vir
445 3117 564 3186 ejus
598 3113 794 3178 Adam,
829 3113 1074 3168 nondum
1104 3112 1285 3167 fuerat
1330 3113 1510 3167 coitus
1551 3120 1647 3166 aut
1675 3128 1768 3167 co-

173 3209 324 3278 pula
360 3214 455 3260 :et
491 3205 768 3276 quomodo
828 3205 966 3260 dicit
1013 3204 1159 3274 quod
1192 3220 1257 3258 ea
1307 3213 1523 3273 sumpta
1569 3205 1642 3258 sit
1700 3220 1768 3258 ex

174 3303 314 3356 viro
333 3315 434 3362 suo
450 3300 472 3352 ?
488 3299 586 3365 Est
607 3313 738 3368 ergo
755 3297 1013 3352 omnibus
1040 3296 1221 3351 modis
1243 3296 1598 3366 perspicuum
1620 3296 1764 3365 quod

175 3393 251 3446 ad
284 3390 571 3445 Christum
596 3389 803 3459 potius,
829 3395 884 3442 et
915 3388 985 3441 ab
1016 3388 1133 3457 ipso
1155 3388 1396 3457 genitam
1425 3396 1484 3442 et
1541 3388 1592 3443 ei
1641 3389 1765 3442 uni-

176 3494 301 3538 taan
331 3482 631 3536 Ecclesiam
657 3481 772 3534 hare
798 3479 1114 3533 referuntur
1135 3488 1190 3533 et
1226 3479 1619 3549 praedicuntur.
1675 3481 1767 3534 Et-

171 3575 343 3629 enim
370 3573 521 3627 solus
545 3572 801 3627 Christus
837 3579 922 3625 est
951 3579 1008 3626 et
1033 3570 1270 3640 genitor,
1298 3580 1358 3625 et
1378 3571 1463 3624 vir
1496 3587 1610 3626 sua:
1633 3587 1768 3626 uxo—

174 3665 264 3719 ris
319 3672 376 3716 et
405 3676 620 3731 sponsae
673 3661 952 3716 Ecclesim.
983 3660 1240 3714 Nonnulli
1274 3668 1459 3715 autem
1488 3677 1555 3715 ex
1613 3676 1764 3715 com-

1867 2563 2325 2629 circumcisionis,
2353 2564 2492 2619 duas
2512 2564 2908 2634 appellationes
2938 2565 3134 2620 habuit
3165 2582 3261 2635 per
3323 2584 3446 2622 mu-

1866 2653 2057 2710 lierem
2094 2654 2327 2726 (Saram,
2367 2656 2622 2725 inquam,
2647 2639 2909 2724 primum:
2928 2656 3130 2712 deinde
3158 2657 3440 2730 Sarram);

1868 2745 1944 2801 ita
1973 2747 2137 2802 etiam
2191 2748 2289 2802 Dei
2329 2748 2573 2803 Ecclesia
2627 2747 2739 2804 Eva
2785 2748 2897 2802 duo
2927 2749 3138 2819 accepit
3164 2751 3389 2808 nomina
3425 2769 3442 2809 :

1867 2836 2170 2891 secundum
2207 2845 2393 2892 autem
2447 2837 2622 2908 priori
2662 2853 2826 2908 supra
2878 2838 3102 2893 modum
3152 2841 3351 2896 melius
3388 2853 3442 2897 et

1866 2928 2244 2984 excellentius.
2292 2929 2478 2984 Primo
2513 2930 2665 2984 enim
2716 2931 2999 2984 nominata
3050 2931 3156 2985 fuit
3215 2933 3438 2996 mulier,

1866 3024 2059 3085 postea
2135 3017 2249 3073 vita
2307 3035 2320 3071 :
2379 3031 2543 3088 quam
2598 3018 2767 3072 etiam
2843 3033 2941 3088 per
3004 3029 3192 3090 typum
3254 3021 3445 3091 expri-

1867 3124 2025 3165 mens
2077 3126 2214 3165 uxor
2271 3111 2535 3177 Abrahae,
2591 3120 2788 3168 vocata
2845 3121 2932 3168 est
2987 3115 3227 3184 primum
3273 3117 3439 3182 Sara,

1869 3202 1973 3257 hoc
2003 3211 2086 3258 est
2142 3203 2252 3257 dux
2285 3211 2342 3258 et
2391 3204 2685 3274 princeps;
2741 3205 2943 3260 deinde
2995 3207 3177 3271 Sarra,
3233 3208 3284 3262 itl
3335 3220 3442 3273 est.

1867 3293 2160 3348 abundans
2193 3295 2402 3351 liberis.
2447 3296 2745 3366 Imperavit
2774 3299 2922 3352 enim
2959 3299 3218 3354 omnibus
3254 3301 3444 3355 Eccle—

1869 3383 1966 3444 sia,
2003 3397 2128 3434 cum
2177 3383 2381 3439 multos
2410 3385 2719 3454 peperisset
2749 3385 2963 3443 ﬁdeles.
3019 3387 3146 3460 Ipsa
3177 3391 3450 3445 vocabitur

1870 3471 2058 3526 mulier
2083 3477 2335 3544 quoniam
2368 3491 2431 3529 ea:
2459 3478 2570 3530 viro
2591 3494 2685 3532 suo
2711 3489 2923 3550 sumpta
2947 3490 3045 3546 est,
3109 3491 3324 3553 prapte‘r
3353 3483 3449 3535 hoc“

1871 3563 2130 3634 relinquet
2151 3568 2306 3620 homo
2333 3577 2539 3638 patrem
2565 3577 2612 3626 et
2637 3579 2884 3637 matrem,
2908 3580 2956 3625 et
2981 3575 3266 3628 adhaerebit
3295 3576 3450 3630 uxori

1867 3674 1994 3712 sum.
2024 3658 2248 3728 Propter
2280 3662 2374 3713 hoc
2409 3677 2425 3714 :
2452 3660 2585 3729 quid
2615 3669 2701 3716 est
2748 3662 2871 3727 hoc,
2898 3663 3124 3734 Propter
3149 3666 3288 3720 hoc?
3335 3667 3451 3722 Hoc

172 3752 620 3815 mentatoribus,
654 3753 767 3806 haec
798 3766 1018 3820 quoque
1045 3753 1124 3805 sic
1154 3751 1256 3805 visi
1285 3757 1415 3806 sunt
1455 3752 1649 3807 audire
1695 3752 1764 3806 de
1794 3787 1837 3846 ο
1867 3759 1967 3813 est,
2004 3758 2230 3820 propter
2258 3749 2314 3805 id
2345 3751 2490 3820 quod
2511 3761 2729 3821 sumpta
2760 3763 2845 3808 est
2889 3769 2956 3808 ex
2990 3756 3108 3810 viro
3143 3773 3154 3807 :
3191 3766 3447 3826 prapter-

173 3845 462 3901 Ecclesia.
508 3844 662 3907 Erat,
717 3843 998 3912 inquiunt,
1029 3843 1184 3912 prius
1229 3845 1380 3897 unita
1410 3844 1522 3898 Deo
1548 3845 1769 3914 quando

171 3938 337 3992 facta
397 3939 484 3990 est
527 3935 813 3989 hominum
865 3943 1082 3988 natura.
1135 3934 1342 3989 Deinde
1376 3951 1442 3989 ex
1484 3936 1604 3992 viro
1653 3937 1774 4007 ejus

171 4036 418 4098 sumpta
449 4039 533 4082 est
569 4027 706 4097 ipsa,
738 4041 833 4080 seu
860 4027 1133 4080 abstracta
1161 4033 1215 4081 et
1244 4028 1433 4088 evulsa
1457 4044 1473 4093 ;
1504 4043 1532 4081 a
1554 4027 1774 4083 diabolo

167 4121 344 4177 enim
370 4119 558 4174 fuerat
601 4119 836 4173 adducta
884 4118 942 4172 in
999 4119 1372 4188 captivitatem
1429 4119 1768 4174 idololatriae.

253 4210 502 4278 Quando
529 4227 657 4281 ergo
693 4226 814 4264 eam
849 4225 1173 4266 conversam
1223 4210 1452 4265 deduxit
1477 4212 1622 4276 Deus
1655 4212 1768 4281 (qui

166 4303 380 4358 fuerat
405 4300 701 4370 aliquando
725 4301 811 4353 vir
843 4299 984 4370 ejus)
1016 4300 1084 4354 ad
1144 4300 1386 4370 seipsum
1421 4300 1769 4371 (secundum,

169 4399 452 4465 inquam,
480 4392 795 4462 Adamum),
818 4393 957 4447 dixit
986 4411 998 4446 :
1022 4392 1131 4447 Hoc
1158 4409 1294 4447 nunc
1317 4400 1439 4462 post
1454 4395 1770 4448 conversio—

165 4504 321 4544 nem
360 4499 504 4540 os'ea:
541 4486 740 4539 ossibus
767 4487 915 4546 meis,
948 4494 996 4539 et
1021 4501 1146 4540 caro
1195 4501 1257 4538 ea:
1285 4502 1442 4539 carne
1470 4502 1625 4550 mea;
1659 4488 1774 4556 ipsa

163 4577 470 4634 vocabitur
525 4575 713 4640 mulier
772 4591 868 4630 seu
920 4591 1058 4629 uxor
1105 4563 1365 4646 mea,qui
1407 4593 1539 4631 sum
1559 4578 1775 4647 primus

161 4675 310 4742 ejus
347 4683 550 4737 parens
588 4678 643 4723 et
691 4669 889 4737 conjux
940 4666 1212 4722 Christus.
1261 4668 1529 4742 Quoniam
1579 4685 1644 4724 ex
1688 4685 1774 4724 me

159 4761 421 4818 Christo
449 4760 544 4828 qui
575 4775 694 4813 sum
724 4759 811 4812 vir
829 4760 949 4829 ejus
1000 4770 1218 4830 sumpta
1245 4770 1348 4826 est,
1399 4761 1547 4818 furto
1579 4763 1776 4817 subre-

163 4863 309 4926 pta,
365 4860 422 4906 et
456 4865 604 4904 nunc
648 4849 966 4914 revertitur,
1015 4849 1122 4906 fuit
1167 4851 1314 4906 enim
1361 4853 1466 4908 sub
1507 4853 1615 4908 alio
1655 4853 1775 4908 viro

165 4950 424 5014 (nempe
455 4941 696 5008 diabolo)
751 4950 807 4995 et
837 4941 1105 4998 adultera.
1149 4941 1205 4997 Si
1237 4952 1421 4998 autem
1449 4944 1776 5000 contradicit

157 5037 443 5096 Judaeus,
475 5033 680 5088 debent
705 5032 880 5098 nostri
907 5034 1013 5087 hoc
1046 5033 1209 5097 scire,
1235 5034 1524 5099 audientes
1547 5036 1774 5090 omnino

1871 3857 1934 3896 ea
2001 3841 2146 3911 quod
2179 3843 2250 3897 sit
2280 3843 2400 3913 ejus
2423 3852 2595 3910 costa,
2628 3859 2778 3908 caro,
2805 3855 2861 3899 et
2893 3861 2975 3906 os,
3011 3857 3068 3901 et
3115 3848 3444 3914 membrum,

1871 3944 1927 3988 et
1960 3949 2105 4004 pars,
2129 3935 2375 3990 etveluti
2405 3944 2596 4004 partus
2637 3937 2758 4006 ejus
2800 3947 2856 3992 et
2885 3937 3030 3992 fetus
3056 3948 3114 3994 et
3140 3940 3443 4009 generatio.

1874 4028 2106 4097 Propter
2136 4028 2243 4083 hoc
2269 4043 2436 4084 verus
2467 4028 2558 4083 ille
2586 4039 2643 4084 et
2679 4031 2836 4085 solus
2868 4031 3014 4087 Deus
3042 4041 3098 4086 et
3149 4032 3316 4088 homo
3347 4049 3449 4090 ne-

1873 4131 1964 4191 gat
1994 4130 2204 4190 patrem
2264 4130 2321 4176 et
2356 4130 2588 4177 matrem
2636 4139 2814 4179 suam.
2869 4124 3016 4180 Dixit
3043 4125 3192 4180 enim
3226 4143 3238 4178 :
3275 4127 3448 4182 Mater

1875 4227 1990 4264 mea
2050 4221 2099 4264 et
2151 4211 2344 4280 fratres
2372 4215 2472 4267 nari
2505 4215 2543 4267 ii
2573 4223 2696 4267 sunt
2726 4216 2814 4284 qui
2877 4215 3079 4284 faciunt
3121 4217 3446 4273 voluntatem

1876 4318 2048 4354 meam
2077 4300 2144 4354 ει.
2173 4302 2238 4355 Et
2275 4303 2560 4357 adhaerebit
2586 4305 2738 4357 uxori
2765 4320 2892 4358 sum.
2930 4304 3166 4360 Uxorem
3200 4308 3322 4376 ejus
3377 4309 3444 4362 il-

1874 4391 1984 4445 lam
2019 4391 2144 4444 dico
2165 4393 2583 4462 quaprocessit
2606 4407 2674 4447 ex
2708 4393 2829 4462 ejus
2879 4393 3052 4448 latere
3083 4402 3140 4448 et
3189 4410 3354 4452 carne
3389 4407 3446 4452 et

1875 4483 1992 4537 suis
2021 4482 2256 4547 ossibus,
2282 4499 2404 4552 qua:
2425 4493 2510 4539 est
2551 4485 2666 4539 sola
2696 4501 2832 4540 uxor
2860 4485 3053 4541 Adami
3091 4487 3395 4556 spiritualis
3431 4506 3447 4544 :

1875 4575 2026 4629 nulla
2055 4576 2205 4630 enim
2243 4577 2348 4630 alia
2374 4577 2576 4631 ulier
2604 4578 2877 4646 processit
2925 4592 2991 4632 ex
3031 4578 3154 4633 viro
3187 4595 3288 4634 suo
3341 4580 3449 4636 nisi

1877 4669 1966 4722 illa
2011 4669 2145 4723 sola.
2176 4669 2310 4722 Nam
2343 4676 2555 4723 aeterm
2583 4683 2775 4722 omnes
2827 4669 2882 4722 in
2932 4669 3136 4723 mundo
3191 4669 3450 4732 mulieres

1875 4757 2184 4830 procedunt
2237 4767 2294 4811 et
2337 4769 2670 4826 generantur
2722 4773 2791 4811 ex
2836 4757 3187 4823 mulieribus,
3245 4758 3447 4815 deinde

1876 4847 2075 4903 alienis
2091 4858 2149 4902 et
2163 4848 2409 4903 externis
2424 4850 2526 4904 viri
2543 4851 2851 4920 junguntur
2871 4850 3244 4916 matrimonio,
3263 4866 3444 4924 neque

1877 4949 2061 4995 tamen
2082 4941 2364 4996 adherent
2379 4949 2435 4996 et
2449 4942 2918 5011 eonglutinantur.
2938 4941 3072 4998 Nam
3101 4943 3248 5012 quod
3261 4943 3448 5001 adita;-

1877 5038 1962 5086 ret
2017 5037 2074 5084 ct
2103 5029 2532 5100 conglutinatur,
2586 5032 2790 5086 nullam
2846 5047 3030 5103 neque
3084 5034 3208 5090 loco
3263 5050 3445 5106 neque

159 5133 375 5187 Deum
408 5126 464 5180 in
500 5125 643 5196 Lege
670 5142 897 5181 uxorem
929 5127 1226 5197 aliquando
1263 5129 1640 5184 nominantem
1671 5127 1772 5199 Sy-
1807 5123 1848 5177 D
1877 5121 2043 5176 modo
2071 5121 2238 5176 habet
2258 5121 2428 5192 908
2448 5123 2774 5178 divisionem
2816 5139 2996 5195 neque
3021 5122 3446 5196 disjunctionem

157 5233 488 5291 nagogam,
522 5227 578 5272 et
605 5233 752 5272 nunc
805 5219 1027 5288 quidem
1057 5221 1122 5276 ei-
1151 5220 1425 5276 dicentem
1464 5239 1476 5274 :
1511 5220 1774 5276 Pudorem

154 5311 391 5369 exuisti
410 5309 554 5380 apud
581 5326 761 5364 omnes
785 5312 828 5342 τ’
859 5329 870 5363 ;
897 5311 998 5366 hoc
1022 5321 1127 5375 est,
1161 5326 1190 5365 a
1212 5327 1296 5367 me
1315 5311 1586 5374 deiecisti,
1621 5312 1772 5366 unita

155 5399 464 5460 omnibus
514 5399 620 5454 diis
658 5401 929 5456 idolorum
977 5401 1244 5457 fornicata
1297 5417 1382 5466 es,
1422 5409 1479 5457 et
1533 5401 1772 5455 adurasti

154 5505 424 5552 omnem
453 5499 783 5545 creaturam.
807 5491 877 5546 Et
907 5493 1032 5546 ideo
1058 5508 1251 5547 rursus
1281 5492 1330 5546 ei
1355 5492 1577 5546 dicebat
1610 5509 1622 5543 :
1658 5491 1772 5545 Non

154 5599 308 5643 sum
377 5579 606 5649 amplius
646 5583 726 5634 vir
767 5590 911 5647 tuus,
962 5592 1010 5635 et
1051 5591 1107 5635 tu
1150 5597 1254 5634 non
1289 5597 1339 5634 es
1372 5582 1599 5651 amplius
1641 5595 1775 5633 uror

245 5750 306 5782 τ’
349 5743 554 5800 Jcrem.
589 5761 667 5812 m,
735 5746 788 5800 5.

1881 5213 1950 5270 ab
1972 5213 2105 5277 alio,
2155 5213 2251 5267 sed
2287 5215 2456 5270 semel
2505 5215 2586 5268 ita
2623 5221 2709 5269 cst
2737 5216 3199 5286 conglutinatam,
3246 5229 3308 5272 ut
3355 5233 3452 5274 aer

1881 5304 1991 5358 luci
2031 5304 2244 5369 unitur,
2275 5313 2334 5359 et
2360 5304 2568 5360 ferr-um
2602 5305 2738 5374 igni,
2784 5313 2844 5360 et
2895 5305 3132 5360 tinctura
3189 5322 3452 5380 purpurat
3523 5299 3544 5379 τε

1879 5395 2201 5467 chlamydis,
2237 5403 2293 5449 et
2313 5396 2498 5451 anima
2524 5396 2809 5452 individue
2858 5405 2943 5452 est
2995 5398 3150 5452 unita
3206 5401 3449 5472 corpori.
3531 5403 3564 5470 ἦ

1881 5487 2162 5556 lntelligcs
2187 5499 2372 5542 autem
2404 5505 2505 5560 per
2534 5490 2679 5546 hanc
2705 5505 2928 5545 uxorem
2983 5499 3042 5548 et
3063 5491 3176 5556 viri
3230 5508 3358 5548 cum
3387 5509 3456 5551 ea

1881 5579 2366 5649 agglutinationcm
2436 5591 2491 5636 et
2553 5582 2965 5649 adhmsionem,
3045 5598 3166 5638 eam
3248 5589 3450 5661 agglu-

884 5745 928 5777 '°
959 5744 1085 5800 Ose.
1141 5762 1199 5811 tt,
1251 5745 1305 5799 2.
1385 5744 1428 5778 ⁸¹
1463 5742 1653 5798 Matth.
1688 5758 1782 5806 xu,
1815 5741 1901 5795 50.
