  <div class='ocr_page' id='page_1' title='image "/cluster/home/n/w/nwhite01/storage/ocr_20150623/89/pst.000005712953/511.png"; bbox 0 0 4042 6292; ppageno 0'>
   <div class='ocr_carea' id='block_1_1' title="bbox 614 310 758 381">
    <p class='ocr_par' dir='ltr' id='par_1_1' title="bbox 614 310 758 381">
     <span class='ocr_line' id='line_1_1' title="bbox 614 310 758 381; baseline -0.021 0"><span class='ocrx_word' id='word_1_1' title='bbox 614 310 758 381; x_wconf 59' lang='grc' dir='ltr'><strong>ἰι-ξιτ</strong></span> 
     </span>
    </p>
   </div>
   <div class='ocr_carea' id='block_1_2' title="bbox 1811 307 2674 369">
    <p class='ocr_par' dir='ltr' id='par_1_2' title="bbox 1811 307 2674 369">
     <span class='ocr_line' id='line_1_2' title="bbox 1811 307 2674 369; baseline -0.003 -1"><span class='ocrx_word' id='word_1_2' title='bbox 1811 310 1871 368; x_wconf 88' lang='lat' dir='ltr'><strong>S.</strong></span> <span class='ocrx_word' id='word_1_3' title='bbox 1916 307 2307 369; x_wconf 65' lang='lat' dir='ltr'><strong>ANASTASI]</strong></span> <span class='ocrx_word' id='word_1_4' title='bbox 2354 307 2674 367; x_wconf 66' lang='lat' dir='ltr'><strong>SINAITJE</strong></span> 
     </span>
    </p>
   </div>
   <div class='ocr_carea' id='block_1_3' title="bbox 3744 310 3881 378">
    <p class='ocr_par' dir='ltr' id='par_1_3' title="bbox 3744 310 3881 378">
     <span class='ocr_line' id='line_1_3' title="bbox 3744 310 3881 378; baseline -0.044 -5"><span class='ocrx_word' id='word_1_5' title='bbox 3744 310 3881 378; x_wconf 72' lang='lat' dir='ltr'><strong>mas</strong></span> 
     </span>
    </p>
   </div>
   <div class='ocr_carea' id='block_1_4' title="bbox 622 416 3881 488">
    <p class='ocr_par' dir='ltr' id='par_1_4' title="bbox 622 416 3881 488">
     <span class='ocr_line' id='line_1_4' title="bbox 622 416 3881 488; baseline -0.005 -3"><span class='ocrx_word' id='word_1_6' title='bbox 622 431 953 487; x_wconf 76' lang='lat' dir='ltr'><strong>tmationcm</strong></span> <span class='ocrx_word' id='word_1_7' title='bbox 998 435 1051 479; x_wconf 71' lang='grc' dir='ltr'><strong>ιιι</strong></span> <span class='ocrx_word' id='word_1_8' title='bbox 1086 424 1460 479; x_wconf 65' lang='lat' dir='ltr'><strong>adhtcsiuhcm</strong></span> <span class='ocrx_word' id='word_1_9' title='bbox 1527 422 1618 475; x_wconf 78' lang='lat' dir='ltr'><strong>Dei</strong></span> <span class='ocrx_word' id='word_1_10' title='bbox 1680 421 1836 476; x_wconf 72' lang='lat' dir='ltr'><strong>\‘ctbi</strong></span> <span class='ocrx_word' id='word_1_11' title='bbox 1911 434 2031 488; x_wconf 69' lang='lat' dir='ltr'><strong>quae</strong></span> <span class='ocrx_word' id='word_1_12' title='bbox 2099 434 2197 487; x_wconf 76' lang='lat' dir='ltr'><strong>per</strong></span> <span class='ocrx_word' id='word_1_13' title='bbox 2227 426 2268 480; x_wconf 75' lang='grc' dir='ltr'><strong>Α</strong></span> <span class='ocrx_word' id='word_1_14' title='bbox 2304 418 2431 473; x_wconf 78' lang='lat' dir='ltr'><strong>ideo</strong></span> <span class='ocrx_word' id='word_1_15' title='bbox 2456 418 2619 487; x_wconf 76' lang='lat' dir='ltr'><strong>plane</strong></span> <span class='ocrx_word' id='word_1_16' title='bbox 2642 419 2903 487; x_wconf 86' lang='lat' dir='ltr'><strong>quoniam</strong></span> <span class='ocrx_word' id='word_1_17' title='bbox 2935 416 3107 473; x_wconf 83' lang='lat' dir='ltr'><strong>altera</strong></span> <span class='ocrx_word' id='word_1_18' title='bbox 3137 429 3222 473; x_wconf 82' lang='lat' dir='ltr'><strong>est</strong></span> <span class='ocrx_word' id='word_1_19' title='bbox 3239 417 3456 475; x_wconf 81' lang='lat' dir='ltr'><strong>Domini</strong></span> <span class='ocrx_word' id='word_1_20' title='bbox 3484 418 3692 487; x_wconf 82' lang='lat' dir='ltr'><strong>anima,</strong></span> <span class='ocrx_word' id='word_1_21' title='bbox 3724 440 3881 479; x_wconf 69' lang='grc' dir='ltr'><strong>ηοω-</strong></span> 
     </span>
    </p>
   </div>
   <div class='ocr_carea' id='block_1_5' title="bbox 624 511 2192 596">
    <p class='ocr_par' dir='ltr' id='par_1_5' title="bbox 624 511 2192 596">
     <span class='ocr_line' id='line_1_5' title="bbox 624 511 2192 596; baseline -0.011 -18"><span class='ocrx_word' id='word_1_22' title='bbox 624 521 962 596; x_wconf 64' lang='lat' dir='ltr'><strong>hypostasim</strong></span> <span class='ocrx_word' id='word_1_23' title='bbox 993 518 1052 574; x_wconf 79' lang='lat' dir='ltr'><strong>ﬁt</strong></span> <span class='ocrx_word' id='word_1_24' title='bbox 1084 533 1206 572; x_wconf 87' lang='lat' dir='ltr'><strong>cum</strong></span> <span class='ocrx_word' id='word_1_25' title='bbox 1240 524 1427 569; x_wconf 81' lang='lat' dir='ltr'><strong>nostra</strong></span> <span class='ocrx_word' id='word_1_26' title='bbox 1463 523 1678 576; x_wconf 85' lang='lat' dir='ltr'><strong>natura,</strong></span> <span class='ocrx_word' id='word_1_27' title='bbox 1713 527 1834 580; x_wconf 57' lang='lat' dir='ltr'><strong>qua:</strong></span> <span class='ocrx_word' id='word_1_28' title='bbox 1857 511 2080 581; x_wconf 78' lang='lat' dir='ltr'><strong>quidem</strong></span> <span class='ocrx_word' id='word_1_29' title='bbox 2111 519 2192 562; x_wconf 72' lang='lat' dir='ltr'><strong>est</strong></span> 
     </span>
    </p>
   </div>
   <div class='ocr_carea' id='block_1_6' title="bbox 623 603 2193 686">
    <p class='ocr_par' dir='ltr' id='par_1_6' title="bbox 623 603 2193 686">
     <span class='ocr_line' id='line_1_6' title="bbox 623 603 2193 686; baseline -0.013 -15"><span class='ocrx_word' id='word_1_30' title='bbox 623 615 858 686; x_wconf 70' lang='lat' dir='ltr'><strong>genitrix</strong></span> <span class='ocrx_word' id='word_1_31' title='bbox 905 610 1204 667; x_wconf 68' lang='lat' dir='ltr'><strong>Ecclesiae:</strong></span> <span class='ocrx_word' id='word_1_32' title='bbox 1238 604 1497 674; x_wconf 88' lang='lat' dir='ltr'><strong>quoniam</strong></span> <span class='ocrx_word' id='word_1_33' title='bbox 1535 603 1780 657; x_wconf 85' lang='lat' dir='ltr'><strong>membra</strong></span> <span class='ocrx_word' id='word_1_34' title='bbox 1831 616 2020 656; x_wconf 85' lang='lat' dir='ltr'><strong>smnus</strong></span> <span class='ocrx_word' id='word_1_35' title='bbox 2068 615 2193 654; x_wconf 85' lang='lat' dir='ltr'><strong>cor-</strong></span> 
     </span>
    </p>
   </div>
   <div class='ocr_carea' id='block_1_7' title="bbox 622 693 2191 777">
    <p class='ocr_par' dir='ltr' id='par_1_7' title="bbox 622 693 2191 777">
     <span class='ocr_line' id='line_1_7' title="bbox 622 693 2191 777; baseline -0.009 -19"><span class='ocrx_word' id='word_1_36' title='bbox 622 708 772 777; x_wconf 76' lang='lat' dir='ltr'><strong>poris</strong></span> <span class='ocrx_word' id='word_1_37' title='bbox 805 705 925 775; x_wconf 88' lang='lat' dir='ltr'><strong>ejus</strong></span> <span class='ocrx_word' id='word_1_38' title='bbox 951 717 1018 756; x_wconf 81' lang='lat' dir='ltr'><strong>ex</strong></span> <span class='ocrx_word' id='word_1_39' title='bbox 1053 713 1217 754; x_wconf 88' lang='lat' dir='ltr'><strong>carne</strong></span> <span class='ocrx_word' id='word_1_40' title='bbox 1262 699 1400 768; x_wconf 79' lang='lat' dir='ltr'><strong>ejus,</strong></span> <span class='ocrx_word' id='word_1_41' title='bbox 1427 705 1483 750; x_wconf 88' lang='lat' dir='ltr'><strong>et</strong></span> <span class='ocrx_word' id='word_1_42' title='bbox 1507 694 1725 749; x_wconf 88' lang='lat' dir='ltr'><strong>ossibus</strong></span> <span class='ocrx_word' id='word_1_43' title='bbox 1744 694 1863 765; x_wconf 88' lang='lat' dir='ltr'><strong>ejus</strong></span> <span class='ocrx_word' id='word_1_44' title='bbox 1886 693 1957 757; x_wconf 81' lang='grc'><strong>¹¹²,</strong></span> <span class='ocrx_word' id='word_1_45' title='bbox 1989 706 2191 746; x_wconf 85' lang='lat' dir='ltr'><strong>come-</strong></span> 
     </span>
    </p>
   </div>
   <div class='ocr_carea' id='block_1_8' title="bbox 619 784 2193 857">
    <p class='ocr_par' dir='ltr' id='par_1_8' title="bbox 619 784 2193 857">
     <span class='ocr_line' id='line_1_8' title="bbox 619 784 2193 857; baseline -0.013 -2"><span class='ocrx_word' id='word_1_46' title='bbox 619 801 839 855; x_wconf 80' lang='lat' dir='ltr'><strong>nienter</strong></span> <span class='ocrx_word' id='word_1_47' title='bbox 867 795 983 849; x_wconf 83' lang='lat' dir='ltr'><strong>voci</strong></span> <span class='ocrx_word' id='word_1_48' title='bbox 1015 791 1191 849; x_wconf 84' lang='lat' dir='ltr'><strong>Pauli.</strong></span> <span class='ocrx_word' id='word_1_49' title='bbox 1229 791 1350 857; x_wconf 83' lang='lat' dir='ltr'><strong>Quo</strong></span> <span class='ocrx_word' id='word_1_50' title='bbox 1381 787 1439 841; x_wconf 84' lang='lat' dir='ltr'><strong>fit</strong></span> <span class='ocrx_word' id='word_1_51' title='bbox 1467 796 1526 841; x_wconf 89' lang='lat' dir='ltr'><strong>ut</strong></span> <span class='ocrx_word' id='word_1_52' title='bbox 1565 784 1973 857; x_wconf 82' lang='lat' dir='ltr'><strong>quodammodo</strong></span> <span class='ocrx_word' id='word_1_53' title='bbox 2019 784 2193 837; x_wconf 83' lang='lat' dir='ltr'><strong>Adam</strong></span> 
     </span>
    </p>
   </div>
   <div class='ocr_carea' id='block_1_9' title="bbox 618 874 2195 957">
    <p class='ocr_par' dir='ltr' id='par_1_9' title="bbox 618 874 2195 957">
     <span class='ocr_line' id='line_1_9' title="bbox 618 874 2195 957; baseline -0.011 -12"><span class='ocrx_word' id='word_1_54' title='bbox 618 893 690 945; x_wconf 85' lang='lat' dir='ltr'><strong>si‘.</strong></span> <span class='ocrx_word' id='word_1_55' title='bbox 711 901 762 944; x_wconf 90' lang='lat' dir='ltr'><strong>et</strong></span> <span class='ocrx_word' id='word_1_56' title='bbox 794 895 949 957; x_wconf 87' lang='lat' dir='ltr'><strong>pater</strong></span> <span class='ocrx_word' id='word_1_57' title='bbox 977 892 1033 939; x_wconf 88' lang='lat' dir='ltr'><strong>et</strong></span> <span class='ocrx_word' id='word_1_58' title='bbox 1053 883 1287 937; x_wconf 83' lang='lat' dir='ltr'><strong>maritus</strong></span> <span class='ocrx_word' id='word_1_59' title='bbox 1305 896 1417 936; x_wconf 71' lang='lat' dir='ltr'><strong>suae</strong></span> <span class='ocrx_word' id='word_1_60' title='bbox 1438 878 1645 943; x_wconf 75' lang='lat' dir='ltr'><strong>uxoris,</strong></span> <span class='ocrx_word' id='word_1_61' title='bbox 1680 878 1824 932; x_wconf 90' lang='lat' dir='ltr'><strong>sicut</strong></span> <span class='ocrx_word' id='word_1_62' title='bbox 1846 877 2011 931; x_wconf 87' lang='lat' dir='ltr'><strong>etiam</strong></span> <span class='ocrx_word' id='word_1_63' title='bbox 2035 874 2195 929; x_wconf 91' lang='lat' dir='ltr'><strong>Chri-</strong></span> 
     </span>
    </p>
   </div>
   <div class='ocr_carea' id='block_1_10' title="bbox 619 972 2194 1043">
    <p class='ocr_par' dir='ltr' id='par_1_10' title="bbox 619 972 2194 1043">
     <span class='ocr_line' id='line_1_10' title="bbox 619 972 2194 1043; baseline -0.01 -5"><span class='ocrx_word' id='word_1_64' title='bbox 619 995 736 1038; x_wconf 92' lang='lat' dir='ltr'><strong>stus</strong></span> <span class='ocrx_word' id='word_1_65' title='bbox 776 977 1050 1035; x_wconf 64' lang='lat' dir='ltr'><strong>Ecclesiae.</strong></span> <span class='ocrx_word' id='word_1_66' title='bbox 1083 976 1245 1031; x_wconf 86' lang='lat' dir='ltr'><strong>Pater</strong></span> <span class='ocrx_word' id='word_1_67' title='bbox 1275 973 1521 1043; x_wconf 87' lang='lat' dir='ltr'><strong>quidem,</strong></span> <span class='ocrx_word' id='word_1_68' title='bbox 1581 978 1639 1024; x_wconf 91' lang='lat' dir='ltr'><strong>ut</strong></span> <span class='ocrx_word' id='word_1_69' title='bbox 1691 972 1864 1039; x_wconf 82' lang='lat' dir='ltr'><strong>ipsam</strong></span> <span class='ocrx_word' id='word_1_70' title='bbox 1926 983 2194 1038; x_wconf 82' lang='lat' dir='ltr'><strong>generans</strong></span> 
     </span>
    </p>
   </div>
   <div class='ocr_carea' id='block_1_11' title="bbox 616 1059 2190 1146">
    <p class='ocr_par' dir='ltr' id='par_1_11' title="bbox 616 1059 2190 1146">
     <span class='ocr_line' id='line_1_11' title="bbox 616 1059 2190 1146; baseline -0.011 -16"><span class='ocrx_word' id='word_1_71' title='bbox 616 1092 716 1146; x_wconf 64' lang='lat' dir='ltr'><strong>per</strong></span> <span class='ocrx_word' id='word_1_72' title='bbox 749 1086 945 1143; x_wconf 82' lang='lat' dir='ltr'><strong>aquam</strong></span> <span class='ocrx_word' id='word_1_73' title='bbox 997 1075 1054 1123; x_wconf 90' lang='lat' dir='ltr'><strong>et</strong></span> <span class='ocrx_word' id='word_1_74' title='bbox 1101 1066 1407 1136; x_wconf 87' lang='lat' dir='ltr'><strong>Spiritum;</strong></span> <span class='ocrx_word' id='word_1_75' title='bbox 1466 1063 1699 1117; x_wconf 82' lang='lat' dir='ltr'><strong>mat-itus</strong></span> <span class='ocrx_word' id='word_1_76' title='bbox 1723 1070 1932 1124; x_wconf 86' lang='lat' dir='ltr'><strong>autem,</strong></span> <span class='ocrx_word' id='word_1_77' title='bbox 1990 1068 2049 1114; x_wconf 90' lang='lat' dir='ltr'><strong>ut</strong></span> <span class='ocrx_word' id='word_1_78' title='bbox 2094 1059 2190 1129; x_wconf 90' lang='lat' dir='ltr'><strong>qui</strong></span> 
     </span>
    </p>
   </div>
   <div class='ocr_carea' id='block_1_12' title="bbox 621 1151 2189 1227">
    <p class='ocr_par' dir='ltr' id='par_1_12' title="bbox 621 1151 2189 1227">
     <span class='ocr_line' id='line_1_12' title="bbox 621 1151 2189 1227; baseline -0.011 -6"><span class='ocrx_word' id='word_1_79' title='bbox 621 1166 781 1223; x_wconf 78' lang='lat' dir='ltr'><strong>\‘crbi</strong></span> <span class='ocrx_word' id='word_1_80' title='bbox 817 1178 1004 1221; x_wconf 77' lang='lat' dir='ltr'><strong>semen</strong></span> <span class='ocrx_word' id='word_1_81' title='bbox 1029 1162 1086 1215; x_wconf 88' lang='lat' dir='ltr'><strong>in</strong></span> <span class='ocrx_word' id='word_1_82' title='bbox 1107 1174 1226 1215; x_wconf 84' lang='lat' dir='ltr'><strong>eam</strong></span> <span class='ocrx_word' id='word_1_83' title='bbox 1258 1156 1499 1227; x_wconf 82' lang='lat' dir='ltr'><strong>dejiciat.</strong></span> <span class='ocrx_word' id='word_1_84' title='bbox 1559 1154 1663 1208; x_wconf 84' lang='lat' dir='ltr'><strong>Per</strong></span> <span class='ocrx_word' id='word_1_85' title='bbox 1701 1151 1851 1222; x_wconf 88' lang='lat' dir='ltr'><strong>quod</strong></span> <span class='ocrx_word' id='word_1_86' title='bbox 1877 1152 2079 1205; x_wconf 90' lang='lat' dir='ltr'><strong>multos</strong></span> <span class='ocrx_word' id='word_1_87' title='bbox 2103 1160 2189 1204; x_wconf 89' lang='lat' dir='ltr'><strong>at-</strong></span> 
     </span>
    </p>
   </div>
   <div class='ocr_carea' id='block_1_13' title="bbox 616 1236 2189 1328">
    <p class='ocr_par' dir='ltr' id='par_1_13' title="bbox 616 1236 2189 1328">
     <span class='ocr_line' id='line_1_13' title="bbox 616 1236 2189 1328; baseline -0.014 -15"><span class='ocrx_word' id='word_1_88' title='bbox 616 1236 724 1328; x_wconf 83' lang='lat' dir='ltr'><strong>que</strong></span> <span class='ocrx_word' id='word_1_89' title='bbox 763 1256 902 1310; x_wconf 85' lang='lat' dir='ltr'><strong>adeo</strong></span> <span class='ocrx_word' id='word_1_90' title='bbox 930 1248 1364 1307; x_wconf 83' lang='lat' dir='ltr'><strong>innumerabiles</strong></span> <span class='ocrx_word' id='word_1_91' title='bbox 1392 1247 1492 1301; x_wconf 86' lang='lat' dir='ltr'><strong>hos</strong></span> <span class='ocrx_word' id='word_1_92' title='bbox 1521 1244 1660 1299; x_wconf 82' lang='lat' dir='ltr'><strong>ﬁlios</strong></span> <span class='ocrx_word' id='word_1_93' title='bbox 1700 1241 1885 1313; x_wconf 76' lang='lat' dir='ltr'><strong>(filios,</strong></span> <span class='ocrx_word' id='word_1_94' title='bbox 1940 1241 2189 1308; x_wconf 75' lang='lat' dir='ltr'><strong>inquam,</strong></span> 
     </span>
    </p>
   </div>
   <div class='ocr_carea' id='block_1_14' title="bbox 618 1330 2191 1427">
    <p class='ocr_par' dir='ltr' id='par_1_14' title="bbox 618 1330 2191 1427">
     <span class='ocr_line' id='line_1_14' title="bbox 618 1330 2191 1427; baseline -0.011 -26"><span class='ocrx_word' id='word_1_95' title='bbox 618 1345 890 1427; x_wconf 55' lang='lat' dir='ltr'><strong>gentium)</strong></span> <span class='ocrx_word' id='word_1_96' title='bbox 920 1344 969 1398; x_wconf 86' lang='lat' dir='ltr'><strong>ei</strong></span> <span class='ocrx_word' id='word_1_97' title='bbox 1005 1341 1239 1413; x_wconf 82' lang='lat' dir='ltr'><strong>peperit,</strong></span> <span class='ocrx_word' id='word_1_98' title='bbox 1269 1347 1326 1392; x_wconf 89' lang='lat' dir='ltr'><strong>et</strong></span> <span class='ocrx_word' id='word_1_99' title='bbox 1353 1336 1607 1400; x_wconf 88' lang='lat' dir='ltr'><strong>enutriit,</strong></span> <span class='ocrx_word' id='word_1_100' title='bbox 1639 1333 1898 1398; x_wconf 66' lang='lat' dir='ltr'><strong>clausit,</strong></span> <span class='ocrx_word' id='word_1_101' title='bbox 1924 1340 1979 1386; x_wconf 91' lang='lat' dir='ltr'><strong>et</strong></span> <span class='ocrx_word' id='word_1_102' title='bbox 2000 1330 2191 1387; x_wconf 59' lang='lat' dir='ltr'><strong>multi-</strong></span> 
     </span>
    </p>
   </div>
   <div class='ocr_carea' id='block_1_15' title="bbox 619 1424 2191 1511">
    <p class='ocr_par' dir='ltr' id='par_1_15' title="bbox 619 1424 2191 1511">
     <span class='ocr_line' id='line_1_15' title="bbox 619 1424 2191 1511; baseline -0.01 -16"><span class='ocrx_word' id='word_1_103' title='bbox 619 1424 865 1511; x_wconf 81' lang='lat' dir='ltr'><strong>plicavit.</strong></span> <span class='ocrx_word' id='word_1_104' title='bbox 905 1436 1020 1491; x_wconf 76' lang='lat' dir='ltr'><strong>lioc</strong></span> <span class='ocrx_word' id='word_1_105' title='bbox 1040 1436 1187 1488; x_wconf 85' lang='lat' dir='ltr'><strong>enim</strong></span> <span class='ocrx_word' id='word_1_106' title='bbox 1211 1430 1373 1485; x_wconf 81' lang='lat' dir='ltr'><strong>modo</strong></span> <span class='ocrx_word' id='word_1_107' title='bbox 1405 1430 1571 1485; x_wconf 87' lang='lat' dir='ltr'><strong>etiam</strong></span> <span class='ocrx_word' id='word_1_108' title='bbox 1598 1426 1803 1481; x_wconf 81' lang='lat' dir='ltr'><strong>Christi</strong></span> <span class='ocrx_word' id='word_1_109' title='bbox 1827 1424 2069 1495; x_wconf 76' lang='lat' dir='ltr'><strong>adjutrix</strong></span> <span class='ocrx_word' id='word_1_110' title='bbox 2103 1425 2191 1480; x_wconf 85' lang='lat' dir='ltr'><strong>di-</strong></span> 
     </span>
    </p>
   </div>
   <div class='ocr_carea' id='block_1_16' title="bbox 618 1517 2193 1593">
    <p class='ocr_par' dir='ltr' id='par_1_16' title="bbox 618 1517 2193 1593">
     <span class='ocr_line' id='line_1_16' title="bbox 618 1517 2193 1593; baseline -0.011 -6"><span class='ocrx_word' id='word_1_111' title='bbox 618 1534 764 1587; x_wconf 67' lang='lat' dir='ltr'><strong>citur</strong></span> <span class='ocrx_word' id='word_1_112' title='bbox 805 1528 1068 1591; x_wconf 80' lang='lat' dir='ltr'><strong>Ecclesia,</strong></span> <span class='ocrx_word' id='word_1_113' title='bbox 1099 1540 1166 1579; x_wconf 88' lang='lat' dir='ltr'><strong>eo</strong></span> <span class='ocrx_word' id='word_1_114' title='bbox 1198 1522 1344 1593; x_wconf 89' lang='lat' dir='ltr'><strong>quod</strong></span> <span class='ocrx_word' id='word_1_115' title='bbox 1406 1522 1521 1592; x_wconf 90' lang='lat' dir='ltr'><strong>ipsa</strong></span> <span class='ocrx_word' id='word_1_116' title='bbox 1553 1529 1676 1590; x_wconf 89' lang='lat' dir='ltr'><strong>post</strong></span> <span class='ocrx_word' id='word_1_117' title='bbox 1701 1521 1820 1589; x_wconf 81' lang='lat' dir='ltr'><strong>ejus</strong></span> <span class='ocrx_word' id='word_1_118' title='bbox 1859 1517 2193 1587; x_wconf 81' lang='lat' dir='ltr'><strong>assumptio—</strong></span> 
     </span>
    </p>
   </div>
   <div class='ocr_carea' id='block_1_17' title="bbox 618 1608 2193 1693">
    <p class='ocr_par' dir='ltr' id='par_1_17' title="bbox 618 1608 2193 1693">
     <span class='ocr_line' id='line_1_17' title="bbox 618 1608 2193 1693; baseline -0.011 -13"><span class='ocrx_word' id='word_1_119' title='bbox 618 1642 745 1680; x_wconf 83' lang='lat' dir='ltr'><strong>nem</strong></span> <span class='ocrx_word' id='word_1_120' title='bbox 776 1626 1098 1693; x_wconf 79' lang='lat' dir='ltr'><strong>generet,et</strong></span> <span class='ocrx_word' id='word_1_121' title='bbox 1118 1618 1329 1677; x_wconf 80' lang='lat' dir='ltr'><strong>doceat,</strong></span> <span class='ocrx_word' id='word_1_122' title='bbox 1355 1623 1412 1669; x_wconf 92' lang='lat' dir='ltr'><strong>et</strong></span> <span class='ocrx_word' id='word_1_123' title='bbox 1440 1613 1735 1676; x_wconf 90' lang='lat' dir='ltr'><strong>illuminet,</strong></span> <span class='ocrx_word' id='word_1_124' title='bbox 1761 1608 2110 1679; x_wconf 59' lang='lat' dir='ltr'><strong>etprmdieet,</strong></span> <span class='ocrx_word' id='word_1_125' title='bbox 2137 1618 2193 1663; x_wconf 89' lang='lat' dir='ltr'><strong>et</strong></span> 
     </span>
    </p>
   </div>
   <div class='ocr_carea' id='block_1_18' title="bbox 618 1708 1449 1783">
    <p class='ocr_par' dir='ltr' id='par_1_18' title="bbox 618 1708 1449 1783">
     <span class='ocr_line' id='line_1_18' title="bbox 618 1708 1449 1783; baseline -0.022 -7"><span class='ocrx_word' id='word_1_126' title='bbox 618 1724 910 1776; x_wconf 81' lang='lat' dir='ltr'><strong>convertat</strong></span> <span class='ocrx_word' id='word_1_127' title='bbox 939 1720 1133 1783; x_wconf 78' lang='lat' dir='ltr'><strong>gentes</strong></span> <span class='ocrx_word' id='word_1_128' title='bbox 1162 1708 1228 1763; x_wconf 88' lang='lat' dir='ltr'><strong>ad</strong></span> <span class='ocrx_word' id='word_1_129' title='bbox 1256 1708 1449 1763; x_wconf 86' lang='lat' dir='ltr'><strong>Deum.</strong></span> 
     </span>
    </p>
   </div>
   <div class='ocr_carea' id='block_1_19' title="bbox 2301 510 3874 592">
    <p class='ocr_par' dir='ltr' id='par_1_19' title="bbox 2301 510 3874 592">
     <span class='ocr_line' id='line_1_19' title="bbox 2301 510 3874 592; baseline 0.008 -30"><span class='ocrx_word' id='word_1_130' title='bbox 2301 524 2368 578; x_wconf 89' lang='lat' dir='ltr'><strong>pe</strong></span> <span class='ocrx_word' id='word_1_131' title='bbox 2396 510 2637 592; x_wconf 79' lang='lat' dir='ltr'><strong>rationis</strong></span> <span class='ocrx_word' id='word_1_132' title='bbox 2670 512 2947 581; x_wconf 84' lang='lat' dir='ltr'><strong>particeps</strong></span> <span class='ocrx_word' id='word_1_133' title='bbox 2991 519 3048 566; x_wconf 90' lang='lat' dir='ltr'><strong>et</strong></span> <span class='ocrx_word' id='word_1_134' title='bbox 3076 512 3411 584; x_wconf 77' lang='lat' dir='ltr'><strong>intelligens,</strong></span> <span class='ocrx_word' id='word_1_135' title='bbox 3448 523 3505 569; x_wconf 88' lang='lat' dir='ltr'><strong>et</strong></span> <span class='ocrx_word' id='word_1_136' title='bbox 3535 514 3642 569; x_wconf 86' lang='lat' dir='ltr'><strong>alia</strong></span> <span class='ocrx_word' id='word_1_137' title='bbox 3680 515 3874 574; x_wconf 82' lang='lat' dir='ltr'><strong>Eccle-</strong></span> 
     </span>
    </p>
   </div>
   <div class='ocr_carea' id='block_1_20' title="bbox 2268 601 3874 675">
    <p class='ocr_par' dir='ltr' id='par_1_20' title="bbox 2268 601 3874 675">
     <span class='ocr_line' id='line_1_20' title="bbox 2268 601 3874 675; baseline 0.006 -21"><span class='ocrx_word' id='word_1_138' title='bbox 2268 634 2271 641; x_wconf 75' lang='grc' dir='ltr'>ι</span> <span class='ocrx_word' id='word_1_139' title='bbox 2302 601 2417 668; x_wconf 77' lang='lat' dir='ltr'><strong>sise,</strong></span> <span class='ocrx_word' id='word_1_140' title='bbox 2448 618 2645 673; x_wconf 89' lang='lat' dir='ltr'><strong>nempe</strong></span> <span class='ocrx_word' id='word_1_141' title='bbox 2681 604 2924 675; x_wconf 81' lang='lat' dir='ltr'><strong>Spiritus</strong></span> <span class='ocrx_word' id='word_1_142' title='bbox 2961 613 3204 660; x_wconf 85' lang='lat' dir='ltr'><strong>sanctus.</strong></span> <span class='ocrx_word' id='word_1_143' title='bbox 3241 603 3399 672; x_wconf 88' lang='lat' dir='ltr'><strong>Quod</strong></span> <span class='ocrx_word' id='word_1_144' title='bbox 3437 613 3629 661; x_wconf 87' lang='lat' dir='ltr'><strong>autem</strong></span> <span class='ocrx_word' id='word_1_145' title='bbox 3686 607 3874 665; x_wconf 86' lang='lat' dir='ltr'><strong>diver-</strong></span> 
     </span>
    </p>
   </div>
   <div class='ocr_carea' id='block_1_21' title="bbox 2300 696 3877 754">
    <p class='ocr_par' dir='ltr' id='par_1_21' title="bbox 2300 696 3877 754">
     <span class='ocr_line' id='line_1_21' title="bbox 2300 696 3877 754; baseline 0.001 -1"><span class='ocrx_word' id='word_1_146' title='bbox 2300 713 2389 753; x_wconf 83' lang='lat' dir='ltr'><strong>sas</strong></span> <span class='ocrx_word' id='word_1_147' title='bbox 2426 711 2621 752; x_wconf 86' lang='lat' dir='ltr'><strong>carnes</strong></span> <span class='ocrx_word' id='word_1_148' title='bbox 2643 697 2884 751; x_wconf 88' lang='lat' dir='ltr'><strong>habeant</strong></span> <span class='ocrx_word' id='word_1_149' title='bbox 2902 696 3006 751; x_wconf 90' lang='lat' dir='ltr'><strong>viri</strong></span> <span class='ocrx_word' id='word_1_150' title='bbox 3031 706 3087 751; x_wconf 90' lang='lat' dir='ltr'><strong>et</strong></span> <span class='ocrx_word' id='word_1_151' title='bbox 3114 697 3375 752; x_wconf 85' lang='lat' dir='ltr'><strong>mulieres</strong></span> <span class='ocrx_word' id='word_1_152' title='bbox 3425 697 3557 754; x_wconf 88' lang='lat' dir='ltr'><strong>audi</strong></span> <span class='ocrx_word' id='word_1_153' title='bbox 3585 699 3762 754; x_wconf 88' lang='lat' dir='ltr'><strong>Deum</strong></span> <span class='ocrx_word' id='word_1_154' title='bbox 3793 699 3877 754; x_wconf 86' lang='lat' dir='ltr'><strong>di-</strong></span> 
     </span>
    </p>
   </div>
   <div class='ocr_carea' id='block_1_22' title="bbox 2300 785 3882 861">
    <p class='ocr_par' dir='ltr' id='par_1_22' title="bbox 2300 785 3882 861">
     <span class='ocr_line' id='line_1_22' title="bbox 2300 785 3882 861; baseline 0.001 -17"><span class='ocrx_word' id='word_1_155' title='bbox 2300 799 2517 844; x_wconf 87' lang='lat' dir='ltr'><strong>centem</strong></span> <span class='ocrx_word' id='word_1_156' title='bbox 2546 807 2557 842; x_wconf 91' lang='lat'><strong>:</strong></span> <span class='ocrx_word' id='word_1_157' title='bbox 2590 789 2708 845; x_wconf 89' lang='lat' dir='ltr'><strong>Non</strong></span> <span class='ocrx_word' id='word_1_158' title='bbox 2735 790 3059 860; x_wconf 75' lang='lat' dir='ltr'><strong>permanebit</strong></span> <span class='ocrx_word' id='word_1_159' title='bbox 3090 790 3311 861; x_wconf 75' lang='lat' dir='ltr'><strong>spiritus</strong></span> <span class='ocrx_word' id='word_1_160' title='bbox 3334 805 3479 845; x_wconf 77' lang='lat' dir='ltr'><strong>meus</strong></span> <span class='ocrx_word' id='word_1_161' title='bbox 3500 792 3557 845; x_wconf 86' lang='lat' dir='ltr'><strong>in</strong></span> <span class='ocrx_word' id='word_1_162' title='bbox 3581 785 3882 847; x_wconf 45' lang='lat' dir='ltr'><strong>hominibu&#39;</strong></span> 
     </span>
    </p>
   </div>
   <div class='ocr_carea' id='block_1_23' title="bbox 2246 880 3875 953">
    <p class='ocr_par' dir='ltr' id='par_1_23' title="bbox 2246 880 3875 953">
     <span class='ocr_line' id='line_1_23' title="bbox 2246 880 3875 953; baseline 0.002 -17"><span class='ocrx_word' id='word_1_163' title='bbox 2246 944 2251 945; x_wconf 19' lang='grc' dir='ltr'>ί</span> <span class='ocrx_word' id='word_1_164' title='bbox 2298 883 2432 950; x_wconf 76' lang='lat' dir='ltr'><strong>istis,</strong></span> <span class='ocrx_word' id='word_1_165' title='bbox 2464 891 2739 952; x_wconf 76' lang='lat' dir='ltr'><strong>propterea</strong></span> <span class='ocrx_word' id='word_1_166' title='bbox 2773 881 2911 953; x_wconf 78' lang='lat' dir='ltr'><strong>quod</strong></span> <span class='ocrx_word' id='word_1_167' title='bbox 2938 883 3044 936; x_wconf 82' lang='lat' dir='ltr'><strong>sint</strong></span> <span class='ocrx_word' id='word_1_168' title='bbox 3069 883 3171 952; x_wconf 72' lang='lat' dir='ltr'><strong>ipsi</strong></span> <span class='ocrx_word' id='word_1_169' title='bbox 3199 898 3385 936; x_wconf 78' lang='lat' dir='ltr'><strong>carnes</strong></span> <span class='ocrx_word' id='word_1_170' title='bbox 3414 880 3483 947; x_wconf 74' lang='lat'><strong>“,</strong></span> <span class='ocrx_word' id='word_1_171' title='bbox 3510 891 3572 937; x_wconf 92' lang='lat' dir='ltr'><strong>ut</strong></span> <span class='ocrx_word' id='word_1_172' title='bbox 3592 883 3691 953; x_wconf 85' lang='lat' dir='ltr'><strong>qui</strong></span> <span class='ocrx_word' id='word_1_173' title='bbox 3718 885 3875 953; x_wconf 72' lang='lat' dir='ltr'><strong>plano</strong></span> 
     </span>
    </p>
   </div>
   <div class='ocr_carea' id='block_1_24' title="bbox 2300 973 3874 1045">
    <p class='ocr_par' dir='ltr' id='par_1_24' title="bbox 2300 973 3874 1045">
     <span class='ocr_line' id='line_1_24' title="bbox 2300 973 3874 1045; baseline 0.001 -17"><span class='ocrx_word' id='word_1_174' title='bbox 2300 974 2577 1029; x_wconf 83' lang='lat' dir='ltr'><strong>insaniant</strong></span> <span class='ocrx_word' id='word_1_175' title='bbox 2603 974 2657 1028; x_wconf 92' lang='lat' dir='ltr'><strong>in</strong></span> <span class='ocrx_word' id='word_1_176' title='bbox 2678 974 2931 1029; x_wconf 82' lang='lat' dir='ltr'><strong>feminas.</strong></span> <span class='ocrx_word' id='word_1_177' title='bbox 2962 974 3030 1029; x_wconf 88' lang='lat' dir='ltr'><strong>Et</strong></span> <span class='ocrx_word' id='word_1_178' title='bbox 3073 989 3269 1029; x_wconf 87' lang='lat' dir='ltr'><strong>rursus</strong></span> <span class='ocrx_word' id='word_1_179' title='bbox 3292 974 3427 1029; x_wconf 89' lang='lat' dir='ltr'><strong>dicit</strong></span> <span class='ocrx_word' id='word_1_180' title='bbox 3454 992 3467 1027; x_wconf 91' lang='lat'>:</span> <span class='ocrx_word' id='word_1_181' title='bbox 3499 973 3789 1045; x_wconf 71' lang='lat' dir='ltr'><strong>Effundam</strong></span> <span class='ocrx_word' id='word_1_182' title='bbox 3814 991 3874 1030; x_wconf 75' lang='lat' dir='ltr'><strong>ea:</strong></span> 
     </span>
    </p>
   </div>
   <div class='ocr_carea' id='block_1_25' title="bbox 2296 1066 3873 1139">
    <p class='ocr_par' dir='ltr' id='par_1_25' title="bbox 2296 1066 3873 1139">
     <span class='ocr_line' id='line_1_25' title="bbox 2296 1066 3873 1139; baseline -0.002 -16"><span class='ocrx_word' id='word_1_183' title='bbox 2296 1070 2487 1139; x_wconf 69' lang='lat' dir='ltr'><strong>spiritu</strong></span> <span class='ocrx_word' id='word_1_184' title='bbox 2510 1084 2625 1122; x_wconf 85' lang='lat' dir='ltr'><strong>meo</strong></span> <span class='ocrx_word' id='word_1_185' title='bbox 2650 1070 2707 1122; x_wconf 80' lang='lat' dir='ltr'><strong>in</strong></span> <span class='ocrx_word' id='word_1_186' title='bbox 2723 1084 2929 1122; x_wconf 84' lang='lat' dir='ltr'><strong>omnem</strong></span> <span class='ocrx_word' id='word_1_187' title='bbox 2946 1084 3160 1122; x_wconf 86' lang='lat' dir='ltr'><strong>carnem</strong></span> <span class='ocrx_word' id='word_1_188' title='bbox 3176 1067 3247 1134; x_wconf 83' lang='grc'><strong>⁸⁸,</strong></span> <span class='ocrx_word' id='word_1_189' title='bbox 3264 1073 3312 1120; x_wconf 86' lang='lat' dir='ltr'><strong>et</strong></span> <span class='ocrx_word' id='word_1_190' title='bbox 3332 1066 3525 1121; x_wconf 78' lang='lat' dir='ltr'><strong>uidebit</strong></span> <span class='ocrx_word' id='word_1_191' title='bbox 3545 1069 3719 1122; x_wconf 74' lang='lat' dir='ltr'><strong>omnis</strong></span> <span class='ocrx_word' id='word_1_192' title='bbox 3748 1085 3873 1122; x_wconf 85' lang='lat' dir='ltr'><strong>caro</strong></span> 
     </span>
    </p>
   </div>
   <div class='ocr_carea' id='block_1_26' title="bbox 2298 1159 3873 1231">
    <p class='ocr_par' dir='ltr' id='par_1_26' title="bbox 2298 1159 3873 1231">
     <span class='ocr_line' id='line_1_26' title="bbox 2298 1159 3873 1231; baseline -0.001 -15"><span class='ocrx_word' id='word_1_193' title='bbox 2298 1161 2538 1216; x_wconf 82' lang='lat' dir='ltr'><strong>salutare</strong></span> <span class='ocrx_word' id='word_1_194' title='bbox 2557 1159 2652 1215; x_wconf 89' lang='lat' dir='ltr'><strong>Dei</strong></span> <span class='ocrx_word' id='word_1_195' title='bbox 2679 1163 2846 1215; x_wconf 78' lang='lat' dir='ltr'><strong>nostri</strong></span> <span class='ocrx_word' id='word_1_196' title='bbox 2868 1161 2934 1214; x_wconf 75' lang='grc'><strong>⁸⁸.</strong></span> <span class='ocrx_word' id='word_1_197' title='bbox 2969 1159 3108 1215; x_wconf 78' lang='lat' dir='ltr'><strong>Audi</strong></span> <span class='ocrx_word' id='word_1_198' title='bbox 3145 1174 3279 1229; x_wconf 80' lang='lat' dir='ltr'><strong>ergo</strong></span> <span class='ocrx_word' id='word_1_199' title='bbox 3309 1159 3542 1213; x_wconf 86' lang='lat' dir='ltr'><strong>Paulum</strong></span> <span class='ocrx_word' id='word_1_200' title='bbox 3571 1160 3746 1215; x_wconf 88' lang='lat' dir='ltr'><strong>civem</strong></span> <span class='ocrx_word' id='word_1_201' title='bbox 3779 1175 3873 1231; x_wconf 80' lang='lat' dir='ltr'><strong>pa-</strong></span> 
     </span>
    </p>
   </div>
   <div class='ocr_carea' id='block_1_27' title="bbox 2294 1246 3875 1321">
    <p class='ocr_par' dir='ltr' id='par_1_27' title="bbox 2294 1246 3875 1321">
     <span class='ocr_line' id='line_1_27' title="bbox 2294 1246 3875 1321; baseline -0.001 -14"><span class='ocrx_word' id='word_1_202' title='bbox 2294 1253 2469 1307; x_wconf 86' lang='lat' dir='ltr'><strong>radisi</strong></span> <span class='ocrx_word' id='word_1_203' title='bbox 2499 1252 2676 1321; x_wconf 84' lang='lat' dir='ltr'><strong>(cujus</strong></span> <span class='ocrx_word' id='word_1_204' title='bbox 2708 1260 2793 1306; x_wconf 81' lang='lat' dir='ltr'><strong>est</strong></span> <span class='ocrx_word' id='word_1_205' title='bbox 2824 1260 3031 1307; x_wconf 72' lang='lat' dir='ltr'><strong>aeterna</strong></span> <span class='ocrx_word' id='word_1_206' title='bbox 3056 1252 3344 1321; x_wconf 87' lang='lat' dir='ltr'><strong>memoria)</strong></span> <span class='ocrx_word' id='word_1_207' title='bbox 3389 1246 3689 1316; x_wconf 82' lang='lat' dir='ltr'><strong>dicentem,</strong></span> <span class='ocrx_word' id='word_1_208' title='bbox 3718 1251 3875 1308; x_wconf 82' lang='lat' dir='ltr'><strong>Chri-</strong></span> 
     </span>
    </p>
   </div>
   <div class='ocr_carea' id='block_1_28' title="bbox 2299 1345 3873 1401">
    <p class='ocr_par' dir='ltr' id='par_1_28' title="bbox 2299 1345 3873 1401">
     <span class='ocr_line' id='line_1_28' title="bbox 2299 1345 3873 1401; baseline -0.002 -1"><span class='ocrx_word' id='word_1_209' title='bbox 2299 1356 2443 1401; x_wconf 85' lang='lat' dir='ltr'><strong>stum</strong></span> <span class='ocrx_word' id='word_1_210' title='bbox 2461 1355 2517 1401; x_wconf 85' lang='lat' dir='ltr'><strong>et</strong></span> <span class='ocrx_word' id='word_1_211' title='bbox 2538 1345 2844 1401; x_wconf 84' lang='lat' dir='ltr'><strong>Ecclesiam</strong></span> <span class='ocrx_word' id='word_1_212' title='bbox 2863 1359 2985 1400; x_wconf 89' lang='lat' dir='ltr'><strong>esse</strong></span> <span class='ocrx_word' id='word_1_213' title='bbox 3006 1347 3062 1398; x_wconf 86' lang='lat' dir='ltr'><strong>in</strong></span> <span class='ocrx_word' id='word_1_214' title='bbox 3080 1360 3295 1399; x_wconf 86' lang='lat' dir='ltr'><strong>carnem</strong></span> <span class='ocrx_word' id='word_1_215' title='bbox 3316 1358 3480 1399; x_wconf 79' lang='lat' dir='ltr'><strong>unum</strong></span> <span class='ocrx_word' id='word_1_216' title='bbox 3506 1346 3550 1377; x_wconf 85' lang='lat'><strong>&#39;&quot;</strong></span> <span class='ocrx_word' id='word_1_217' title='bbox 3571 1356 3663 1400; x_wconf 90' lang='lat' dir='ltr'><strong>:et</strong></span> <span class='ocrx_word' id='word_1_218' title='bbox 3684 1345 3873 1400; x_wconf 84' lang='lat' dir='ltr'><strong>Adami</strong></span> 
     </span>
    </p>
   </div>
   <div class='ocr_carea' id='block_1_29' title="bbox 2296 1434 3875 1507">
    <p class='ocr_par' dir='ltr' id='par_1_29' title="bbox 2296 1434 3875 1507">
     <span class='ocr_line' id='line_1_29' title="bbox 2296 1434 3875 1507; baseline 0 -16"><span class='ocrx_word' id='word_1_219' title='bbox 2296 1445 2353 1491; x_wconf 91' lang='lat' dir='ltr'><strong>ct</strong></span> <span class='ocrx_word' id='word_1_220' title='bbox 2381 1437 2507 1492; x_wconf 68' lang='lat' dir='ltr'><strong>Eva:</strong></span> <span class='ocrx_word' id='word_1_221' title='bbox 2530 1434 2926 1507; x_wconf 80' lang='lat' dir='ltr'><strong>exemplumad</strong></span> <span class='ocrx_word' id='word_1_222' title='bbox 2955 1436 3101 1507; x_wconf 90' lang='lat' dir='ltr'><strong>ipsos</strong></span> <span class='ocrx_word' id='word_1_223' title='bbox 3131 1436 3487 1493; x_wconf 78' lang='lat' dir='ltr'><strong>referentem.</strong></span> <span class='ocrx_word' id='word_1_224' title='bbox 3516 1437 3735 1492; x_wconf 84' lang='lat' dir='ltr'><strong>Dicitur</strong></span> <span class='ocrx_word' id='word_1_225' title='bbox 3774 1454 3875 1492; x_wconf 87' lang='lat' dir='ltr'><strong>au-</strong></span> 
     </span>
    </p>
   </div>
   <div class='ocr_carea' id='block_1_30' title="bbox 2298 1520 3874 1597">
    <p class='ocr_par' dir='ltr' id='par_1_30' title="bbox 2298 1520 3874 1597">
     <span class='ocr_line' id='line_1_30' title="bbox 2298 1520 3874 1597; baseline -0.001 -15"><span class='ocrx_word' id='word_1_226' title='bbox 2298 1537 2409 1584; x_wconf 83' lang='lat' dir='ltr'><strong>tem</strong></span> <span class='ocrx_word' id='word_1_227' title='bbox 2443 1528 2609 1583; x_wconf 88' lang='lat' dir='ltr'><strong>etiam</strong></span> <span class='ocrx_word' id='word_1_228' title='bbox 2656 1520 2819 1582; x_wconf 77' lang='lat' dir='ltr'><strong>aliter</strong></span> <span class='ocrx_word' id='word_1_229' title='bbox 2869 1528 2915 1582; x_wconf 93' lang='lat' dir='ltr'><strong>si</strong></span> <span class='ocrx_word' id='word_1_230' title='bbox 2977 1528 3081 1591; x_wconf 89' lang='lat' dir='ltr'><strong>vis,</strong></span> <span class='ocrx_word' id='word_1_231' title='bbox 3140 1527 3273 1592; x_wconf 86' lang='lat' dir='ltr'><strong>Eva,</strong></span> <span class='ocrx_word' id='word_1_232' title='bbox 3331 1527 3443 1582; x_wconf 74' lang='lat' dir='ltr'><strong>vita</strong></span> <span class='ocrx_word' id='word_1_233' title='bbox 3484 1528 3550 1582; x_wconf 89' lang='lat' dir='ltr'><strong>ad</strong></span> <span class='ocrx_word' id='word_1_234' title='bbox 3582 1527 3874 1597; x_wconf 81' lang='lat' dir='ltr'><strong>imaginem</strong></span> 
     </span>
    </p>
   </div>
   <div class='ocr_carea' id='block_1_31' title="bbox 2298 1618 3873 1692">
    <p class='ocr_par' dir='ltr' id='par_1_31' title="bbox 2298 1618 3873 1692">
     <span class='ocr_line' id='line_1_31' title="bbox 2298 1618 3873 1692; baseline -0.002 -16"><span class='ocrx_word' id='word_1_235' title='bbox 2298 1623 2495 1677; x_wconf 66' lang='lat' dir='ltr'><strong>anima:</strong></span> <span class='ocrx_word' id='word_1_236' title='bbox 2517 1619 2869 1675; x_wconf 83' lang='lat' dir='ltr'><strong>viviﬁcantis.</strong></span> <span class='ocrx_word' id='word_1_237' title='bbox 2900 1618 3026 1675; x_wconf 58' lang='lat' dir='ltr'><strong>Haec</strong></span> <span class='ocrx_word' id='word_1_238' title='bbox 3047 1635 3179 1692; x_wconf 79' lang='lat' dir='ltr'><strong>ergo</strong></span> <span class='ocrx_word' id='word_1_239' title='bbox 3204 1619 3317 1673; x_wconf 91' lang='lat' dir='ltr'><strong>duo</strong></span> <span class='ocrx_word' id='word_1_240' title='bbox 3349 1623 3593 1689; x_wconf 86' lang='lat' dir='ltr'><strong>(corpus,</strong></span> <span class='ocrx_word' id='word_1_241' title='bbox 3630 1620 3873 1691; x_wconf 83' lang='lat' dir='ltr'><strong>inquam,</strong></span> 
     </span>
    </p>
   </div>
   <div class='ocr_carea' id='block_1_32' title="bbox 2296 1711 3873 1785">
    <p class='ocr_par' dir='ltr' id='par_1_32' title="bbox 2296 1711 3873 1785">
     <span class='ocr_line' id='line_1_32' title="bbox 2296 1711 3873 1785; baseline -0.003 -16"><span class='ocrx_word' id='word_1_242' title='bbox 2296 1724 2355 1769; x_wconf 88' lang='lat' dir='ltr'><strong>et</strong></span> <span class='ocrx_word' id='word_1_243' title='bbox 2390 1713 2589 1785; x_wconf 85' lang='lat' dir='ltr'><strong>anima)</strong></span> <span class='ocrx_word' id='word_1_244' title='bbox 2615 1712 2752 1766; x_wconf 73' lang='lat' dir='ltr'><strong>fiunt</strong></span> <span class='ocrx_word' id='word_1_245' title='bbox 2778 1720 2919 1767; x_wconf 84' lang='lat' dir='ltr'><strong>unus</strong></span> <span class='ocrx_word' id='word_1_246' title='bbox 2951 1712 3139 1777; x_wconf 89' lang='lat' dir='ltr'><strong>homo,</strong></span> <span class='ocrx_word' id='word_1_247' title='bbox 3186 1720 3243 1767; x_wconf 91' lang='lat' dir='ltr'><strong>et</strong></span> <span class='ocrx_word' id='word_1_248' title='bbox 3272 1712 3352 1767; x_wconf 77' lang='lat' dir='ltr'><strong>Sic</strong></span> <span class='ocrx_word' id='word_1_249' title='bbox 3377 1712 3620 1782; x_wconf 85' lang='lat' dir='ltr'><strong>perfecte</strong></span> <span class='ocrx_word' id='word_1_250' title='bbox 3684 1711 3873 1783; x_wconf 85' lang='lat' dir='ltr'><strong>imple-</strong></span> 
     </span>
    </p>
   </div>
   <div class='ocr_carea' id='block_1_33' title="bbox 622 1793 3875 1875">
    <p class='ocr_par' dir='ltr' id='par_1_33' title="bbox 622 1793 3875 1875">
     <span class='ocr_line' id='line_1_33' title="bbox 622 1793 3875 1875; baseline -0.004 -6"><span class='ocrx_word' id='word_1_251' title='bbox 622 1858 627 1869; x_wconf 88' lang='lat'><strong>.</strong></span> <span class='ocrx_word' id='word_1_252' title='bbox 691 1809 907 1866; x_wconf 81' lang='lat' dir='ltr'><strong>Etenim</strong></span> <span class='ocrx_word' id='word_1_253' title='bbox 940 1803 1202 1875; x_wconf 85' lang='lat' dir='ltr'><strong>quoniam</strong></span> <span class='ocrx_word' id='word_1_254' title='bbox 1235 1801 1388 1871; x_wconf 86' lang='lat' dir='ltr'><strong>prior</strong></span> <span class='ocrx_word' id='word_1_255' title='bbox 1437 1799 1720 1868; x_wconf 77' lang='lat' dir='ltr'><strong>Syuagoga</strong></span> <span class='ocrx_word' id='word_1_256' title='bbox 1751 1796 1856 1850; x_wconf 83' lang='lat' dir='ltr'><strong>fuit</strong></span> <span class='ocrx_word' id='word_1_257' title='bbox 1920 1794 2192 1859; x_wconf 66' lang='lat' dir='ltr'><strong>adultera.</strong></span> <span class='ocrx_word' id='word_1_258' title='bbox 2226 1793 2269 1849; x_wconf 82' lang='grc' dir='ltr'><strong>Β</strong></span> <span class='ocrx_word' id='word_1_259' title='bbox 2297 1812 2390 1859; x_wconf 89' lang='lat' dir='ltr'><strong>tur</strong></span> <span class='ocrx_word' id='word_1_260' title='bbox 2416 1804 2548 1859; x_wconf 92' lang='lat' dir='ltr'><strong>illud</strong></span> <span class='ocrx_word' id='word_1_261' title='bbox 2577 1804 2784 1858; x_wconf 81' lang='lat' dir='ltr'><strong>:Erunt</strong></span> <span class='ocrx_word' id='word_1_262' title='bbox 2804 1803 2906 1857; x_wconf 78' lang='lat' dir='ltr'><strong>duo</strong></span> <span class='ocrx_word' id='word_1_263' title='bbox 2930 1804 2985 1857; x_wconf 87' lang='lat' dir='ltr'><strong>in</strong></span> <span class='ocrx_word' id='word_1_264' title='bbox 3006 1806 3179 1857; x_wconf 62' lang='lat' dir='ltr'><strong>&#39;unam</strong></span> <span class='ocrx_word' id='word_1_265' title='bbox 3206 1819 3458 1869; x_wconf 88' lang='lat' dir='ltr'><strong>carnem;</strong></span> <span class='ocrx_word' id='word_1_266' title='bbox 3494 1815 3581 1859; x_wconf 84' lang='lat' dir='ltr'><strong>est</strong></span> <span class='ocrx_word' id='word_1_267' title='bbox 3611 1803 3760 1859; x_wconf 66' lang='lat' dir='ltr'><strong>etaim</strong></span> <span class='ocrx_word' id='word_1_268' title='bbox 3812 1819 3875 1857; x_wconf 76' lang='lat' dir='ltr'><strong>ex</strong></span> 
     </span>
    </p>
   </div>
   <div class='ocr_carea' id='block_1_34' title="bbox 618 1886 2195 1975">
    <p class='ocr_par' dir='ltr' id='par_1_34' title="bbox 618 1886 2195 1975">
     <span class='ocr_line' id='line_1_34' title="bbox 618 1886 2195 1975; baseline -0.013 -14"><span class='ocrx_word' id='word_1_269' title='bbox 618 1915 675 1963; x_wconf 78' lang='lat' dir='ltr'><strong>ct</strong></span> <span class='ocrx_word' id='word_1_270' title='bbox 701 1902 877 1975; x_wconf 87' lang='lat' dir='ltr'><strong>ipsius</strong></span> <span class='ocrx_word' id='word_1_271' title='bbox 905 1899 1004 1955; x_wconf 81' lang='lat' dir='ltr'><strong>filii</strong></span> <span class='ocrx_word' id='word_1_272' title='bbox 1045 1911 1186 1967; x_wconf 89' lang='lat' dir='ltr'><strong>quos</strong></span> <span class='ocrx_word' id='word_1_273' title='bbox 1220 1895 1366 1949; x_wconf 91' lang='lat' dir='ltr'><strong>Dcus</strong></span> <span class='ocrx_word' id='word_1_274' title='bbox 1394 1891 1589 1962; x_wconf 75' lang='lat' dir='ltr'><strong>genuit</strong></span> <span class='ocrx_word' id='word_1_275' title='bbox 1615 1897 1670 1945; x_wconf 88' lang='lat' dir='ltr'><strong>et</strong></span> <span class='ocrx_word' id='word_1_276' title='bbox 1706 1890 1762 1943; x_wconf 92' lang='lat' dir='ltr'><strong>in</strong></span> <span class='ocrx_word' id='word_1_277' title='bbox 1790 1888 1963 1943; x_wconf 88' lang='lat' dir='ltr'><strong>altum</strong></span> <span class='ocrx_word' id='word_1_278' title='bbox 1995 1886 2195 1941; x_wconf 79' lang='lat' dir='ltr'><strong>extulit</strong></span> 
     </span>
    </p>
   </div>
   <div class='ocr_carea' id='block_1_35' title="bbox 618 1979 2196 2064">
    <p class='ocr_par' dir='ltr' id='par_1_35' title="bbox 618 1979 2196 2064">
     <span class='ocr_line' id='line_1_35' title="bbox 618 1979 2196 2064; baseline -0.013 -12"><span class='ocrx_word' id='word_1_279' title='bbox 618 2012 745 2052; x_wconf 86' lang='lat' dir='ltr'><strong>cum</strong></span> <span class='ocrx_word' id='word_1_280' title='bbox 799 1996 1184 2064; x_wconf 78' lang='lat' dir='ltr'><strong>spreverunt:</strong></span> <span class='ocrx_word' id='word_1_281' title='bbox 1228 1993 1453 2056; x_wconf 89' lang='lat' dir='ltr'><strong>propter</strong></span> <span class='ocrx_word' id='word_1_282' title='bbox 1502 1983 1650 2037; x_wconf 88' lang='lat' dir='ltr'><strong>hunc</strong></span> <span class='ocrx_word' id='word_1_283' title='bbox 1702 1992 1906 2045; x_wconf 88' lang='lat' dir='ltr'><strong>actum,</strong></span> <span class='ocrx_word' id='word_1_284' title='bbox 1956 1979 2196 2049; x_wconf 63' lang='lat' dir='ltr'><strong>reliquit</strong></span> 
     </span>
    </p>
   </div>
   <div class='ocr_carea' id='block_1_36' title="bbox 619 2070 2191 2154">
    <p class='ocr_par' dir='ltr' id='par_1_36' title="bbox 619 2070 2191 2154">
     <span class='ocr_line' id='line_1_36' title="bbox 619 2070 2191 2154; baseline -0.015 -9"><span class='ocrx_word' id='word_1_285' title='bbox 619 2087 875 2145; x_wconf 78' lang='lat' dir='ltr'><strong>Christus</strong></span> <span class='ocrx_word' id='word_1_286' title='bbox 898 2091 1114 2154; x_wconf 86' lang='lat' dir='ltr'><strong>patrem</strong></span> <span class='ocrx_word' id='word_1_287' title='bbox 1131 2094 1316 2142; x_wconf 90' lang='lat' dir='ltr'><strong>suum,</strong></span> <span class='ocrx_word' id='word_1_288' title='bbox 1345 2090 1544 2144; x_wconf 84' lang='lat' dir='ltr'><strong>nempe</strong></span> <span class='ocrx_word' id='word_1_289' title='bbox 1564 2073 1824 2143; x_wconf 80' lang='lat' dir='ltr'><strong>papulum</strong></span> <span class='ocrx_word' id='word_1_290' title='bbox 1851 2070 2191 2136; x_wconf 67' lang='lat' dir='ltr'><strong>Judaaorum,</strong></span> 
     </span>
    </p>
   </div>
   <div class='ocr_carea' id='block_1_37' title="bbox 619 2162 2195 2243">
    <p class='ocr_par' dir='ltr' id='par_1_37' title="bbox 619 2162 2195 2243">
     <span class='ocr_line' id='line_1_37' title="bbox 619 2162 2195 2243; baseline -0.011 -7"><span class='ocrx_word' id='word_1_291' title='bbox 619 2191 671 2235; x_wconf 76' lang='lat' dir='ltr'><strong>et</strong></span> <span class='ocrx_word' id='word_1_292' title='bbox 700 2190 931 2235; x_wconf 87' lang='lat' dir='ltr'><strong>matrem</strong></span> <span class='ocrx_word' id='word_1_293' title='bbox 958 2188 1115 2231; x_wconf 88' lang='lat' dir='ltr'><strong>suam</strong></span> <span class='ocrx_word' id='word_1_294' title='bbox 1141 2171 1503 2243; x_wconf 76' lang='lat' dir='ltr'><strong>Synagogam,</strong></span> <span class='ocrx_word' id='word_1_295' title='bbox 1548 2175 1604 2220; x_wconf 88' lang='lat' dir='ltr'><strong>et</strong></span> <span class='ocrx_word' id='word_1_296' title='bbox 1634 2165 1865 2221; x_wconf 63' lang='lat' dir='ltr'><strong>adhesit</strong></span> <span class='ocrx_word' id='word_1_297' title='bbox 1892 2162 2048 2217; x_wconf 77' lang='lat' dir='ltr'><strong>uxori</strong></span> <span class='ocrx_word' id='word_1_298' title='bbox 2082 2178 2195 2218; x_wconf 63' lang='lat' dir='ltr'><strong>sua</strong></span> 
     </span>
    </p>
   </div>
   <div class='ocr_carea' id='block_1_38' title="bbox 622 2255 2195 2341">
    <p class='ocr_par' dir='ltr' id='par_1_38' title="bbox 622 2255 2195 2341">
     <span class='ocr_line' id='line_1_38' title="bbox 622 2255 2195 2341; baseline -0.012 -14"><span class='ocrx_word' id='word_1_299' title='bbox 622 2288 786 2341; x_wconf 74' lang='lat' dir='ltr'><strong>quam</strong></span> <span class='ocrx_word' id='word_1_300' title='bbox 810 2268 1048 2338; x_wconf 82' lang='lat' dir='ltr'><strong>sumpsit</strong></span> <span class='ocrx_word' id='word_1_301' title='bbox 1078 2281 1147 2320; x_wconf 75' lang='lat' dir='ltr'><strong>ex</strong></span> <span class='ocrx_word' id='word_1_302' title='bbox 1176 2262 1454 2335; x_wconf 78' lang='lat' dir='ltr'><strong>gentibus,</strong></span> <span class='ocrx_word' id='word_1_303' title='bbox 1493 2268 1549 2314; x_wconf 87' lang='lat' dir='ltr'><strong>et</strong></span> <span class='ocrx_word' id='word_1_304' title='bbox 1576 2258 1799 2313; x_wconf 85' lang='lat' dir='ltr'><strong>fuerunt</strong></span> <span class='ocrx_word' id='word_1_305' title='bbox 1840 2255 1952 2311; x_wconf 89' lang='lat' dir='ltr'><strong>duo</strong></span> <span class='ocrx_word' id='word_1_306' title='bbox 1988 2256 2045 2309; x_wconf 92' lang='lat' dir='ltr'><strong>in</strong></span> <span class='ocrx_word' id='word_1_307' title='bbox 2071 2269 2195 2309; x_wconf 88' lang='lat' dir='ltr'><strong>car-</strong></span> 
     </span>
    </p>
   </div>
   <div class='ocr_carea' id='block_1_39' title="bbox 623 2351 2195 2425">
    <p class='ocr_par' dir='ltr' id='par_1_39' title="bbox 623 2351 2195 2425">
     <span class='ocr_line' id='line_1_39' title="bbox 623 2351 2195 2425; baseline -0.011 -6"><span class='ocrx_word' id='word_1_308' title='bbox 623 2383 747 2419; x_wconf 69' lang='lat' dir='ltr'><strong>nem</strong></span> <span class='ocrx_word' id='word_1_309' title='bbox 785 2378 950 2418; x_wconf 87' lang='lat' dir='ltr'><strong>unam</strong></span> <span class='ocrx_word' id='word_1_310' title='bbox 986 2358 1167 2413; x_wconf 70' lang='lat' dir='ltr'><strong>unius</strong></span> <span class='ocrx_word' id='word_1_311' title='bbox 1198 2353 1408 2425; x_wconf 85' lang='lat' dir='ltr'><strong>populi.</strong></span> <span class='ocrx_word' id='word_1_312' title='bbox 1440 2352 1750 2423; x_wconf 70' lang='lat' dir='ltr'><strong>Hysterium</strong></span> <span class='ocrx_word' id='word_1_313' title='bbox 1791 2351 1884 2403; x_wconf 80' lang='lat' dir='ltr'><strong>hoc</strong></span> <span class='ocrx_word' id='word_1_314' title='bbox 1942 2365 2195 2419; x_wconf 76' lang='lat' dir='ltr'><strong>magnum</strong></span> 
     </span>
    </p>
   </div>
   <div class='ocr_carea' id='block_1_40' title="bbox 623 2439 2199 2526">
    <p class='ocr_par' dir='ltr' id='par_1_40' title="bbox 623 2439 2199 2526">
     <span class='ocr_line' id='line_1_40' title="bbox 623 2439 2199 2526; baseline -0.011 -16"><span class='ocrx_word' id='word_1_315' title='bbox 623 2466 697 2512; x_wconf 80' lang='lat' dir='ltr'><strong>est</strong></span> <span class='ocrx_word' id='word_1_316' title='bbox 727 2456 840 2526; x_wconf 86' lang='lat' dir='ltr'><strong>(ego</strong></span> <span class='ocrx_word' id='word_1_317' title='bbox 871 2451 1077 2507; x_wconf 84' lang='lat' dir='ltr'><strong>Paulus</strong></span> <span class='ocrx_word' id='word_1_318' title='bbox 1105 2448 1241 2519; x_wconf 77' lang='lat' dir='ltr'><strong>dico)</strong></span> <span class='ocrx_word' id='word_1_319' title='bbox 1284 2449 1339 2500; x_wconf 85' lang='lat' dir='ltr'><strong>in</strong></span> <span class='ocrx_word' id='word_1_320' title='bbox 1368 2444 1574 2501; x_wconf 75' lang='lat' dir='ltr'><strong>Christo</strong></span> <span class='ocrx_word' id='word_1_321' title='bbox 1602 2452 1649 2496; x_wconf 87' lang='lat' dir='ltr'><strong>et</strong></span> <span class='ocrx_word' id='word_1_322' title='bbox 1682 2440 1919 2497; x_wconf 75' lang='lat' dir='ltr'><strong>Ecclesia</strong></span> <span class='ocrx_word' id='word_1_323' title='bbox 1938 2441 1986 2473; x_wconf 86' lang='grc'><strong>⁸³</strong></span> <span class='ocrx_word' id='word_1_324' title='bbox 2021 2458 2038 2494; x_wconf 92' lang='lat'><strong><em>:</em></strong></span> <span class='ocrx_word' id='word_1_325' title='bbox 2081 2439 2199 2493; x_wconf 68' lang='lat' dir='ltr'><strong>haec</strong></span> 
     </span>
    </p>
   </div>
   <div class='ocr_carea' id='block_1_41' title="bbox 624 2530 2198 2614">
    <p class='ocr_par' dir='ltr' id='par_1_41' title="bbox 624 2530 2198 2614">
     <span class='ocr_line' id='line_1_41' title="bbox 624 2530 2198 2614; baseline -0.011 -13"><span class='ocrx_word' id='word_1_326' title='bbox 624 2550 850 2601; x_wconf 83' lang='lat' dir='ltr'><strong>fuerunt</strong></span> <span class='ocrx_word' id='word_1_327' title='bbox 877 2542 1222 2614; x_wconf 65' lang='lat' dir='ltr'><strong>praeﬁgurata</strong></span> <span class='ocrx_word' id='word_1_328' title='bbox 1250 2545 1310 2593; x_wconf 87' lang='lat' dir='ltr'><strong>et</strong></span> <span class='ocrx_word' id='word_1_329' title='bbox 1355 2530 1518 2608; x_wconf 70' lang='lat' dir='ltr'><strong>&#39;prius</strong></span> <span class='ocrx_word' id='word_1_330' title='bbox 1548 2535 1846 2604; x_wconf 83' lang='lat' dir='ltr'><strong>descripta.</strong></span> <span class='ocrx_word' id='word_1_331' title='bbox 1889 2530 2149 2598; x_wconf 56' lang='lat' dir='ltr'><strong>Quanam</strong></span> <span class='ocrx_word' id='word_1_332' title='bbox 2173 2531 2198 2582; x_wconf 68' lang='grc' dir='ltr'><em>ἲ</em></span> 
     </span>
    </p>
   </div>
   <div class='ocr_carea' id='block_1_42' title="bbox 625 2616 2198 2699">
    <p class='ocr_par' dir='ltr' id='par_1_42' title="bbox 625 2616 2198 2699">
     <span class='ocr_line' id='line_1_42' title="bbox 625 2616 2198 2699; baseline -0.01 -11"><span class='ocrx_word' id='word_1_333' title='bbox 625 2637 703 2689; x_wconf 64' lang='lat' dir='ltr'><strong>lia</strong></span> <span class='ocrx_word' id='word_1_334' title='bbox 724 2633 934 2689; x_wconf 88' lang='lat' dir='ltr'><strong>scilicet</strong></span> <span class='ocrx_word' id='word_1_335' title='bbox 961 2645 1085 2699; x_wconf 82' lang='lat' dir='ltr'><strong>quae</strong></span> <span class='ocrx_word' id='word_1_336' title='bbox 1107 2616 1312 2697; x_wconf 70' lang='lat' dir='ltr'><strong>sciipta</strong></span> <span class='ocrx_word' id='word_1_337' title='bbox 1332 2635 1463 2681; x_wconf 90' lang='lat' dir='ltr'><strong>sunt</strong></span> <span class='ocrx_word' id='word_1_338' title='bbox 1485 2624 1554 2680; x_wconf 89' lang='lat' dir='ltr'><strong>de</strong></span> <span class='ocrx_word' id='word_1_339' title='bbox 1573 2624 1782 2679; x_wconf 82' lang='lat' dir='ltr'><strong>Adamo</strong></span> <span class='ocrx_word' id='word_1_340' title='bbox 1806 2632 1862 2677; x_wconf 89' lang='lat' dir='ltr'><strong>et</strong></span> <span class='ocrx_word' id='word_1_341' title='bbox 1890 2622 2001 2677; x_wconf 90' lang='lat' dir='ltr'><strong>Eva</strong></span> <span class='ocrx_word' id='word_1_342' title='bbox 2033 2622 2198 2692; x_wconf 87' lang='lat' dir='ltr'><strong>:.ejus</strong></span> 
     </span>
    </p>
   </div>
   <div class='ocr_carea' id='block_1_43' title="bbox 626 2713 2199 2786">
    <p class='ocr_par' dir='ltr' id='par_1_43' title="bbox 626 2713 2199 2786">
     <span class='ocr_line' id='line_1_43' title="bbox 626 2713 2199 2786; baseline -0.008 -9"><span class='ocrx_word' id='word_1_343' title='bbox 626 2725 831 2780; x_wconf 56' lang='lat' dir='ltr'><strong>scilicet</strong></span> <span class='ocrx_word' id='word_1_344' title='bbox 861 2721 1032 2786; x_wconf 81' lang='lat' dir='ltr'><strong>ﬁctio,</strong></span> <span class='ocrx_word' id='word_1_345' title='bbox 1054 2720 1108 2774; x_wconf 88' lang='lat' dir='ltr'><strong>in</strong></span> <span class='ocrx_word' id='word_1_346' title='bbox 1132 2734 1255 2773; x_wconf 88' lang='lat' dir='ltr'><strong>eam</strong></span> <span class='ocrx_word' id='word_1_347' title='bbox 1299 2716 1618 2782; x_wconf 81' lang='lat' dir='ltr'><strong>insumatio,</strong></span> <span class='ocrx_word' id='word_1_348' title='bbox 1667 2716 1918 2785; x_wconf 88' lang='lat' dir='ltr'><strong>positura</strong></span> <span class='ocrx_word' id='word_1_349' title='bbox 1944 2713 2001 2767; x_wconf 91' lang='lat' dir='ltr'><strong>in</strong></span> <span class='ocrx_word' id='word_1_350' title='bbox 2034 2726 2199 2782; x_wconf 84' lang='lat' dir='ltr'><strong>para-</strong></span> 
     </span>
    </p>
   </div>
   <div class='ocr_carea' id='block_1_44' title="bbox 626 2806 2199 2885">
    <p class='ocr_par' dir='ltr' id='par_1_44' title="bbox 626 2806 2199 2885">
     <span class='ocr_line' id='line_1_44' title="bbox 626 2806 2199 2885; baseline -0.011 -12"><span class='ocrx_word' id='word_1_351' title='bbox 626 2820 750 2874; x_wconf 85' lang='lat' dir='ltr'><strong>diso</strong></span> <span class='ocrx_word' id='word_1_352' title='bbox 786 2816 852 2872; x_wconf 86' lang='lat' dir='ltr'><strong>ad</strong></span> <span class='ocrx_word' id='word_1_353' title='bbox 885 2812 1227 2885; x_wconf 87' lang='lat' dir='ltr'><strong>operandum</strong></span> <span class='ocrx_word' id='word_1_354' title='bbox 1276 2820 1333 2864; x_wconf 90' lang='lat' dir='ltr'><strong>et</strong></span> <span class='ocrx_word' id='word_1_355' title='bbox 1387 2806 1814 2864; x_wconf 89' lang='lat' dir='ltr'><strong>custodiendum</strong></span> <span class='ocrx_word' id='word_1_356' title='bbox 1866 2812 2199 2875; x_wconf 63' lang='lat' dir='ltr'><strong>praeceptum</strong></span> 
     </span>
    </p>
   </div>
   <div class='ocr_carea' id='block_1_45' title="bbox 626 2892 2199 2969">
    <p class='ocr_par' dir='ltr' id='par_1_45' title="bbox 626 2892 2199 2969">
     <span class='ocr_line' id='line_1_45' title="bbox 626 2892 2199 2969; baseline -0.011 -5"><span class='ocrx_word' id='word_1_357' title='bbox 626 2910 693 2964; x_wconf 88' lang='lat' dir='ltr'><strong>de</strong></span> <span class='ocrx_word' id='word_1_358' title='bbox 719 2906 1052 2963; x_wconf 85' lang='lat' dir='ltr'><strong>animalibus</strong></span> <span class='ocrx_word' id='word_1_359' title='bbox 1081 2904 1272 2959; x_wconf 87' lang='lat' dir='ltr'><strong>datum</strong></span> <span class='ocrx_word' id='word_1_360' title='bbox 1294 2899 1527 2963; x_wconf 83' lang='lat' dir='ltr'><strong>Adamo,</strong></span> <span class='ocrx_word' id='word_1_361' title='bbox 1559 2899 1840 2969; x_wconf 75' lang='lat' dir='ltr'><strong>ingressus</strong></span> <span class='ocrx_word' id='word_1_362' title='bbox 1864 2896 1922 2949; x_wconf 88' lang='lat' dir='ltr'><strong>in</strong></span> <span class='ocrx_word' id='word_1_363' title='bbox 1974 2892 2199 2964; x_wconf 82' lang='lat' dir='ltr'><strong>paradi-</strong></span> 
     </span>
    </p>
   </div>
   <div class='ocr_carea' id='block_1_46' title="bbox 627 2984 2203 3067">
    <p class='ocr_par' dir='ltr' id='par_1_46' title="bbox 627 2984 2203 3067">
     <span class='ocr_line' id='line_1_46' title="bbox 627 2984 2203 3067; baseline -0.012 -10"><span class='ocrx_word' id='word_1_364' title='bbox 627 3019 772 3067; x_wconf 68' lang='lat' dir='ltr'><strong>sinu,</strong></span> <span class='ocrx_word' id='word_1_365' title='bbox 803 3013 1050 3064; x_wconf 85' lang='lat' dir='ltr'><strong>somnus,</strong></span> <span class='ocrx_word' id='word_1_366' title='bbox 1083 2995 1337 3058; x_wconf 79' lang='lat' dir='ltr'><strong>exstasis,</strong></span> <span class='ocrx_word' id='word_1_367' title='bbox 1369 3003 1521 3047; x_wconf 89' lang='lat' dir='ltr'><strong>costa</strong></span> <span class='ocrx_word' id='word_1_368' title='bbox 1540 2988 1831 3053; x_wconf 67' lang='lat' dir='ltr'><strong>aedificata,</strong></span> <span class='ocrx_word' id='word_1_369' title='bbox 1854 2987 1977 3058; x_wconf 87' lang='lat' dir='ltr'><strong>ejus</strong></span> <span class='ocrx_word' id='word_1_370' title='bbox 2024 2984 2203 3040; x_wconf 85' lang='lat' dir='ltr'><strong>addu-</strong></span> 
     </span>
    </p>
   </div>
   <div class='ocr_carea' id='block_1_47' title="bbox 627 3079 2193 3162">
    <p class='ocr_par' dir='ltr' id='par_1_47' title="bbox 627 3079 2193 3162">
     <span class='ocr_line' id='line_1_47' title="bbox 627 3079 2193 3162; baseline -0.014 -7"><span class='ocrx_word' id='word_1_371' title='bbox 627 3099 761 3162; x_wconf 80' lang='lat' dir='ltr'><strong>ctio,</strong></span> <span class='ocrx_word' id='word_1_372' title='bbox 795 3104 853 3151; x_wconf 92' lang='lat' dir='ltr'><strong>ct</strong></span> <span class='ocrx_word' id='word_1_373' title='bbox 893 3102 1047 3149; x_wconf 90' lang='lat' dir='ltr'><strong>tanto</strong></span> <span class='ocrx_word' id='word_1_374' title='bbox 1080 3088 1254 3160; x_wconf 77' lang='lat' dir='ltr'><strong>magis</strong></span> <span class='ocrx_word' id='word_1_375' title='bbox 1279 3102 1426 3142; x_wconf 89' lang='lat' dir='ltr'><strong>caro.</strong></span> <span class='ocrx_word' id='word_1_376' title='bbox 1457 3087 1690 3155; x_wconf 84' lang='lat' dir='ltr'><strong>Propter</strong></span> <span class='ocrx_word' id='word_1_377' title='bbox 1718 3097 1842 3153; x_wconf 74' lang='lat' dir='ltr'><strong>qua:</strong></span> <span class='ocrx_word' id='word_1_378' title='bbox 1888 3081 2056 3136; x_wconf 84' lang='lat' dir='ltr'><strong>etiam</strong></span> <span class='ocrx_word' id='word_1_379' title='bbox 2106 3079 2193 3135; x_wconf 88' lang='lat' dir='ltr'><strong>di-</strong></span> 
     </span>
    </p>
   </div>
   <div class='ocr_carea' id='block_1_48' title="bbox 627 3177 2195 3254">
    <p class='ocr_par' dir='ltr' id='par_1_48' title="bbox 627 3177 2195 3254">
     <span class='ocr_line' id='line_1_48' title="bbox 627 3177 2195 3254; baseline -0.013 -10"><span class='ocrx_word' id='word_1_380' title='bbox 627 3199 777 3245; x_wconf 78' lang='lat' dir='ltr'><strong>ctum</strong></span> <span class='ocrx_word' id='word_1_381' title='bbox 800 3196 881 3241; x_wconf 90' lang='lat' dir='ltr'><strong>est</strong></span> <span class='ocrx_word' id='word_1_382' title='bbox 915 3205 924 3238; x_wconf 90' lang='lat'><strong>:</strong></span> <span class='ocrx_word' id='word_1_383' title='bbox 958 3183 1181 3254; x_wconf 86' lang='lat' dir='ltr'><strong>Pr0pter</strong></span> <span class='ocrx_word' id='word_1_384' title='bbox 1202 3182 1295 3235; x_wconf 84' lang='lat' dir='ltr'><strong>hoc</strong></span> <span class='ocrx_word' id='word_1_385' title='bbox 1315 3178 1570 3248; x_wconf 82' lang='lat' dir='ltr'><strong>relinquet</strong></span> <span class='ocrx_word' id='word_1_386' title='bbox 1602 3177 1754 3230; x_wconf 80' lang='lat' dir='ltr'><strong>homo</strong></span> <span class='ocrx_word' id='word_1_387' title='bbox 1776 3181 1982 3246; x_wconf 86' lang='lat' dir='ltr'><strong>patrem</strong></span> <span class='ocrx_word' id='word_1_388' title='bbox 1999 3180 2050 3227; x_wconf 85' lang='lat' dir='ltr'><strong>et</strong></span> <span class='ocrx_word' id='word_1_389' title='bbox 2076 3189 2195 3226; x_wconf 86' lang='lat' dir='ltr'><strong>ma-</strong></span> 
     </span>
    </p>
   </div>
   <div class='ocr_carea' id='block_1_49' title="bbox 630 3269 2203 3349">
    <p class='ocr_par' dir='ltr' id='par_1_49' title="bbox 630 3269 2203 3349">
     <span class='ocr_line' id='line_1_49' title="bbox 630 3269 2203 3349; baseline -0.011 -14"><span class='ocrx_word' id='word_1_390' title='bbox 630 3297 761 3335; x_wconf 81' lang='lat' dir='ltr'><strong>trem</strong></span> <span class='ocrx_word' id='word_1_391' title='bbox 785 3288 832 3333; x_wconf 88' lang='lat' dir='ltr'><strong>et</strong></span> <span class='ocrx_word' id='word_1_392' title='bbox 854 3276 1133 3333; x_wconf 65' lang='lat' dir='ltr'><strong>adhaerebit</strong></span> <span class='ocrx_word' id='word_1_393' title='bbox 1161 3274 1313 3327; x_wconf 75' lang='lat' dir='ltr'><strong>uxori</strong></span> <span class='ocrx_word' id='word_1_394' title='bbox 1339 3285 1468 3335; x_wconf 69' lang='lat' dir='ltr'><strong>sua,</strong></span> <span class='ocrx_word' id='word_1_395' title='bbox 1489 3278 1541 3349; x_wconf 69' lang='lat' dir='ltr'><strong>et</strong></span> <span class='ocrx_word' id='word_1_396' title='bbox 1566 3276 1721 3323; x_wconf 87' lang='lat' dir='ltr'><strong>erunt</strong></span> <span class='ocrx_word' id='word_1_397' title='bbox 1764 3269 1867 3321; x_wconf 86' lang='lat' dir='ltr'><strong>duo</strong></span> <span class='ocrx_word' id='word_1_398' title='bbox 1896 3270 1949 3321; x_wconf 83' lang='lat' dir='ltr'><strong>in</strong></span> <span class='ocrx_word' id='word_1_399' title='bbox 1989 3278 2203 3320; x_wconf 83' lang='lat' dir='ltr'><strong>carnem</strong></span> 
     </span>
    </p>
   </div>
   <div class='ocr_carea' id='block_1_50' title="bbox 629 3358 2203 3440">
    <p class='ocr_par' dir='ltr' id='par_1_50' title="bbox 629 3358 2203 3440">
     <span class='ocr_line' id='line_1_50' title="bbox 629 3358 2203 3440; baseline -0.01 -14"><span class='ocrx_word' id='word_1_400' title='bbox 629 3388 813 3426; x_wconf 79' lang='lat' dir='ltr'><strong>unam.</strong></span> <span class='ocrx_word' id='word_1_401' title='bbox 839 3368 1146 3440; x_wconf 77' lang='lat' dir='ltr'><strong>Mysterium</strong></span> <span class='ocrx_word' id='word_1_402' title='bbox 1175 3367 1267 3419; x_wconf 80' lang='lat' dir='ltr'><strong>hoc</strong></span> <span class='ocrx_word' id='word_1_403' title='bbox 1292 3379 1546 3433; x_wconf 82' lang='lat' dir='ltr'><strong>magnum</strong></span> <span class='ocrx_word' id='word_1_404' title='bbox 1575 3371 1672 3424; x_wconf 78' lang='lat' dir='ltr'><strong>est,</strong></span> <span class='ocrx_word' id='word_1_405' title='bbox 1689 3377 1782 3430; x_wconf 87' lang='lat' dir='ltr'><strong>ego</strong></span> <span class='ocrx_word' id='word_1_406' title='bbox 1809 3369 1987 3413; x_wconf 83' lang='lat' dir='ltr'><strong>autem</strong></span> <span class='ocrx_word' id='word_1_407' title='bbox 2013 3359 2129 3411; x_wconf 82' lang='lat' dir='ltr'><strong>dico</strong></span> <span class='ocrx_word' id='word_1_408' title='bbox 2146 3358 2203 3411; x_wconf 88' lang='lat' dir='ltr'><strong>in</strong></span> 
     </span>
    </p>
   </div>
   <div class='ocr_carea' id='block_1_51' title="bbox 631 3451 2203 3533">
    <p class='ocr_par' dir='ltr' id='par_1_51' title="bbox 631 3451 2203 3533">
     <span class='ocr_line' id='line_1_51' title="bbox 631 3451 2203 3533; baseline -0.011 -15"><span class='ocrx_word' id='word_1_409' title='bbox 631 3465 835 3517; x_wconf 67' lang='lat' dir='ltr'><strong>tihristo</strong></span> <span class='ocrx_word' id='word_1_410' title='bbox 870 3469 917 3515; x_wconf 85' lang='lat' dir='ltr'><strong>et</strong></span> <span class='ocrx_word' id='word_1_411' title='bbox 965 3457 1222 3513; x_wconf 74' lang='lat' dir='ltr'><strong>Ecclesia.</strong></span> <span class='ocrx_word' id='word_1_412' title='bbox 1274 3454 1410 3533; x_wconf 62' lang='lat' dir='ltr'><strong>Nam</strong></span> <span class='ocrx_word' id='word_1_413' title='bbox 1445 3453 1490 3507; x_wconf 89' lang='lat' dir='ltr'><strong>si</strong></span> <span class='ocrx_word' id='word_1_414' title='bbox 1532 3459 1815 3522; x_wconf 76' lang='lat' dir='ltr'><strong>spectetur</strong></span> <span class='ocrx_word' id='word_1_415' title='bbox 1843 3451 2051 3513; x_wconf 88' lang='lat' dir='ltr'><strong>littera,</strong></span> <span class='ocrx_word' id='word_1_416' title='bbox 2092 3462 2203 3502; x_wconf 89' lang='lat' dir='ltr'><strong>non</strong></span> 
     </span>
    </p>
   </div>
   <div class='ocr_carea' id='block_1_52' title="bbox 631 3542 2205 3618">
    <p class='ocr_par' dir='ltr' id='par_1_52' title="bbox 631 3542 2205 3618">
     <span class='ocr_line' id='line_1_52' title="bbox 631 3542 2205 3618; baseline -0.012 -6"><span class='ocrx_word' id='word_1_417' title='bbox 631 3567 781 3618; x_wconf 83' lang='lat' dir='ltr'><strong>sunt,</strong></span> <span class='ocrx_word' id='word_1_418' title='bbox 817 3555 901 3609; x_wconf 89' lang='lat' dir='ltr'><strong>vir</strong></span> <span class='ocrx_word' id='word_1_419' title='bbox 926 3563 982 3607; x_wconf 86' lang='lat' dir='ltr'><strong>et</strong></span> <span class='ocrx_word' id='word_1_420' title='bbox 1009 3552 1205 3605; x_wconf 89' lang='lat' dir='ltr'><strong>mulier</strong></span> <span class='ocrx_word' id='word_1_421' title='bbox 1226 3545 1526 3617; x_wconf 77' lang='lat' dir='ltr'><strong>conjugati,</strong></span> <span class='ocrx_word' id='word_1_422' title='bbox 1558 3559 1667 3597; x_wconf 85' lang='lat' dir='ltr'><strong>una</strong></span> <span class='ocrx_word' id='word_1_423' title='bbox 1694 3558 1823 3597; x_wconf 88' lang='lat' dir='ltr'><strong>caro</strong></span> <span class='ocrx_word' id='word_1_424' title='bbox 1861 3551 1917 3596; x_wconf 87' lang='lat' dir='ltr'><strong>ct</strong></span> <span class='ocrx_word' id='word_1_425' title='bbox 1950 3542 2205 3595; x_wconf 88' lang='lat' dir='ltr'><strong>substan-</strong></span> 
     </span>
    </p>
   </div>
   <div class='ocr_carea' id='block_1_53' title="bbox 631 3634 2205 3705">
    <p class='ocr_par' dir='ltr' id='par_1_53' title="bbox 631 3634 2205 3705">
     <span class='ocr_line' id='line_1_53' title="bbox 631 3634 2205 3705; baseline -0.011 -3"><span class='ocrx_word' id='word_1_426' title='bbox 631 3651 726 3702; x_wconf 85' lang='lat' dir='ltr'><strong>tia.</strong></span> <span class='ocrx_word' id='word_1_427' title='bbox 799 3647 892 3702; x_wconf 90' lang='lat' dir='ltr'><strong>Est</strong></span> <span class='ocrx_word' id='word_1_428' title='bbox 961 3651 1145 3697; x_wconf 84' lang='lat' dir='ltr'><strong>autem</strong></span> <span class='ocrx_word' id='word_1_429' title='bbox 1216 3639 1381 3695; x_wconf 86' lang='lat' dir='ltr'><strong>etiam</strong></span> <span class='ocrx_word' id='word_1_430' title='bbox 1451 3637 1608 3705; x_wconf 80' lang='lat' dir='ltr'><strong>longe</strong></span> <span class='ocrx_word' id='word_1_431' title='bbox 1673 3634 2004 3689; x_wconf 76' lang='lat' dir='ltr'><strong>imbeciliior</strong></span> <span class='ocrx_word' id='word_1_432' title='bbox 2074 3647 2205 3686; x_wconf 91' lang='lat' dir='ltr'><strong>caro</strong></span> 
     </span>
    </p>
   </div>
   <div class='ocr_carea' id='block_1_54' title="bbox 634 3723 2205 3799">
    <p class='ocr_par' dir='ltr' id='par_1_54' title="bbox 634 3723 2205 3799">
     <span class='ocr_line' id='line_1_54' title="bbox 634 3723 2205 3799; baseline -0.011 -5"><span class='ocrx_word' id='word_1_433' title='bbox 634 3738 881 3794; x_wconf 78' lang='lat' dir='ltr'><strong>mulieris</strong></span> <span class='ocrx_word' id='word_1_434' title='bbox 924 3751 1093 3790; x_wconf 90' lang='lat' dir='ltr'><strong>carne</strong></span> <span class='ocrx_word' id='word_1_435' title='bbox 1138 3733 1262 3786; x_wconf 85' lang='lat' dir='ltr'><strong>viri.</strong></span> <span class='ocrx_word' id='word_1_436' title='bbox 1296 3731 1364 3785; x_wconf 86' lang='lat' dir='ltr'><strong>Et</strong></span> <span class='ocrx_word' id='word_1_437' title='bbox 1409 3727 1687 3799; x_wconf 88' lang='lat' dir='ltr'><strong>quomodo</strong></span> <span class='ocrx_word' id='word_1_438' title='bbox 1746 3725 1892 3779; x_wconf 85' lang='lat' dir='ltr'><strong>una?</strong></span> <span class='ocrx_word' id='word_1_439' title='bbox 1940 3723 2051 3780; x_wconf 76' lang='lat' dir='ltr'><strong>Sed</strong></span> <span class='ocrx_word' id='word_1_440' title='bbox 2102 3737 2205 3778; x_wconf 88' lang='lat' dir='ltr'><strong>nec</strong></span> 
     </span>
    </p>
   </div>
   <div class='ocr_carea' id='block_1_55' title="bbox 631 3815 2206 3888">
    <p class='ocr_par' dir='ltr' id='par_1_55' title="bbox 631 3815 2206 3888">
     <span class='ocr_line' id='line_1_55' title="bbox 631 3815 2206 3888; baseline -0.01 -3"><span class='ocrx_word' id='word_1_441' title='bbox 631 3832 813 3888; x_wconf 80' lang='lat' dir='ltr'><strong>omnis</strong></span> <span class='ocrx_word' id='word_1_442' title='bbox 851 3830 935 3884; x_wconf 85' lang='lat' dir='ltr'><strong>vir</strong></span> <span class='ocrx_word' id='word_1_443' title='bbox 963 3827 1246 3882; x_wconf 80' lang='lat' dir='ltr'><strong>desiderat</strong></span> <span class='ocrx_word' id='word_1_444' title='bbox 1279 3833 1335 3877; x_wconf 90' lang='lat' dir='ltr'><strong>ct</strong></span> <span class='ocrx_word' id='word_1_445' title='bbox 1371 3822 1607 3875; x_wconf 84' lang='lat' dir='ltr'><strong>honorat</strong></span> <span class='ocrx_word' id='word_1_446' title='bbox 1630 3833 1787 3872; x_wconf 88' lang='lat' dir='ltr'><strong>suam</strong></span> <span class='ocrx_word' id='word_1_447' title='bbox 1825 3831 2049 3871; x_wconf 78' lang='lat' dir='ltr'><strong>uxorem</strong></span> <span class='ocrx_word' id='word_1_448' title='bbox 2076 3815 2206 3884; x_wconf 80' lang='lat' dir='ltr'><strong>plus</strong></span> 
     </span>
    </p>
   </div>
   <div class='ocr_carea' id='block_1_56' title="bbox 632 3908 2202 3995">
    <p class='ocr_par' dir='ltr' id='par_1_56' title="bbox 632 3908 2202 3995">
     <span class='ocr_line' id='line_1_56' title="bbox 632 3908 2202 3995; baseline -0.012 -15"><span class='ocrx_word' id='word_1_449' title='bbox 632 3942 795 3995; x_wconf 73' lang='lat' dir='ltr'><strong>quam</strong></span> <span class='ocrx_word' id='word_1_450' title='bbox 820 3932 1030 3993; x_wconf 82' lang='lat' dir='ltr'><strong>patrem</strong></span> <span class='ocrx_word' id='word_1_451' title='bbox 1056 3932 1217 3973; x_wconf 90' lang='lat' dir='ltr'><strong>suum</strong></span> <span class='ocrx_word' id='word_1_452' title='bbox 1247 3925 1304 3971; x_wconf 92' lang='lat' dir='ltr'><strong>ct</strong></span> <span class='ocrx_word' id='word_1_453' title='bbox 1332 3922 1587 3968; x_wconf 87' lang='lat' dir='ltr'><strong>matrem.</strong></span> <span class='ocrx_word' id='word_1_454' title='bbox 1620 3909 1777 3966; x_wconf 66' lang='lat' dir='ltr'><strong>[inde</strong></span> <span class='ocrx_word' id='word_1_455' title='bbox 1804 3910 1969 3966; x_wconf 89' lang='lat' dir='ltr'><strong>etiam</strong></span> <span class='ocrx_word' id='word_1_456' title='bbox 1994 3909 2124 3962; x_wconf 85' lang='lat' dir='ltr'><strong>licet</strong></span> <span class='ocrx_word' id='word_1_457' title='bbox 2149 3908 2202 3961; x_wconf 92' lang='lat' dir='ltr'><strong>in</strong></span> 
     </span>
    </p>
   </div>
   <div class='ocr_carea' id='block_1_57' title="bbox 631 4004 2206 4074">
    <p class='ocr_par' dir='ltr' id='par_1_57' title="bbox 631 4004 2206 4074">
     <span class='ocr_line' id='line_1_57' title="bbox 631 4004 2206 4074; baseline -0.013 -1"><span class='ocrx_word' id='word_1_458' title='bbox 631 4020 752 4073; x_wconf 86' lang='lat' dir='ltr'><strong>dies</strong></span> <span class='ocrx_word' id='word_1_459' title='bbox 804 4015 991 4070; x_wconf 88' lang='lat' dir='ltr'><strong>videre</strong></span> <span class='ocrx_word' id='word_1_460' title='bbox 1061 4007 1495 4065; x_wconf 84' lang='lat' dir='ltr'><strong>innumerabiles</strong></span> <span class='ocrx_word' id='word_1_461' title='bbox 1549 4006 1644 4074; x_wconf 86' lang='lat' dir='ltr'><strong>qui</strong></span> <span class='ocrx_word' id='word_1_462' title='bbox 1706 4004 2028 4072; x_wconf 89' lang='lat' dir='ltr'><strong>relinquunt</strong></span> <span class='ocrx_word' id='word_1_463' title='bbox 2077 4014 2206 4053; x_wconf 87' lang='lat' dir='ltr'><strong>suas</strong></span> 
     </span>
    </p>
   </div>
   <div class='ocr_carea' id='block_1_58' title="bbox 634 4098 2207 4171">
    <p class='ocr_par' dir='ltr' id='par_1_58' title="bbox 634 4098 2207 4171">
     <span class='ocr_line' id='line_1_58' title="bbox 634 4098 2207 4171; baseline -0.011 -9"><span class='ocrx_word' id='word_1_464' title='bbox 634 4124 855 4171; x_wconf 76' lang='lat' dir='ltr'><strong>uxores,</strong></span> <span class='ocrx_word' id='word_1_465' title='bbox 909 4114 966 4161; x_wconf 91' lang='lat' dir='ltr'><strong>et</strong></span> <span class='ocrx_word' id='word_1_466' title='bbox 1003 4111 1289 4159; x_wconf 90' lang='lat' dir='ltr'><strong>transeunt</strong></span> <span class='ocrx_word' id='word_1_467' title='bbox 1317 4099 1383 4154; x_wconf 90' lang='lat' dir='ltr'><strong>ad</strong></span> <span class='ocrx_word' id='word_1_468' title='bbox 1430 4098 1596 4161; x_wconf 89' lang='lat' dir='ltr'><strong>alias;</strong></span> <span class='ocrx_word' id='word_1_469' title='bbox 1635 4105 1845 4167; x_wconf 89' lang='lat' dir='ltr'><strong>patrem</strong></span> <span class='ocrx_word' id='word_1_470' title='bbox 1895 4103 2076 4149; x_wconf 89' lang='lat' dir='ltr'><strong>autem</strong></span> <span class='ocrx_word' id='word_1_471' title='bbox 2110 4101 2207 4147; x_wconf 88' lang='lat' dir='ltr'><strong>aut</strong></span> 
     </span>
    </p>
   </div>
   <div class='ocr_carea' id='block_1_59' title="bbox 634 4193 2207 4261">
    <p class='ocr_par' dir='ltr' id='par_1_59' title="bbox 634 4193 2207 4261">
     <span class='ocr_line' id='line_1_59' title="bbox 634 4193 2207 4261; baseline -0.011 -7"><span class='ocrx_word' id='word_1_472' title='bbox 634 4210 865 4254; x_wconf 89' lang='lat' dir='ltr'><strong>matrem</strong></span> <span class='ocrx_word' id='word_1_473' title='bbox 894 4212 1005 4250; x_wconf 86' lang='lat' dir='ltr'><strong>non</strong></span> <span class='ocrx_word' id='word_1_474' title='bbox 1040 4194 1199 4248; x_wconf 87' lang='lat' dir='ltr'><strong>facile</strong></span> <span class='ocrx_word' id='word_1_475' title='bbox 1228 4199 1408 4261; x_wconf 84' lang='lat' dir='ltr'><strong>potest</strong></span> <span class='ocrx_word' id='word_1_476' title='bbox 1436 4202 1728 4259; x_wconf 72' lang='lat' dir='ltr'><strong>quisquam</strong></span> <span class='ocrx_word' id='word_1_477' title='bbox 1750 4200 1952 4256; x_wconf 82' lang='lat' dir='ltr'><strong>negare</strong></span> <span class='ocrx_word' id='word_1_478' title='bbox 1988 4193 2085 4239; x_wconf 88' lang='lat' dir='ltr'><strong>aut</strong></span> <span class='ocrx_word' id='word_1_479' title='bbox 2114 4197 2207 4237; x_wconf 81' lang='lat' dir='ltr'><strong>re-</strong></span> 
     </span>
    </p>
   </div>
   <div class='ocr_carea' id='block_1_60' title="bbox 633 4276 2207 4362">
    <p class='ocr_par' dir='ltr' id='par_1_60' title="bbox 633 4276 2207 4362">
     <span class='ocr_line' id='line_1_60' title="bbox 633 4276 2207 4362; baseline -0.011 -16"><span class='ocrx_word' id='word_1_480' title='bbox 633 4295 903 4362; x_wconf 74' lang='lat' dir='ltr'><strong>linquere.</strong></span> <span class='ocrx_word' id='word_1_481' title='bbox 944 4289 1107 4357; x_wconf 85' lang='lat' dir='ltr'><strong>Atqui</strong></span> <span class='ocrx_word' id='word_1_482' title='bbox 1158 4282 1424 4340; x_wconf 87' lang='lat' dir='ltr'><strong>Dominus</strong></span> <span class='ocrx_word' id='word_1_483' title='bbox 1465 4280 1726 4336; x_wconf 85' lang='lat' dir='ltr'><strong>Christus</strong></span> <span class='ocrx_word' id='word_1_484' title='bbox 1755 4288 2043 4350; x_wconf 86' lang='lat' dir='ltr'><strong>postquam</strong></span> <span class='ocrx_word' id='word_1_485' title='bbox 2102 4276 2207 4331; x_wconf 84' lang='lat' dir='ltr'><strong>fuit</strong></span> 
     </span>
    </p>
   </div>
   <div class='ocr_carea' id='block_1_61' title="bbox 633 4366 2206 4441">
    <p class='ocr_par' dir='ltr' id='par_1_61' title="bbox 633 4366 2206 4441">
     <span class='ocr_line' id='line_1_61' title="bbox 633 4366 2206 4441; baseline -0.011 -5"><span class='ocrx_word' id='word_1_486' title='bbox 633 4382 796 4436; x_wconf 80' lang='lat' dir='ltr'><strong>nobis</strong></span> <span class='ocrx_word' id='word_1_487' title='bbox 831 4380 1040 4440; x_wconf 82' lang='lat' dir='ltr'><strong>unitus,</strong></span> <span class='ocrx_word' id='word_1_488' title='bbox 1083 4390 1228 4429; x_wconf 91' lang='lat' dir='ltr'><strong>unus</strong></span> <span class='ocrx_word' id='word_1_489' title='bbox 1280 4372 1389 4427; x_wconf 79' lang='lat' dir='ltr'><strong>fuit</strong></span> <span class='ocrx_word' id='word_1_490' title='bbox 1416 4369 1721 4441; x_wconf 80' lang='lat' dir='ltr'><strong>hypostasi,</strong></span> <span class='ocrx_word' id='word_1_491' title='bbox 1753 4382 1877 4422; x_wconf 90' lang='lat' dir='ltr'><strong>cum</strong></span> <span class='ocrx_word' id='word_1_492' title='bbox 1925 4366 2206 4437; x_wconf 87' lang='lat' dir='ltr'><strong>propriam</strong></span> 
     </span>
    </p>
   </div>
   <div class='ocr_carea' id='block_1_62' title="bbox 2296 1893 3516 1961">
    <p class='ocr_par' dir='ltr' id='par_1_62' title="bbox 2296 1893 3516 1961">
     <span class='ocr_line' id='line_1_62' title="bbox 2296 1893 3516 1961; baseline -0.002 -11"><span class='ocrx_word' id='word_1_493' title='bbox 2296 1895 2532 1961; x_wconf 84' lang='lat' dir='ltr'><strong>duobus,</strong></span> <span class='ocrx_word' id='word_1_494' title='bbox 2561 1893 2817 1951; x_wconf 88' lang='lat' dir='ltr'><strong>Christus</strong></span> <span class='ocrx_word' id='word_1_495' title='bbox 2844 1913 2857 1949; x_wconf 89' lang='lat'><strong>:</strong></span> <span class='ocrx_word' id='word_1_496' title='bbox 2887 1895 3031 1950; x_wconf 85' lang='lat' dir='ltr'><strong>Deus</strong></span> <span class='ocrx_word' id='word_1_497' title='bbox 3057 1895 3219 1950; x_wconf 92' lang='lat' dir='ltr'><strong>simul</strong></span> <span class='ocrx_word' id='word_1_498' title='bbox 3243 1904 3300 1949; x_wconf 92' lang='lat' dir='ltr'><strong>et</strong></span> <span class='ocrx_word' id='word_1_499' title='bbox 3328 1896 3516 1951; x_wconf 89' lang='lat' dir='ltr'><strong>homo.</strong></span> 
     </span>
    </p>
   </div>
   <div class='ocr_carea' id='block_1_63' title="bbox 2365 1976 3871 2058">
    <p class='ocr_par' dir='ltr' id='par_1_63' title="bbox 2365 1976 3871 2058">
     <span class='ocr_line' id='line_1_63' title="bbox 2365 1976 3871 2058; baseline -0.001 -16"><span class='ocrx_word' id='word_1_500' title='bbox 2365 1988 2487 2058; x_wconf 85' lang='lat' dir='ltr'><strong>Ipse</strong></span> <span class='ocrx_word' id='word_1_501' title='bbox 2513 1976 2734 2057; x_wconf 82' lang='lat' dir='ltr'><strong>quoque</strong></span> <span class='ocrx_word' id='word_1_502' title='bbox 2759 1987 3014 2042; x_wconf 85' lang='lat' dir='ltr'><strong>advertes</strong></span> <span class='ocrx_word' id='word_1_503' title='bbox 3038 1986 3209 2057; x_wconf 91' lang='lat' dir='ltr'><strong>quod,</strong></span> <span class='ocrx_word' id='word_1_504' title='bbox 3247 1988 3303 2041; x_wconf 92' lang='lat' dir='ltr'><strong>in</strong></span> <span class='ocrx_word' id='word_1_505' title='bbox 3330 1996 3484 2043; x_wconf 80' lang='lat' dir='ltr'><strong>sexto</strong></span> <span class='ocrx_word' id='word_1_506' title='bbox 3516 1987 3608 2042; x_wconf 92' lang='lat' dir='ltr'><strong>die</strong></span> <span class='ocrx_word' id='word_1_507' title='bbox 3635 1991 3871 2043; x_wconf 87' lang='lat' dir='ltr'><strong>creatio-</strong></span> 
     </span>
    </p>
   </div>
   <div class='ocr_carea' id='block_1_64' title="bbox 2296 2079 3872 2146">
    <p class='ocr_par' dir='ltr' id='par_1_64' title="bbox 2296 2079 3872 2146">
     <span class='ocr_line' id='line_1_64' title="bbox 2296 2079 3872 2146; baseline 0 -11"><span class='ocrx_word' id='word_1_508' title='bbox 2296 2080 2384 2136; x_wconf 90' lang='lat' dir='ltr'><strong>nis</strong></span> <span class='ocrx_word' id='word_1_509' title='bbox 2419 2096 2514 2135; x_wconf 81' lang='lat' dir='ltr'><strong>sex</strong></span> <span class='ocrx_word' id='word_1_510' title='bbox 2543 2079 2783 2146; x_wconf 88' lang='lat' dir='ltr'><strong>dierum,</strong></span> <span class='ocrx_word' id='word_1_511' title='bbox 2814 2079 2933 2135; x_wconf 64' lang='lat' dir='ltr'><strong>haec</strong></span> <span class='ocrx_word' id='word_1_512' title='bbox 2972 2088 3105 2134; x_wconf 90' lang='lat' dir='ltr'><strong>tunc</strong></span> <span class='ocrx_word' id='word_1_513' title='bbox 3135 2079 3466 2135; x_wconf 90' lang='lat' dir='ltr'><strong>dicebantur</strong></span> <span class='ocrx_word' id='word_1_514' title='bbox 3496 2088 3551 2134; x_wconf 91' lang='lat' dir='ltr'><strong>et</strong></span> <span class='ocrx_word' id='word_1_515' title='bbox 3601 2080 3811 2136; x_wconf 83' lang='lat' dir='ltr'><strong>ﬁebant</strong></span> <span class='ocrx_word' id='word_1_516' title='bbox 3844 2097 3872 2135; x_wconf 73' lang='grc' dir='ltr'><strong><em>ι</em></strong></span> 
     </span>
    </p>
   </div>
   <div class='ocr_carea' id='block_1_65' title="bbox 2298 2169 3876 2243">
    <p class='ocr_par' dir='ltr' id='par_1_65' title="bbox 2298 2169 3876 2243">
     <span class='ocr_line' id='line_1_65' title="bbox 2298 2169 3876 2243; baseline 0.001 -17"><span class='ocrx_word' id='word_1_517' title='bbox 2298 2172 2432 2235; x_wconf 90' lang='lat' dir='ltr'><strong>Deo,</strong></span> <span class='ocrx_word' id='word_1_518' title='bbox 2464 2169 2725 2241; x_wconf 87' lang='lat' dir='ltr'><strong>quoniam</strong></span> <span class='ocrx_word' id='word_1_519' title='bbox 2779 2186 2847 2226; x_wconf 91' lang='lat' dir='ltr'><strong>eo</strong></span> <span class='ocrx_word' id='word_1_520' title='bbox 2883 2180 3041 2226; x_wconf 84' lang='lat' dir='ltr'><strong>sexto</strong></span> <span class='ocrx_word' id='word_1_521' title='bbox 3071 2171 3161 2226; x_wconf 89' lang='lat' dir='ltr'><strong>die</strong></span> <span class='ocrx_word' id='word_1_522' title='bbox 3196 2171 3383 2226; x_wconf 65' lang='lat' dir='ltr'><strong>saeculi</strong></span> <span class='ocrx_word' id='word_1_523' title='bbox 3443 2170 3606 2226; x_wconf 80' lang='lat' dir='ltr'><strong>ﬁnem</strong></span> <span class='ocrx_word' id='word_1_524' title='bbox 3648 2174 3876 2243; x_wconf 78' lang='lat' dir='ltr'><strong>accepe-</strong></span> 
     </span>
    </p>
   </div>
   <div class='ocr_carea' id='block_1_66' title="bbox 2298 2257 3874 2332">
    <p class='ocr_par' dir='ltr' id='par_1_66' title="bbox 2298 2257 3874 2332">
     <span class='ocr_line' id='line_1_66' title="bbox 2298 2257 3874 2332; baseline 0.002 -20"><span class='ocrx_word' id='word_1_525' title='bbox 2298 2267 2425 2313; x_wconf 89' lang='lat' dir='ltr'><strong>runt</strong></span> <span class='ocrx_word' id='word_1_526' title='bbox 2449 2259 2505 2312; x_wconf 90' lang='lat' dir='ltr'><strong>in</strong></span> <span class='ocrx_word' id='word_1_527' title='bbox 2542 2257 2766 2313; x_wconf 82' lang='lat' dir='ltr'><strong>Christo</strong></span> <span class='ocrx_word' id='word_1_528' title='bbox 2792 2267 2849 2313; x_wconf 87' lang='lat' dir='ltr'><strong>et</strong></span> <span class='ocrx_word' id='word_1_529' title='bbox 2878 2257 3126 2314; x_wconf 79' lang='lat' dir='ltr'><strong>Ecclesia</strong></span> <span class='ocrx_word' id='word_1_530' title='bbox 3150 2276 3164 2326; x_wconf 92' lang='lat'><strong>;</strong></span> <span class='ocrx_word' id='word_1_531' title='bbox 3195 2260 3561 2316; x_wconf 90' lang='lat' dir='ltr'><strong>nihilominus</strong></span> <span class='ocrx_word' id='word_1_532' title='bbox 3597 2263 3652 2316; x_wconf 92' lang='lat' dir='ltr'><strong>in</strong></span> <span class='ocrx_word' id='word_1_533' title='bbox 3680 2270 3874 2332; x_wconf 89' lang='lat' dir='ltr'><strong>quarto</strong></span> 
     </span>
    </p>
   </div>
   <div class='ocr_carea' id='block_1_67' title="bbox 2298 2348 3875 2418">
    <p class='ocr_par' dir='ltr' id='par_1_67' title="bbox 2298 2348 3875 2418">
     <span class='ocr_line' id='line_1_67' title="bbox 2298 2348 3875 2418; baseline 0 -15"><span class='ocrx_word' id='word_1_534' title='bbox 2298 2349 2387 2403; x_wconf 86' lang='lat' dir='ltr'><strong>die</strong></span> <span class='ocrx_word' id='word_1_535' title='bbox 2418 2348 2487 2403; x_wconf 91' lang='lat' dir='ltr'><strong>de</strong></span> <span class='ocrx_word' id='word_1_536' title='bbox 2505 2349 2620 2404; x_wconf 89' lang='lat' dir='ltr'><strong>sole</strong></span> <span class='ocrx_word' id='word_1_537' title='bbox 2650 2356 2706 2403; x_wconf 85' lang='lat' dir='ltr'><strong>et</strong></span> <span class='ocrx_word' id='word_1_538' title='bbox 2728 2350 2857 2403; x_wconf 90' lang='lat' dir='ltr'><strong>luna</strong></span> <span class='ocrx_word' id='word_1_539' title='bbox 2877 2349 3234 2413; x_wconf 89' lang='lat' dir='ltr'><strong>disserentes,</strong></span> <span class='ocrx_word' id='word_1_540' title='bbox 3262 2351 3605 2406; x_wconf 87' lang='lat' dir='ltr'><strong>ostendimus</strong></span> <span class='ocrx_word' id='word_1_541' title='bbox 3626 2352 3787 2418; x_wconf 91' lang='lat' dir='ltr'><strong>illud,</strong></span> <span class='ocrx_word' id='word_1_542' title='bbox 3812 2351 3875 2408; x_wconf 76' lang='lat' dir='ltr'><strong>Et</strong></span> 
     </span>
    </p>
   </div>
   <div class='ocr_carea' id='block_1_68' title="bbox 2298 2429 3872 2511">
    <p class='ocr_par' dir='ltr' id='par_1_68' title="bbox 2298 2429 3872 2511">
     <span class='ocr_line' id='line_1_68' title="bbox 2298 2429 3872 2511; baseline 0.002 -16"><span class='ocrx_word' id='word_1_543' title='bbox 2298 2451 2452 2495; x_wconf 80' lang='lat' dir='ltr'><strong>erunt</strong></span> <span class='ocrx_word' id='word_1_544' title='bbox 2474 2429 2577 2495; x_wconf 76' lang='lat' dir='ltr'><strong>duo</strong></span> <span class='ocrx_word' id='word_1_545' title='bbox 2607 2442 2663 2495; x_wconf 87' lang='lat' dir='ltr'><strong>in</strong></span> <span class='ocrx_word' id='word_1_546' title='bbox 2690 2457 2853 2495; x_wconf 86' lang='lat' dir='ltr'><strong>carne</strong></span> <span class='ocrx_word' id='word_1_547' title='bbox 2875 2457 3005 2506; x_wconf 84' lang='lat' dir='ltr'><strong>una,</strong></span> <span class='ocrx_word' id='word_1_548' title='bbox 3031 2441 3400 2511; x_wconf 81' lang='lat' dir='ltr'><strong>intelligentes</strong></span> <span class='ocrx_word' id='word_1_549' title='bbox 3435 2442 3546 2497; x_wconf 91' lang='lat' dir='ltr'><strong>duo</strong></span> <span class='ocrx_word' id='word_1_550' title='bbox 3582 2443 3872 2498; x_wconf 84' lang='lat' dir='ltr'><strong>luminaria</strong></span> 
     </span>
    </p>
   </div>
   <div class='ocr_carea' id='block_1_69' title="bbox 2300 2534 3874 2606">
    <p class='ocr_par' dir='ltr' id='par_1_69' title="bbox 2300 2534 3874 2606">
     <span class='ocr_line' id='line_1_69' title="bbox 2300 2534 3874 2606; baseline 0.001 -15"><span class='ocrx_word' id='word_1_551' title='bbox 2300 2534 2367 2591; x_wconf 88' lang='lat' dir='ltr'><strong>de</strong></span> <span class='ocrx_word' id='word_1_552' title='bbox 2404 2534 2629 2590; x_wconf 88' lang='lat' dir='ltr'><strong>Christo</strong></span> <span class='ocrx_word' id='word_1_553' title='bbox 2658 2542 2715 2589; x_wconf 85' lang='lat' dir='ltr'><strong>et</strong></span> <span class='ocrx_word' id='word_1_554' title='bbox 2768 2534 3036 2590; x_wconf 88' lang='lat' dir='ltr'><strong>Ecclesia.</strong></span> <span class='ocrx_word' id='word_1_555' title='bbox 3082 2534 3219 2590; x_wconf 88' lang='lat' dir='ltr'><strong>Nam</strong></span> <span class='ocrx_word' id='word_1_556' title='bbox 3258 2535 3337 2590; x_wconf 90' lang='lat' dir='ltr'><strong>sol</strong></span> <span class='ocrx_word' id='word_1_557' title='bbox 3376 2535 3597 2606; x_wconf 90' lang='lat' dir='ltr'><strong>quidem</strong></span> <span class='ocrx_word' id='word_1_558' title='bbox 3634 2537 3874 2592; x_wconf 88' lang='lat' dir='ltr'><strong>creditus</strong></span> 
     </span>
    </p>
   </div>
   <div class='ocr_carea' id='block_1_70' title="bbox 2299 2626 3870 2692">
    <p class='ocr_par' dir='ltr' id='par_1_70' title="bbox 2299 2626 3870 2692">
     <span class='ocr_line' id='line_1_70' title="bbox 2299 2626 3870 2692; baseline 0.001 -12"><span class='ocrx_word' id='word_1_559' title='bbox 2299 2634 2383 2680; x_wconf 85' lang='lat' dir='ltr'><strong>est</strong></span> <span class='ocrx_word' id='word_1_560' title='bbox 2413 2640 2535 2681; x_wconf 86' lang='lat' dir='ltr'><strong>esse</strong></span> <span class='ocrx_word' id='word_1_561' title='bbox 2591 2626 2800 2680; x_wconf 89' lang='lat' dir='ltr'><strong>siccum</strong></span> <span class='ocrx_word' id='word_1_562' title='bbox 2862 2634 2918 2679; x_wconf 90' lang='lat' dir='ltr'><strong>et</strong></span> <span class='ocrx_word' id='word_1_563' title='bbox 2967 2633 3249 2680; x_wconf 87' lang='lat' dir='ltr'><strong>terrenum</strong></span> <span class='ocrx_word' id='word_1_564' title='bbox 3292 2634 3449 2681; x_wconf 68' lang='lat' dir='ltr'><strong>terra:</strong></span> <span class='ocrx_word' id='word_1_565' title='bbox 3500 2628 3870 2692; x_wconf 89' lang='lat' dir='ltr'><strong>elementum;</strong></span> 
     </span>
    </p>
   </div>
   <div class='ocr_carea' id='block_1_71' title="bbox 2300 2717 3870 2787">
    <p class='ocr_par' dir='ltr' id='par_1_71' title="bbox 2300 2717 3870 2787">
     <span class='ocr_line' id='line_1_71' title="bbox 2300 2717 3870 2787; baseline -0.001 -15"><span class='ocrx_word' id='word_1_566' title='bbox 2300 2718 2429 2773; x_wconf 89' lang='lat' dir='ltr'><strong>luna</strong></span> <span class='ocrx_word' id='word_1_567' title='bbox 2461 2725 2645 2773; x_wconf 89' lang='lat' dir='ltr'><strong>autem</strong></span> <span class='ocrx_word' id='word_1_568' title='bbox 2677 2717 2905 2787; x_wconf 89' lang='lat' dir='ltr'><strong>spiritus</strong></span> <span class='ocrx_word' id='word_1_569' title='bbox 2934 2718 3107 2784; x_wconf 80' lang='lat' dir='ltr'><strong>venti,</strong></span> <span class='ocrx_word' id='word_1_570' title='bbox 3150 2719 3204 2772; x_wconf 91' lang='lat' dir='ltr'><strong>in</strong></span> <span class='ocrx_word' id='word_1_571' title='bbox 3227 2719 3349 2773; x_wconf 93' lang='lat' dir='ltr'><strong>loco</strong></span> <span class='ocrx_word' id='word_1_572' title='bbox 3387 2718 3621 2787; x_wconf 87' lang='lat' dir='ltr'><strong>spiritus</strong></span> <span class='ocrx_word' id='word_1_573' title='bbox 3656 2719 3870 2775; x_wconf 68' lang='lat' dir='ltr'><strong>anima.</strong></span> 
     </span>
    </p>
   </div>
   <div class='ocr_carea' id='block_1_72' title="bbox 2301 2808 3872 2879">
    <p class='ocr_par' dir='ltr' id='par_1_72' title="bbox 2301 2808 3872 2879">
     <span class='ocr_line' id='line_1_72' title="bbox 2301 2808 3872 2879; baseline -0.001 -14"><span class='ocrx_word' id='word_1_574' title='bbox 2301 2808 2470 2865; x_wconf 81' lang='lat' dir='ltr'><strong>Unito</strong></span> <span class='ocrx_word' id='word_1_575' title='bbox 2497 2823 2630 2879; x_wconf 76' lang='lat' dir='ltr'><strong>ergo</strong></span> <span class='ocrx_word' id='word_1_576' title='bbox 2654 2808 2787 2862; x_wconf 93' lang='lat' dir='ltr'><strong>limo</strong></span> <span class='ocrx_word' id='word_1_577' title='bbox 2815 2816 2976 2863; x_wconf 75' lang='lat' dir='ltr'><strong>terra:</strong></span> <span class='ocrx_word' id='word_1_578' title='bbox 3003 2817 3060 2863; x_wconf 92' lang='lat' dir='ltr'><strong>et</strong></span> <span class='ocrx_word' id='word_1_579' title='bbox 3089 2808 3308 2879; x_wconf 88' lang='lat' dir='ltr'><strong>spiritu,</strong></span> <span class='ocrx_word' id='word_1_580' title='bbox 3343 2809 3656 2864; x_wconf 77' lang='lat' dir='ltr'><strong>efﬁciuntur</strong></span> <span class='ocrx_word' id='word_1_581' title='bbox 3685 2812 3797 2865; x_wconf 92' lang='lat' dir='ltr'><strong>duo</strong></span> <span class='ocrx_word' id='word_1_582' title='bbox 3820 2810 3872 2865; x_wconf 90' lang='lat' dir='ltr'><strong>in</strong></span> 
     </span>
    </p>
   </div>
   <div class='ocr_carea' id='block_1_73' title="bbox 2301 2899 3872 2972">
    <p class='ocr_par' dir='ltr' id='par_1_73' title="bbox 2301 2899 3872 2972">
     <span class='ocr_line' id='line_1_73' title="bbox 2301 2899 3872 2972; baseline 0.001 -19"><span class='ocrx_word' id='word_1_583' title='bbox 2301 2914 2474 2953; x_wconf 90' lang='lat' dir='ltr'><strong>unum</strong></span> <span class='ocrx_word' id='word_1_584' title='bbox 2530 2899 2832 2953; x_wconf 86' lang='lat' dir='ltr'><strong>hominem.</strong></span> <span class='ocrx_word' id='word_1_585' title='bbox 2875 2899 3125 2954; x_wconf 84' lang='lat' dir='ltr'><strong>Fortasse</strong></span> <span class='ocrx_word' id='word_1_586' title='bbox 3188 2907 3370 2955; x_wconf 89' lang='lat' dir='ltr'><strong>autem</strong></span> <span class='ocrx_word' id='word_1_587' title='bbox 3408 2900 3580 2971; x_wconf 84' lang='lat' dir='ltr'><strong>magis</strong></span> <span class='ocrx_word' id='word_1_588' title='bbox 3614 2903 3872 2972; x_wconf 78' lang='lat' dir='ltr'><strong>mysticus</strong></span> 
     </span>
    </p>
   </div>
   <div class='ocr_carea' id='block_1_74' title="bbox 2304 2991 3722 3049">
    <p class='ocr_par' dir='ltr' id='par_1_74' title="bbox 2304 2991 3722 3049">
     <span class='ocr_line' id='line_1_74' title="bbox 2304 2991 3722 3049; baseline -0.002 -3"><span class='ocrx_word' id='word_1_589' title='bbox 2304 3006 2501 3046; x_wconf 88' lang='lat' dir='ltr'><strong>sensus</strong></span> <span class='ocrx_word' id='word_1_590' title='bbox 2537 2992 2837 3046; x_wconf 83' lang='lat' dir='ltr'><strong>creationis</strong></span> <span class='ocrx_word' id='word_1_591' title='bbox 2860 2991 3028 3047; x_wconf 84' lang='lat' dir='ltr'><strong>habet</strong></span> <span class='ocrx_word' id='word_1_592' title='bbox 3066 2992 3170 3049; x_wconf 90' lang='lat' dir='ltr'><strong>hoc</strong></span> <span class='ocrx_word' id='word_1_593' title='bbox 3199 2992 3381 3047; x_wconf 85' lang='lat' dir='ltr'><strong>modo.</strong></span> <span class='ocrx_word' id='word_1_594' title='bbox 3708 3035 3722 3043; x_wconf 82' lang='lat'><strong>.</strong></span> 
     </span>
    </p>
   </div>
   <div class='ocr_carea' id='block_1_75' title="bbox 2375 3083 3871 3155">
    <p class='ocr_par' dir='ltr' id='par_1_75' title="bbox 2375 3083 3871 3155">
     <span class='ocr_line' id='line_1_75' title="bbox 2375 3083 3871 3155; baseline 0.001 -16"><span class='ocrx_word' id='word_1_595' title='bbox 2375 3085 2829 3155; x_wconf 80' lang='lat' dir='ltr'><strong>Quandoquidem</strong></span> <span class='ocrx_word' id='word_1_596' title='bbox 2872 3083 3126 3141; x_wconf 88' lang='lat' dir='ltr'><strong>Christus</strong></span> <span class='ocrx_word' id='word_1_597' title='bbox 3151 3084 3422 3139; x_wconf 86' lang='lat' dir='ltr'><strong>inhabitat</strong></span> <span class='ocrx_word' id='word_1_598' title='bbox 3448 3086 3505 3140; x_wconf 91' lang='lat' dir='ltr'><strong>in</strong></span> <span class='ocrx_word' id='word_1_599' title='bbox 3528 3086 3712 3152; x_wconf 84' lang='lat' dir='ltr'><strong>nobis,</strong></span> <span class='ocrx_word' id='word_1_600' title='bbox 3745 3102 3871 3142; x_wconf 82' lang='lat' dir='ltr'><strong>con-</strong></span> 
     </span>
    </p>
   </div>
   <div class='ocr_carea' id='block_1_76' title="bbox 2308 3176 3872 3251">
    <p class='ocr_par' dir='ltr' id='par_1_76' title="bbox 2308 3176 3872 3251">
     <span class='ocr_line' id='line_1_76' title="bbox 2308 3176 3872 3251; baseline 0.001 -18"><span class='ocrx_word' id='word_1_601' title='bbox 2308 3179 2596 3233; x_wconf 88' lang='lat' dir='ltr'><strong>venienter</strong></span> <span class='ocrx_word' id='word_1_602' title='bbox 2622 3178 2674 3232; x_wconf 91' lang='lat' dir='ltr'><strong>ei</strong></span> <span class='ocrx_word' id='word_1_603' title='bbox 2724 3176 2869 3247; x_wconf 89' lang='lat' dir='ltr'><strong>quod</strong></span> <span class='ocrx_word' id='word_1_604' title='bbox 2901 3177 3167 3246; x_wconf 82' lang='lat' dir='ltr'><strong>scriptum</strong></span> <span class='ocrx_word' id='word_1_605' title='bbox 3199 3186 3283 3231; x_wconf 88' lang='lat' dir='ltr'><strong>est</strong></span> <span class='ocrx_word' id='word_1_606' title='bbox 3311 3196 3323 3230; x_wconf 87' lang='lat'><strong>:</strong></span> <span class='ocrx_word' id='word_1_607' title='bbox 3363 3176 3677 3233; x_wconf 80' lang='lat' dir='ltr'><strong>Inhabitabo</strong></span> <span class='ocrx_word' id='word_1_608' title='bbox 3705 3181 3761 3234; x_wconf 88' lang='lat' dir='ltr'><strong>in</strong></span> <span class='ocrx_word' id='word_1_609' title='bbox 3796 3181 3872 3251; x_wconf 88' lang='lat' dir='ltr'><strong>ip-</strong></span> 
     </span>
    </p>
   </div>
   <div class='ocr_carea' id='block_1_77' title="bbox 2306 3268 3873 3333">
    <p class='ocr_par' dir='ltr' id='par_1_77' title="bbox 2306 3268 3873 3333">
     <span class='ocr_line' id='line_1_77' title="bbox 2306 3268 3873 3333; baseline 0.001 -8"><span class='ocrx_word' id='word_1_610' title='bbox 2306 3273 2377 3326; x_wconf 81' lang='lat' dir='ltr'><strong>sis</strong></span> <span class='ocrx_word' id='word_1_611' title='bbox 2418 3279 2467 3325; x_wconf 86' lang='lat' dir='ltr'><strong>et</strong></span> <span class='ocrx_word' id='word_1_612' title='bbox 2492 3269 2836 3325; x_wconf 82' lang='lat' dir='ltr'><strong>inambulabo</strong></span> <span class='ocrx_word' id='word_1_613' title='bbox 2862 3268 2908 3303; x_wconf 77' lang='grc'><strong>⁸⁸</strong></span> <span class='ocrx_word' id='word_1_614' title='bbox 2933 3310 2948 3333; x_wconf 86' lang='grc'>,</span> <span class='ocrx_word' id='word_1_615' title='bbox 2980 3285 3043 3324; x_wconf 88' lang='lat' dir='ltr'><strong>ea</strong></span> <span class='ocrx_word' id='word_1_616' title='bbox 3074 3269 3141 3325; x_wconf 90' lang='lat' dir='ltr'><strong>de</strong></span> <span class='ocrx_word' id='word_1_617' title='bbox 3162 3286 3325 3325; x_wconf 89' lang='lat' dir='ltr'><strong>causa</strong></span> <span class='ocrx_word' id='word_1_618' title='bbox 3357 3285 3521 3324; x_wconf 88' lang='lat' dir='ltr'><strong>omne</strong></span> <span class='ocrx_word' id='word_1_619' title='bbox 3587 3287 3683 3326; x_wconf 91' lang='lat' dir='ltr'><strong>cor</strong></span> <span class='ocrx_word' id='word_1_620' title='bbox 3723 3288 3873 3327; x_wconf 89' lang='lat' dir='ltr'><strong>mun-</strong></span> 
     </span>
    </p>
   </div>
   <div class='ocr_carea' id='block_1_78' title="bbox 2306 3360 3870 3427">
    <p class='ocr_par' dir='ltr' id='par_1_78' title="bbox 2306 3360 3870 3427">
     <span class='ocr_line' id='line_1_78' title="bbox 2306 3360 3870 3427; baseline -0.002 -10"><span class='ocrx_word' id='word_1_621' title='bbox 2306 3363 2436 3417; x_wconf 90' lang='lat' dir='ltr'><strong>dum</strong></span> <span class='ocrx_word' id='word_1_622' title='bbox 2478 3362 2694 3416; x_wconf 93' lang='lat' dir='ltr'><strong>unitum</strong></span> <span class='ocrx_word' id='word_1_623' title='bbox 2723 3361 2834 3416; x_wconf 90' lang='lat' dir='ltr'><strong>Deo</strong></span> <span class='ocrx_word' id='word_1_624' title='bbox 2854 3361 3055 3427; x_wconf 82' lang='lat' dir='ltr'><strong>Verbo,</strong></span> <span class='ocrx_word' id='word_1_625' title='bbox 3092 3362 3254 3415; x_wconf 89' lang='lat' dir='ltr'><strong>ambo</strong></span> <span class='ocrx_word' id='word_1_626' title='bbox 3279 3370 3411 3415; x_wconf 92' lang='lat' dir='ltr'><strong>sunt</strong></span> <span class='ocrx_word' id='word_1_627' title='bbox 3446 3360 3559 3415; x_wconf 91' lang='lat' dir='ltr'><strong>duo</strong></span> <span class='ocrx_word' id='word_1_628' title='bbox 3602 3361 3658 3416; x_wconf 90' lang='lat' dir='ltr'><strong>in</strong></span> <span class='ocrx_word' id='word_1_629' title='bbox 3714 3378 3870 3417; x_wconf 85' lang='lat' dir='ltr'><strong>unam</strong></span> 
     </span>
    </p>
   </div>
   <div class='ocr_carea' id='block_1_79' title="bbox 2305 3450 3866 3521">
    <p class='ocr_par' dir='ltr' id='par_1_79' title="bbox 2305 3450 3866 3521">
     <span class='ocr_line' id='line_1_79' title="bbox 2305 3450 3866 3521; baseline -0.004 -12"><span class='ocrx_word' id='word_1_630' title='bbox 2305 3468 2525 3509; x_wconf 88' lang='lat' dir='ltr'><strong>carnem</strong></span> <span class='ocrx_word' id='word_1_631' title='bbox 2549 3470 2562 3505; x_wconf 91' lang='lat'>:</span> <span class='ocrx_word' id='word_1_632' title='bbox 2582 3467 2707 3505; x_wconf 91' lang='lat' dir='ltr'><strong>nam</strong></span> <span class='ocrx_word' id='word_1_633' title='bbox 2731 3451 2825 3521; x_wconf 91' lang='lat' dir='ltr'><strong>qui</strong></span> <span class='ocrx_word' id='word_1_634' title='bbox 2852 3451 2963 3506; x_wconf 87' lang='lat' dir='ltr'><strong>Deo</strong></span> <span class='ocrx_word' id='word_1_635' title='bbox 2991 3450 3255 3515; x_wconf 67' lang='lat' dir='ltr'><strong>adhaeret,</strong></span> <span class='ocrx_word' id='word_1_636' title='bbox 3281 3459 3367 3506; x_wconf 91' lang='lat' dir='ltr'><strong>est</strong></span> <span class='ocrx_word' id='word_1_637' title='bbox 3391 3466 3537 3505; x_wconf 91' lang='lat' dir='ltr'><strong>unus</strong></span> <span class='ocrx_word' id='word_1_638' title='bbox 3564 3451 3866 3520; x_wconf 85' lang='lat' dir='ltr'><strong>spiritus&quot;.</strong></span> 
     </span>
    </p>
   </div>
   <div class='ocr_carea' id='block_1_80' title="bbox 2306 3539 3872 3616">
    <p class='ocr_par' dir='ltr' id='par_1_80' title="bbox 2306 3539 3872 3616">
     <span class='ocr_line' id='line_1_80' title="bbox 2306 3539 3872 3616; baseline -0.003 -18"><span class='ocrx_word' id='word_1_639' title='bbox 2306 3544 2423 3598; x_wconf 87' lang='lat' dir='ltr'><strong>Non</strong></span> <span class='ocrx_word' id='word_1_640' title='bbox 2451 3543 2629 3597; x_wconf 90' lang='lat' dir='ltr'><strong>solum</strong></span> <span class='ocrx_word' id='word_1_641' title='bbox 2669 3549 2852 3594; x_wconf 86' lang='lat' dir='ltr'><strong>autem</strong></span> <span class='ocrx_word' id='word_1_642' title='bbox 2884 3540 2939 3594; x_wconf 91' lang='lat' dir='ltr'><strong>in</strong></span> <span class='ocrx_word' id='word_1_643' title='bbox 2961 3541 3149 3616; x_wconf 79' lang='lat' dir='ltr'><strong>rebus,</strong></span> <span class='ocrx_word' id='word_1_644' title='bbox 3192 3539 3287 3595; x_wconf 83' lang='lat' dir='ltr'><strong>sed</strong></span> <span class='ocrx_word' id='word_1_645' title='bbox 3312 3541 3477 3594; x_wconf 88' lang='lat' dir='ltr'><strong>etiam</strong></span> <span class='ocrx_word' id='word_1_646' title='bbox 3514 3541 3569 3593; x_wconf 92' lang='lat' dir='ltr'><strong>in</strong></span> <span class='ocrx_word' id='word_1_647' title='bbox 3596 3540 3730 3610; x_wconf 89' lang='lat' dir='ltr'><strong>ipsis</strong></span> <span class='ocrx_word' id='word_1_648' title='bbox 3759 3556 3872 3595; x_wconf 84' lang='lat' dir='ltr'><strong>ver-</strong></span> 
     </span>
    </p>
   </div>
   <div class='ocr_carea' id='block_1_81' title="bbox 2306 3630 3869 3702">
    <p class='ocr_par' dir='ltr' id='par_1_81' title="bbox 2306 3630 3869 3702">
     <span class='ocr_line' id='line_1_81' title="bbox 2306 3630 3869 3702; baseline -0.004 -13"><span class='ocrx_word' id='word_1_649' title='bbox 2306 3635 2395 3689; x_wconf 91' lang='lat' dir='ltr'><strong>bis</strong></span> <span class='ocrx_word' id='word_1_650' title='bbox 2420 3634 2549 3688; x_wconf 87' lang='lat' dir='ltr'><strong>licet</strong></span> <span class='ocrx_word' id='word_1_651' title='bbox 2570 3633 2763 3687; x_wconf 88' lang='lat' dir='ltr'><strong>audire</strong></span> <span class='ocrx_word' id='word_1_652' title='bbox 2789 3631 3033 3686; x_wconf 83' lang='lat' dir='ltr'><strong>divinam</strong></span> <span class='ocrx_word' id='word_1_653' title='bbox 3081 3631 3422 3699; x_wconf 87' lang='lat' dir='ltr'><strong>Scripturam</strong></span> <span class='ocrx_word' id='word_1_654' title='bbox 3457 3630 3869 3702; x_wconf 81' lang='lat' dir='ltr'><strong>conjungentem</strong></span> 
     </span>
    </p>
   </div>
   <div class='ocr_carea' id='block_1_82' title="bbox 2303 3723 3867 3799">
    <p class='ocr_par' dir='ltr' id='par_1_82' title="bbox 2303 3723 3867 3799">
     <span class='ocr_line' id='line_1_82' title="bbox 2303 3723 3867 3799; baseline -0.006 -17"><span class='ocrx_word' id='word_1_655' title='bbox 2303 3738 2362 3782; x_wconf 88' lang='lat' dir='ltr'><strong>et</strong></span> <span class='ocrx_word' id='word_1_656' title='bbox 2394 3742 2566 3781; x_wconf 82' lang='lat' dir='ltr'><strong>unum</strong></span> <span class='ocrx_word' id='word_1_657' title='bbox 2615 3725 2905 3780; x_wconf 85' lang='lat' dir='ltr'><strong>facientem</strong></span> <span class='ocrx_word' id='word_1_658' title='bbox 2962 3723 3229 3778; x_wconf 86' lang='lat' dir='ltr'><strong>Adamum</strong></span> <span class='ocrx_word' id='word_1_659' title='bbox 3272 3735 3328 3777; x_wconf 82' lang='lat' dir='ltr'><strong>et</strong></span> <span class='ocrx_word' id='word_1_660' title='bbox 3383 3723 3574 3799; x_wconf 78' lang='lat' dir='ltr'><strong>Evam,</strong></span> <span class='ocrx_word' id='word_1_661' title='bbox 3620 3732 3867 3793; x_wconf 84' lang='lat' dir='ltr'><strong>tanquam</strong></span> 
     </span>
    </p>
   </div>
   <div class='ocr_carea' id='block_1_83' title="bbox 2306 3813 3871 3888">
    <p class='ocr_par' dir='ltr' id='par_1_83' title="bbox 2306 3813 3871 3888">
     <span class='ocr_line' id='line_1_83' title="bbox 2306 3813 3871 3888; baseline -0.004 -15"><span class='ocrx_word' id='word_1_662' title='bbox 2306 3834 2476 3873; x_wconf 89' lang='lat' dir='ltr'><strong>unum</strong></span> <span class='ocrx_word' id='word_1_663' title='bbox 2507 3817 2805 3882; x_wconf 87' lang='lat' dir='ltr'><strong>hominem,</strong></span> <span class='ocrx_word' id='word_1_664' title='bbox 2842 3817 2896 3870; x_wconf 91' lang='lat' dir='ltr'><strong>in</strong></span> <span class='ocrx_word' id='word_1_665' title='bbox 2920 3824 3107 3888; x_wconf 76' lang='lat' dir='ltr'><strong>typum</strong></span> <span class='ocrx_word' id='word_1_666' title='bbox 3131 3815 3336 3869; x_wconf 89' lang='lat' dir='ltr'><strong>Christi</strong></span> <span class='ocrx_word' id='word_1_667' title='bbox 3368 3815 3699 3870; x_wconf 65' lang='lat' dir='ltr'><strong>ctEcclcsite</strong></span> <span class='ocrx_word' id='word_1_668' title='bbox 3740 3813 3871 3868; x_wconf 79' lang='lat' dir='ltr'><strong>:Fa-</strong></span> 
     </span>
    </p>
   </div>
   <div class='ocr_carea' id='block_1_84' title="bbox 2306 3906 3870 3979">
    <p class='ocr_par' dir='ltr' id='par_1_84' title="bbox 2306 3906 3870 3979">
     <span class='ocr_line' id='line_1_84' title="bbox 2306 3906 3870 3979; baseline -0.003 -16"><span class='ocrx_word' id='word_1_669' title='bbox 2306 3912 2528 3977; x_wconf 79' lang='lat' dir='ltr'><strong>ciamus,</strong></span> <span class='ocrx_word' id='word_1_670' title='bbox 2562 3908 2742 3979; x_wconf 88' lang='lat' dir='ltr'><strong>inquit</strong></span> <span class='ocrx_word' id='word_1_671' title='bbox 2769 3910 2943 3975; x_wconf 89' lang='lat' dir='ltr'><strong>enim,</strong></span> <span class='ocrx_word' id='word_1_672' title='bbox 2970 3909 3232 3961; x_wconf 77' lang='lat' dir='ltr'><strong>hominem</strong></span> <span class='ocrx_word' id='word_1_673' title='bbox 3262 3906 3332 3960; x_wconf 86' lang='lat' dir='ltr'><strong>ad</strong></span> <span class='ocrx_word' id='word_1_674' title='bbox 3351 3908 3639 3977; x_wconf 80' lang='lat' dir='ltr'><strong>imaginem</strong></span> <span class='ocrx_word' id='word_1_675' title='bbox 3660 3917 3706 3960; x_wconf 85' lang='lat' dir='ltr'><strong>et</strong></span> <span class='ocrx_word' id='word_1_676' title='bbox 3730 3908 3870 3960; x_wconf 77' lang='lat' dir='ltr'><strong>simi-</strong></span> 
     </span>
    </p>
   </div>
   <div class='ocr_carea' id='block_1_85' title="bbox 2309 3996 3864 4071">
    <p class='ocr_par' dir='ltr' id='par_1_85' title="bbox 2309 3996 3864 4071">
     <span class='ocr_line' id='line_1_85' title="bbox 2309 3996 3864 4071; baseline -0.001 -16"><span class='ocrx_word' id='word_1_677' title='bbox 2309 4002 2585 4056; x_wconf 84' lang='lat' dir='ltr'><strong>litudinem</strong></span> <span class='ocrx_word' id='word_1_678' title='bbox 2620 3996 2879 4056; x_wconf 77' lang='lat' dir='ltr'><strong>nostram.</strong></span> <span class='ocrx_word' id='word_1_679' title='bbox 2944 4000 3086 4056; x_wconf 88' lang='lat' dir='ltr'><strong>Ecce</strong></span> <span class='ocrx_word' id='word_1_680' title='bbox 3125 4016 3249 4054; x_wconf 91' lang='lat' dir='ltr'><strong>cum</strong></span> <span class='ocrx_word' id='word_1_681' title='bbox 3282 3999 3339 4053; x_wconf 90' lang='lat' dir='ltr'><strong>in</strong></span> <span class='ocrx_word' id='word_1_682' title='bbox 3378 4015 3485 4054; x_wconf 90' lang='lat' dir='ltr'><strong>una</strong></span> <span class='ocrx_word' id='word_1_683' title='bbox 3525 3999 3864 4071; x_wconf 77' lang='lat' dir='ltr'><strong>persona’di-</strong></span> 
     </span>
    </p>
   </div>
   <div class='ocr_carea' id='block_1_86' title="bbox 2306 4091 3865 4164">
    <p class='ocr_par' dir='ltr' id='par_1_86' title="bbox 2306 4091 3865 4164">
     <span class='ocr_line' id='line_1_86' title="bbox 2306 4091 3865 4164; baseline -0.004 -15"><span class='ocrx_word' id='word_1_684' title='bbox 2306 4095 2478 4149; x_wconf 63' lang='lat' dir='ltr'><strong>sisset</strong></span> <span class='ocrx_word' id='word_1_685' title='bbox 2532 4096 2814 4156; x_wconf 76' lang='lat' dir='ltr'><strong>hominem,</strong></span> <span class='ocrx_word' id='word_1_686' title='bbox 2873 4093 3179 4164; x_wconf 83' lang='lat' dir='ltr'><strong>subjunxit,</strong></span> <span class='ocrx_word' id='word_1_687' title='bbox 3240 4093 3473 4147; x_wconf 87' lang='lat' dir='ltr'><strong>dicens:</strong></span> <span class='ocrx_word' id='word_1_688' title='bbox 3510 4091 3579 4146; x_wconf 86' lang='lat' dir='ltr'><strong>Et</strong></span> <span class='ocrx_word' id='word_1_689' title='bbox 3627 4093 3865 4163; x_wconf 72' lang='lat' dir='ltr'><strong>imperent</strong></span> 
     </span>
    </p>
   </div>
   <div class='ocr_carea' id='block_1_87' title="bbox 2307 4182 3870 4257">
    <p class='ocr_par' dir='ltr' id='par_1_87' title="bbox 2307 4182 3870 4257">
     <span class='ocr_line' id='line_1_87' title="bbox 2307 4182 3870 4257; baseline -0.004 -17"><span class='ocrx_word' id='word_1_690' title='bbox 2307 4187 2527 4257; x_wconf 80' lang='lat' dir='ltr'><strong>piscibus</strong></span> <span class='ocrx_word' id='word_1_691' title='bbox 2550 4187 2735 4239; x_wconf 83' lang='lat' dir='ltr'><strong>maris.</strong></span> <span class='ocrx_word' id='word_1_692' title='bbox 2762 4184 2901 4240; x_wconf 85' lang='lat' dir='ltr'><strong>Illud</strong></span> <span class='ocrx_word' id='word_1_693' title='bbox 2926 4192 3131 4249; x_wconf 90' lang='lat' dir='ltr'><strong>autem,</strong></span> <span class='ocrx_word' id='word_1_694' title='bbox 3150 4183 3435 4255; x_wconf 82' lang='lat' dir='ltr'><strong>Imperent,</strong></span> <span class='ocrx_word' id='word_1_695' title='bbox 3464 4194 3549 4237; x_wconf 80' lang='lat' dir='ltr'><strong>est</strong></span> <span class='ocrx_word' id='word_1_696' title='bbox 3577 4198 3682 4237; x_wconf 79' lang='lat' dir='ltr'><strong>vox</strong></span> <span class='ocrx_word' id='word_1_697' title='bbox 3705 4182 3870 4236; x_wconf 82' lang='lat' dir='ltr'><strong>dualis</strong></span> 
     </span>
    </p>
   </div>
   <div class='ocr_carea' id='block_1_88' title="bbox 2311 4274 3867 4349">
    <p class='ocr_par' dir='ltr' id='par_1_88' title="bbox 2311 4274 3867 4349">
     <span class='ocr_line' id='line_1_88' title="bbox 2311 4274 3867 4349; baseline -0.005 -15"><span class='ocrx_word' id='word_1_698' title='bbox 2311 4294 2404 4334; x_wconf 83' lang='lat' dir='ltr'><strong>seu</strong></span> <span class='ocrx_word' id='word_1_699' title='bbox 2436 4278 2681 4349; x_wconf 86' lang='lat' dir='ltr'><strong>pluralis,</strong></span> <span class='ocrx_word' id='word_1_700' title='bbox 2722 4277 2932 4331; x_wconf 80' lang='lat' dir='ltr'><strong>unitate</strong></span> <span class='ocrx_word' id='word_1_701' title='bbox 2957 4277 3012 4331; x_wconf 92' lang='lat' dir='ltr'><strong>in</strong></span> <span class='ocrx_word' id='word_1_702' title='bbox 3051 4276 3288 4341; x_wconf 87' lang='lat' dir='ltr'><strong>binario,</strong></span> <span class='ocrx_word' id='word_1_703' title='bbox 3324 4285 3379 4331; x_wconf 91' lang='lat' dir='ltr'><strong>et</strong></span> <span class='ocrx_word' id='word_1_704' title='bbox 3409 4274 3629 4330; x_wconf 88' lang='lat' dir='ltr'><strong>binario</strong></span> <span class='ocrx_word' id='word_1_705' title='bbox 3657 4275 3710 4328; x_wconf 89' lang='lat' dir='ltr'><strong>in</strong></span> <span class='ocrx_word' id='word_1_706' title='bbox 3762 4275 3867 4327; x_wconf 83' lang='lat' dir='ltr'><strong>uni—</strong></span> 
     </span>
    </p>
   </div>
   <div class='ocr_carea' id='block_1_89' title="bbox 2312 4365 3875 4445">
    <p class='ocr_par' dir='ltr' id='par_1_89' title="bbox 2312 4365 3875 4445">
     <span class='ocr_line' id='line_1_89' title="bbox 2312 4365 3875 4445; baseline -0.003 -21"><span class='ocrx_word' id='word_1_707' title='bbox 2312 4380 2422 4426; x_wconf 84' lang='lat' dir='ltr'><strong>tate</strong></span> <span class='ocrx_word' id='word_1_708' title='bbox 2454 4387 2550 4426; x_wconf 85' lang='lat' dir='ltr'><strong>ens</strong></span> <span class='ocrx_word' id='word_1_709' title='bbox 2579 4371 2939 4441; x_wconf 82' lang='lat' dir='ltr'><strong>conjungens.</strong></span> <span class='ocrx_word' id='word_1_710' title='bbox 2981 4369 3051 4423; x_wconf 85' lang='lat' dir='ltr'><strong>Et</strong></span> <span class='ocrx_word' id='word_1_711' title='bbox 3082 4383 3277 4423; x_wconf 89' lang='lat' dir='ltr'><strong>rursus</strong></span> <span class='ocrx_word' id='word_1_712' title='bbox 3305 4366 3442 4421; x_wconf 90' lang='lat' dir='ltr'><strong>dicit</strong></span> <span class='ocrx_word' id='word_1_713' title='bbox 3476 4386 3488 4418; x_wconf 86' lang='lat'>:</span> <span class='ocrx_word' id='word_1_714' title='bbox 3516 4367 3587 4421; x_wconf 83' lang='lat' dir='ltr'><strong>Et</strong></span> <span class='ocrx_word' id='word_1_715' title='bbox 3638 4368 3755 4438; x_wconf 74' lang='lat' dir='ltr'><strong>fecit</strong></span> <span class='ocrx_word' id='word_1_716' title='bbox 3778 4365 3875 4445; x_wconf 1' lang='lat' dir='ltr'><strong>Do-q</strong></span> 
     </span>
    </p>
   </div>
   <div class='ocr_carea' id='block_1_90' title="bbox 635 4444 3875 4543">
    <p class='ocr_par' dir='ltr' id='par_1_90' title="bbox 635 4444 3875 4543">
     <span class='ocr_line' id='line_1_90' title="bbox 635 4444 3875 4543; baseline -0.007 -15"><span class='ocrx_word' id='word_1_717' title='bbox 635 4472 946 4543; x_wconf 81' lang='lat' dir='ltr'><strong>reliquisset</strong></span> <span class='ocrx_word' id='word_1_718' title='bbox 980 4466 1184 4521; x_wconf 88' lang='lat' dir='ltr'><strong>tribum</strong></span> <span class='ocrx_word' id='word_1_719' title='bbox 1209 4479 1271 4518; x_wconf 90' lang='lat' dir='ltr'><strong>ac</strong></span> <span class='ocrx_word' id='word_1_720' title='bbox 1287 4460 1691 4532; x_wconf 73' lang='lat' dir='ltr'><strong>cognationem,</strong></span> <span class='ocrx_word' id='word_1_721' title='bbox 1724 4467 1779 4513; x_wconf 91' lang='lat' dir='ltr'><strong>et</strong></span> <span class='ocrx_word' id='word_1_722' title='bbox 1810 4458 2115 4513; x_wconf 79' lang='lat' dir='ltr'><strong>transtisset</strong></span> <span class='ocrx_word' id='word_1_723' title='bbox 2134 4457 2201 4511; x_wconf 86' lang='lat' dir='ltr'><strong>ad</strong></span> <span class='ocrx_word' id='word_1_724' title='bbox 2238 4463 2280 4519; x_wconf 81' lang='grc' dir='ltr'><strong>ι)</strong></span> <span class='ocrx_word' id='word_1_725' title='bbox 2312 4465 2479 4517; x_wconf 66' lang='lat' dir='ltr'><strong>minus</strong></span> <span class='ocrx_word' id='word_1_726' title='bbox 2503 4462 2638 4516; x_wconf 66' lang='lat' dir='ltr'><strong>Dem</strong></span> <span class='ocrx_word' id='word_1_727' title='bbox 2658 4464 2951 4527; x_wconf 61' lang='lat' dir='ltr'><strong>hominem;</strong></span> <span class='ocrx_word' id='word_1_728' title='bbox 2981 4460 3051 4515; x_wconf 78' lang='lat' dir='ltr'><strong>ad</strong></span> <span class='ocrx_word' id='word_1_729' title='bbox 3082 4462 3366 4532; x_wconf 69' lang='lat' dir='ltr'><strong>imaginem</strong></span> <span class='ocrx_word' id='word_1_730' title='bbox 3404 4461 3500 4513; x_wconf 68' lang='lat' dir='ltr'><strong>Dei</strong></span> <span class='ocrx_word' id='word_1_731' title='bbox 3522 4444 3642 4528; x_wconf 62' lang='lat' dir='ltr'><strong>fecit</strong></span> <span class='ocrx_word' id='word_1_732' title='bbox 3690 4460 3875 4533; x_wconf 48' lang='lat' dir='ltr'><strong>ipgm‘</strong></span> 
     </span>
    </p>
   </div>
   <div class='ocr_carea' id='block_1_91' title="bbox 632 4549 2211 4627">
    <p class='ocr_par' dir='ltr' id='par_1_91' title="bbox 632 4549 2211 4627">
     <span class='ocr_line' id='line_1_91' title="bbox 632 4549 2211 4627; baseline -0.01 -10"><span class='ocrx_word' id='word_1_733' title='bbox 632 4566 874 4619; x_wconf 53' lang='lat' dir='ltr'><strong>Graecam</strong></span> <span class='ocrx_word' id='word_1_734' title='bbox 904 4575 1001 4613; x_wconf 88' lang='lat' dir='ltr'><strong>seu</strong></span> <span class='ocrx_word' id='word_1_735' title='bbox 1048 4556 1327 4627; x_wconf 63' lang='lat' dir='ltr'><strong>seruilem.</strong></span> <span class='ocrx_word' id='word_1_736' title='bbox 1368 4552 1424 4606; x_wconf 88' lang='lat' dir='ltr'><strong>Si</strong></span> <span class='ocrx_word' id='word_1_737' title='bbox 1468 4558 1654 4605; x_wconf 85' lang='lat' dir='ltr'><strong>autem</strong></span> <span class='ocrx_word' id='word_1_738' title='bbox 1688 4564 1798 4604; x_wconf 90' lang='lat' dir='ltr'><strong>una</strong></span> <span class='ocrx_word' id='word_1_739' title='bbox 1838 4556 1927 4604; x_wconf 91' lang='lat' dir='ltr'><strong>est</strong></span> <span class='ocrx_word' id='word_1_740' title='bbox 1963 4563 2093 4603; x_wconf 79' lang='lat' dir='ltr'><strong>caro</strong></span> <span class='ocrx_word' id='word_1_741' title='bbox 2125 4549 2211 4603; x_wconf 89' lang='lat' dir='ltr'><strong>vir</strong></span> 
     </span>
    </p>
   </div>
   <div class='ocr_carea' id='block_1_92' title="bbox 633 4638 2211 4720">
    <p class='ocr_par' dir='ltr' id='par_1_92' title="bbox 633 4638 2211 4720">
     <span class='ocr_line' id='line_1_92' title="bbox 633 4638 2211 4720; baseline -0.008 -15"><span class='ocrx_word' id='word_1_742' title='bbox 633 4647 943 4720; x_wconf 82' lang='lat' dir='ltr'><strong>corporalis</strong></span> <span class='ocrx_word' id='word_1_743' title='bbox 1011 4656 1069 4699; x_wconf 82' lang='lat' dir='ltr'><strong>et</strong></span> <span class='ocrx_word' id='word_1_744' title='bbox 1128 4642 1363 4705; x_wconf 79' lang='lat' dir='ltr'><strong>mulier,</strong></span> <span class='ocrx_word' id='word_1_745' title='bbox 1431 4638 1663 4693; x_wconf 84' lang='lat' dir='ltr'><strong>omnino</strong></span> <span class='ocrx_word' id='word_1_746' title='bbox 1704 4646 1963 4707; x_wconf 85' lang='lat' dir='ltr'><strong>oportet,</strong></span> <span class='ocrx_word' id='word_1_747' title='bbox 2022 4640 2068 4692; x_wconf 85' lang='lat' dir='ltr'><strong>si</strong></span> <span class='ocrx_word' id='word_1_748' title='bbox 2126 4641 2211 4692; x_wconf 83' lang='lat' dir='ltr'><strong>vir</strong></span> 
     </span>
    </p>
   </div>
   <div class='ocr_carea' id='block_1_93' title="bbox 635 4731 2213 4801">
    <p class='ocr_par' dir='ltr' id='par_1_93' title="bbox 635 4731 2213 4801">
     <span class='ocr_line' id='line_1_93' title="bbox 635 4731 2213 4801; baseline -0.008 -4"><span class='ocrx_word' id='word_1_749' title='bbox 635 4743 708 4797; x_wconf 90' lang='lat' dir='ltr'><strong>sit</strong></span> <span class='ocrx_word' id='word_1_750' title='bbox 753 4738 1029 4801; x_wconf 81' lang='lat' dir='ltr'><strong>infirmus,</strong></span> <span class='ocrx_word' id='word_1_751' title='bbox 1070 4733 1340 4788; x_wconf 79' lang='lat' dir='ltr'><strong>inﬁrmam</strong></span> <span class='ocrx_word' id='word_1_752' title='bbox 1396 4744 1617 4799; x_wconf 81' lang='lat' dir='ltr'><strong>quoque</strong></span> <span class='ocrx_word' id='word_1_753' title='bbox 1653 4745 1774 4786; x_wconf 87' lang='lat' dir='ltr'><strong>esse</strong></span> <span class='ocrx_word' id='word_1_754' title='bbox 1814 4731 2127 4796; x_wconf 87' lang='lat' dir='ltr'><strong>mulierem,</strong></span> <span class='ocrx_word' id='word_1_755' title='bbox 2155 4742 2213 4785; x_wconf 92' lang='lat' dir='ltr'><strong>ct</strong></span> 
     </span>
    </p>
   </div>
   <div class='ocr_carea' id='block_1_94' title="bbox 635 4821 2212 4893">
    <p class='ocr_par' dir='ltr' id='par_1_94' title="bbox 635 4821 2212 4893">
     <span class='ocr_line' id='line_1_94' title="bbox 635 4821 2212 4893; baseline -0.01 -3"><span class='ocrx_word' id='word_1_756' title='bbox 635 4846 830 4889; x_wconf 86' lang='lat' dir='ltr'><strong>rursus</strong></span> <span class='ocrx_word' id='word_1_757' title='bbox 848 4829 893 4884; x_wconf 90' lang='lat' dir='ltr'><strong>si</strong></span> <span class='ocrx_word' id='word_1_758' title='bbox 913 4827 1113 4882; x_wconf 86' lang='lat' dir='ltr'><strong>mulier</strong></span> <span class='ocrx_word' id='word_1_759' title='bbox 1143 4822 1417 4893; x_wconf 76' lang='lat' dir='ltr'><strong>alﬂigatur</strong></span> <span class='ocrx_word' id='word_1_760' title='bbox 1435 4829 1816 4886; x_wconf 84' lang='lat' dir='ltr'><strong>autsenescat,</strong></span> <span class='ocrx_word' id='word_1_761' title='bbox 1843 4821 2007 4877; x_wconf 85' lang='lat' dir='ltr'><strong>simul</strong></span> <span class='ocrx_word' id='word_1_762' title='bbox 2046 4823 2212 4877; x_wconf 90' lang='lat' dir='ltr'><strong>ctiam</strong></span> 
     </span>
    </p>
   </div>
   <div class='ocr_carea' id='block_1_95' title="bbox 637 4913 2210 4984">
    <p class='ocr_par' dir='ltr' id='par_1_95' title="bbox 637 4913 2210 4984">
     <span class='ocr_line' id='line_1_95' title="bbox 637 4913 2210 4984; baseline -0.003 -9"><span class='ocrx_word' id='word_1_763' title='bbox 637 4936 858 4984; x_wconf 66' lang='lat' dir='ltr'><strong>cantem</strong></span> <span class='ocrx_word' id='word_1_764' title='bbox 904 4920 1009 4977; x_wconf 86' lang='lat' dir='ltr'><strong>viri</strong></span> <span class='ocrx_word' id='word_1_765' title='bbox 1068 4916 1373 4980; x_wconf 80' lang='lat' dir='ltr'><strong>tabescere,</strong></span> <span class='ocrx_word' id='word_1_766' title='bbox 1422 4922 1482 4969; x_wconf 86' lang='lat' dir='ltr'><strong>et</strong></span> <span class='ocrx_word' id='word_1_767' title='bbox 1538 4915 1586 4970; x_wconf 85' lang='lat' dir='ltr'><strong>si</strong></span> <span class='ocrx_word' id='word_1_768' title='bbox 1623 4914 1711 4969; x_wconf 80' lang='lat' dir='ltr'><strong>vir</strong></span> <span class='ocrx_word' id='word_1_769' title='bbox 1749 4913 2000 4980; x_wconf 85' lang='lat' dir='ltr'><strong>decedat,</strong></span> <span class='ocrx_word' id='word_1_770' title='bbox 2047 4916 2210 4971; x_wconf 90' lang='lat' dir='ltr'><strong>simul</strong></span> 
     </span>
    </p>
   </div>
   <div class='ocr_carea' id='block_1_96' title="bbox 635 5007 2214 5088">
    <p class='ocr_par' dir='ltr' id='par_1_96' title="bbox 635 5007 2214 5088">
     <span class='ocr_line' id='line_1_96' title="bbox 635 5007 2214 5088; baseline -0.005 -17"><span class='ocrx_word' id='word_1_771' title='bbox 635 5030 856 5088; x_wconf 80' lang='lat' dir='ltr'><strong>quoque</strong></span> <span class='ocrx_word' id='word_1_772' title='bbox 888 5014 1025 5068; x_wconf 82' lang='lat' dir='ltr'><strong>mori</strong></span> <span class='ocrx_word' id='word_1_773' title='bbox 1063 5023 1311 5077; x_wconf 75' lang='lat' dir='ltr'><strong>uxorem.</strong></span> <span class='ocrx_word' id='word_1_774' title='bbox 1365 5007 1639 5074; x_wconf 81' lang='lat' dir='ltr'><strong>Quoniam</strong></span> <span class='ocrx_word' id='word_1_775' title='bbox 1672 5016 1857 5063; x_wconf 89' lang='lat' dir='ltr'><strong>autem</strong></span> <span class='ocrx_word' id='word_1_776' title='bbox 1919 5024 1983 5063; x_wconf 88' lang='lat' dir='ltr'><strong>ea</strong></span> <span class='ocrx_word' id='word_1_777' title='bbox 2017 5009 2214 5079; x_wconf 84' lang='lat' dir='ltr'><strong>loquor</strong></span> 
     </span>
    </p>
   </div>
   <div class='ocr_carea' id='block_1_97' title="bbox 635 5098 2212 5179">
    <p class='ocr_par' dir='ltr' id='par_1_97' title="bbox 635 5098 2212 5179">
     <span class='ocr_line' id='line_1_97' title="bbox 635 5098 2212 5179; baseline -0.004 -18"><span class='ocrx_word' id='word_1_778' title='bbox 635 5124 758 5179; x_wconf 68' lang='lat' dir='ltr'><strong>quae</strong></span> <span class='ocrx_word' id='word_1_779' title='bbox 780 5106 991 5162; x_wconf 84' lang='lat' dir='ltr'><strong>faciunt</strong></span> <span class='ocrx_word' id='word_1_780' title='bbox 1006 5103 1071 5157; x_wconf 87' lang='lat' dir='ltr'><strong>ad</strong></span> <span class='ocrx_word' id='word_1_781' title='bbox 1096 5114 1316 5155; x_wconf 84' lang='lat' dir='ltr'><strong>causam</strong></span> <span class='ocrx_word' id='word_1_782' title='bbox 1337 5099 1545 5156; x_wconf 86' lang='lat' dir='ltr'><strong>Christi</strong></span> <span class='ocrx_word' id='word_1_783' title='bbox 1568 5098 1992 5164; x_wconf 83' lang='lat' dir='ltr'><strong>defendendam,</strong></span> <span class='ocrx_word' id='word_1_784' title='bbox 2021 5109 2077 5154; x_wconf 86' lang='lat' dir='ltr'><strong>et</strong></span> <span class='ocrx_word' id='word_1_785' title='bbox 2100 5116 2212 5155; x_wconf 83' lang='lat' dir='ltr'><strong>suae</strong></span> 
     </span>
    </p>
   </div>
   <div class='ocr_carea' id='block_1_98' title="bbox 637 5193 2208 5274">
    <p class='ocr_par' dir='ltr' id='par_1_98' title="bbox 637 5193 2208 5274">
     <span class='ocr_line' id='line_1_98' title="bbox 637 5193 2208 5274; baseline -0.008 -15"><span class='ocrx_word' id='word_1_786' title='bbox 637 5200 889 5274; x_wconf 71' lang='lat' dir='ltr'><strong>conjugis</strong></span> <span class='ocrx_word' id='word_1_787' title='bbox 926 5197 1207 5262; x_wconf 66' lang='lat' dir='ltr'><strong>Ecclesiae,</strong></span> <span class='ocrx_word' id='word_1_788' title='bbox 1246 5208 1402 5249; x_wconf 77' lang='lat' dir='ltr'><strong>arma</strong></span> <span class='ocrx_word' id='word_1_789' title='bbox 1450 5207 1611 5249; x_wconf 88' lang='lat' dir='ltr'><strong>sumo</strong></span> <span class='ocrx_word' id='word_1_790' title='bbox 1662 5193 1930 5249; x_wconf 86' lang='lat' dir='ltr'><strong>adversus</strong></span> <span class='ocrx_word' id='word_1_791' title='bbox 1970 5193 2208 5249; x_wconf 64' lang='lat' dir='ltr'><strong>Judtcos.</strong></span> 
     </span>
    </p>
   </div>
   <div class='ocr_carea' id='block_1_99' title="bbox 640 5287 2212 5364">
    <p class='ocr_par' dir='ltr' id='par_1_99' title="bbox 640 5287 2212 5364">
     <span class='ocr_line' id='line_1_99' title="bbox 640 5287 2212 5364; baseline -0.008 -12"><span class='ocrx_word' id='word_1_792' title='bbox 640 5297 795 5351; x_wconf 82' lang='lat' dir='ltr'><strong>Dicat</strong></span> <span class='ocrx_word' id='word_1_793' title='bbox 822 5304 955 5364; x_wconf 77' lang='lat' dir='ltr'><strong>ergo</strong></span> <span class='ocrx_word' id='word_1_794' title='bbox 991 5290 1129 5346; x_wconf 87' lang='lat' dir='ltr'><strong>mihi</strong></span> <span class='ocrx_word' id='word_1_795' title='bbox 1154 5287 1380 5345; x_wconf 63' lang='lat' dir='ltr'><strong>Iudaeus</strong></span> <span class='ocrx_word' id='word_1_796' title='bbox 1414 5305 1428 5341; x_wconf 91' lang='lat'>:</span> <span class='ocrx_word' id='word_1_797' title='bbox 1460 5287 1517 5343; x_wconf 82' lang='lat' dir='ltr'><strong>Si</strong></span> <span class='ocrx_word' id='word_1_798' title='bbox 1565 5290 1732 5341; x_wconf 88' lang='lat' dir='ltr'><strong>homo</strong></span> <span class='ocrx_word' id='word_1_799' title='bbox 1780 5295 1837 5341; x_wconf 91' lang='lat' dir='ltr'><strong>et</strong></span> <span class='ocrx_word' id='word_1_800' title='bbox 1865 5287 1951 5340; x_wconf 85' lang='lat' dir='ltr'><strong>vir</strong></span> <span class='ocrx_word' id='word_1_801' title='bbox 1979 5296 2109 5341; x_wconf 90' lang='lat' dir='ltr'><strong>sunt</strong></span> <span class='ocrx_word' id='word_1_802' title='bbox 2159 5289 2212 5341; x_wconf 83' lang='lat' dir='ltr'><strong>in</strong></span> 
     </span>
    </p>
   </div>
   <div class='ocr_carea' id='block_1_100' title="bbox 630 5377 2218 5452">
    <p class='ocr_par' dir='ltr' id='par_1_100' title="bbox 630 5377 2218 5452">
     <span class='ocr_line' id='line_1_100' title="bbox 630 5377 2218 5452; baseline -0.004 -14"><span class='ocrx_word' id='word_1_803' title='bbox 630 5401 851 5440; x_wconf 78' lang='lat' dir='ltr'><strong>carnem</strong></span> <span class='ocrx_word' id='word_1_804' title='bbox 874 5399 1058 5448; x_wconf 81' lang='lat' dir='ltr'><strong>unam,</strong></span> <span class='ocrx_word' id='word_1_805' title='bbox 1092 5379 1372 5452; x_wconf 88' lang='lat' dir='ltr'><strong>quomodo</strong></span> <span class='ocrx_word' id='word_1_806' title='bbox 1388 5394 1500 5434; x_wconf 90' lang='lat' dir='ltr'><strong>non</strong></span> <span class='ocrx_word' id='word_1_807' title='bbox 1517 5378 1658 5432; x_wconf 75' lang='lat' dir='ltr'><strong>dixit</strong></span> <span class='ocrx_word' id='word_1_808' title='bbox 1682 5395 1695 5431; x_wconf 87' lang='lat'><strong>:</strong></span> <span class='ocrx_word' id='word_1_809' title='bbox 1729 5377 1798 5432; x_wconf 86' lang='lat' dir='ltr'><strong>Et</strong></span> <span class='ocrx_word' id='word_1_810' title='bbox 1833 5381 1888 5432; x_wconf 82' lang='lat' dir='ltr'><strong>in</strong></span> <span class='ocrx_word' id='word_1_811' title='bbox 1906 5395 2070 5433; x_wconf 85' lang='lat' dir='ltr'><strong>unam</strong></span> <span class='ocrx_word' id='word_1_812' title='bbox 2100 5381 2218 5435; x_wconf 86' lang='lat' dir='ltr'><strong>ani-</strong></span> 
     </span>
    </p>
   </div>
   <div class='ocr_carea' id='block_1_101' title="bbox 2310 4552 3859 4624">
    <p class='ocr_par' dir='ltr' id='par_1_101' title="bbox 2310 4552 3859 4624">
     <span class='ocr_line' id='line_1_101' title="bbox 2310 4552 3859 4624; baseline -0.004 -14"><span class='ocrx_word' id='word_1_813' title='bbox 2310 4557 2413 4610; x_wconf 91' lang='lat' dir='ltr'><strong>hoc</strong></span> <span class='ocrx_word' id='word_1_814' title='bbox 2435 4564 2540 4621; x_wconf 88' lang='lat' dir='ltr'><strong>est,</strong></span> <span class='ocrx_word' id='word_1_815' title='bbox 2564 4569 2691 4608; x_wconf 89' lang='lat' dir='ltr'><strong>cum</strong></span> <span class='ocrx_word' id='word_1_816' title='bbox 2726 4552 2926 4624; x_wconf 89' lang='lat' dir='ltr'><strong>quiest</strong></span> <span class='ocrx_word' id='word_1_817' title='bbox 2954 4568 3097 4607; x_wconf 91' lang='lat' dir='ltr'><strong>unus</strong></span> <span class='ocrx_word' id='word_1_818' title='bbox 3124 4561 3181 4608; x_wconf 89' lang='lat' dir='ltr'><strong>et</strong></span> <span class='ocrx_word' id='word_1_819' title='bbox 3209 4553 3360 4607; x_wconf 91' lang='lat' dir='ltr'><strong>solus</strong></span> <span class='ocrx_word' id='word_1_820' title='bbox 3382 4560 3641 4622; x_wconf 81' lang='lat' dir='ltr'><strong>tanquam</strong></span> <span class='ocrx_word' id='word_1_821' title='bbox 3661 4553 3716 4609; x_wconf 88' lang='lat' dir='ltr'><strong>in</strong></span> <span class='ocrx_word' id='word_1_822' title='bbox 3747 4553 3859 4606; x_wconf 88' lang='lat' dir='ltr'><strong>duo—</strong></span> 
     </span>
    </p>
   </div>
   <div class='ocr_carea' id='block_1_102' title="bbox 2309 4644 3863 4717">
    <p class='ocr_par' dir='ltr' id='par_1_102' title="bbox 2309 4644 3863 4717">
     <span class='ocr_line' id='line_1_102' title="bbox 2309 4644 3863 4717; baseline -0.005 -14"><span class='ocrx_word' id='word_1_823' title='bbox 2309 4649 2432 4703; x_wconf 90' lang='lat' dir='ltr'><strong>bus.</strong></span> <span class='ocrx_word' id='word_1_824' title='bbox 2463 4647 2631 4717; x_wconf 82' lang='lat' dir='ltr'><strong>quue</strong></span> <span class='ocrx_word' id='word_1_825' title='bbox 2659 4653 2744 4700; x_wconf 92' lang='lat' dir='ltr'><strong>est</strong></span> <span class='ocrx_word' id='word_1_826' title='bbox 2780 4647 3133 4716; x_wconf 89' lang='lat' dir='ltr'><strong>perspicuum</strong></span> <span class='ocrx_word' id='word_1_827' title='bbox 3163 4661 3229 4700; x_wconf 82' lang='lat' dir='ltr'><strong>ex</strong></span> <span class='ocrx_word' id='word_1_828' title='bbox 3265 4645 3335 4699; x_wconf 92' lang='lat' dir='ltr'><strong>iis</strong></span> <span class='ocrx_word' id='word_1_829' title='bbox 3370 4659 3491 4714; x_wconf 76' lang='lat' dir='ltr'><strong>qua:</strong></span> <span class='ocrx_word' id='word_1_830' title='bbox 3535 4644 3807 4715; x_wconf 72' lang='lat' dir='ltr'><strong>subjungit</strong></span> <span class='ocrx_word' id='word_1_831' title='bbox 3853 4661 3863 4671; x_wconf 92' lang='grc'>·</span> 
     </span>
    </p>
   </div>
   <div class='ocr_carea' id='block_1_103' title="bbox 2309 4735 3868 4810">
    <p class='ocr_par' dir='ltr' id='par_1_103' title="bbox 2309 4735 3868 4810">
     <span class='ocr_line' id='line_1_103' title="bbox 2309 4735 3868 4810; baseline -0.004 -15"><span class='ocrx_word' id='word_1_832' title='bbox 2309 4739 2604 4795; x_wconf 72' lang='lat' dir='ltr'><strong>Masculum</strong></span> <span class='ocrx_word' id='word_1_833' title='bbox 2628 4748 2679 4793; x_wconf 76' lang='lat' dir='ltr'><strong>et</strong></span> <span class='ocrx_word' id='word_1_834' title='bbox 2706 4740 2957 4810; x_wconf 78' lang='lat' dir='ltr'><strong>feminam</strong></span> <span class='ocrx_word' id='word_1_835' title='bbox 2997 4738 3115 4808; x_wconf 80' lang='lat' dir='ltr'><strong>fecit</strong></span> <span class='ocrx_word' id='word_1_836' title='bbox 3132 4754 3235 4792; x_wconf 84' lang='lat' dir='ltr'><strong>eos.</strong></span> <span class='ocrx_word' id='word_1_837' title='bbox 3260 4738 3423 4802; x_wconf 87' lang='lat' dir='ltr'><strong>Ecce,</strong></span> <span class='ocrx_word' id='word_1_838' title='bbox 3462 4735 3605 4791; x_wconf 79' lang='lat' dir='ltr'><strong>duos</strong></span> <span class='ocrx_word' id='word_1_839' title='bbox 3632 4737 3723 4808; x_wconf 85' lang='lat' dir='ltr'><strong>qui</strong></span> <span class='ocrx_word' id='word_1_840' title='bbox 3756 4745 3868 4791; x_wconf 90' lang='lat' dir='ltr'><strong>sunt</strong></span> 
     </span>
    </p>
   </div>
   <div class='ocr_carea' id='block_1_104' title="bbox 2311 4829 3713 4901">
    <p class='ocr_par' dir='ltr' id='par_1_104' title="bbox 2311 4829 3713 4901">
     <span class='ocr_line' id='line_1_104' title="bbox 2311 4829 3713 4901; baseline -0.005 -13"><span class='ocrx_word' id='word_1_841' title='bbox 2311 4833 2368 4887; x_wconf 92' lang='lat' dir='ltr'><strong>in</strong></span> <span class='ocrx_word' id='word_1_842' title='bbox 2395 4847 2561 4888; x_wconf 89' lang='lat' dir='ltr'><strong>unam</strong></span> <span class='ocrx_word' id='word_1_843' title='bbox 2587 4846 2829 4897; x_wconf 87' lang='lat' dir='ltr'><strong>carnem,</strong></span> <span class='ocrx_word' id='word_1_844' title='bbox 2888 4846 3060 4885; x_wconf 88' lang='lat' dir='ltr'><strong>unum</strong></span> <span class='ocrx_word' id='word_1_845' title='bbox 3096 4829 3230 4885; x_wconf 85' lang='lat' dir='ltr'><strong>dicit</strong></span> <span class='ocrx_word' id='word_1_846' title='bbox 3253 4829 3553 4884; x_wconf 88' lang='lat' dir='ltr'><strong>hominem.</strong></span> <span class='ocrx_word' id='word_1_847' title='bbox 3708 4898 3713 4901; x_wconf 19' lang='grc' dir='ltr'><strong>η</strong></span> 
     </span>
    </p>
   </div>
   <div class='ocr_carea' id='block_1_105' title="bbox 2384 4918 3867 4990">
    <p class='ocr_par' dir='ltr' id='par_1_105' title="bbox 2384 4918 3867 4990">
     <span class='ocr_line' id='line_1_105' title="bbox 2384 4918 3867 4990; baseline -0.005 -13"><span class='ocrx_word' id='word_1_848' title='bbox 2384 4922 2560 4978; x_wconf 80' lang='lat' dir='ltr'><strong>Pcrro</strong></span> <span class='ocrx_word' id='word_1_849' title='bbox 2586 4931 2769 4976; x_wconf 86' lang='lat' dir='ltr'><strong>autem</strong></span> <span class='ocrx_word' id='word_1_850' title='bbox 2794 4921 2851 4974; x_wconf 91' lang='lat' dir='ltr'><strong>in</strong></span> <span class='ocrx_word' id='word_1_851' title='bbox 2888 4929 3163 4990; x_wconf 63' lang='lat' dir='ltr'><strong>praecepto</strong></span> <span class='ocrx_word' id='word_1_852' title='bbox 3195 4935 3417 4989; x_wconf 91' lang='lat' dir='ltr'><strong>quoque</strong></span> <span class='ocrx_word' id='word_1_853' title='bbox 3443 4918 3511 4974; x_wconf 91' lang='lat' dir='ltr'><strong>de</strong></span> <span class='ocrx_word' id='word_1_854' title='bbox 3533 4919 3795 4975; x_wconf 76' lang='lat' dir='ltr'><strong>vescendo</strong></span> <span class='ocrx_word' id='word_1_855' title='bbox 3820 4925 3867 4970; x_wconf 83' lang='lat' dir='ltr'><strong>et</strong></span> 
     </span>
    </p>
   </div>
   <div class='ocr_carea' id='block_1_106' title="bbox 2314 5012 3864 5077">
    <p class='ocr_par' dir='ltr' id='par_1_106' title="bbox 2314 5012 3864 5077">
     <span class='ocr_line' id='line_1_106' title="bbox 2314 5012 3864 5077; baseline -0.003 -8"><span class='ocrx_word' id='word_1_856' title='bbox 2314 5012 2677 5076; x_wconf 87' lang='lat' dir='ltr'><strong>abstinendo,</strong></span> <span class='ocrx_word' id='word_1_857' title='bbox 2730 5012 2861 5067; x_wconf 89' lang='lat' dir='ltr'><strong>licet</strong></span> <span class='ocrx_word' id='word_1_858' title='bbox 2913 5012 3107 5068; x_wconf 80' lang='lat' dir='ltr'><strong>audire</strong></span> <span class='ocrx_word' id='word_1_859' title='bbox 3164 5013 3339 5069; x_wconf 88' lang='lat' dir='ltr'><strong>Deum</strong></span> <span class='ocrx_word' id='word_1_860' title='bbox 3401 5015 3545 5071; x_wconf 89' lang='lat' dir='ltr'><strong>idem</strong></span> <span class='ocrx_word' id='word_1_861' title='bbox 3576 5015 3864 5077; x_wconf 72' lang='lat' dir='ltr'><strong>dicentem,</strong></span> 
     </span>
    </p>
   </div>
   <div class='ocr_carea' id='block_1_107' title="bbox 2314 5103 3865 5173">
    <p class='ocr_par' dir='ltr' id='par_1_107' title="bbox 2314 5103 3865 5173">
     <span class='ocr_line' id='line_1_107' title="bbox 2314 5103 3865 5173; baseline -0.001 -15"><span class='ocrx_word' id='word_1_862' title='bbox 2314 5119 2515 5173; x_wconf 88' lang='lat' dir='ltr'><strong>nempe</strong></span> <span class='ocrx_word' id='word_1_863' title='bbox 2546 5118 2715 5157; x_wconf 88' lang='lat' dir='ltr'><strong>unum</strong></span> <span class='ocrx_word' id='word_1_864' title='bbox 2767 5103 3047 5159; x_wconf 85' lang='lat' dir='ltr'><strong>hominem</strong></span> <span class='ocrx_word' id='word_1_865' title='bbox 3104 5118 3230 5159; x_wconf 90' lang='lat' dir='ltr'><strong>cum</strong></span> <span class='ocrx_word' id='word_1_866' title='bbox 3284 5106 3393 5159; x_wconf 89' lang='lat' dir='ltr'><strong>sint</strong></span> <span class='ocrx_word' id='word_1_867' title='bbox 3426 5105 3537 5162; x_wconf 89' lang='lat' dir='ltr'><strong>duo</strong></span> <span class='ocrx_word' id='word_1_868' title='bbox 3573 5127 3584 5160; x_wconf 93' lang='lat'>:</span> <span class='ocrx_word' id='word_1_869' title='bbox 3614 5107 3689 5160; x_wconf 73' lang='lat' dir='ltr'><strong>De</strong></span> <span class='ocrx_word' id='word_1_870' title='bbox 3745 5110 3865 5162; x_wconf 82' lang='lat' dir='ltr'><strong>omni</strong></span> 
     </span>
    </p>
   </div>
   <div class='ocr_carea' id='block_1_108' title="bbox 2317 5196 3861 5270">
    <p class='ocr_par' dir='ltr' id='par_1_108' title="bbox 2317 5196 3861 5270">
     <span class='ocr_line' id='line_1_108' title="bbox 2317 5196 3861 5270; baseline 0 -20"><span class='ocrx_word' id='word_1_871' title='bbox 2317 5196 2458 5267; x_wconf 82' lang='lat' dir='ltr'><strong>ligno</strong></span> <span class='ocrx_word' id='word_1_872' title='bbox 2480 5196 2617 5267; x_wconf 79' lang='lat' dir='ltr'><strong>quod</strong></span> <span class='ocrx_word' id='word_1_873' title='bbox 2643 5197 2800 5249; x_wconf 80' lang='lat' dir='ltr'><strong>estin</strong></span> <span class='ocrx_word' id='word_1_874' title='bbox 2841 5197 3090 5266; x_wconf 84' lang='lat' dir='ltr'><strong>paradiso</strong></span> <span class='ocrx_word' id='word_1_875' title='bbox 3128 5199 3392 5264; x_wconf 72' lang='lat' dir='ltr'><strong>comrdes,</strong></span> <span class='ocrx_word' id='word_1_876' title='bbox 3430 5199 3751 5270; x_wconf 86' lang='lat' dir='ltr'><strong>alloquendo</strong></span> <span class='ocrx_word' id='word_1_877' title='bbox 3779 5199 3861 5252; x_wconf 87' lang='lat' dir='ltr'><strong>ho-</strong></span> 
     </span>
    </p>
   </div>
   <div class='ocr_carea' id='block_1_109' title="bbox 2318 5284 3861 5360">
    <p class='ocr_par' dir='ltr' id='par_1_109' title="bbox 2318 5284 3861 5360">
     <span class='ocr_line' id='line_1_109' title="bbox 2318 5284 3861 5360; baseline -0.003 -17"><span class='ocrx_word' id='word_1_878' title='bbox 2318 5289 2555 5353; x_wconf 88' lang='lat' dir='ltr'><strong>minem;</strong></span> <span class='ocrx_word' id='word_1_879' title='bbox 2580 5286 2641 5339; x_wconf 82' lang='lat' dir='ltr'><strong>de</strong></span> <span class='ocrx_word' id='word_1_880' title='bbox 2672 5284 2812 5355; x_wconf 78' lang='lat' dir='ltr'><strong>ligno</strong></span> <span class='ocrx_word' id='word_1_881' title='bbox 2838 5296 3009 5341; x_wconf 78' lang='lat' dir='ltr'><strong>autem</strong></span> <span class='ocrx_word' id='word_1_882' title='bbox 3038 5291 3379 5360; x_wconf 64' lang='lat' dir='ltr'><strong>cognoscendi</strong></span> <span class='ocrx_word' id='word_1_883' title='bbox 3407 5291 3599 5345; x_wconf 81' lang='lat' dir='ltr'><strong>bonum</strong></span> <span class='ocrx_word' id='word_1_884' title='bbox 3628 5301 3675 5344; x_wconf 78' lang='lat' dir='ltr'><strong>et</strong></span> <span class='ocrx_word' id='word_1_885' title='bbox 3690 5291 3861 5344; x_wconf 78' lang='lat' dir='ltr'><strong>malum</strong></span> 
     </span>
    </p>
   </div>
   <div class='ocr_carea' id='block_1_110' title="bbox 2320 5379 3862 5448">
    <p class='ocr_par' dir='ltr' id='par_1_110' title="bbox 2320 5379 3862 5448">
     <span class='ocr_line' id='line_1_110' title="bbox 2320 5379 3862 5448; baseline -0.001 -14"><span class='ocrx_word' id='word_1_886' title='bbox 2320 5397 2384 5435; x_wconf 86' lang='lat' dir='ltr'><strong>ne</strong></span> <span class='ocrx_word' id='word_1_887' title='bbox 2414 5379 2719 5443; x_wconf 80' lang='lat' dir='ltr'><strong>comedatis;</strong></span> <span class='ocrx_word' id='word_1_888' title='bbox 2738 5395 2840 5448; x_wconf 78' lang='lat' dir='ltr'><strong>quo</strong></span> <span class='ocrx_word' id='word_1_889' title='bbox 2874 5388 3050 5432; x_wconf 74' lang='lat' dir='ltr'><strong>autem</strong></span> <span class='ocrx_word' id='word_1_890' title='bbox 3078 5381 3161 5433; x_wconf 78' lang='lat' dir='ltr'><strong>die</strong></span> <span class='ocrx_word' id='word_1_891' title='bbox 3180 5382 3243 5433; x_wconf 65' lang='lat' dir='ltr'><strong>de</strong></span> <span class='ocrx_word' id='word_1_892' title='bbox 3268 5398 3326 5436; x_wconf 77' lang='grc' dir='ltr'><strong>ευ</strong></span> <span class='ocrx_word' id='word_1_893' title='bbox 3357 5385 3705 5447; x_wconf 76' lang='lat' dir='ltr'><strong>comederitis,</strong></span> <span class='ocrx_word' id='word_1_894' title='bbox 3724 5392 3862 5436; x_wconf 68' lang='lat' dir='ltr'><strong>morte</strong></span> 
     </span>
    </p>
   </div>
   <div class='ocr_carea' id='block_1_111' title="bbox 640 5467 3863 5545">
    <p class='ocr_par' dir='ltr' id='par_1_111' title="bbox 640 5467 3863 5545">
     <span class='ocr_line' id='line_1_111' title="bbox 640 5467 3863 5545; baseline 0 -18"><span class='ocrx_word' id='word_1_895' title='bbox 640 5490 807 5541; x_wconf 76' lang='lat' dir='ltr'><strong>mam,</strong></span> <span class='ocrx_word' id='word_1_896' title='bbox 844 5472 994 5545; x_wconf 86' lang='lat' dir='ltr'><strong>quod</strong></span> <span class='ocrx_word' id='word_1_897' title='bbox 1036 5471 1253 5545; x_wconf 67' lang='lat' dir='ltr'><strong>widem</strong></span> <span class='ocrx_word' id='word_1_898' title='bbox 1291 5478 1399 5530; x_wconf 67' lang='lat' dir='ltr'><strong>ttat</strong></span> <span class='ocrx_word' id='word_1_899' title='bbox 1428 5468 1552 5523; x_wconf 84' lang='lat' dir='ltr'><strong>aliis</strong></span> <span class='ocrx_word' id='word_1_900' title='bbox 1572 5468 1751 5541; x_wconf 58' lang='lat' dir='ltr'><strong>magis</strong></span> <span class='ocrx_word' id='word_1_901' title='bbox 1805 5469 2218 5531; x_wconf 53' lang='lat' dir='ltr'><strong>nemutw&#39;lxu?</strong></span> <span class='ocrx_word' id='word_1_902' title='bbox 2322 5468 2639 5529; x_wconf 54' lang='lat' dir='ltr'><strong>etm&#39;t&#39;emizi.</strong></span> <span class='ocrx_word' id='word_1_903' title='bbox 2668 5467 2834 5522; x_wconf 61' lang='lat' dir='ltr'><strong>Vides</strong></span> <span class='ocrx_word' id='word_1_904' title='bbox 2877 5468 2965 5521; x_wconf 88' lang='lat' dir='ltr'><strong>hic</strong></span> <span class='ocrx_word' id='word_1_905' title='bbox 2993 5484 3214 5540; x_wconf 76' lang='lat' dir='ltr'><strong>quoque</strong></span> <span class='ocrx_word' id='word_1_906' title='bbox 3245 5488 3439 5528; x_wconf 89' lang='lat' dir='ltr'><strong>rursus</strong></span> <span class='ocrx_word' id='word_1_907' title='bbox 3490 5474 3733 5529; x_wconf 75' lang='lat' dir='ltr'><strong>diversas</strong></span> <span class='ocrx_word' id='word_1_908' title='bbox 3761 5467 3863 5542; x_wconf 63' lang='grc' dir='ltr'><strong>ιεῐλ</strong></span> 
     </span>
    </p>
   </div>
   <div class='ocr_carea' id='block_1_112' title="bbox 1577 5656 2085 5733">
    <p class='ocr_par' dir='ltr' id='par_1_112' title="bbox 1577 5656 2085 5733">
     <span class='ocr_line' id='line_1_112' title="bbox 1577 5656 2085 5733; baseline -0.006 -9"><span class='ocrx_word' id='word_1_909' title='bbox 1577 5662 1616 5724; x_wconf 52' lang='grc' dir='ltr'>δ</span> <span class='ocrx_word' id='word_1_910' title='bbox 1676 5724 1687 5733; x_wconf 75' lang='grc'><em>,</em></span> <span class='ocrx_word' id='word_1_911' title='bbox 1723 5664 1740 5699; x_wconf 56' lang='grc' dir='ltr'>ε</span> <span class='ocrx_word' id='word_1_912' title='bbox 1940 5656 2085 5731; x_wconf 39' lang='grc' dir='ltr'><strong>ἶς’..ᾏ</strong></span> 
     </span>
    </p>
   </div>
   <div class='ocr_carea' id='block_1_113' title="bbox 2176 5653 3006 5728">
    <p class='ocr_par' dir='ltr' id='par_1_113' title="bbox 2176 5653 3006 5728">
     <span class='ocr_line' id='line_1_113' title="bbox 2176 5653 3006 5728; baseline -0.002 -10"><span class='ocrx_word' id='word_1_913' title='bbox 2176 5653 2339 5722; x_wconf 48' lang='lat' dir='ltr'><strong>Hic.</strong></span> <span class='ocrx_word' id='word_1_914' title='bbox 2411 5670 2450 5728; x_wconf 51' lang='grc' dir='ltr'>ι</span> <span class='ocrx_word' id='word_1_915' title='bbox 2508 5654 2595 5723; x_wconf 59' lang='grc' dir='ltr'><strong>νδ.</strong></span> <span class='ocrx_word' id='word_1_916' title='bbox 2669 5658 2710 5699; x_wconf 56' lang='grc'><strong>⁷³</strong></span> <span class='ocrx_word' id='word_1_917' title='bbox 2756 5659 2864 5721; x_wconf 65' lang='lat' dir='ltr'><strong>Luc</strong></span> <span class='ocrx_word' id='word_1_918' title='bbox 2926 5678 3006 5726; x_wconf 79' lang='grc' dir='ltr'><strong>ιῑι,</strong></span> 
     </span>
    </p>
   </div>
   <div class='ocr_carea' id='block_1_114' title="bbox 3051 5659 3859 5730">
    <p class='ocr_par' dir='ltr' id='par_1_114' title="bbox 3051 5659 3859 5730">
     <span class='ocr_line' id='line_1_114' title="bbox 3051 5659 3859 5730; baseline -0.005 -15"><span class='ocrx_word' id='word_1_919' title='bbox 3051 5663 3103 5715; x_wconf 78' lang='grc' dir='ltr'><strong>(ἱ.</strong></span> <span class='ocrx_word' id='word_1_920' title='bbox 3182 5662 3225 5690; x_wconf 72' lang='grc'><strong>⁸⁷</strong></span> <span class='ocrx_word' id='word_1_921' title='bbox 3269 5660 3470 5730; x_wconf 75' lang='lat' dir='ltr'><strong>Ephcs.</strong></span> <span class='ocrx_word' id='word_1_922' title='bbox 3504 5679 3555 5727; x_wconf 69' lang='grc' dir='ltr'><strong>ν,</strong></span> <span class='ocrx_word' id='word_1_923' title='bbox 3584 5662 3672 5727; x_wconf 70' lang='lat'><strong>‘29,</strong></span> <span class='ocrx_word' id='word_1_924' title='bbox 3763 5662 3800 5691; x_wconf 80' lang='lat'>&quot;</span> <span class='ocrx_word' id='word_1_925' title='bbox 3827 5659 3859 5712; x_wconf 89' lang='lat' dir='ltr'><strong>ll</strong></span> 
     </span>
    </p>
   </div>
  </div>
