3942 6298
174 244 278 313 1009
1202 250 1284 313 IN
1323 249 1873 336 HExsEMERON.
1906 279 1972 290 ——
2006 253 2153 315 LIB.
2192 251 2268 313 Χ.
3215 248 3350 310 toto

170 373 295 416 sonas
313 357 569 414 nominari
603 374 769 414 unum
806 359 1107 424 heininem,
1145 361 1252 417 hoc
1279 370 1384 427 est,
1415 362 1681 418 unitatem
1711 373 1758 429 Α
1784 372 1841 419 et
1879 363 2119 434 dispergi
2150 373 2400 432 possunt,
2427 361 2784 425 conveniunt,
2824 359 3021 427 inquit,
3052 360 3121 415 iis
3150 362 3242 428 qui
3274 362 3350 412 vi—

170 448 342 522 agnosci
365 448 419 504 in
449 446 689 517 binario,
726 460 951 521 propter
978 442 1183 507 natura:
1237 452 1677 509 similitudinem.
1783 466 1919 512 vunt
1944 465 2143 526 prieter
2167 454 2471 510 hominem.

170 540 250 597 llic
272 540 495 607 docetur,
522 542 826 613 dogmaque
853 548 909 597 et
929 558 1124 615 magna
1154 557 1304 600 arma
1331 544 1682 614 validumque
1857 547 1928 602 Et
1963 554 2116 602 erant
2147 546 2299 603 ambo
2339 543 2487 608 nudi,
2526 544 2698 598 Aulam
2738 550 2787 596 et
2823 558 2957 597 uxor
2993 542 3129 613 ejus,
3164 549 3213 594 et
3252 556 3354 594 non

171 640 383 701 tropteum
412 632 577 687 refert
615 632 861 687 Ecclesia
910 632 1173 688 adversus
1212 631 1432 690 Iudaeos
1458 634 1684 707 quinos
1787 634 2252 701 erubescebant.Si
2289 643 2417 690 ante
2435 634 2923 705 transgressionem
2952 634 3175 703 quidem
3202 634 3354 687 dicr-

169 709 375 780 accusant
427 722 573 794 quod
621 732 925 779 statuamus
961 734 1071 780 tres
1112 726 1273 791 Deos,
1332 734 1388 782 et
1419 727 1686 781 Barbaros
1788 737 1943 785 retur
1971 728 2088 783 haec
2119 727 2349 782 nudatio
2381 728 2435 781 in
2468 726 2840 796 protoplastis,
2873 725 2979 780 dici
3016 735 3202 794 posset
3233 740 3353 778 eam

168 819 246 888 qui
272 818 408 873 nobis
441 818 634 873 dicunt
661 836 673 871 :
705 816 762 872 Si
792 818 935 873 Deus
954 826 1037 873 est
1075 833 1143 873 ex
1170 819 1304 883 Deo,
1338 834 1405 873 cx
1447 819 1558 872 Deo
1585 835 1685 872 au-
1787 835 1910 877 esse
1938 819 2360 888 vituperabilem
2388 833 2496 872 nec
2528 816 2858 871 laudandam
2891 835 2903 869 :
2931 815 3194 885 quoniam
3226 830 3357 869 vero

168 918 256 963 tem
278 917 347 965 est
366 908 534 964 Filius
570 927 582 961 :
614 908 889 978 quomodo
929 908 1046 962 tleri
1079 918 1279 979 potest,
1330 916 1392 963 ut
1440 909 1550 963 duo
1575 909 1688 963 sint
1788 912 1973 968 statim
2002 911 2071 965 ab
2105 911 2224 979 ipso
2254 917 2379 964 ortu
2408 918 2465 964 et
2496 909 2775 963 creatione
2802 906 2906 961 fuit
2931 920 3057 960 cum
3085 905 3168 960 eis
3197 906 3356 958 nudi-

167 1014 284 1055 unu‘s
306 1001 469 1055 Deus?
494 999 707 1065 Quibus
737 1009 886 1055 recte
928 1009 1166 1070 apteque
1209 1007 1265 1055 et
1290 998 1538 1069 apposite
1577 998 1685 1053 dici
1791 1012 1893 1069 tas,
1917 1012 2042 1058 ante
2066 1002 2252 1059 omnia
2282 1001 2527 1071 quidem,
2549 1000 2618 1055 ad
2641 998 2891 1055 Judaeum
2921 1013 3007 1053 me
3033 1005 3361 1053 convertens

166 1101 353 1163 potest:
386 1092 442 1148 Si
474 1092 583 1146 Eva
629 1107 695 1147 ex
750 1091 960 1145 Δάαιηο
995 1100 1097 1156 εει,
1128 1091 1294 1146 homo
1322 1105 1390 1145 ex
1438 1091 1684 1153 homine.
1788 1095 1949 1164 cupio
1990 1109 2187 1149 rursus
2219 1109 2284 1148 ex
2327 1093 2448 1161 ipso
2489 1092 2703 1147 discere
2749 1090 3028 1162 quomodo
3069 1089 3220 1145 nulla
3256 1088 3359 1141 alia

164 1181 398 1251 quomodo
441 1181 574 1235 dicit
601 1180 744 1234 Deus
796 1179 939 1235 duos
984 1196 1153 1234 unum
1187 1179 1503 1234 hominem?
1539 1180 1593 1234 Si
1623 1197 1691 1235 ex
1790 1195 1988 1240 natura
2029 1202 2058 1239 a
2101 1185 2215 1239 Deo
2253 1183 2394 1238 facta
2421 1183 2589 1245 nuda,
2623 1195 2764 1251 Opus
2793 1182 2985 1236 habuit
3023 1188 3358 1250 tegumenta»,

163 1286 238 1326 me
258 1287 445 1342 quartas
468 1272 744 1342 quomodo
778 1270 1019 1325 Trinitas
1048 1272 1103 1325 in
1137 1272 1372 1336 unitate,
1410 1271 1502 1326 dic
1530 1272 1687 1337 mihi,
1790 1277 1896 1332 nisi
1922 1277 2072 1331 solus
2094 1276 2291 1331 homo?
2313 1275 2447 1329 Nam
2471 1284 2529 1329 et
2547 1273 2747 1344 angeli,
2768 1282 2824 1327 et
2846 1273 2994 1337 tene,
3018 1282 3074 1327 et
3090 1272 3358 1341 iumenta.

160 1364 396 1433 quomodo
423 1363 673 1418 binarins
701 1364 754 1416 in
795 1363 1006 1417 unitate
1035 1362 1298 1418 dicuntur
1332 1362 1444 1418 duo
1499 1372 1690 1433 proto-
1792 1379 1849 1423 et
1883 1367 2157 1433 volucres,
2185 1375 2240 1423 et
2276 1363 2682 1436 quadrupedes,
2712 1372 2769 1417 et
2809 1363 3041 1418 maxime
3080 1361 3296 1431 reptitia
3333 1380 3359 1412 a

159 1454 488 1523 plasti?Dicit
511 1455 659 1508 enim
692 1472 706 1508 :
735 1452 872 1507 Fecit
907 1452 1041 1508 Deus
1068 1455 1348 1517 hominem,
1386 1454 1455 1508 ad
1500 1455 1693 1526 imagi—
1791 1459 1905 1513 Deo
1938 1465 2134 1512 creata
2173 1465 2304 1512 sunt
2339 1456 2508 1520 nuda,
2540 1470 2722 1525 neque
2760 1454 2934 1510 ullum
2971 1468 3039 1510 ex
3081 1453 3149 1508 iis
3184 1468 3215 1508 a
3256 1453 3366 1506 Deo

157 1561 257 1600 nem
277 1544 357 1599 Dei
380 1545 499 1614 fecit
531 1546 727 1614 ipsum,
756 1544 862 1599 hoc
889 1554 994 1611 est,
1020 1561 1191 1600 unum
1216 1545 1496 1601 hominem
1534 1564 1545 1599 :
1575 1545 1692 1600 Μα-
1790 1549 1895 1605 fuit
1926 1549 2182 1605 indutum
2210 1549 2319 1604 nisi
2350 1548 2503 1604 solus
2535 1548 2720 1603 homo.
2752 1545 2811 1601 In
2845 1545 2982 1615 ipsis
3011 1560 3143 1615 ergo
3174 1554 3364 1613 prato-

152 1634 331 1690 sculum
362 1645 406 1690 et
455 1637 704 1706 feminam
735 1636 852 1706 fecit
911 1653 1015 1691 eos.
1053 1636 1194 1691 Ecce
1234 1653 1402 1692 unum
1447 1638 1587 1692 dixit
1610 1637 1694 1693 di-
1794 1640 1988 1711 plastis
2014 1639 2372 1697 nudationem
2403 1639 2687 1709 intelligis,
2715 1636 2883 1707 idque
2915 1632 3075 1692 simul
3104 1645 3158 1688 et
3189 1633 3365 1705 typice

152 1743 316 1782 versas
345 1743 641 1797 personas._
676 1728 849 1799 Igitur
886 1729 1164 1799 quomodo
1202 1730 1311 1784 Eva
1374 1746 1439 1785 ex
1486 1730 1696 1785 Adamo
1730 1723 1769 1776 Β
1797 1740 1853 1785 et
1890 1729 2292 1800 praeﬁgurative
2330 1746 2360 1783 a
2403 1730 2514 1784 Deo
2554 1728 2752 1784 factam
2795 1742 2914 1783 esse
2959 1726 3014 1781 in
3050 1725 3271 1791 Christo
3309 1733 3368 1776 ct

151 1833 431 1888 progressa,
462 1833 607 1873 unus
644 1818 811 1873 homo
854 1832 977 1873 cum
1008 1820 1127 1888 ipso
1154 1835 1184 1874 a
1227 1819 1338 1874 Deo
1384 1828 1468 1874 est
1502 1821 1691 1890 appcl-
1794 1821 2060 1884 Ecclesia,
2081 1821 2137 1873 in
2166 1819 2360 1876 initiis.
2385 1819 2505 1874 Non
2533 1818 2680 1873 enim
2706 1816 2803 1891 qui
2829 1830 3047 1871 omnem
3072 1812 3365 1871 essentiam

152 1912 266 1975 lata,
297 1910 362 1964 ita
380 1911 546 1964 etiam
578 1910 751 1966 Filius
781 1926 1106 1982 progressus
1154 1927 1183 1965 a
1220 1912 1403 1975 Patre,
1436 1919 1491 1964 et
1530 1911 1693 1964 Pater
1797 1919 1904 1966 tam
1938 1911 2151 1967 ratione
2182 1912 2469 1982 praeditam
2499 1925 2664 1982 quam
2698 1918 2979 1980 expertem
3014 1908 3247 1962 rationis
3285 1913 3369 1959 est

148 2009 228 2055 est
250 2015 377 2055 unus
402 2001 567 2056 Deus.
613 2001 720 2057 Sed
760 2017 942 2073 neque
997 2010 1125 2078 sunt
1161 2002 1273 2056 duo
1325 2002 1430 2065 Dii,
1485 2017 1585 2055 nec
1610 2002 1696 2055 di-

148 2101 352 2146 cuntur.
378 2092 701 2148 Haec‘autem
733 2092 907 2148 fusius
940 2109 968 2147 a
997 2093 1158 2147 nobis
1176 2093 1320 2147 dicta
1349 2101 1477 2148 sunt
1505 2093 1557 2147 in
1574 2108 1698 2147 ver-

147 2183 230 2237 bis
258 2183 365 2238 :Ad
392 2185 701 2255 imaginem,
750 2186 802 2239 in
841 2186 1043 2255 quibus
1072 2184 1405 2239 adduximus
1460 2185 1696 2254 plurima

145 2272 332 2328 divina:
368 2272 669 2344 Scriptura:
696 2276 1033 2339 testimonia,
1068 2277 1123 2330 in
1173 2277 1375 2346 quibus
1423 2278 1569 2332 Deus
1600 2292 1699 2331 no-

145 2365 308 2420 minat
331 2366 758 2422 innumerabiles
793 2354 1077 2422 hominum
1105 2384 1368 2437 personas
1400 2385 1568 2423 unum
1599 2370 1700 2426 ho-

145 2458 357 2524 minem,
388 2468 446 2514 ut
467 2476 589 2514 eum
620 2460 755 2515 dicit
788 2478 801 2512 :
835 2461 1022 2518 Delebo
1053 2464 1313 2521 hominem
1334 2479 1486 2532 quem
1513 2464 1608 2533 feci
1631 2465 1696 2520 ’°.

144 2549 203 2603 Si
240 2560 412 2605 autem
442 2552 877 2606 innumerabiles
906 2568 1158 2622 persona:
1198 2562 1406 2608 natura:
1433 2553 1539 2627 dici
1577 2568 1702 2625 pos-

142 2648 269 2695 sunt
292 2656 429 2711 unus
447 2642 629 2708 homo,
664 2653 956 2712 propterea
986 2643 1130 2713 quod
1157 2652 1242 2697 est
1285 2643 1477 2723 eadem
1515 2658 1703 2697 essen-

143 2730 237 2791 tia,
269 2731 435 2784 mnlto
461 2732 629 2801 magis
683 2741 792 2786 tres
838 2746 1086 2801 persona
1119 2731 1424 2786 divinitatis
1474 2737 1703 2801 possunt

140 2820 367 2890 intelligi
397 2830 451 2875 et
507 2821 790 2892 praedicari
814 2839 958 2877 unus
1011 2824 1175 2887 Deus,
1225 2830 1517 2893 prepterca
1556 2820 1702 2892 quod

1796 2001 2093 2058 fabricatus
2112 2018 2209 2072 per
2229 2018 2286 2058 se
2306 2002 2579 2066 indutam,
2602 2017 2715 2057 non
2736 2008 2955 2072 poterat
2976 2000 3135 2055 facile
3155 1998 3369 2054 edicere

1796 2093 2074 2149 hominem
2101 2109 2214 2149 non
2238 2102 2488 2166 egentem
2519 2092 2941 2164 integumentis?
2972 2090 3081 2147 Sed
3110 2090 3367 2161 quoniam

1798 2186 1943 2241 Deus
1968 2185 2210 2242 Verbum
2241 2186 2335 2256 qui
2363 2194 2482 2241 erat
2505 2186 2574 2242 ab
2602 2185 2764 2240 initio
2793 2184 2978 2240 nudus
3008 2190 3064 2237 et
3087 2182 3371 2249 incompo-

1799 2277 1909 2332 situ
1942 2293 1971 2333 a
2054 2276 2166 2332 Deo
2190 2287 2314 2335 erat
2343 2275 2758 2348 componendus
2787 2284 2845 2331 et
2872 2271 3186 2330 induendas
3212 2271 3370 2339 pelli-

1800 2356 2175 2428 ceam'nostrae
2197 2370 2380 2425 carnis
2404 2370 2667 2433 tunicam,
2692 2382 2820 2423 caro
2844 2366 3019 2422 factus
3039 2373 3097 2421 et
3120 2363 3373 2419 habitans

1801 2461 1859 2516 in
1903 2460 2094 2527 nobis,
2136 2460 2264 2516 ideo
2306 2460 2452 2515 Deus
2489 2459 2661 2514 Adam
2710 2457 2988 2512 hominem
3039 2452 3371 2526 (secundum

1803 2551 1997 2607 Adami
2023 2547 2395 2623 prototypuln)
2424 2550 2633 2606 nudum
2663 2548 2930 2612 condidit,
2954 2557 3010 2603 et
3036 2547 3156 2617 ejus
3180 2546 3371 2613 conju-

1802 2659 1925 2714 gem
1970 2644 2279 2707 mulierem,
2309 2642 2600 2713 imaginem
2630 2640 2889 2697 Ecclesia:
2915 2643 3033 2710 ipso
3060 2651 3259 2699 rursus
3293 2636 3375 2689 in—

1805 2735 1968 2791 dutae.
1998 2736 2134 2790 Nam
2166 2733 2478 2806 quicunque,
2508 2734 2707 2803 inquit,
2737 2734 2791 2786 in
2825 2729 3087 2787 Christum
3120 2728 3379 2795 baptismi

1805 2830 1948 2892 estis,
1976 2827 2242 2883 Christum
2270 2826 2603 2897 induistisf‘.
2630 2825 2696 2880 Et
2724 2826 2846 2881 ideo
2876 2823 3010 2879 dicit
3040 2822 3323 2891 Scriptura
3361 2838 3373 2871 :

136 2918 224 2965 (δι
251 2912 438 2966 eadem
468 2925 665 2968 natura
695 2922 751 2968 et
776 2915 928 2968 nullo
952 2914 1211 2969 distincta
1242 2913 1584 2968 discrimine.
1625 2912 1704 2967 Ita

136 3003 301 3071 etiam
329 3003 492 3059 lsrael
542 3005 599 3059 in
658 3005 934 3060 sexcentis
987 3005 1232 3059 millibus
1262 3018 1615 3075 personarum
1646 3002 1700 3056 in

135 3109 244 3148 una
276 3110 508 3164 persona
539 3099 854 3151 nominatur
880 3113 1021 3151 unus
1044 3096 1249 3162 lsrael;
1292 3096 1364 3150 ita
1411 3096 1577 3149 etiam
1606 3095 1706 3147 As-

131 3186 335 3257 syrius,
367 3188 441 3241 ita
458 3189 621 3243 etiam
659 3189 848 3250 Persa,
887 3187 974 3242 ita'
1014 3188 1176 3241 etiam
1212 3187 1404 3242 lsmael
1433 3187 1488 3241 in
1526 3184 1706 3240 infini-

131 3278 208 3330 tis
225 3278 468 3332 millibus
490 3294 847 3349 personarum
873 3279 1133 3333 dicuntur
1160 3293 1266 3331 una
1291 3292 1547 3347 persona,
1567 3291 1709 3346 quo-

127 3367 299 3421 modo
339 3384 485 3424 unus
524 3370 840 3424 nominatur
878 3370 1066 3433 homo,
1096 3367 1353 3438 quamvis
1383 3368 1568 3422 multae
1596 3368 1706 3421 sint

124 3458 463 3529 hypostascs
491 3477 585 3516 seu
618 3475 888 3531 persona,
917 3461 1104 3525 Persa,
1142 3461 1392 3528 inquam,
1427 3459 1707 3530 Assyrius,

121 3550 350 3606 Ismael.
382 3553 751 3619 Quamobrem
810 3553 947 3607 nulli
980 3560 1065 3606 est
1090 3542 1505 3621 reprehensibni
1534 3548 1712 3605 allinis

120 3643 270 3699 ﬁdes
302 3644 768 3708 Christianorum,
798 3644 1090 3698 nominans
1109 3652 1220 3698 tres
1240 3643 1384 3713 (qure
1412 3650 1541 3696 sunt
1562 3642 1710 3712 ejus-

114 3737 253 3789 dem
313 3737 481 3789 simul
499 3734 770 3806 essentize)
808 3733 1115 3789 divinitatis
1143 3733 1503 3805 hypostases,
1539 3749 1709 3787 unum

109 3837 175 3884 et
201 3827 391 3881 solum
436 3828 630 3890 Deum,
690 3842 801 3881 non
842 3835 1027 3881 autem
1070 3833 1183 3881 tres
1216 3826 1372 3881 deos.
1439 3825 1576 3882 Cum
1602 3826 1711 3880 huc

110 3932 307 3987 usque
338 3918 613 3973 orationis
631 3926 831 3972 nostra:
855 3933 1005 3973 arma
1032 3917 1418 3973 strinxerimus
1446 3922 1712 3974 adversus

105 4024 217 4064 cos
250 4011 354 4080 qui
380 4019 495 4065 tres
516 4009 651 4064 deos
681 4010 893 4073 dicunt,
929 4008 1220 4064 redeamus
1248 4010 1313 4064 ad
1347 4011 1546 4065 seriem
1588 4026 1714 4065 con-

105 4101 463 4169 sequenti-a3,
494 4099 911 4155 considerantes
939 4113 1187 4169 quaenam
1244 4099 1317 4153 sit
1347 4099 1523 4154 virtus
1577 4102 1715 4168 prse-~

101 4196 271 4265 cepti
303 4197 458 4266 quod
518 4197 601 4252 sic
657 4196 831 4252 dicit:
859 4195 943 4250 Ea;
990 4195 1135 4250 omni
1186 4178 1327 4267 ligno
1358 4197 1495 4267 quod
1536 4206 1611 4251 est
1660 4200 1715 4252 in
1815 4197 2129 4259 hominem,
2159 4205 2219 4250 ut
2252 4196 2346 4265 qui
2382 4204 2532 4248 recte
2560 4192 2772 4263 judicct
2804 4200 2863 4246 et
2891 4190 3024 4245 citra
3061 4188 3225 4244 ullam
3262 4202 3387 4257 per-

97 4289 386 4359 paradiso
426 4290 680 4345 comedes.
1817 4307 2078 4348 sonarum
2114 4290 2522 4359 aceeptionem.
2555 4287 2623 4342 Et
2657 4285 2781 4341 ideo
2814 4283 3071 4339 dicebant
3104 4281 3201 4352 qui
3231 4290 3391 4335 erant

184 4380 530 4435 Paradisnm
575 4390 759 4438 autem
782 4423 796 4443 ,
832 4391 891 4436 ut
930 4382 1217 4446 existimo,
1264 4381 1517 4436 nominat
1558 4382 1710 4435 illum
1744 4386 1875 4449 Din
1902 4382 2165 4439 cathedra
2188 4379 2472 4437 Sadducaai
2506 4397 2519 4433 :
2550 4377 2822 4449 Magister,
2845 4377 2980 4450 quod
3005 4386 3137 4429 recte
3154 4374 3389 4446 judicas.

97 4472 308 4541 ipsum
346 4472 618 4527 Adamum
660 4481 888 4544 propter
911 4489 1030 4528 eam
1062 4488 1185 4544 quae
1212 4483 1298 4529 est
1349 4472 1404 4526 in
1440 4473 1559 4543 ipso
1607 4473 1715 4526 cir-
1820 4485 1870 4533 et
1922 4493 2203 4549 personam
2260 4492 2364 4530 non
2417 4475 2638 4545 accipis,
2673 4473 2755 4527 dic
2805 4472 2868 4526 de
2919 4486 3075 4525 censu
3101 4469 3169 4522 ⁸³.
3201 4468 3393 4537 Itaque

94 4562 443 4618 cuitionem
476 4581 573 4633 per
624 4565 721 4623 Dei
779 4565 1295 4636 participationem;
1327 4565 1474 4637 ligna
1529 4572 1714 4620 autem
1820 4570 2041 4642 quando
2073 4577 2194 4625 erat
2222 4568 2447 4640 quidem
2479 4566 2662 4622 nudus
2692 4565 2859 4627 Deus,
2888 4578 3002 4619 non
3033 4558 3394 4619 suffundeba-

92 4655 403 4724 paradisi,
431 4672 552 4726 quaa
580 4657 635 4712 in
669 4658 787 4727 ipso
821 4666 951 4713 sunt
989 4660 1255 4729 plantata,
1311 4644 1717 4729 intelligentias
1823 4671 1914 4719 tur
1957 4663 2169 4733 pudore
2222 4679 2235 4715 :
2287 4659 2509 4731 quando
2549 4666 2734 4714 autem
2781 4671 2946 4712 carne
2990 4660 3243 4723 suscepta
3284 4666 3394 4707 non

90 4748 531 4816 percipiendas
568 4758 622 4804 et
648 4750 843 4806 vitales
900 4752 1154 4806 virtutes.
1207 4751 1303 4806 Eis
1332 4762 1508 4817 utere,
1534 4750 1716 4805 Verbo
1822 4753 2059 4823 amplius
2088 4759 2209 4807 erat
2232 4751 2436 4814 nudus,
2463 4748 2805 4805 adiciebatur
2826 4747 3070 4819 pudore;
3102 4752 3159 4799 et
3184 4741 3394 4812 pudore

84 4831 390 4907 jubente.
421 4838 528 4894 Sed
559 4849 617 4895 ut
640 4840 739 4895 tibi
776 4842 901 4897 data
931 4852 1081 4907 sunt,
1112 4850 1169 4897 et
1192 4857 1291 4912 pro
1324 4850 1520 4896 natura
1551 4857 1717 4912 quam
1825 4849 2165 4912 contempto,
2192 4855 2414 4897 crucem
2454 4855 2557 4910 pro
2592 4840 2757 4895 nobis
2793 4836 3076 4893 sustinuit.
3105 4833 3173 4889 Et
3206 4833 3329 4888 ideo
3364 4848 3396 4888 τι
3470 4830 3476 4840 ’

86 4928 343 4984 habent
376 4930 543 4995 liena,
573 4940 635 4986 ut
663 4948 783 5003 quae
825 4934 934 4988 sint
956 4933 1171 4989 scilicet
1192 4933 1478 4988 i‘nsensilia
1531 4942 1588 4988 et
1617 4933 1719 4988 im-
1823 4932 2028 4988 Judiuis
2062 4932 2333 5001 pulsatus,
2362 4929 2545 5001 ﬂagris
2579 4944 2775 4995 cresus,
2804 4936 2860 4982 et
2900 4933 3206 4995 eonsputus
3244 4923 3395 4977 dice—

84 5011 369 5075 mobilia
397 5021 462 5076 ad
493 5038 713 5077 omnem
757 5024 1055 5079 belluinam
1102 5024 1495 5092 affectionem;
1533 5025 1601 5081 de
1629 5040 1717 5080 re-
1824 5012 1918 5076 bat
1958 5041 1970 5075 :
2015 5020 2239 5093 Tergum
2280 5036 2453 5074 meum
2489 5019 2607 5073 dedi
2649 5018 2718 5073 ad
2751 5015 2988 5090 ﬂagella,
3019 5031 3181 5085 genas
3219 5023 3397 5069 autem

81 5111 217 5165 bus
262 5120 471 5169 autem
503 5116 798 5172 sensilibus
825 5133 946 5188 qua:
972 5119 1039 5173 ad
1070 5118 1176 5173 hoc
1213 5127 1270 5173 et
1294 5118 1429 5173 illud
1460 5117 1714 5172 dividan-
1826 5131 1968 5169 meas
2001 5114 2069 5167 ad
2102 5111 2321 5183 alapas,
2353 5111 2545 5181 [aciem
2582 5118 2760 5165 autem
2802 5125 2975 5163 meum
3015 5124 3120 5161 non
3160 5106 3325 5162 averti
3364 5124 3403 5159 (ι

78 5213 200 5258 tur
235 5210 525 5273 tanquam
551 5206 616 5261 ad
648 5208 852 5262 bonum
877 5216 931 5264 et
952 5209 1179 5272 malum,
1204 5224 1327 5280 quae
1349 5207 1573 5279 quidem
1604 5207 1719 5263 dis-
1828 5204 2025 5275 pudoie
2056 5212 2331 5275 spulorum
2352 5201 2414 5256 π,
2444 5202 2507 5256 Ει
2539 5216 2732 5255 rursus
2764 5199 2910 5254 idem
2941 5198 3102 5254 Jesus
3133 5211 3232 5266 per
3266 5210 3398 5266 pro-

77 5292 348 5351 trihuta
387 5308 516 5352 sunt
542 5300 938 5364 animantibus,
969 5301 1086 5356 Non
1104 5301 1270 5372 909
1292 5300 1545 5355 comedes.
1580 5299 1716 5354 Nam
1828 5296 2049 5367 phetam
2097 5294 2234 5349 dicit
2263 5292 2410 5348 Patri
2449 5311 2460 5347 :
2494 5286 2566 5347 Tu
2592 5294 2691 5347 scis
2717 5291 3095 5361 improperium
3128 5303 3319 5344 meum.
3349 5295 3397 5339 rt

71 5386 297 5443 unius
338 5387 535 5445 [omne
574 5390 872 5447 dictionem
930 5392 1160 5448 verbum
1197 5394 1247 5447 ei
1288 5392 1541 5463 largitur,
1600 5400 1718 5445 ten-
1825 5385 2079 5454 purlorem
2132 5399 2335 5447 meum,
2387 5391 2435 5435 et
2491 5382 2832 5435 reverentiam
2892 5394 3095 5443 meam,
3146 5375 3400 5447 quoniam

68 5468 369 5532 dentem
395 5478 462 5533 ad
488 5495 657 5534 unum
690 5481 979 5536 Dominum
1016 5498 1169 5553 :qnze
1197 5492 1377 5536 autem
1406 5488 1535 5536 sunt
1565 5481 1713 5535 varia
1823 5478 1992 5546 pudor
2018 5475 2187 5529 cultus
2222 5477 2317 5529 mei
2350 5474 2615 5544 coeperuit
2643 5489 2722 5527 me
2743 5471 2809 5526 ³⁵.
2835 5471 2891 5525 Si
2922 5478 3104 5525 autem
3138 5476 3395 5538 tanquam

1806 2919 1876 2974 Et
1906 2927 2060 2975 erant
2088 2921 2241 2974 ambo
2273 2919 2402 2973 nudi
2430 2918 2605 2973 Adam
2637 2926 2687 2972 et
2717 2917 2829 2986 ejus
2861 2931 3017 2982 uxor,
3039 2924 3088 2969 et
3120 2929 3225 2969 non
3253 2927 3377 2991 eruf

1809 3010 2077 3065 bescebant
2099 3012 2162 3064 ⁸³.
2181 3011 2284 3067 Ubi
2300 3010 2448 3067 enim
2467 3008 2713 3064 nondum
2734 3010 2935 3062 factum
2958 3014 3043 3061 est
3067 3010 3375 3075 peccatum.

1811 3098 1924 3154 illic
1965 3115 2076 3154 non
2118 3108 2371 3153 versatur
2410 3097 2588 3167 pudor
2640 3113 2651 3150 :
2700 3094 2877 3165 pudor
2908 3094 3064 3175 enim
3109 3099 3194 3149 est
3234 3090 3382 3143 fetus

1806 3193 2049 3261 peccati;
2097 3199 2153 3247 et
2182 3192 2276 3247 ubi
2306 3200 2390 3245 est
2421 3205 2558 3261 pura
2588 3198 2642 3243 et
2669 3188 2872 3243 munda
2905 3197 3119 3250 natura,
3147 3190 3202 3238 et
3230 3180 3379 3237 nuda

1808 3285 1877 3339 ab
1915 3284 2063 3340 omni
2104 3291 2334 3353 peccato
2379 3281 2681 3338 adventitio
2722 3287 2778 3335 et
2816 3277 3142 3333 indumento
3176 3273 3382 3328 veteris

1810 3374 2072 3439 hominis,
2108 3374 2240 3429 illuc
2271 3374 2456 3428 nullus
2490 3371 2800 3443 ingreditur
2834 3368 3035 3440 pudor.
3069 3364 3215 3421 Facti
3253 3372 3389 3418 sunt

1808 3482 1938 3536 ergo
1956 3463 2278 3535 protoplasti
2298 3462 2433 3517 nudi
2458 3456 2526 3518 ab
2543 3461 2689 3516 omni
2708 3460 2853 3525 labe,
2872 3457 3107 3521 macula,
3131 3453 3384 3524 inquina-

1810 3566 1993 3612 mento
2010 3563 2065 3609 et
2084 3555 2334 3617 vulnere,
2361 3564 2418 3610 et
2445 3570 2509 3609 ea
2526 3555 2594 3609 de
2612 3567 2777 3608 causa
2812 3568 2923 3607 non
2942 3548 3340 3606 erubescebant
3370 3566 3381 3600 :

1809 3646 2056 3701 nondum
2089 3644 2236 3700 enim
2272 3644 2522 3700 sciebant
2554 3644 2688 3698 illud
2727 3652 2953 3713 propter
2984 3640 3132 3711 quod
3164 3649 3250 3695 est
3281 3654 3384 3709 pu-

1810 3737 1932 3793 dor.
1959 3736 2015 3791 Si
2038 3747 2223 3791 autem
2251 3736 2418 3791 etiam
2452 3736 2510 3789 in
2540 3736 2652 3790 Deo
2678 3735 2863 3789 Verbo
2892 3734 2976 3789 vis
3003 3732 3195 3788 audire
3225 3732 3382 3789 illud.

1811 3827 2025 3902 pudore
2061 3844 2173 3883 non
2202 3827 2572 3891 afﬁciendum,
2601 3826 2729 3881 audi
2758 3840 2907 3889 eum,
2934 3824 3175 3893 seipsum
3202 3820 3385 3876 nomi~

1794 3917 2058 3985 nantem,
2079 3919 2323 3991 judieem
2351 3916 2680 3989 iniquitatis,
2705 3930 2903 3986 nempe
2931 3912 3385 3970 condemnantem

1812 4012 2061 4082 iniquam
2114 4011 2446 4067 mundanam
2503 4008 2714 4081 peccati
2769 4006 3162 4078 irruptioncm,
3210 4020 3387 4072 neque

1812 4106 1987 4160 Deum
2027 4106 2313 4160 timentem
2344 4103 2530 4174 ,(Deus
2569 4101 2717 4156 enim
2778 4100 2907 4168 est),
2962 4111 3141 4167 neque
3192 4112 3393 4153 verens

186 5654 244 5684 ’°
285 5652 445 5708 Gen.
481 5671 533 5709 γι
581 5658 629 5713 7.
710 5658 748 5689 η
775 5658 946 5713 Galat.
976 5676 1048 5724 ιιι,
1077 5656 1162 5710 27.
1241 5659 1282 5707 ξε
1308 5654 1370 5711 αι
1393 5671 1441 5707 ιι.
1474 5671 1526 5719 ιι,
1552 5655 1639 5710 235.
1720 5656 1913 5713 "Luc.
1941 5673 2031 5723 xx,
2057 5654 2143 5710 2t.
2221 5655 2263 5687 θ’
2292 5655 2389 5708 lsa.
2420 5670 2470 5719 ι,
2494 5652 2545 5708 6.
2624 5653 2668 5684 9’
2694 5650 2844 5708 Psal.
2881 5648 3139 5714 unm-6,
3167 5651 3217 5705 3.
