4042 6292
607 239 730 305 11111

1802 245 1862 306 S.
1904 246 2308 307 ANASTASII
2346 248 2674 310 SINAITE

3729 246 3865 315 1012

593 352 855 420 canialis,
879 352 950 410 de
982 353 1193 425 pudore
1224 356 1501 426 corporali
1536 356 1653 411 haec
1685 357 1953 429 intenigis
1984 358 2041 413 in
2076 371 2183 412 nu-
2213 357 2260 416 Α
2288 359 2597 429 Salomonis
2639 362 2872 436 singulis
2913 362 3075 420 annis
3111 363 3304 420 venire
3346 376 3415 419 ex
3453 360 3715 430 Tharsis,
3749 378 3864 435 qua:

592 441 819 498 dationc
852 442 1048 498 Adami
1081 452 1138 499 et
1164 445 1311 509 Evre,
1340 445 1429 499 die
1463 445 1625 511 mihi,
1655 461 1783 501 cum
1817 448 2005 504 nullus
2037 448 2182 503 alius

592 536 813 592 adesset
840 540 967 593 cum
996 538 1104 599 eis.
1130 540 1415 609 cujusnam
1448 548 1611 594 erant
1639 539 1853 609 pudore
1882 539 2178 606 amciendi,

564 634 569 645 '
593 644 831 684 maxime
859 630 905 684 si
936 629 1261 684 nesciebant
1286 638 1414 685 ante
1443 632 1943 703 transgressionem
1969 640 2181 704 myste-

594 721 741 775 rium
789 721 1030 790 partium
1080 720 1289 776 liberos
1335 723 1777 793 proereantium,
1814 734 1872 779 et
1913 724 2062 796 quod
2108 725 2183 781 sit

591 812 893 866 discrimen
919 827 1116 867 eorum
1139 811 1511 877 formationis,
1537 816 1894 886 nequequod
1920 831 2001 872 ea
2024 815 2182 873 facta

590 912 721 958 sunt
761 903 831 958 ad
881 905 1091 959 coitum
1149 912 1208 959 et
1248 905 1553 975 nuptialem
1599 922 1983 978 congressum,
2011 916 2070 963 et
2111 908 2180 963 ad

590 995 699 1052 hoc
733 1012 764 1051 a
798 997 912 1052 Deo
940 996 1072 1052 facti
1108 998 1222 1053 sint
1250 999 1533 1054 masculus
1561 1007 1619 1055 et
1642 1000 1882 1056 femina?
1912 999 2019 1067 Qui
2048 1016 2185 1071 ergo

587 1104 655 1144 ea
701 1086 949 1144 nondum
997 1090 1282 1156 sciebant,
1318 1105 1561 1161 quonam
1607 1100 1768 1147 erant
1810 1092 2178 1162 perfundendi

591 1179 840 1249 pudore?
883 1180 1259 1248 Quamobrem
1301 1183 1423 1238 sine
1465 1183 1840 1239 controversia
1888 1184 2179 1239 referenda

588 1283 676 1326 est
702 1274 924 1329 nuditas
954 1275 1021 1329 ad
1053 1274 1334 1331 Christum
1368 1287 1425 1331 et
1456 1277 1756 1332 Ecclesiam
1797 1296 1811 1330 :
1841 1277 2014 1332 Erant
2041 1280 2179 1333 enim

589 1364 743 1418 ambo
772 1365 899 1419 nudi
927 1368 992 1420 ab
1037 1369 1213 1432 initio,
1254 1369 1400 1423 Deus
1442 1369 1667 1438 quidem
1701 1370 1966 1433 Verbum,
1996 1371 2180 1427 nudus

586 1456 657 1512 ab
682 1457 1058 1527 humanitate,
1087 1460 1338 1516 Ecclesia
1375 1473 1562 1517 autem
1611 1463 1759 1519 nuda
1791 1480 1820 1517 a
1852 1463 2141 1519 divinitate
2161 1506 2176 1531 ,

585 1548 871 1608 Christum
912 1555 1160 1610 nondum
1205 1555 1419 1610 induta.

655 1643 930 1700 Caeterum
959 1663 1072 1703 non
1103 1649 1469 1705 erubescebat
1499 1659 1795 1721 antequam
1824 1662 1970 1707 esset
1994 1660 2178 1708 trans-

585 1753 795 1807 gressa,
829 1740 1033 1808 partim
1072 1740 1323 1811 quidem,
1354 1750 1414 1796 ut
1453 1758 1614 1813 pura,
1640 1711 1698 1799 et
1727 1745 1839 1816 jam
1883 1752 2072 1815 parata
2111 1744 2180 1800 ad
2213 1711 2254 1766 Β

585 1826 1067 1900 incorruptionem
1117 1832 1170 1903 (a
1217 1838 1417 1888 natura
1461 1832 1613 1888 enim
1662 1833 1835 1888 habet
1885 1833 2065 1903 pudor
2122 1843 2185 1889 ut

586 1921 861 1976 consistat
896 1925 955 1977 in
996 1923 1188 1995 ﬁguris
1230 1935 1289 1980 et
1323 1926 1656 1996 corporibus
1699 1928 1755 1981 in
1792 1942 1915 1998 quae
1955 1928 2183 1983 omnino

584 2011 732 2068 cadit
775 2015 1061 2084 corruptio
1105 2023 1162 2070 et
1210 2016 1503 2083 interitus,
1542 2025 1599 2072 et
1644 2025 1777 2072 sunt
1820 2017 2177 2090 materialia),

586 2106 791 2176 partim
827 2117 1014 2163 autem
1050 2117 1113 2164 ut
1140 2124 1265 2179 quae
1294 2110 1446 2165 nuda
1474 2118 1531 2165 et
1554 2118 1745 2181 aperta
1777 2108 1936 2176 facie,
1963 2107 2181 2164 Domini

586 2199 797 2253 vultum
837 2203 1341 2272 contemplaretur.
1372 2202 1451 2257 De
1483 2218 1592 2272 qua
1625 2201 1892 2256 laudabili
1925 2200 2180 2256 nuditate

584 2288 724 2345 dicit
751 2290 915 2346 divus
947 2290 1155 2347 Paulus
1191 2310 1204 2345 :
1237 2290 1658 2362 Ingemiscimus,
1694 2290 2054 2345 habitaculum
2085 2307 2179 2345 no-

582 2393 755 2438 strum
796 2385 937 2456 quod
977 2402 1041 2439 ea:
1078 2384 1204 2439 creto
1243 2385 1555 2457 superindui
1591 2386 1860 2455 cupientes
1880 2385 1950 2451 ",
1980 2401 2179 2458 ncmpc

583 2476 829 2532 futuram
883 2493 1181 2549 corporum
1223 2478 1707 2549 incorruptionem
1732 2519 1746 2543 ,
1786 2477 2047 2549 siquidem
2097 2479 2179 2535 in-

583 2569 716 2633 duti,
743 2587 846 2625 non
878 2572 1009 2625 nudi
1031 2573 1369 2627 inueniamur
1386 2573 1454 2626 ".
1478 2571 1601 2627 Non
1628 2572 1761 2627 nudi
1789 2586 1818 2625 a
1844 2571 2019 2642 gratia
2053 2586 2178 2625 sau-

584 2660 660 2715 cti
703 2660 978 2730 Spiritus,
1019 2678 1187 2732 quam
1232 2663 1544 2718 nuditatem
1583 2672 1645 2718 ut
1683 2662 1885 2719 eﬂlciat
1923 2664 2177 2718 innatum

583 2759 671 2809 est
697 2752 899 2808 tunicae
925 2753 1199 2808 malarum
1228 2756 1535 2820 actionum,
1560 2771 1669 2825 qna
1702 2755 1930 2810 indutus
1954 2755 2059 2809 fuit
2084 2754 2175 2809 ille

590 2844 679 2915 qui
707 2844 922 2914 ejectus
962 2851 1048 2898 est
1084 2859 1117 2900 e
1156 2844 1399 2915 nuptiis;
1431 2861 1596 2916 quam
1637 2861 1747 2900 non
1787 2845 2041 2901 ferebant
2078 2846 2174 2917 qui

590 2935 741 3005 prius
788 2947 949 2992 erant
990 2935 1129 2992 nudi
1169 2937 1500 3007 protoplasti
1552 2956 1564 2990 :
1615 2952 1794 3007 neque
1839 2952 2034 2992 rursus
2083 2939 2174 2993 ille

2283 462 2367 508 est
2395 453 2657 526 Hesperia
2690 456 2929 529 regionis
2960 454 3345 521 occidentalis,
3371 462 3428 509 et
3458 453 3606 511 ferre
3637 453 3710 510 ad
3739 470 3861 511 eum

2282 562 2479 602 aurum
2526 555 2584 602 et
2624 546 2899 621 ejusmodi
2942 548 3268 605 animantia.
3301 545 3424 603 Non
3471 554 3557 602 est
3601 562 3734 619 ergo
3782 547 3860 617 (ut

2281 647 2566 696 ostensum
2601 639 2708 711 est)
2742 657 2974 712 serpens
3009 628 3341 714 prudentior
3370 638 3635 695 omnibus
3674 639 3859 697 bestiis

2283 742 2465 789 terrae.
2491 726 2862 800 Quamobrem
2894 735 2983 799 vel
3016 734 3301 790 diabolum
3336 733 3474 788 dicit
3504 733 3812 804 ingressum
3841 752 3854 789 :

2280 826 2367 881 vel
2410 826 2611 897 ipsum,
2644 827 2856 881 nudum
2904 826 3148 897 appellat
3190 835 3507 897 serpentem
3553 824 3853 896 Scriptum.

2281 917 2411 974 Mihi
2453 927 2639 974 autem
2679 919 2922 984 videtur,
2953 919 3132 989 prius,
3164 918 3367 974 melius
3401 917 3671 974 secundo.
3704 918 3854 989 Sym-

2283 1011 2512 1067 machus
2550 1012 2699 1067 enim
2742 1021 2799 1066 et
2842 1011 3064 1080 Aquila,
3096 1025 3198 1081 pro
3243 1009 3576 1080 prudentior,
3611 1008 3857 1064 dixerunt

2281 1102 2529 1160 callidior
2555 1121 2574 1160 :
2603 1104 2752 1175 quod
2779 1104 3006 1176 quidem
3036 1102 3261 1174 proprie
3291 1102 3622 1173 intelligitur
3645 1111 3703 1157 et
3730 1101 3849 1157 dici-

2285 1208 2374 1252 tur
2404 1181 2701 1253 de‘doloso
2736 1195 3307 1273 nostro'adversario.
3342 1194 3400 1250 Si
3438 1202 3625 1251 autem
3661 1193 3856 1264 quaeris

2282 1304 2382 1342 cur
2402 1302 2515 1342 non
2554 1287 2703 1343 nude
2743 1287 2860 1343 haec
2897 1289 3045 1343 Deus
3078 1295 3213 1342 tunc
3244 1293 3330 1341 est
3362 1285 3604 1349 locutus,
3634 1284 3729 1340 sed
3764 1299 3856 1354 pro

2282 1376 2502 1432 diabolo
2534 1375 2843 1430 nominavit
2893 1385 3236 1446 serpentem,
3287 1384 3479 1445 aperte
3522 1374 3677 1430 disce
3712 1375 3854 1445 quod

2260 1484 2406 1527 cum
2440 1468 2582 1522 mala
2615 1477 2671 1523 et
2696 1468 2998 1525 libidinosa
3033 1477 3197 1540 gente
3229 1467 3486 1538 loquens,
3518 1467 3699 1522 noluit
3731 1482 3858 1537 ape-

2282 1563 2392 1617 rire
2427 1560 2635 1617 lsraeli‘
2651 1576 2833 1632 neque
2867 1577 2991 1633 qua:
3024 1561 3092 1616 ad
3127 1561 3352 1631 angelos
3393 1567 3647 1631 spectant
3680 1576 3861 1633 neque

2282 1670 2404 1724 quae
2444 1653 2512 1709 ad
2555 1653 2812 1710 Satanam
2854 1644 2950 1726 qui
2992 1654 3340 1712 conculcavit
3382 1653 3582 1718 Evam,
3626 1668 3696 1709 ne
3738 1668 3862 1708 eum

2283 1749 2531 1802 colerent
2568 1754 2625 1802 et
2665 1746 2965 1803 adorarent
3000 1754 3266 1817 tanquam
3310 1746 3422 1801 Deo
3460 1745 3777 1811 fortiorem,
3808 1752 3865 1799 ut

2281 1839 2374 1909 qui
2403 1838 2673 1909 potuisset
2697 1854 2799 1894 sua
2828 1838 3120 1909 prudentia
3144 1836 3513 1908 protoplastos
3550 1851 3582 1891 a
3626 1836 3745 1891 Deo
3795 1834 3861 1890 ad

2284 1946 2343 1986 se
2372 1928 2678 1985 attrahere.
2710 1928 2796 1984 Tu
2842 1938 3027 1991 autem
3049 1944 3177 1987 cum
3201 1927 3449 1983 audieris
3468 1927 3617 1997 quod
3636 1943 3856 1997 serpens

2280 2032 2398 2077 erat
2443 2023 2755 2096 prudentior
2798 2021 3043 2076 omnibus
3087 2020 3269 2077 bestiis
3315 2028 3495 2084 terrm,
3529 2020 3677 2075 scias
3719 2016 3865 2090 quod

2279 2132 2446 2187 super
2474 2130 2694 2170 omnem
2723 2115 3021 2170 humanam
3054 2111 3411 2184 prudentiam
3444 2119 3531 2167 est
3558 2111 3723 2181 longe
3752 2109 3866 2164 for-

2278 2209 2389 2264 tior
2431 2207 2638 2263 diaboli
2681 2206 2982 2262 calliditas.
3021 2203 3399 2272 Quamobrem
3441 2202 3665 2259 dicebat
3704 2201 3866 2257 nobis

2277 2297 2546 2354 Dominus
2576 2314 2591 2349 :
2621 2297 2804 2372 Estotg
2832 2296 3116 2367 prudentes
3145 2296 3283 2349 sicut
3311 2301 3586 2364 serpentes
3604 2293 3706 2347 ⁸⁸⁸.
3724 2291 3865 2353 Nam

2275 2390 2538 2464 quoniam
2575 2390 2725 2461 genti
2759 2404 2883 2460 quae
2916 2404 3027 2443 non
3063 2387 3223 2443 facile
3257 2393 3479 2458 poterat
3511 2384 3859 2455 persuaderi,

2276 2482 2333 2538 in
2376 2481 2586 2538 vertice
2638 2480 2789 2536 illius
2835 2479 3043 2535 montis
3100 2478 3253 2534 Sinai
3298 2478 3448 2533 Deus
3501 2493 3605 2548 per
3673 2477 3857 2532 Mosen

2275 2575 2453 2645 legem
2502 2572 2759 2637 ferebat,
2825 2587 2891 2628 ea
2933 2571 3001 2627 de
3044 2586 3213 2627 causa
3257 2584 3385 2625 cum
3432 2569 3552 2624 haec
3596 2568 3864 2625 scriberet

2278 2674 2487 2722 terrere
2525 2665 2723 2720 volens
2763 2663 3111 2720 incredulum
3155 2662 3436 2727 lsraelem,
3473 2660 3558 2717 eis
3602 2659 3864 2716 describit

2273 2758 2449 2829 legem
2481 2772 2605 2828 quae
2635 2756 2762 2811 data
2795 2765 2881 2812 est
2906 2754 3139 2820 Adamo,
3170 2764 3227 2811 et
3259 2753 3782 2825 transgressionem,
3809 2761 3864 2808 et

2275 2865 2500 2923 poenas,
2535 2857 2592 2904 et
2635 2848 2970 2911 sententias,
3005 2854 3062 2902 et
3103 2846 3563 2903 ineondonabiles
3604 2843 3864 2901 extemi-

2275 2943 2566 3008 nationes,
2613 2948 2669 2996 et
2712 2938 2837 2995 illas
2882 2937 3194 2993 horrendas
3241 2936 3513 2992 adversus
3554 2943 3865 3004 serpentem

582 3028 786 3100 iustus,
817 3037 875 3083 et
911 3029 1046 3083 nulli
1088 3027 1267 3084 allinis
1306 3029 1758 3099 reprehensioni,
1790 3038 1846 3084 et
1883 3018 2008 3100 pius
2044 3030 2165 3086 Job.
2196 3051 2238 3109 ο
2272 3034 2708 3099 exsecrationes,
2747 3040 2805 3088 et
2841 3030 3064 3089 dolores
3113 3038 3170 3086 et
3210 3029 3456 3103 gemitus
3500 3026 3781 3092 mulieris,
3811 3034 3869 3081 et

584 3119 652 3174 Et
689 3119 814 3175 ideo
848 3120 1074 3177 dicebat
1111 3139 1124 3175 ε
1162 3120 1348 3175 Nudus
1383 3121 1454 3176 ab
1487 3122 1637 3181 omni
1674 3131 1902 3192 peccato
1935 3126 2073 3178 exivi
2109 3140 2173 3178 ea;

584 3220 767 3267 uentre
803 3198 1177 3276 matrisx‘mcw,
1211 3213 1275 3267 ab
1307 3230 1366 3268 eo
1397 3231 1604 3286 quoque
1635 3215 1806 3269 nudus
1841 3216 2081 3270 recedam
2102 3215 2170 3272 ⁸⁸.

585 3301 728 3356 Num
752 3311 938 3357 autem
967 3311 1023 3358 et
1042 3303 1312 3359 Dominus
1335 3312 1392 3359 et
1414 3320 1515 3360 nos
1542 3313 1665 3375 post
1688 3308 2171 3374 resurrectionem,

589 3391 644 3447 in
677 3408 742 3448 ea
777 3393 1029 3463 corporis
1066 3394 1317 3449 nuditate
1357 3394 1514 3449 nullo
1554 3395 1766 3466 pudore
1808 3395 2174 3467 perfundendi

587 3485 818 3550 erimus,
848 3487 967 3557 ipse
1000 3501 1221 3557 quoque
1250 3485 1508 3542 advortes
1536 3495 1591 3542 et
1621 3487 1939 3544 adnotabis.

658 3576 885 3649 Serpens
916 3587 1095 3633 autem
1123 3587 1238 3632 erat
1263 3578 1576 3649 prudentior
1596 3580 1835 3634 omnibus
1862 3580 2036 3636 bestiis
2060 3597 2176 3653 qua:

586 3677 711 3724 sunt
751 3684 917 3740 supra
959 3679 1181 3722 terram.
1216 3666 1373 3735 Quod
1416 3677 1471 3724 et
1510 3678 1779 3740 quantum
1816 3671 2016 3727 attinet
2048 3672 2174 3743 qui-

588 3758 713 3815 dem
746 3759 815 3814 ad
852 3758 1207 3829 prudentiam
1240 3774 1364 3829 quae
1392 3767 1478 3814 est
1506 3758 1560 3813 in
1585 3774 1721 3816 voce
1750 3766 1807 3815 et
1836 3769 2031 3816 natura
2063 3777 2172 3818 non

588 3852 804 3906 ratione
834 3850 1090 3921 praedita,
1120 3849 1295 3904 multa
1325 3864 1447 3905 esse
1474 3850 1734 3905 animalia
1764 3861 2019 3922 serpente
2046 3867 2178 3923 pru-

534 3953 543 3961 '
587 3942 866 4007 (lentiora,
891 3958 1053 3997 nemo
1078 3943 1173 4013 qui
1201 3943 1344 4013 sapit
1366 3943 1787 3999 eontradixerit.
1810 3945 2002 4014 Neque
2026 3945 2174 4003 enim

588 4035 813 4090 domum
849 4035 1114 4099 custodit,
1145 4049 1325 4105 neque
1359 4050 1584 4106 gregem
1620 4051 1864 4106 unquam
1896 4044 2086 4092 servat
2115 4047 2178 4097 ut

588 4127 776 4192 canis;
806 4142 916 4180 non
944 4125 1096 4181 l‘ures
1119 4125 1308 4196 abigit,
1333 4142 1438 4182 nec
1464 4127 1829 4195 terret-feras;
1858 4143 1965 4183 non
1993 4137 2174 4196 curat,

587 4218 769 4273 veluti
795 4218 1034 4288 quadam
1070 4227 1190 4273 arte
1224 4217 1534 4283 medicinae,
1569 4219 1830 4286 vulnera;
1870 4235 2053 4295 neque
2075 4236 2179 4276 suo

590 4309 817 4366 domino
856 4311 1135 4381 privatus,
1167 4311 1339 4381 ejulat
1379 4320 1436 4367 et
1473 4310 1672 4378 deflet,
1697 4327 1823 4367 eum
1856 4312 2173 4382 requirens.

2278 3125 2511 3183 sudores
2549 3131 2606 3179 et
2639 3130 2803 3177 terra:
2838 3119 3305 3183 exsecrationem,
3333 3124 3389 3185 et
3421 3118 3545 3187 ejus
3583 3115 3775 3186 spinas
3804 3110 3867 3170 et

2278 3214 2536 3279 tribulos,
2566 3221 2622 3269 et
2645 3209 2845 3267 mortis
2874 3209 3232 3273 sententiam,
3257 3216 3314 3263 et
3344 3207 3401 3263 in
3432 3215 3638 3261 terram
3667 3222 3738 3261 ex
3761 3220 3866 3275 qua

2275 3308 2534 3372 sumptus
2567 3307 2656 3355 est
2685 3298 3092 3363 reversionem,
3120 3302 3178 3352 et
3207 3296 3498 3352 interitum
3532 3295 3777 3350 hominis
3804 3310 3867 3350 ac

2275 3392 2720 3449 dissolutionem.
2747 3390 2882 3458 Quae
2912 3388 3141 3460 quidem
3175 3388 3363 3445 omnia
3395 3387 3545 3458 passi
3575 3395 3710 3443 sunt
3737 3402 3865 3457 pro-

2277 3484 2538 3558 toplasti,
2577 3485 2843 3556 quoniam
2889 3482 3162 3539 scelerato
3207 3480 3457 3553 serpenti
3504 3480 3864 3545 obedientes,

2276 3579 2462 3634 conati
2497 3586 2628 3633 sunt
2660 3576 2875 3647 seipsos
2907 3574 3044 3630 deos
3074 3572 3276 3639 facere,
3307 3572 3363 3628 in
3397 3580 3785 3643 contemptum
3810 3581 3869 3628 et

2275 3670 2646 3727 defectionem
2692 3669 2763 3727 ab
2808 3683 2923 3727 uno
2967 3675 3025 3722 et
3070 3668 3189 3722 solo
3233 3680 3368 3721 vero
3415 3666 3562 3733 Deo;
3615 3666 3866 3735 rapinam

2275 3762 2532 3820 arbitrati
2556 3762 2671 3818 Deo
2695 3776 2818 3818 esse
2842 3761 3121 3832 mquales,
3136 3759 3246 3814 hoc
3270 3764 3378 3822 est,
3404 3758 3788 3817 ascensionem
3810 3767 3868 3812 et

2277 3846 2335 3910 in
2371 3853 2541 3909 altum
2581 3852 2902 3917 elationem,
2931 3860 2988 3907 et
3021 3865 3191 3921 super
3224 3848 3451 3919 angelos
3483 3847 3866 3903 extensionem

2277 3945 2321 4001 si
2365 3946 2444 4000 dii
2486 3944 2704 4001 tierent.
2737 3945 2857 4000 Hoc
2892 3945 3042 3999 enim
3084 3942 3250 3997 tacite
3289 3938 3640 4011 signiﬁcabat
3677 3939 3861 3994 cornei-

2276 4038 2413 4093 lium
2443 4036 2639 4092 dicens
2676 4054 2689 4090 :
2722 4035 2889 4092 Erilis
2921 4035 3054 4089 sicut
3083 4031 3158 4088 dii
3188 4038 3556 4103 cpgnosccntes
3588 4030 3783 4084 bonum
3814 4038 3869 4084 et

2278 4130 2503 4198 malum,
2538 4122 2755 4184 scilicet
2790 4128 2935 4182 ultra
2977 4134 3224 4182 mentem
3266 4123 3600 4195 angelicam,
3638 4122 3686 4178 si
3734 4121 3866 4177 facti

2276 4230 2464 4279 essent
2517 4221 2641 4277 dii..
2671 4219 2800 4277 Haec
2856 4227 3042 4276 autem
3099 4217 3289 4272 omnia
3346 4216 3663 4287 exponebat
3718 4215 3871 4270 Deus

2278 4309 2509 4385 populo,
2537 4323 2635 4365 eos
2671 4309 2951 4379 repellens
2989 4317 3047 4364 et
3080 4306 3255 4363 veluti
3294 4306 3609 4377 reprimens
3647 4322 3677 4360 a
3717 4304 3870 4361 deie-

590 4401 781 4468 Neqne
817 4417 1012 4458 rursus
1049 4401 1198 4472 quod
1235 4401 1498 4474 sphinges
1533 4410 1591 4458 et
1627 4400 1820 4468 simiae,
1848 4411 2034 4474 potest
2069 4421 2176 4460 un-
2207 4403 2252 4458 D
2282 4401 2466 4457 ctione
2512 4416 2619 4471 qua
2665 4400 2855 4455 statim
2906 4400 3237 4456 laborarunt
3282 4401 3339 4454 in
3387 4399 3592 4463 iloreb,
3628 4414 3765 4454 cum
3811 4398 3865 4453 hi

590 4509 753 4565 quam
783 4510 1016 4563 serpens
1050 4493 1252 4549 imitari
1288 4503 1345 4550 et
1367 4494 1626 4565 eﬂingere
1652 4493 1853 4565 figuras
1876 4505 2176 4568 gestusque

590 4593 649 4639 et
669 4585 851 4641 studia
877 4585 1187 4640 hominum.
1206 4583 1303 4640 His
1324 4584 1474 4640 enim
1501 4585 1878 4643 animantibus
1923 4588 2178 4653 humanae

591 4687 811 4734 natura
850 4676 968 4733 fere
1016 4675 1158 4733 nihil
1205 4677 1381 4743 deest,
1414 4678 1518 4733 nisi
1569 4678 1752 4733 solum
1804 4680 2004 4737 oratio.
2039 4682 2173 4737 Nam

590 4770 825 4825 naturali
855 4769 1095 4842 quodam
1128 4770 1324 4825 habitu
1355 4769 1564 4825 habent
1597 4779 1652 4825 et
1678 4787 1864 4827 rerum
1895 4782 1951 4828 et
1980 4773 2179 4845 {igura-

595 4878 717 4917 rnm
749 4878 885 4932 quas
912 4862 1102 4916 vident
1130 4861 1496 4916 imitationem
1524 4874 1580 4917 et
1605 4864 2080 4921 exercitationem.
2110 4866 2180 4922 Et

592 4955 720 5011 ideo
760 4956 936 5011 simiae
976 4952 1165 5010 Grmce
1208 4954 1497 5022 dicuntur,
1531 4954 1774 5027 πίθηκοι,
1808 4958 1891 5012 ὅτι
1919 4958 2022 5012 πᾶν
2057 4958 2179 5027 ἠθι-

592 5032 867 5108 γοέοὺται,
894 5048 954 5102 id
979 5056 1086 5111 est,
1112 5049 1373 5118 quoniam
1402 5031 1597 5110 omnes
1626 5065 1807 5104 mores
1836 5051 2174 5120 exprimunt.

591 5141 782 5211 Neque
811 5140 1165 5196 abominetur
1195 5140 1419 5195 auditor
1446 5141 1612 5212 huius
1645 5140 1900 5197 animalis
1930 5143 2175 5213 appella-

597 5233 808 5288 tionem
851 5243 1111 5303 tanquam
1160 5232 1438 5303 indignam
1486 5233 1718 5291 auribus
1762 5234 2178 5291 ecclesiasticis.

594 5322 867 5380 Audimus
893 5324 1043 5379 enim
1068 5337 1261 5378 eorum
1287 5339 1410 5393 qua:
1438 5332 1568 5377 sunt
1591 5321 1682 5377 his
1710 5323 1949 5395 minora,
1978 5321 2033 5378 in
2065 5324 2184 5396 lege

597 5417 713 5471 lteri
756 5419 1095 5472 mentionem
1136 5417 1206 5472 ab
1248 5415 1366 5487 ipso
1405 5416 1701 5485 impolluto
1737 5432 1832 5471 ore
1867 5417 1985 5473 Dei.
2012 5416 2157 5485 Quin

596 5509 765 5564 etiam
825 5513 882 5563 in
934 5511 1101 5566 tertio
1149 5510 1298 5566 libro
1354 5511 1566 5580 Regum
1621 5509 1935 5565 invenimus
1988 5523 2183 5565 navem

669 5703 712 5736 "
739 5703 780 5758 ll
812 5703 1011 5767 Conv,
1036 5702 1089 5756 Ξ.
1167 5703 1210 5735 "
1238 5702 1371 5756 ibid.
1396 5702 1447 5756 5.
1525 5700 1571 5736 ’⁸
1591 5703 1694 5757 Job
1721 5720 1758 5769 ι,
1781 5701 1868 5756 21.

2278 4509 2566 4550 sermones
2624 4493 2807 4551 adhuc
2861 4492 2996 4548 Mosi
3049 4492 3376 4549 dicerentur
3430 4492 3485 4547 in
3537 4502 3767 4556 monte,
3814 4500 3869 4545 et

2276 4586 2444 4641 etiam
2473 4586 2542 4641 ab
2570 4585 2698 4641 aliis
2725 4591 2916 4653 postea
2944 4585 3153 4641 secutis
3181 4582 3531 4648 idololatriis,
3558 4598 3684 4653 qua:
3714 4583 3869 4638 illinc

2279 4689 2620 4749 acceperunt
2672 4677 2895 4733 initium
2952 4676 3414 4747 transgressionis
3462 4675 3533 4731 ab
3584 4675 3683 4731 illo
3740 4674 3867 4730 mali

2281 4774 2508 4825 auctore
2547 4778 2838 4838 serpente,
2874 4775 2931 4822 et
2972 4785 3003 4822 a
3041 4765 3192 4835 ligno
3231 4765 3378 4835 quod
3420 4764 3631 4819 dicitur
3670 4765 3865 4819 inube—

2281 4861 2527 4919 dientite.
2563 4861 2632 4921 Et
2666 4859 2903 4915 fortasse
2937 4875 3000 4914 ea
3038 4859 3106 4913 de
3140 4874 3306 4913 causa
3343 4858 3492 4914 Deus
3528 4857 3596 4913 ad
3630 4872 3731 4912 cos
3769 4856 3866 4912 ad-

2281 4952 2593 5008 monendos
2628 4962 2685 5006 et
2718 4951 2789 5008 ad
2824 4950 3199 5011 revocandum
3234 4952 3318 5006 cis
3351 4949 3408 5004 in
3440 4949 3765 5005 memoriam
3803 4964 3867 5004 ea

2280 5063 2402 5117 quae
2433 5046 2573 5102 facta
2605 5053 2738 5100 sunt
2769 5045 2824 5099 in
2854 5043 3142 5115 paradiso,
3166 5043 3252 5097 eis
3279 5042 3499 5099 diversa
3526 5041 3867 5101 unanimiter

2278 5137 2535 5196 exhibuit
2559 5137 2808 5209 prodigia
2839 5153 2937 5209 per
2966 5144 3285 5206 serpentem
3314 5134 3480 5205 910
3511 5143 3570 5190 et
3599 5134 3815 5203 lignum
3846 5151 3861 5185 :

2280 5246 2432 5291 nunc
2456 5228 2680 5301 quidem
2706 5228 2920 5300 virgam
2954 5227 3120 5282 Mosis
3146 5235 3525 5282 transmutans
3552 5225 3609 5280 in
3638 5240 3862 5294 serpeuo

2281 5333 2426 5389 tem,
2468 5321 2670 5378 deinde
2718 5330 3036 5392 serpentem
3089 5319 3146 5374 in
3197 5319 3408 5391 lignum
3456 5316 3804 5373 mortiﬁoans
3843 5330 3855 5367 :

2279 5418 2434 5489 prius
2475 5414 2799 5471 describens
2837 5413 2985 5486 quod
3029 5429 3139 5468 non
3181 5417 3436 5484 oporteat
3473 5409 3704 5472 obedire
3742 5422 3860 5461 srr-

2280 5509 2430 5576 penti
2466 5506 2533 5560 ad
2572 5505 2781 5575 lignum
2816 5504 3183 5568 adorandum,
3214 5503 3299 5559 vel
3336 5502 3483 5572 ψιωί
3519 5518 3621 5572 per
3654 5503 3861 5570 lignum

1945 5703 2015 5738 "‘
2042 5702 2239 5758 Matth.
2261 5718 2315 5767 ι,
2345 5701 2430 5757 l6.
