3942 6298
178 244 304 328 1013

1276 236 1359 297 IN
1398 228 1948 299 HEXAEMERON.
1976 253 2045 266 -
2077 229 2225 290 LIB.
2266 229 2341 288 Χ.

3277 206 3411 270 1014

174 324 355 409 crucis
381 347 581 420 perdet
605 354 661 403 et
685 353 863 402 morte
893 343 1092 399 afficiet
1119 341 1421 413 paradisini
1449 340 1583 412 ligni
1613 353 1743 393 con-
1773 340 1815 399 Α
1842 335 2093 393 ctusniit
2114 336 2394 407 particeps
2415 332 2527 389 dati
2553 348 2582 387 a
2606 330 2840 386 muliere
2871 322 3309 420 :Aquodquidem
3331 332 3418 420 est

176 442 440 499 cultorem
469 444 811 507 serpentem.
837 436 1072 504 Propter
1097 448 1261 503 quem
1292 448 1484 487 rursus
1511 439 1567 486 et
1592 430 1745 501 virga

177 533 465 598 Aaronica,
495 543 561 585 ex
599 528 751 599 ligno
781 529 1021 582 animata
1053 526 1258 596 serpsit
1286 540 1533 595 serpens,
1557 532 1614 578 et
1640 521 1746 577 fal-

180 641 264 682 sas
292 623 536 693 magicas
570 621 624 675 in
659 621 811 691 ligno
841 618 1117 688 serpentis
1143 617 1497 686 operationes
1525 620 1748 683 repente

180 714 544 783 consumpsit.
575 713 643 767 Et
672 713 727 765 in
760 711 910 780 ligno
940 723 1136 763 rursus
1168 722 1397 776 serpens
1426 719 1612 759 aeneus
1642 718 1750 757 non

183 809 397 877 spirans
432 808 489 860 in
522 805 745 860 deserto
780 816 1088 872 suspensus
1123 807 1244 855 erat
1280 815 1309 852 a
1344 798 1493 852 Mose
1536 814 1549 848 :
1587 795 1751 849 tacite

184 901 372 956 dicens
409 898 555 968 quod
587 898 693 951 erit
727 895 1021 965 aliquando
1055 903 1272 962 tempus
1306 891 1362 944 in
1397 904 1532 959 quo,
1566 887 1753 957 subje-

185 1002 277 1047 cto
298 989 524 1046 Christo
551 986 910 1058 insuperabili
944 985 1164 1048 incude,
1192 996 1489 1053 percussus
1518 978 1754 1048 improbi

184 1080 401 1139 consilii
443 1080 701 1150 princeps
741 1092 972 1147 serpens
1008 1076 1191 1131 Pilato
1235 1084 1490 1142 tanquam
1531 1070 1755 1125 mallea—

186 1183 303 1227 tore
333 1173 597 1227 malleum
628 1171 955 1232 incutiente,
982 1177 1038 1221 et
1065 1166 1342 1221 ustulatus
1371 1172 1428 1233 et
1456 1163 1671 1217 solutus
1703 1167 1761 1217 et

187 1272 364 1317 morte
423 1261 696 1323 allectus,
751 1261 808 1313 in
866 1259 1015 1328 ligno
1074 1266 1330 1310 mortuus
1386 1263 1641 1323 tanquam
1702 1251 1757 1305 in

188 1355 444 1409 columna
482 1352 708 1406 infamia
742 1358 967 1404 notatus
996 1347 1374 1418 proscribetur
1405 1343 1637 1408 mundo,
1667 1342 1760 1412 qui

190 1458 367 1512 usque
418 1442 487 1497 ad
532 1442 641 1496 hoc
694 1448 913 1510 tempus
960 1446 1079 1493 erat
1125 1438 1181 1491 in
1230 1434 1529 1491 solitudine
1584 1432 1764 1486 omnis

188 1533 319 1587 boni
362 1551 373 1584 :
407 1541 465 1586 et
494 1530 877 1600 reprimentur
909 1542 1128 1583 morsus
1164 1524 1348 1596 populi
1382 1522 1551 1579 mor'si
1582 1539 1612 1577 a
1644 1531 1767 1577 ser-’
1796 1588 1799 1591 _

190 1634 378 1694 petite.

266 1716 331 1770 Et
360 1715 490 1768 dixit
520 1729 733 1782 serpens
769 1710 978 1765 mulieri
1011 1726 1029 1764 :
1065 1708 1203 1774 Quid
1236 1706 1374 1776 quod
1403 1705 1536 1760 dixit
1569 1704 1707 1758 Dens
1745 1746 1759 1769 ,

188 1806 309 1862 Non
339 1803 617 1859 comedetis
653 1818 715 1857 ea:
743 1803 887 1856 omni
918 1801 1062 1871 ligno
1115 1799 1253 1870 quod
1287 1804 1363 1850 est
1392 1798 1447 1849 in
1483 1795 1768 1868 paradiso?

192 1898 265 1952 Et
297 1897 429 1949 dixit
464 1894 652 1948 mulier
682 1895 912 1964 serpenti
947 1909 965 1947 :
999 1891 1082 1946 Ea:
1111 1892 1253 1944 omni
1286 1889 1426 1961 ligno
1453 1886 1590 1959 quod
1616 1894 1688 1940 est
1714 1886 1768 1939 in

192 1987 449 2058 paradiso
482 1985 824 2047 comedimus,
854 1984 918 2036 de
951 1983 1126 2052 fructu
1161 1991 1339 2035 autem
1373 1980 1501 2051 ligni
1531 1977 1668 2049 quod
1696 1985 1769 2030 est

193 2083 257 2134 in
280 2079 450 2133 medio
478 2077 714 2147 paradisi
740 2075 873 2128 dixit
897 2074 1058 2137 Deus,
1081 2073 1160 2127 Ne
1186 2089 1248 2127 ea:
1274 2089 1333 2127 eo
1353 2071 1657 2134 comedatis,
1682 2085 1773 2121 ne-

196 2188 300 2243 que
319 2171 573 2242 tangatis,
597 2186 662 2223 ne
684 2170 1008 2223 moriamini.
1032 2167 1102 2222 Et
1125 2168 1260 2221 dixit
1281 2182 1494 2237 serpens
1522 2164 1731 2219 mulieri
1754 2180 1772 2217 :

197 2264 370 2320 Morte
404 2280 509 2318 non
547 2261 881 2325 moriemini,
913 2261 1108 2314 sciebat
1146 2263 1287 2314 enim
1326 2258 1467 2312 Deus
1501 2257 1637 2327 quod
1674 2272 1774 2321 quo

195 2354 285 2407 die
307 2368 369 2406 ea:
393 2368 451 2406 eo
480 2350 827 2415 comederitis,
857 2350 1162 2420 aperientur
1184 2349 1343 2403 vestri
1373 2346 1531 2410 oculi,
1555 2355 1603 2399 et
1632 2344 1777 2398 eritis

202 2447 465 2514 tanquam
488 2442 561 2495 dii
586 2448 952 2511 cognoscentes
977 2439 1170 2492 bonum
1195 2446 1243 2491 et
1266 2436 1487 2491 malum.
1508 2434 1662 2514 Quod
1689 2434 1780 2488 hic

150 2528 160 2538 ’
204 2532 437 2603 quidem
479 2510 880 2586 sententiarum
919 2544 983 2585 ac
1021 2528 1511 2599 intelligentiarum
1540 2510 1780 2596 ‘pelagus

201 2633 264 2680 et
308 2624 605 2679 obscurum
648 2622 1014 2692 profundum,
1053 2634 1219 2690 supra
1260 2620 1446 2674 omnia
1489 2634 1610 2688 quae
1655 2625 1784 2672 sunt

207 2714 565 2777 transmissa,
600 2715 765 2768 nobis
797 2714 869 2768 sit
903 2713 1247 2782 propositum
1281 2727 1389 2766 non
1423 2720 1507 2765 est
1534 2721 1782 2765 nostrum

205 2809 401 2863 dicere
450 2825 462 2860 :
506 2806 785 2876 proposita
826 2804 973 2859 enim
1018 2802 1188 2858 dictio
1227 2803 1332 2856 hoc
1366 2817 1434 2856 ex
1463 2816 1527 2855 se
1565 2801 1779 2855 clamat.

208 2902 388 2966 Quam
413 2898 507 2968 qui
536 2897 798 2952 historice
820 2907 1008 2951 etnon
1040 2895 1404 2965 spiritualiter
1428 2894 1614 2963 potius
1640 2893 1785 2965 acci-

210 2993 412 3062 piunt,
445 2990 543 3047 sed
585 2996 860 3043 venantur
903 2986 1177 3040 dictiones

211 3083 435 3145 solvent
471 3081 811 3149 obiectiones
844 3093 968 3147 quae
996 3078 1078 3132 eis
1108 3077 1245 3131 [lunt
1276 3076 1348 3129 ab
1386 3076 1612 3129 irenzeo.
1647 3073 1788 3127 Dicit

212 3172 367 3228 enim
402 3171 691 3226 decertans
722 3171 987 3224 adversus
1017 3167 1461 3222 haeresiarchiam
1492 3180 1788 3222 exsecram-

214 3261 419 3316 dorum
459 3260 786 3330 Ophitarum
832 3277 845 3313 :
883 3257 1169 3324 Quomodo
1206 3257 1323 3312 fieri
1360 3266 1542 3322 potest
1578 3268 1638 3312 ut
1671 3272 1790 3311 ser-

214 3368 362 3424 pens
395 3353 487 3420 qui
524 3352 706 3407 factus
739 3360 827 3406 est
861 3365 892 3404 a
923 3351 1056 3415 Deo,
1085 3361 1305 3413 natura,
1336 3365 1533 3418 expers
1568 3348 1794 3403 rationis

210 3453 278 3498 et
304 3444 520 3505 mentis.
546 3444 761 3499 ratione
776 3441 1040 3513 praeditus
1061 3449 1117 3496 et
1140 3441 1375 3510 loquens
1389 3441 1639 3495 dicatur?
1659 3441 1791 3494 Nam

214 3535 267 3591 si
314 3534 417 3587 sibi
457 3549 559 3588 suo
601 3535 745 3588 facto
780 3532 1149 3587 commodavit
1180 3532 1468 3594 rationem,
1501 3539 1557 3585 et
1584 3530 1793 3584 discre-

217 3623 470 3683 tionem.
500 3632 558 3677 et
600 3622 1016 3691 intelligentiam
1052 3631 1109 3676 et
1150 3621 1561 3691 responsionem
1600 3634 1793 3674 eorum

214 3730 351 3785 quae
379 3714 706 3768 dicebantur
727 3730 758 3769 a
788 3713 1038 3775 muliere,
1097 3729 1228 3782 ergo
1258 3722 1313 3766 et
1341 3712 1518 3767 cuivis
1552 3710 1796 3779 serpenti

213 3822 339 3861 non
369 3814 453 3859 est
480 3806 710 3858 vetitum
743 3804 1175 3874 quominushoc
1204 3804 1385 3858 faciat.
1413 3803 1469 3857 Si
1500 3811 1681 3856 autem
1709 3800 1795 3856 di-

213 3904 376 3960 cent,
407 3896 598 3951 divino
625 3896 858 3950 consilio
887 3906 945 3949 et
968 3894 1375 3964 dispensatione
1405 3907 1530 3947 eum
1558 3893 1794 3946 humana

213 3987 479 4045 oratione
511 3986 715 4055 alloqui
752 3985 921 4041 Evam
946 4028 960 4051 ,
1016 3991 1265 4043 statuunt
1301 3984 1474 4038 Deum
1513 3985 1805 4038 auctorem

216 4077 464 4148 peccati.
499 4075 605 4131 Sed
650 4092 833 4145 neque
878 4076 1114 4145 maligno
1157 4076 1288 4129 licet
1327 4072 1593 4138 daemonr,
1623 4089 1689 4128 ex
1732 4088 1800 4127 eo

215 4169 377 4240 quod
412 4184 522 4222 non
559 4177 644 4223 est
676 4169 743 4223 ad
779 4169 885 4222 hoc
921 4176 983 4221 ut
1018 4168 1119 4231 sit,
1149 4174 1362 4221 natura
1390 4181 1511 4236 quae
1536 4174 1686 4221 caret
1710 4181 1798 4220 ra-

218 4263 385 4316 tione
409 4261 596 4329 largiri
624 4264 925 4324 rationem;
952 4274 1078 4312 nam
1106 4273 1385 4327 nunquam
1413 4256 1710 4312 cessaverit
1732 4256 1799 4309 ad

1844 437 2096 498 apertum
2128 426 2398 491 indicium
2427 423 2682 495 perfectae
2708 418 3107 475 imbecillitatis
3135 422 3194 470 et
3217 414 3419 469 mentis

1847 521 2071 589 ignavae.
2106 517 2244 572 Nam
2276 515 2496 571 mulieri
2533 512 2756 583 quidem
2790 516 2876 564 est
2905 504 3329 578 ignoscendum,
3359 512 3418 555 ut

1848 626 1969 681 qum
1993 609 2162 665 fuerit
2184 619 2442 679 superata
2472 623 2503 662 a
2532 612 2787 674 serpente
2819 600 3066 661 :Adamo
3093 602 3279 652 autem
3306 609 3419 648 non

1848 711 1932 757 est
1963 700 2379 771 ignoscendum,
2403 707 2463 753 ut
2486 696 2580 768 qui
2606 694 2773 750 fuerit
2798 698 3090 761 superatus
3110 704 3142 743 a
3165 686 3418 749 muliere,

1852 808 1978 849 cum
2026 792 2142 861 ipse
2197 792 2252 845 in
2298 790 2519 860 propria
2572 800 2802 857 persona
2853 799 2884 838 a
2931 783 3046 837 Deo
3102 779 3420 835 mandatum

1853 882 2149 950 acceperit.
2182 881 2317 936 Nam
2363 880 2564 934 mulier
2596 892 2721 932 cum
2757 874 2827 930 ab
2862 873 3071 928 Adamn
3106 870 3422 925 uiaudatum

1856 973 2122 1037 audisset,
2176 971 2251 1026 ita
2278 971 2382 1026 fuit
2408 970 2605 1025 affecta
2638 978 2698 1022 ut
2724 970 3129 1025 contemneret,
3157 961 3241 1015 vel
3273 959 3421 1028 quod

1834 1080 1966 1117 ‘non
2004 1063 2164 1133 digna
2198 1071 2346 1117 esset
2375 1061 2565 1116 habita
2599 1074 2724 1131 cum
2757 1073 2865 1126 qua
2898 1056 3047 1110 Deus
3080 1055 3422 1122 loqueretur.

1857 1155 1942 1208 vel
1977 1164 2189 1231 ut‘quze
2220 1154 2360 1208 forte
2393 1153 2674 1208 dubitaret
2704 1158 2759 1204 et
2791 1146 3134 1204 existimaret
3157 1143 3423 1199 Adamum

1860 1242 1969 1299 hoc
1992 1260 2060 1297 cx
2090 1259 2147 1298 sc
2174 1244 2223 1297 ei
2257 1242 2572 1297 mandatum
2601 1239 2841 1294 dedisse.
2866 1236 2970 1292 Ubi
3002 1243 3187 1290 autem
3222 1231 3432 1286 invenit

1863 1349 2092 1403 serpens
2118 1349 2236 1388 eam
2269 1348 2515 1387 seorsum
2549 1338 2824 1401 agentem,
2856 1336 2917 1383 ut
2944 1336 3132 1397 pOSSCl
3161 1340 3279 1379 eam
3316 1324 3432 1392 pri—

1864 1427 2031 1481 vatim
2057 1425 2284 1494 alloqui,
2305 1440 2422 1478 eam
2448 1432 2543 1477 aut
2564 1422 2761 1477 videns
2784 1418 3161 1476 comedentcm
3186 1430 3250 1469 ex
3276 1411 3436 1481 lignis
3492 1433 3499 1441 ε

1866 1528 1961 1571 aut
1988 1533 2097 1571 non
2126 1516 2528 1581 comcdcutcm,
2555 1514 2757 1569 obtulit
2781 1512 2966 1568 cibum
2992 1510 3147 1579 ligni.
3175 1509 3242 1562 Et
3266 1504 3435 1574 siqui-

1866 1610 1989 1665 dem
2021 1610 2425 1673 comedentcm,
2451 1615 2534 1662 est
2554 1604 2911 1676 perspicuum
2942 1601 3088 1672 quod
3117 1616 3179 1655 ea
3213 1606 3357 1653 esset
3382 1596 3434 1651 in

1866 1716 2097 1773 corpore
2143 1701 2197 1753 in
2240 1699 2395 1771 quod,
2430 1698 2577 1752 cadit
2615 1696 2875 1753 interitus
2920 1713 2933 1747 :
2974 1691 3242 1762 quidquid
3289 1688 3435 1744 enim

1870 1793 2039 1847 intrat
2085 1792 2141 1845 in
2186 1807 2268 1856 os,
2304 1790 2456 1845 vadit
2501 1790 2556 1844 in
2608 1804 2909 1845 secessum.
2946 1786 3002 1841 Si
3043 1799 3177 1854 ergo
3223 1783 3272 1835 in
3317 1796 3436 1834 eam

1870 1879 2100 1935 cadebat
2127 1879 2406 1941 interitus,
2432 1887 2515 1934 est
2541 1876 2894 1948 perspicuum
2926 1873 3071 1944 quod
3103 1880 3248 1937 esset
3273 1869 3438 1925 etiam

1871 1971 2140 2026 mortalis.
2177 1968 2231 2025 Si
2275 1977 2458 2024 autem
2494 1975 2612 2023 erat
2643 1966 2925 2035 mortalis,
2956 1981 3065 2019 non
3100 1969 3221 2017 crat
3253 1960 3442 2029 utique

1872 2061 2208 2126 exsecratio,
2241 2077 2419 2131 neque
2463 2059 2752 2116 sententia:
2788 2055 3166 2128 pronuntiatio
3204 2069 3310 2107 vox
3352 2051 3443 2105 illa

1873 2154 1968 2209 De?
1999 2154 2188 2209 dicens
2220 2154 2429 2209 homini
2466 2172 2479 2207 :
2510 2153 2671 2207 Terra
2704 2169 2779 2216 es,
2812 2161 2858 2204 et
2892 2153 2944 2204 in
2981 2159 3181 2202 terram
3214 2154 3443 2205 reverte—

1876 2247 1949 2298 ris
1971 2245 2019 2277 θ’
2048 2263 2060 2297 :
2100 2245 2243 2298 sicut
2271 2248 2437 2297 etiam
2469 2242 2637 2296 habet
2667 2256 2848 2295 rerum
2880 2239 3103 2312 veritas,
3135 2235 3230 2291 Sin
3262 2243 3444 2289 autem

1880 2352 2070 2391 rursus
2092 2351 2202 2389 non
2232 2334 2612 2391 comedcntem
2641 2349 2871 2402 serpens
2895 2316 3116 2401 aspexit
3138 2329 3447 2387 mulierem,

1881 2428 2159 2496 quomodo
2195 2427 2442 2481 traduxit
2471 2426 2536 2480 ad
2575 2424 2973 2481 comedendum
3003 2438 3121 2477 eam
3153 2438 3274 2491 quae
3306 2437 3451 2475 nun—

1881 2531 2041 2584 quam
2072 2514 2416 2570 comederat?

1951 2627 2087 2693 Quis
2117 2635 2297 2682 autem
2330 2626 2460 2685 huic
2489 2640 2710 2696 quoque
2741 2634 2975 2685 cruento
3010 2624 3302 2679 homicida
3335 2639 3455 2679 ser-

1884 2719 2035 2787 penti
2076 2718 2358 2779 indicavit,
2418 2716 2564 2786 quod
2617 2732 2740 2785 quae
2778 2716 2885 2770 lata
2922 2724 3009 2770 est
3045 2731 3076 2769 ιι
3117 2716 3230 2770 Deo
3271 2717 3328 2769 in
3364 2729 3460 2768 eos

1887 2798 2082 2862 mortis
2128 2809 2430 2871 sententia,
2470 2824 2581 2862 non
2622 2817 2855 2862 ventura
2902 2806 2975 2861 sit
3021 2806 3087 2861 ad
3137 2806 3457 2879 [lucumoni

1889 2899 2024 2954 dixit
2063 2917 2076 2951 :
2116 2897 2227 2963 Quo
2258 2908 2433 2952 autem
2460 2899 2544 2951 die
2573 2898 2920 2961 comederitis,
2942 2907 3114 2951 uror-te
3145 2898 3457 2951 moriemini.

1223 3004 1236 3039 :
1279 2984 1467 3039 nescio
1514 2981 1783 3052 quomodo

1888 2992 2002 3046 Nec
2054 2992 2162 3047 hoc
2209 2993 2417 3056 solum,
2454 2991 2549 3045 sed
2597 2991 2766 3045 etiam
2815 3004 2938 3047 cum
2982 3006 3051 3045 eo
3095 2973 3242 3057 quod
3286 2999 3464 3045 morte

1896 3084 2192 3147 carebunt,
2224 3100 2417 3138 eorum
2464 3082 2786 3153 aperientur
2824 3084 2970 3137 oculi
3014 3071 3107 3152 qui
3150 3082 3309 3151 prius
3352 3097 3461 3136 non

1842 3222 1847 3229 .
1897 3184 2047 3228 recte
2073 3174 2357 3237 videbant,
2383 3189 2447 3228 ea
2484 3182 2666 3228 autem
2698 3190 2819 3242 quae
2848 3173 3054 3228 dicitur
3083 3173 3367 3242 apertione
3397 3172 3463 3227 ad

1898 3276 2128 3322 mortem
2155 3268 2427 3323 dederunt
2453 3268 2696 3323 aditum?
2727 3267 2864 3323 Cum
2898 3268 3340 3338 praecedentibus
3366 3284 3465 3323 au-

1899 3366 2006 3413 tem
2046 3358 2488 3429 dubitationibus
2529 3359 2646 3415 hmo
2683 3375 2905 3430 quoque
2944 3360 3290 3429 coniungam.
3318 3358 3467 3426 Quo-

1900 3451 2062 3505 modo
2105 3452 2338 3510 rationis
2367 3467 2564 3521 expers
2596 3460 2652 3506 ct
2681 3451 2795 3507 fera
2830 3452 3004 3507 bestia
3040 3451 3252 3507 audivit
3278 3466 3469 3506 vocem

1904 3540 2019 3601 Dei,
2053 3541 2274 3611 quando
2312 3542 2362 3596 ei
2403 3543 2735 3597 horrendam
2778 3544 2975 3597 citatus
3012 3552 3099 3598 est
3135 3543 3469 3598 exsecratio-

1903 3648 2050 3691 nem,
2086 3646 2250 3700 quam
2290 3631 2569 3701 accipiens
2602 3631 2823 3687 videtur
2860 3633 2914 3686 in
2952 3647 3051 3686 sua
3088 3648 3325 3700 persona
3360 3632 3472 3687 Deo

1903 3721 2165 3783 astitisse,
2238 3721 2509 3791 siquidem
2571 3731 2721 3777 recte
2766 3721 2903 3776 dicit
2943 3738 3048 3775 vox
3096 3722 3404 3790 theologica
3454 3739 3468 3774 :

1902 3810 2070 3865 Deum
2128 3828 2278 3865 nemo
2332 3812 2458 3866 vidit
2510 3827 2745 3881 unquam
2768 3810 2864 3875 η’,
2909 3824 3088 3878 neque
3136 3810 3235 3863 Dei
3282 3824 3470 3863 vocem

1905 3899 2055 3955 auris
2090 3900 2307 3969 excepit
2336 3898 2661 3969 corporalis,
2690 3906 2783 3953 aut
2814 3913 3054 3966 unquam
3088 3896 3332 3953 audivit?
3363 3896 3477 3951 Hoc

1905 3993 2052 4047 enim
2086 4008 2153 4047 ex
2179 4008 2315 4047 voce
2344 3991 2562 4046 Domini
2598 3990 2653 4046 in
2685 3989 3001 4061 Evangeliis
3030 4005 3223 4044 omnes
3257 3987 3474 4057 accepi-

1907 4099 2049 4137 mus.
2074 4083 2287 4137 Rursus
2318 4097 2450 4153 ergo
2480 4082 2547 4136 ad
2578 4096 2665 4136 me
2692 4080 2839 4147 veni,
2872 4094 2906 4134 ο
2940 4078 3039 4144 illi,
3063 4079 3268 4150 jubens
3293 4078 3477 4133 valere

1907 4175 2146 4229 litteram
2176 4191 2298 4244 qua;
2327 4174 2533 4229 occidit
2562 4191 2575 4227 ε
2605 4180 2661 4228 et
2688 4189 2938 4242 quaenam
2971 4172 3055 4241 (re
3078 4171 3303 4242 quidem
3333 4168 3477 4240 ipsa)

1910 4264 2075 4319 fuerit
2111 4262 2208 4319 Dei
2249 4262 2499 4333 operatio
2536 4262 2603 4319 de
2641 4271 2898 4331 serpente
2934 4261 3030 4331 qui
3069 4261 3293 4324 dicitur,
3320 4267 3378 4316 et
3411 4260 3478 4315 de

218 4351 482 4407 fraudem
523 4368 620 4421 per
647 4359 933 4421 serpentes
960 4361 1017 4405 et
1043 4348 1248 4404 bestias
1274 4356 1331 4403 et
1357 4350 1606 4403 volucres
1645 4349 1797 4416 loqui
1838 4357 1875 4408 D
1905 4355 2056 4424 ligno
2088 4364 2143 4409 et
2173 4353 2426 4417 muliere,
2459 4363 2513 4407 et
2545 4352 2824 4422 quomodo
2852 4369 2914 4408 se
2945 4353 3147 4407 habeat
3177 4360 3400 4416 natura,
3424 4358 3482 4405 et

218 4460 360 4500 cum
404 4444 723 4498 hominibus
764 4454 820 4499 et
859 4459 957 4498 eos
998 4442 1276 4513 decipere.
1308 4443 1462 4499 Unde
1506 4453 1712 4505 autem,
1746 4450 1802 4497 et

219 4549 363 4589 cum
396 4536 781 4599 essetbcstia,
813 4535 1377 4589 audivit-mandatum
1415 4534 1563 4603 quod
1600 4550 1631 4588 a
1669 4535 1803 4597 Deo,

220 4626 447 4682 homini
491 4636 547 4681 et
585 4628 707 4690 soli,
737 4628 971 4698 mystice
999 4627 1187 4681 datum
1226 4635 1312 4681 est
1360 4645 1373 4680 :
1416 4642 1542 4681 cum
1588 4642 1656 4680 ne
1700 4626 1806 4680 hoc

222 4716 463 4793 quidem
496 4718 610 4786 ipsa
639 4716 925 4771 didicisset
947 4716 1175 4771 mulier?
1199 4715 1313 4771 Cur
1339 4725 1520 4770 autem
1556 4726 1665 4769 no’n
1700 4730 1803 4784 po-

223 4810 353 4865 tius
374 4808 651 4862 hominem
678 4824 839 4877 quam
864 4811 1037 4877 ipsam
1063 4818 1354 4879 aggressus
1377 4818 1460 4862 est
1482 4808 1809 4862 mulierem?

221 4901 399 4968 Quod
442 4901 489 4955 si
529 4900 662 4954 mihi
703 4900 910 4955 dixeris
947 4900 1094 4969 quod
1136 4900 1203 4953 ad
1245 4914 1367 4953 eam
1412 4899 1708 4953 accesserit
1751 4907 1812 4953 ut

221 5008 366 5071 qtim
405 5000 552 5048 esset
589 4993 939 5057 imbecillior,
999 5000 1189 5047 contra
1228 4990 1423 5044 fortior
1465 5005 1529 5044 ac
1572 4989 1812 5051 virilior,

224 5097 507 5153 tanquam
552 5083 789 5154 adiutrix
824 5084 1065 5139 hominis
1108 5083 1365 5153 apparuit
1407 5082 1464 5136 in
1508 5091 1817 5151 transgres-

208 5183 403 5240 sione
438 5180 705 5235 mandati.
737 5180 856 5250 Ipsa
891 5180 1039 5234 enim
1070 5187 1127 5235 et
1153 5180 1271 5234 sola
1307 5178 1518 5256 resistit
1546 5177 1812 5245 serpenti,

225 5281 291 5329 et
331 5287 457 5326 cum
488 5271 720 5341 quadam
756 5272 1067 5342 objectione
1100 5280 1155 5326 et
1185 5270 1541 5324 contentione
1578 5268 1817 5340 (callidi-

229 5371 363 5421 tate
395 5364 673 5434 superata)
705 5362 1035 5418 comeditex
1065 5363 1241 5432 ligno;
1274 5363 1443 5416 Adam
1478 5371 1659 5416 autem
1692 5378 1817 5419 cum

227 5454 393 5512 nihil
425 5454 653 5509 omnino
682 5455 1048 5525 depugnasset
1080 5463 1174 5509 aut
1208 5454 1664 5522 contradixisset,
1696 5454 1818 5509 fru-

318 5634 370 5667 "
391 5632 525 5689 Gen.
554 5652 625 5696 ιιι,
654 5634 734 5689 19.
810 5636 1058 5691 "'Joan.
1085 5654 1119 5704 ι,
1150 5639 1230 5693 l8.
1309 5641 1325 5671 ⁸
1350 5637 1533 5694 Matth.
1563 5654 1669 5705 XIX,
1700 5639 1778 5692 1‘2.

1907 4444 2185 4514 quomodo
2219 4460 2308 4499 res
2340 4450 2494 4515 gesta
2525 4443 2597 4498 sit
2625 4444 2693 4497 ab
2729 4443 2909 4507 initio,
2940 4442 3364 4512 relinquendum
3399 4451 3483 4497 est

1908 4537 2011 4590 soli
2057 4537 2188 4601 Deo,
2217 4536 2310 4606 qui
2355 4551 2420 4590 ea
2468 4544 2524 4595 et
2572 4535 2703 4591 fecit
2744 4543 2800 4590 et
2845 4536 3012 4601 dixit,
3047 4543 3106 4591 et
3143 4535 3317 4591 novit.
3353 4532 3484 4598 Quae

1911 4638 2093 4684 autem
2124 4629 2298 4683 divini
2337 4630 2668 4705 interpretes
2701 4628 2770 4684 de
2806 4629 2893 4684 his
2925 4637 3054 4684 sunt
3088 4624 3484 4698 phil050phati,

1910 4731 1966 4776 et
2015 4723 2294 4801 quomodo
2342 4721 2411 4777 de
2456 4721 2678 4777 Christo
2727 4730 2782 4775 et
2823 4720 3074 4776 Ecclesia
3120 4719 3382 4789 praeclare
3430 4729 3485 4772 et
3561 4742 3566 4769 :

1913 4814 2317 4870 admirabiliter
2349 4813 2576 4869 fuerunt
2603 4813 2972 4884 praeﬁgurata,
3000 4811 3178 4867 dicam
3211 4810 3388 4865 fretus
3420 4809 3488 4864 iis
3580 4840 3583 4841 ν

1916 4906 2011 4977 qui
2039 4906 2298 4961 dixerunt
2321 4925 2335 4961 :
2360 4905 2463 4972 Qui
2490 4914 2666 4962 autem
2688 4914 2852 4977 potest
2882 4921 3092 4976 capere,
3116 4903 3293 4974 capiat
3319 4904 3366 4967 ‘;
3390 4909 3447 4957 et
3471 4918 3484 4953 :

1918 4997 2021 5064 Qui
2050 4998 2202 5052 habet
2238 4996 2414 5051 sancti
2452 4995 2692 5066 Spiritus
2731 5012 2891 5051 aures
2929 4995 3205 5059 audiendi,
3236 4991 3484 5047 audiat’.
3560 5010 3571 5013 ν

1918 5090 2028 5144 Res
2054 5089 2302 5158 quaedam
2325 5096 2497 5143 artem
2521 5103 2739 5143 omnem
2764 5101 3060 5157 superans,
3081 5095 3136 5140 et
3152 5086 3265 5139 Deo
3287 5096 3487 5152 pmpe-

1919 5180 2144 5234 modum
2194 5179 2396 5233 similis
2439 5178 2831 5248 informisque,
2863 5186 2919 5233 et
2961 5192 3072 5232 non
3113 5172 3490 5229 materialibus

1921 5272 2186 5327 membris
2215 5266 2513 5325 ineﬂ‘abilis
2545 5269 3048 5345 pulchritudoqua:
3073 5267 3141 5322 ad
3172 5266 3265 5321 Dei
3299 5263 3490 5333 imagi-

1923 5378 2052 5418 nem
2081 5362 2224 5417 facta
2256 5361 2363 5416 fuit
2390 5369 2575 5417 nostra
2606 5360 2787 5414 anima
2814 5356 3028 5414 ratione
3052 5356 3278 5428 praedita
3305 5360 3362 5409 et
3387 5354 3489 5409 im-

1924 5453 2195 5516 mortalis,
2222 5469 2251 5507 a
2276 5452 2721 5525 saperesscntiali
2750 5451 3012 5517 essentia,
3037 5449 3232 5507 cﬂ‘ecta
3254 5454 3496 5504 essentia

1860 5640 1878 5667 ’
1903 5635 2093 5692 Matth.
2119 5650 2233 5700 xui,
2260 5634 2312 5689 9.
