4042 6292
524 240 660 306 1015

1726 251 1786 311 s.
1826 250 2224 341 AXASTASII
2260 252 2586 315 SINAIT.E

3642 246 3781 316 1016

520 371 589 411 ex
628 371 741 410 non
780 357 1043 421 essentia,
1069 368 1284 429 sumpta
1325 368 1463 414 erat.
1496 361 1711 414 Rursus
1746 372 1869 416 erat
1904 360 2100 417 simili-
2131 367 2173 422 Α
2205 382 2354 423 rans.
2384 368 2443 423 Id
2480 378 2713 425 ιεειαιιιι-
2740 370 2877 425 Αυει
2911 368 3054 425 dona
3085 367 3197 424 ι)εο
3229 366 3502 431 offerens;
3535 361 3776 421 Lamcch

524 448 688 511 tmlo,
731 456 787 501 et
835 448 1222 511 simulacrum,
1261 457 1318 503 et
1359 464 1427 503 ex
1475 449 1709 506 adverso
1758 452 2100 521 respondens

524 540 787 611 splendor
835 540 1086 595 informis
1141 540 1412 605 idcarum,
1468 542 1737 612 principis
1788 552 1845 597 et
1900 543 2101 599 formas

521 630 775 686 facientis
792 630 887 685 Dei
905 631 1095 684 divino
1109 630 1279 685 factas
1300 646 1549 687 munere.
1563 631 1687 689 Haec
1706 649 1836 706 ergo
1851 644 1905 688 et
1923 635 2101 707 imago

524 731 578 776 et
608 720 914 778 similitudo
940 722 1060 791 ejus
1085 721 1180 790 qui
1207 731 1291 777 est
1317 738 1483 793 super
1508 723 1799 795 imaginem
1825 736 1881 780 et
1908 726 2103 781 simili—

526 811 806 873 tudinem,
839 817 897 864 ct
933 811 1196 880 apparuit
1232 820 1288 866 et
1328 811 1433 867 fuit
1468 815 1761 884 appellata.
1793 815 1970 883 Quam
2005 819 2102 886 qui

523 904 733 958 dicitur
775 917 1038 972 serpens,
1073 911 1133 958 ut
1182 905 1502 976 intelligens
1549 904 1944 978 intelligentia,
1975 924 2103 965 cum

524 996 754 1052 vidisset
799 996 1204 1067 intelligentem
1258 998 1464 1053 nudam
1513 1006 1770 1068 tanquam
1821 1000 2101 1071 reginam,

524 1100 657 1144 tunc
709 1087 1020 1159 virginem,
1082 1104 1316 1158 puram,
1370 1091 1672 1156 intactam,
1728 1091 2103 1162 incorruptam

518 1182 893 1252 juvenculam,
924 1182 1021 1237 Dei
1058 1196 1339 1251 sponsam,
1370 1197 1575 1237 corona
1606 1182 1920 1237 redimitam
1956 1190 2104 1250 (tan-

524 1289 687 1343 quam
719 1276 776 1328 in
806 1274 1047 1343 quodam
1082 1272 1346 1345 thalamo)
1378 1274 1568 1328 divino
1599 1289 1787 1328 amore
1824 1276 2104 1344 stipatam,

527 1369 581 1421 in
626 1367 860 1437 mystico
904 1382 1106 1421 arcano
1150 1376 1208 1422 et
1248 1367 1338 1422 cui
1388 1382 1498 1421 non
1545 1378 1630 1421 est
1675 1367 1761 1421 vir
1804 1367 2104 1431 admisttts,

526 1461 763 1530 paradisi
810 1460 1070 1516 cubiculo
1116 1459 1450 1515 residentem
1500 1479 1511 1513 :
1561 1474 1685 1513 cum
1730 1467 1877 1512 esset
1920 1458 2108 1513 infelix

525 1554 948 1618 exterminatus,
976 1561 1033 1607 et
1065 1551 1134 1607 ab
1168 1551 1366 1606 axibus
1402 1550 1719 1607 coelestibus
1759 1549 2104 1605 exturbatus.

526 1645 822 1717 Postquam
858 1646 937 1700 sic
966 1645 1107 1699 vidit
1140 1643 1372 1698 formam
1405 1654 1461 1699 et
1491 1649 1743 1698 naturam
1777 1650 2021 1711 nostram
2053 1651 2109 1698 et

529 1739 737 1792 divinis
778 1737 1035 1791 manibus
1073 1736 1384 1798 formatam,
1414 1746 1470 1789 et
1512 1734 1700 1788 divino
1739 1732 1946 1802 Spiritu
1988 1732 2109 1786 ani-

532 1839 756 1894 matum,
780 1838 837 1884 et
858 1828 1130 1882 universa?
1157 1840 1281 1895 quae
1304 1835 1389 1879 est
1411 1824 1514 1879 sub
1541 1826 1654 1879 sole
1681 1831 1949 1879 creatura:
1974 1823 2113 1893 regi-

532 1936 658 1975 nam
690 1919 1045 1975 constitutam
1075 1936 1089 1971 :
1120 1932 1230 1971 non
1259 1916 1441 1971 ferens
1469 1916 1700 1971 honoris
1723 1916 1897 1971 nostri
1925 1915 2113 1970 altitu-

534 2014 744 2077 dinem,
776 2011 1068 2067 aemulatus
1100 2017 1186 2063 est
1217 2008 1541 2071 sceleratus,
1575 2008 1792 2072 invidit,
1824 2020 2028 2077 angore
2058 2013 2114 2060 et

535 2105 726 2160 dolore
770 2113 853 2158 est
889 2103 1144 2165 affectus,
1175 2100 1387 2169 stupuit
1423 2109 1481 2154 et
1522 2098 1827 2154 admiratus
1864 2107 1950 2152 est
1987 2097 2112 2167 pul-

536 2197 931 2260 chritudincm,
964 2196 1232 2267 gloriam,
1276 2200 1627 2263 potestatem,
1686 2191 1968 2255 virtutem,
1999 2189 2113 2243 for-

540 2305 714 2356 mam,
744 2289 859 2344 Deo
889 2289 1129 2344 similem
1159 2288 1428 2341 visionem
1470 2294 1527 2341 et
1559 2283 1835 2339 decorem.
1866 2283 2116 2353 Cumque

537 2382 723 2438 omnia
771 2383 1088 2452 speculatus
1131 2390 1281 2437 esset
1328 2396 1392 2435 ac
1436 2380 1761 2443 lustrasset,
1799 2386 1859 2432 ut
1905 2376 1997 2446 qui
2044 2376 2118 2430 sit

542 2476 703 2531 simul
750 2482 808 2530 et
850 2473 1124 2545 malignus
1168 2481 1225 2529 et
1278 2472 1528 2536 invidus,
1566 2469 1760 2526 fraude
1802 2484 1901 2523 sua
1945 2467 2118 2525 valuit

542 2567 828 2621 mulierem
861 2581 892 2619 a
921 2566 1044 2619 viro
1074 2565 1361 2627 seducere,
1392 2578 1626 2633 eamque
1661 2578 1786 2617 cum
1817 2559 2119 2630 accepisset

542 2668 792 2711 seorsum
838 2665 1090 2725 agentem
1139 2671 1203 2710 ac
1249 2663 1591 2724 separatam,
1639 2653 1853 2722 decepit
1901 2670 1913 2705 :
1964 2667 2117 2721 spem

542 2762 738 2802 vanam
786 2756 845 2802 et
884 2747 1107 2801 inanem
1154 2747 1206 2800 ei
1251 2760 1589 2817 suggerens,
1627 2746 1769 2799 sicut
1810 2746 1920 2813 jam
1966 2743 2120 2812 prius

544 2838 681 2892 dixi.
707 2835 1048 2907 Suggerebat
1071 2836 1219 2889 enim
1250 2835 1367 2889 fore
1398 2844 1457 2889 ut
1486 2850 1586 2905 per
1614 2850 1769 2889 esum
1801 2834 2001 2888 mulier
2027 2833 2121 2891 lie-

544 2943 631 2986 ret
655 2930 779 2993 dea,
807 2940 867 2984 ut
895 2945 1018 2999 qua:
1045 2928 1305 2984 evaderet
1330 2928 1442 2982 Deo
1468 2928 1664 2981 similis
1693 2938 1747 2981 ct
1778 2927 1979 2981 collum
2012 2942 2120 2981 non

544 3023 781 3093 amplius
820 3020 1067 3077 ﬂecteret
1106 3020 1174 3074 ad
1218 3020 1391 3074 Deum
1435 3019 1773 3074 adorandum

545 3116 656 3170 Deo
695 3123 864 3179 esset,
893 3126 1231 3184 cognoscens
1274 3110 1459 3165 omnia
1504 3109 1647 3164 bona
1689 3121 1742 3165 et
1786 3110 1950 3175 mala,
1979 3111 2123 3166 sicut

544 3208 707 3262 licus.
1775 3203 1781 3208 ’

616 3297 728 3353 Hac
748 3313 845 3367 spe
872 3297 1017 3349 inani
1044 3296 1439 3365 phantasticam
1467 3296 1713 3349 mulieris
1740 3296 1935 3349 anima:
1957 3295 2124 3349 facul-

544 3398 710 3444 tatem
734 3388 793 3442 in
816 3388 989 3442 altum
1010 3387 1363 3442 extollensac
1381 3387 1740 3457 suspendens,
1767 3404 1885 3441 eam
1909 3388 2125 3459 decepit

548 3482 688 3538 etin
723 3496 971 3536 errorem
1012 3480 1246 3535 induxit.
1272 3480 1554 3536 Mulierem
1592 3491 1774 3536 autem
1815 3496 1961 3536 nunc
2000 3482 2124 3536 dico

553 3576 720 3630 Evam
762 3591 778 3627 :
816 3583 1128 3643 serpentem
1163 3581 1346 3628 autem
1386 3589 1511 3627 eum
1544 3574 1637 3643 qui
1673 3572 1878 3629 dicitur
1906 3575 2125 3643 sapien-

553 3667 663 3721 tior
689 3665 952 3721 omnibus
977 3680 1100 3735 qua:
1130 3664 1261 3721 fecit
1289 3666 1553 3721 Dominus
1577 3667 1742 3727 Deus,
1769 3681 1889 3735 quae
1917 3662 2055 3719 sunt‘
2073 3665 2125 3718 in

553 3770 720 3823 terra,
745 3757 841 3817 sed
873 3773 984 3814 non
1014 3759 1179 3813 etiam
1210 3773 1331 3827 qum
1358 3759 1412 3811 in
1442 3757 1621 3813 ccelis.
1653 3757 1777 3812 Ha‘c
1806 3757 1951 3810 mih'r
1972 3757 2128 3810 intel-

553 3855 790 3921 ligantur
823 3860 1196 3921 congruenter
1228 3850 1422 3904 littera:
1453 3849 1560 3903 veli
1592 3850 1887 3903 exterioris
1918 3859 1971 3901 et
2003 3864 2125 3900 cor-

548 3945 700 4013 poris
760 3942 1093 4013 Scriptura,
1140 3958 1209 3995 ne.
1267 3943 1451 4012 porcis
1504 3950 1559 3996 et
1616 3942 1848 3996 canibus
1901 3944 2129 4011 (nempe

552 4035 874 4090 hominibus
899 4035 993 4103 qui
1021 4032 1369 4088 delectantur
1389 4032 1911 4103 vituperationibuqs)
1937 4032 2131 4086 demus

549 4138 740 4180 ansam
777 4142 790 4177 :
828 4123 921 4193 qui
955 4122 1145 4177 dicunt
1180 4121 1294 4177 haec
1330 4137 1437 4176 non
1475 4121 1591 4175 fieri
1620 4123 1695 4175 ad
1734 4121 1991 4176 litteram.
2025 4120 2131 4187 Qui

550 4224 737 4269 autem
779 4228 811 4268 a
855 4214 1025 4268 Paulo
1069 4222 1198 4268 sunt
1243 4211 1469 4275 eruditi,
1502 4213 1596 4281 qui
1643 4210 1711 4265 ad
1750 4210 2032 4266 Christum
2076 4224 2131 4267 et

554 4305 857 4361 Ecclesium
914 4306 1132 4362 reducit
1179 4306 1364 4359 omnia
1418 4320 1540 4373 qua)
1591 4315 1722 4359 sunt
1771 4305 1825 4358 in
1879 4303 2032 4374 lege,
2076 4314 2133 4358 et

2202 463 2370 533 (sicut
2399 460 2594 531 Adam)
2624 460 2693 517 de
2721 460 2942 517 Christo
2975 470 3232 531 tanquam
3266 459 3539 529 propheta
3575 456 3780 527 praedi-

2201 567 2368 619 cens;
2396 551 2554 619 Seth,
2585 553 2708 623 ejus
2734 552 3028 622 imaginem
3059 550 3155 619 qui
3187 548 3255 604 ad
3279 548 3578 618 imaginem
3603 545 3783 602 factus

2202 653 2343 710 erat,
2394 660 2698 708 renovans;
2731 642 2900 707 Enos,
2928 642 3024 713 qui
3070 642 3241 712 erepit
3286 641 3550 696 invocare
3578 652 3788 693 nomen

2206 737 2456 802 Domini;
2491 735 2702 801 Enoch,
2733 735 2829 805 qui
2863 735 3077 803 primus
3106 744 3363 803 tanquam
3396 732 3519 786 Deo
3557 730 3787 801 placens

2204 828 2359 899 prius
2394 827 2688 897 descripsit
2728 841 2793 880 ac
2834 824 3089 897 ﬁguravit
3128 822 3631 883 resurrectionem.
3678 821 3787 874 im-

2204 919 2452 974 mortalis
2500 917 2731 972 eii'ectus
2777 923 2834 970 et
2876 931 2907 969 a
2952 914 3066 969 Deo
3112 913 3445 977 translatus;
3478 910 3786 966 Ilatbusals

2205 1009 2392 1064 Enoch
2428 1008 2604 1073 illius;
2639 1005 2878 1061 Lamecb
2907 1006 3030 1074 ejus
3058 1017 3232 1073 nepos
3252 1043 3268 1066 ,
3300 1004 3396 1072 qui
3437 1002 3635 1073 genuit
3669 1000 3787 1057 Noe

2202 1098 2408 1154 Christi
2449 1097 2700 1168 figuram,
2738 1104 2794 1150 et
2834 1095 2975 1149 dixit
3016 1112 3029 1147 :
3067 1094 3173 1149 Iste
3210 1111 3306 1148 nos
3343 1094 3499 1164 faciet
3519 1095 3790 1165 quiescere

2207 1194 2271 1247 ab
2301 1194 2541 1263 operibus
2569 1200 2619 1244 et
2647 1188 3006 1260 afﬂictionibus
3035 1189 3249 1248 nostris,
3277 1195 3327 1241 et
3364 1204 3396 1243 ρ
3435 1195 3584 1241 terra
3624 1202 3790 1256 quam

2208 1290 2504 1337 exsecratus
2548 1290 2621 1336 est
2668 1279 2922 1334 Dominus
2967 1277 3183 1344 Deus";
3218 1277 3358 1341 Noe,
3389 1292 3557 1347 quem
3603 1276 3790 1330 virum

2206 1391 2329 1432 esse
2357 1372 2660 1443 perfectum
2689 1380 2746 1427 et
2769 1372 2981 1442 justum
3007 1377 3243 1425 testatus
3266 1376 3352 1424 est
3374 1368 3668 1431 Dominus,
3693 1368 3790 1437 qui

2208 1470 2373 1524 etiam
2401 1481 2527 1522 eum
2559 1465 2817 1535 placavit,
2846 1478 2917 1517 ne
2941 1472 3115 1517 totum
3134 1462 3298 1518 simul
3331 1462 3590 1516 interiret
3614 1475 3794 1532 genus

2210 1562 2535 1615 humanum.
2562 1556 2633 1611 Ut
2660 1557 2824 1611 etiam
2858 1556 2991 1611 fecit
3018 1554 3304 1618 Dominus,
3331 1564 3595 1623 tanquam
3623 1552 3793 1606 homo

2213 1654 2431 1708 Patrem
2463 1648 2829 1707 reconcilians
2851 1662 2955 1717 pro
2977 1645 3318 1702 hominibus.

2278 1743 2534 1811 Quandiu
2560 1741 2783 1812 quidem
2810 1740 2946 1794 tales
2971 1739 3166 1794 habuit
3191 1737 3332 1791 ﬁlios
3358 1745 3413 1790 et
3435 1734 3654 1789 fruetus
3672 1748 3795 1803 quae

2213 1838 2415 1893 dicitur
2430 1833 2622 1891 Adami
2648 1833 2887 1887 humana
2907 1830 3175 1893 Ecclesia,
3190 1830 3514 1898 priusquam
3532 1833 3797 1893 corrupta

2213 1944 2356 1989 esset
2393 1941 2535 1986 terra
2557 1928 2625 1983 ab
2651 1925 2982 1990 idololatria,
3000 1923 3231 1979 libidine
3264 1937 3328 1977 ac
3362 1920 3603 1985 luxuria,
3627 1927 3686 1975 et
3711 1919 3799 1973 fu-

2214 2041 2343 2080 rore
2371 2025 2426 2078 in
2475 2021 2750 2077 feminas:
2793 2031 2985 2072 revera
3032 2030 3157 2070 cum
3188 2014 3310 2068 viro
3343 2028 3444 2067 suo
3491 2020 3617 2067 erat
3648 2009 3798 2065 nuda

2214 2118 2328 2172 Deo
2352 2133 2365 2168 :
2398 2128 2576 2183 neque
2606 2111 2768 2167 ambo
2796 2107 3219 2170 erubescebant,
3247 2104 3342 2160 sed
3373 2104 3548 2158 libere
3573 2116 3639 2157 ac
3666 2116 3798 2156 con-

2217 2208 2448 2262 ﬁdenter
2480 2205 2535 2259 in
2572 2203 2743 2259 Deum
2771 2207 2892 2255 erat
2922 2196 3136 2260 aliecta,
3175 2205 3236 2251 ut
3268 2210 3396 2265 quae
3423 2202 3654 2264 peccato
3683 2206 3801 2246 non

2215 2305 2362 2354 esset
2396 2294 2652 2352 obnoxia.
2689 2291 2763 2347 Ea
2795 2306 2929 2359 ergo
2957 2289 3037 2344 sic
3067 2288 3263 2343 atl'ecta
3303 2285 3622 2341 ettlmtante
3669 2299 3798 2339 cum

2217 2392 2337 2446 viro
2371 2404 2492 2450 suo,
2529 2386 2883 2442 aemulatione
2928 2389 3110 2437 motus
3152 2378 3221 2435 ad
3250 2392 3371 2433 eam
3415 2377 3653 2433 accessit
3682 2391 3800 2431 ser-

2217 2498 2372 2553 pens.
2408 2480 2732 2548 Serpentem
2765 2483 2952 2529 autem
3001 2473 3259 2536 audiens,
3308 2485 3409 2539 per
3449 2468 3799 2537 corporalem

2219 2580 2562 2643 serpentem,
2618 2565 2861 2636 intelligo
2910 2564 3206 2617 draconem
3254 2558 3410 2615 illum
3451 2557 3799 2612 desertorem

2219 2677 2383 2736 quem
2425 2662 2572 2718 Deus
2610 2659 2754 2729 apud
2786 2656 2985 2712 Jobum
3029 2653 3165 2708 dans
3195 2663 3460 2721 responsa
3502 2650 3582 2703 sic
3615 2647 3800 2702 nomi-

2220 2756 2391 2812 navit.
2425 2754 2531 2808 lste
2571 2759 2654 2806 est
2701 2749 2849 2805 enim
2878 2747 2972 2816 qui
3020 2743 3240 2813 decepit
3279 2739 3606 2798 Ecclesium.
3653 2738 3802 2792 Dixit

2221 2852 2368 2907 enim
2398 2860 2627 2917 serpens
2655 2842 2875 2898 mulieri
2900 2839 3126 2894 omnino
3145 2852 3254 2891 non
3281 2835 3446 2900 bona,
3470 2848 3672 2902 nempe
3698 2831 3800 2886 Ec-

2223 2945 2425 2999 clesiae.
2454 2940 2510 2995 Si
2545 2949 2728 2994 autem
2763 2934 2831 2990 ad
2876 2933 3114 2987 litteram
3147 2931 3326 2985 solum
3368 2927 3526 2983 audis
3554 2941 3680 2995 qua:
3711 2924 3803 2979 di-

1824 3039 1835 3072 ³
1883 3018 1977 3073 ⁸θά
2024 3034 2121 3088 Par
2148 3038 2190 3095 C
2224 3045 2426 3093 cuntur
2461 3035 2530 3088 de
2564 3039 2820 3100 serpente
2851 3035 2909 3081 et
2937 3022 3188 3087 muliere,
3217 3021 3508 3092 oportebat
3535 3027 3806 3088 utrosque

2230 3128 2394 3185 simul
2424 3124 2664 3197 aggredi,
2712 3131 2766 3176 et
2797 3122 2971 3177 multo
3009 3117 3183 3188 magis
3205 3115 3406 3169 virum.
3453 3111 3509 3166 Si
3541 3109 3806 3180 spiritua-

2231 3222 2357 3275 liter
2384 3226 2566 3274 autem
2610 3216 2788 3269 solum
2821 3211 3113 3281 intelligas,
3148 3222 3258 3262 non
3298 3202 3594 3273 oportebat
3623 3199 3808 3255 solum

2228 3310 2517 3381 attingere,
2576 3318 2773 3374 nempe
2816 3300 3117 3357 Christum.
3163 3286 3336 3350 Adam
3377 3294 3517 3381 enim
3560 3306 3667 3344 non
3705 3289 3810 3358 facit

2229 3379 2497 3471 deceptus,
2535 3407 2595 3452 ut
2640 3396 2735 3465 qui
2768 3402 2915 3449 esset
2944 3400 3107 3461 typus
3140 3383 3367 3447 Christi,
3407 3379 3602 3471 mulier
3624 3387 3812 3471 autem

2231 3494 2328 3564 fuit
2357 3463 2582 3558 ’ἀει-τρια
2617 3463 2672 3551 ⁸,-
2701 3497 2897 3552 nempe
2946 3478 3233 3533 hominum
3272 3480 3492 3532 natura,
3537 3463 3812 3521 Ecclesia.

2232 3585 2325 3638 Est
2362 3591 2548 3637 autem
2575 3573 2948 3633 adnotandum
2975 3567 3121 3641 quod
3157 3564 3447 3620 mulierem
3476 3565 3812 3629 separatam,

2230 3684 2285 3731 et
2307 3690 2339 3728 a
2364 3675 2486 3727 viro
2516 3683 2620 3725 suo
2650 3668 2869 3739 (nempe
2900 3658 3031 3729 Deo)
3063 3654 3255 3728 procul
3290 3658 3557 3707 remotam
3570 3646 3814 3739 invasit,

2231 3778 2287 3822 et
2327 3761 2546 3831 decepit
2581 3737 2703 3814 eam
2747 3767 2975 3822 serpens
3004 3769 3017 3803 :
3049 3762 3153 3803 nec
3194 3759 3315 3801 eam
3348 3740 3527 3812 potuit
3550 3737 3816 3831 decipere

2231 3827 2481 3929 quandiu
2505 3852 2643 3907 vidit
2666 3864 2788 3905 eam
2815 3863 2844 3901 a
2869 3845 2991 3898 viro
3029 3855 3132 3897 suo
3156 3852 3268 3893 non
3293 3841 3625 3929 separatam.
3652 3827 3818 3929 Illinc

2231 3918 2414 4007 autem
2450 3946 2580 4001 licet
2619 3950 2807 4012 aperte
2849 3937 3064 3991 discere
3117 3929 3264 4001 quod
3315 3926 3385 3981 ad
3425 3918 3817 4012 Christirefe-

2235 4049 2431 4097 runtur
2457 4010 2762 4092 Ecclesium
2799 4040 3144 4099 quaecunque
3180 4027 3311 4077 sunt
3342 4017 3508 4086 hujus
3538 4010 3824 4073 mulieris,

2244 4148 2352 4189 non
2401 4128 2710 4184 invenimus
2750 4122 2897 4177 enim
2952 4116 3178 4172 omnino
3212 4110 3481 4166 Adamum
3532 4117 3656 4159 cum
3697 4115 3817 4154 ser.

2232 4233 2396 4296 pente
2425 4234 2547 4276 esse
2580 4216 2936 4273 collocutum.
2969 4207 3126 4264 Unde
3166 4204 3335 4259 etiam
3379 4216 3410 4255 a
3447 4198 3561 4296 Deo
3591 4201 3826 4296 rogatus

2236 4284 2334 4373 cur
2364 4309 2690 4369 comederit,
2713 4320 2824 4359 non
2858 4302 2993 4356 dicit
3020 4317 3033 4352 :
3062 4296 3289 4365 Serpens
3318 4307 3401 4346 me
3429 4287 3647 4356 decepit,
3677 4284 3781 4338 sed
3808 4298 3825 4335 :

553 4399 790 4454 maxime
813 4413 936 4467 quae
965 4398 1167 4467 scripta
1195 4407 1323 4452 sum
1347 4396 1416 4451 de
1441 4396 1649 4451 Adamo
1674 4405 1727 4449 el
1754 4396 1887 4460 Eva.
1913 4411 2135 4473 compa-
2164 4378 2207 4432 ι)
2236 4405 2428 4462 Mulier
2451 4401 2578 4457 mihi
2598 4398 2760 4459 dedit,
2786 4404 2833 4447 et
2855 4391 3073 4447 comedi.
3093 4387 3288 4442 Mulier
3309 4390 3493 4437 autem
3515 4376 3825 4473 dicit-Deo:

554 4502 678 4544 rent
700 4489 1010 4559 spiritualia
1038 4502 1162 4543 cum
1188 4487 1604 4558 spiritualibus;
1631 4488 1718 4542 lex
1743 4489 1889 4542 enim
1916 4498 2001 4542 est
2024 4490 2136 4557 spi-

556 4582 775 4639 ritualis
791 4582 831 4636 ³.
861 4582 1218 4652 Perspicuum
1262 4592 1349 4635 est
1389 4591 1572 4636 autem
1615 4581 1764 4650 quod
1806 4581 1971 4634 etiam
2014 4596 2135 4650 quas

556 4684 686 4729 sunt
720 4674 777 4729 iu
815 4674 968 4743 lege.
1009 4676 1193 4729 omnia
1237 4674 1393 4745 prius
1426 4683 1556 4728 sunt
1585 4671 1863 4753 descripta
1896 4688 1958 4727 ac
1996 4688 2133 4743 prsc-

558 4770 789 4838 tigurata
843 4767 913 4823 de
968 4766 1213 4822 Christo.
1260 4764 1404 4836 Ergo
1444 4775 1498 4821 et
1528 4756 1835 4834 paradisus,
1875 4777 1926 4820 et
1964 4765 2131 4837 ligna,

558 4872 615 4917 et
642 4861 877 4925 fructus,
906 4870 962 4915 et
993 4858 1258 4921 Adamus,
1294 4870 1350 4915 et
1384 4859 1605 4922 mulier,
1629 4868 1685 4914 et
1706 4859 1774 4913 ad
1799 4875 1918 4913 cam
1950 4873 2135 4914 acces-

559 4967 674 5016 sus,
700 4959 756 5008 et
793 4952 862 5008 de
903 4953 1020 5021 ipsa
1059 4951 1315 5016 victoria,
1342 4963 1399 5007 et
1434 4965 1681 5022 serpens,
1709 4961 1766 5007 et
1804 4951 1983 5014 cibus,
2015 4960 2138 5022 post

564 5046 848 5101 historiam
877 5059 1002 5116 qua:
1030 5054 1114 5099 est
1140 5046 1206 5098 ad
1237 5047 1500 5107 litteram,
1527 5044 1595 5100 de
1625 5041 1845 5100 Christo
1871 5053 1927 5099 et
1952 5042 2138 5101 Eccle-

562 5140 642 5192 sia
675 5137 1023 5209 praefigurata
1050 5136 1279 5191 fuerunt
1303 5148 1355 5192 et
1387 5137 1711 5192 adumbrata
1745 5137 1800 5192 in
1830 5136 2139 5208 Scriptura.

564 5230 701 5286 Nam
724 5229 971 5285 humana
999 5230 1222 5299 quidem
1254 5230 1551 5300 aliquando
1577 5241 1773 5285 natura
1802 5240 1920 5284 erat
1945 5231 2014 5285 ab
2043 5231 2147 5287 ini-

566 5326 643 5377 tio
663 5323 835 5376 veluti
862 5323 956 5377 Dei
979 5322 1136 5393 911
1164 5326 1386 5395 conjux,
1404 5341 1531 5379 eum
1556 5340 1860 5395 agnoscens
1881 5335 1937 5380 ct
1959 5325 2147 5380 colens

567 5424 620 5465 si.
659 5415 729 5470 ab
771 5432 838 5468 eo
882 5416 1287 5485 inseparabilis,
1331 5428 1585 5487 tauquam
1634 5418 1743 5472 Eva
1782 5433 1903 5487 qua:
1943 5419 2147 5472 dicitur

570 5505 765 5558 ιηεᾹίῡιτ
789 5515 841 5558 et
870 5520 1011 5556 uxor
1037 5508 1382 5574 protolilnsti,
1414 5509 1582 5561 Deum
1620 5508 1898 5561 individue
1932 5508 2147 5562 deside-

1150 5683 1165 5711 ’⁸
1192 5685 1329 5736 (icti.
1354 5703 1404 5747 γ,
1431 5686 1521 5739 9.9,

639 5688 655 5717 ³
683 5688 839 5741 “Olli.
868 5703 957 5745 vu,
990 5687 1070 5737 li.
1150 5686 1165 5711 "
1192 5686 1329 5736 lien.
1354 5703 1404 5747 γ,
1431 5686 1521 5739 9.9.
1599 5688 1617 5714 ³
1653 5686 1672 5739 1
1704 5687 1846 5741 Tim.
1887 5704 1945 5752 ll,
1988 5688 2070 5739 Η.

2241 4490 2467 4561 Serpens
2500 4493 2581 4541 me
2609 4482 2825 4553 decepit,
2858 4491 2906 4534 et
2941 4478 3160 4532 comedi.
3197 4475 3410 4528 Rursus
3435 4478 3616 4522 autem
3650 4466 3711 4519 in
3735 4482 3830 4519 ex-

2241 4559 2546 4639 sec-ratione
2582 4573 2874 4645 serpentis,
2901 4572 2969 4626 de
3012 4568 3237 4623 homine
3275 4579 3402 4620 eum
3451 4560 3587 4616 nihil
3627 4559 3818 4612 crimi.

2241 4685 2403 4729 natur
2430 4672 2593 4731 Deus,
2628 4665 2723 4720 sed
2766 4664 2835 4719 de
2866 4661 3119 4715 muliere.
3150 4657 3218 4711 Et
3262 4654 3391 4709 ideo
3433 4650 3566 4705 dicit
3590 4649 3638 4702 ei
3672 4667 3687 4701 :
3720 4648 3816 4701 Po-

2244 4784 2368 4821 nant
2402 4762 2705 4818 inimicitias
2750 4760 2887 4811 inter
2930 4766 2979 4807 te
3027 4761 3075 4806 et
3120 4749 3416 4805 mulierem.
3457 4744 3523 4798 Et
3565 4756 3668 4795 cur
3714 4756 3826 4793 non

2242 4862 2408 4915 etiam
2439 4856 2583 4910 inter
2609 4853 2792 4907 virum
2828 4848 3006 4902 ?Nam
3032 4842 3180 4915 quod
3209 4842 3409 4896 attinet
3451 4836 3516 4891 ad
3554 4835 3824 4894 litterate,

2244 4951 2451 5005 amicos
2486 4961 2610 5000 esse
2650 4942 2767 4996 vult
2808 4940 2985 4993 virum
3009 4946 3066 4989 et
3097 4940 3435 5002 serpentem,
3460 4928 3650 4982 dicens
3680 4942 3693 4977 :
3726 4924 3827 4978 Ρη-

2246 5058 2371 5099 nam
2396 5037 2703 5094 inimicitias
2734 5034 2871 5086 inter
2896 5041 2946 5082 te
2987 5038 3035 5081 et
3068 5025 3360 5083 "mlierem,
3389 5031 3736 5090 qumouuQue
3762 5031 3823 5069 es

2247 5138 2337 5197 sit,
2367 5132 2463 5188 sed
2504 5145 2614 5185 non
2658 5129 2804 5181 inter
2832 5123 2979 5177 viros
3011 5140 3021 5173 :
3054 5131 3112 5173 ut
3136 5117 3366 5187 quando
3396 5114 3571 5185 ipsum
3601 5122 3853 5179 mleque-

2244 5225 2524 5282 Christum
2556 5220 2691 5279 dicit
2719 5235 2782 5272 ex
2810 5217 3006 5272 semine
3040 5212 3207 5267 David
3231 5210 3513 5264 secundum
3542 5220 3757 5258 carnem
3782 5203 3823 5265 ⁸,

2245 5329 2300 5374 et
2348 5316 2493 5387 quod
2526 5329 2701 5368 semen
2742 5310 2965 5365 Abrahw
3013 5302 3356 5374 apprehendit
3385 5301 3427 5363 ⁷,
3453 5296 3669 5353 etiamsi
3714 5309 3825 5347 non

2245 5420 2393 5466 esset
2414 5427 2477 5463 es
2507 5405 2715 5461 semine
2740 5403 2866 5467 viri,
2897 5400 2989 5456 scd
3022 5415 3086 5452 ex
3118 5412 3284 5451 carne
3311 5393 3565 5448 mulieris
3591 5393 3669 5459 (et
3689 5390 3822 5449 sola)

2246 5517 2465 5558 carnem
2518 5498 2851 5568 suscepisset
2903 5491 3256 5547 inelittltililt‘t'
3299 5497 3353 5542 et
3408 5482 3822 5553 incomprehen-

2155 5686 2174 5714 ⁸
2212 5686 2368 5738 “unt.
2404 5697 2440 5747 t,
2471 5680 2524 5733 5.
2604 5679 2621 5710 τ
2660 5675 2828 5731 llt'itt'.
2861 5691 2915 5741 tl,
2960 5675 3039 5727 16.
