3942 6298
218 295 353 363 1017

1340 301 1420 365 IN
1461 303 2007 369 ΠΕΧΑΕΜΕΒΟΝ.
2042 334 2109 344 -·
2142 310 2287 370 LIB.
2326 312 2402 372 X.

3326 316 3460 382 1018

215 406 462 460 sibiliter.
491 401 704 460 Etenim
732 418 958 465 somnus
989 407 1076 463 ille
1120 407 1308 463 Adami
1337 416 1393 464 et
1419 411 1649 466 exstasis
1679 426 1774 465 seu
1812 413 1860 470 Α
1888 413 2063 469 tulum
2105 417 2302 483 leonis,
2338 432 2438 472 nos
2465 417 2669 474 docens
2693 410 2748 475 et
2783 419 2984 475 tribum
3009 427 3065 475 et
3089 421 3271 477 locum
3315 427 3459 478 unde

215 511 467 551 excessus
491 495 759 566 ejusmodi
788 504 845 551 ut
872 497 1009 551 nihil
1034 498 1243 553 videret
1274 498 1326 552 in
1361 498 1607 569 ﬁngenda
1631 507 1781 554 costa

215 599 280 641 ex
320 602 388 641 eo
432 596 670 656 sumpta,
721 587 874 656 prius
907 586 1048 643 forte
1081 587 1428 643 describebat
1470 591 1648 644 omnis
1676 587 1779 642 viri

216 675 630 747 ignorationem,
665 684 782 755 etva
824 679 938 732 Deo
975 674 1157 734 Verbo
1196 687 1461 749 susceptae
1492 679 1674 734 carnis
1701 679 1783 732 in-

216 770 888 839 comprehensibilitatem.

231 861 242 873 ‘
281 860 349 916 Et
383 863 514 916 dixit
558 879 782 932 serpens
827 863 1066 919 mulieri.
1119 862 1377 919 Protinus
1423 860 1779 933 quaerendum

214 958 292 1006 est
321 951 374 1005 in
403 948 517 1022 ipsa
542 952 693 1008 arida
721 953 983 1018 dictione,
1012 969 1249 1023 quanam
1275 954 1343 1008 de
1370 969 1553 1018 causa,
1580 962 1781 1022 printer

213 1043 388 1097 omnia
434 1040 731 1099 animantia
771 1053 828 1100 et
870 1046 1141 1109 volucres,
1188 1053 1501 1113 serpentem
1546 1044 1783 1113 appellat

212 1137 606 1201 adversarium,
670 1146 724 1191 et
780 1137 1040 1191 Ecclesiae
1087 1134 1503 1190 insidiatorem?
1552 1135 1621 1188 Et
1669 1134 1777 1188 dici

209 1236 388 1298 potest
428 1229 578 1297 quod
624 1228 809 1283 multae
852 1227 1126 1296 serpentis
1172 1226 1539 1296 proprietates
1569 1224 1781 1279 assimi-

210 1318 392 1373 lantur
432 1320 637 1373 diaboli
670 1318 1186 1373 machinationibus.
1219 1301 1288 1371 Et
1327 1315 1562 1385 primum
1614 1316 1781 1370 totius

208 1412 327 1480 ejus
368 1412 615 1480 corporis
646 1411 880 1481 dejectio
911 1410 965 1463 in
1001 1417 1220 1463 terram.
1256 1406 1446 1463 Omnis
1487 1407 1634 1460 enim
1679 1423 1780 1460 na-

210 1511 329 1557 tura
351 1503 716 1556 animatorum
741 1511 797 1556 et
821 1501 1190 1555 inanimorum
1214 1498 1378 1553 habet
1401 1495 1606 1566 aliquid
1631 1494 1779 1565 quod

207 1608 426 1647 sursum
475 1593 672 1658 fertur,
708 1592 776 1646 ad
820 1606 1054 1661 superna
1085 1598 1292 1644 motum
1338 1588 1547 1641 habens
1576 1593 1631 1639 et
1678 1600 1778 1639 au-

166 1755 169 1757 _
206 1693 509 1755 gmentum,
549 1692 744 1754 praeter
788 1683 963 1737 solum
998 1689 1331 1751 serpentem.
1368 1678 1501 1733 Nam
1540 1677 1778 1747 idipsum

207 1777 353 1845 quod
399 1792 565 1846 super
599 1784 796 1830 terram
832 1774 1100 1845 graditur,
1145 1772 1387 1827 ostendit
1426 1770 1573 1840 quod
1620 1785 1772 1823 suam

207 1868 577 1939 prudentiam,
631 1874 687 1921 et
742 1883 838 1921 cor
864 1881 1022 1920 suum
1065 1880 1165 1919 sua
1224 1872 1417 1932 sponte
1468 1861 1772 1924 conculcat,

207 1961 344 2014 nihil
374 1961 595 2029 penitus
624 1960 899 2014 excelsum
940 1965 997 2012 et
1030 1956 1249 2012 cteleste
1290 1955 1532 2009 sentiens
1556 1961 1652 2006 aut
1686 1967 1778 2006 co-

208 2054 403 2123 gitans.
432 2051 796 2119 Quamobrem
823 2067 963 2120 szepe
1000 2064 1152 2104 suam
1185 2047 1336 2103 exuit
1364 2046 1591 2100 formam
1635 2046 1779 2100 sicut

209 2159 434 2214 serpens
479 2143 632 2197 exuit
673 2142 1084 2211 transformatus
1134 2140 1189 2192 in
1238 2136 1486 2208 angelum
1561 2134 1687 2191 lucis
1732 2136 1775 2199 ⁸,

208 2240 468 2302 tauquam
513 2241 733 2287 mutans
778 2246 807 2284 a
855 2229 1031 2299 prisca
1071 2227 1384 2298 prudentia.
1432 2225 1570 2281 Hinc
1610 2226 1776 2281 etiam

207 2338 480 2377 venenum
522 2322 842 2378 lethil‘erum
876 2336 974 2391 per
1012 2335 1074 2374 os
1112 2327 1169 2372 et
1200 2317 1381 2372 inania
1416 2317 1645 2372 consilia
1677 2316 1779 2369 im-

209 2414 378 2468 mittit
413 2415 468 2468 in
513 2414 773 2479 animam,
821 2421 876 2467 et
921 2412 1046 2467 vitae
1105 2419 1476 2466 extremorum
1523 2411 1779 2465 observat

208 2505 546 2567 calcaneum,
584 2514 641 2559 et
676 2505 744 2558 ad
779 2502 1148 2558 insidiandum
1178 2502 1230 2556 in
1261 2502 1469 2555 semitis
1494 2501 1774 2555 hominum

208 2611 425 2666 semper
454 2596 653 2651 insidet
683 2604 743 2650 ut
777 2595 1039 2665 impediat
1074 2602 1295 2649 nostros
1322 2593 1388 2647 ad
1425 2594 1595 2647 Deum
1623 2608 1778 2662 gres-

208 2704 322 2744 sus.
361 2689 429 2743 Et
470 2688 593 2743 ideo
626 2687 809 2743 eﬁ‘ecit
854 2688 999 2742 Deus
1041 2695 1102 2741 ut
1133 2693 1429 2740 venaretur
1454 2692 1509 2738 et
1538 2683 1777 2753 perime-

209 2789 366 2836 rctur
390 2781 696 2851 sapientum
731 2778 1191 2838 incantationibus
1214 2787 1270 2832 et
1302 2775 1575 2846 precibus.
1605 2775 1777 2829 Porro

209 2883 391 2929 autem
427 2873 571 2944 quod
626 2873 848 2927 sibilant
891 2881 947 2926 et
987 2880 1219 2926 evocant
1263 2885 1384 2939 quae
1434 2869 1489 2922 in
1536 2884 1675 2937 aqua
1722 2875 1779 2922 et

207 2965 403 3035 spiritu
450 2965 747 3035 gignuntur
779 2962 1096 3027 animantia,
1146 2960 1404 3015 habentia
1449 2960 1679 3013 formam
1721 2966 1778 3013 et

209 3052 435 3123 ﬁguram
467 3053 757 3123 serpentis,
783 3052 850 3106 ad
882 3052 1321 3122 conjunctionem
1348 3060 1403 3105 et
1431 3050 1496 3104 ad
1528 3050 1734 3105 coitum
1759 3066 1773 3101 :

204 3144 499 3199 admodum
539 3145 787 3214 apposite
815 3144 923 3198 dici
955 3151 1134 3213 potest
1162 3142 1228 3197 de
1253 3142 1489 3211 maligno
1517 3124 1775 3196 dracone.

204 3235 324 3290 Non
351 3244 530 3306 potest
567 3236 713 3290 enim
743 3251 839 3290 eos
868 3250 969 3290 suo
1007 3243 1126 3288 satu
1166 3232 1455 3303 impertiri,
1491 3233 1663 3288 donec
1694 3233 1778 3302 ip-

203 3340 295 3380 sos
315 3326 382 3380 ab
408 3342 547 3395 aqua
575 3335 630 3380 et
658 3326 854 3395 spiritu
880 3333 1157 3394 separatos
1181 3325 1235 3381 in
1259 3323 1466 3378 aridam
1503 3322 1775 3385 eduxerit,

202 3433 313 3471 non
341 3417 526 3472 valens
560 3418 674 3485 ipse
703 3417 941 3487 seipsum
981 3432 1121 3485 aqua
1146 3424 1202 3470 et
1228 3414 1425 3484 spiritu
1456 3413 1684 3484 tingere,
1719 3420 1779 3467 ut

203 3506 297 3576 qui
333 3506 404 3561 sit
431 3506 687 3560 inimicus
710 3506 856 3561 etab
878 3506 958 3561 eis
986 3506 1218 3558 alienus.
1253 3504 1309 3565 In
1342 3502 1565 3556 hortum
1593 3509 1777 3555 autem

202 3613 302 3652 seu
334 3597 661 3668 pomarium,
693 3596 847 3659 dlCll,
879 3605 1145 3665 quantum
1180 3595 1298 3664 capi
1332 3602 1532 3663 potest,
1569 3592 1777 3662 ingrcs-

202 3705 327 3743 sum
363 3704 485 3741 csse
526 3687 810 3741 inimicum
840 3687 1171 3740 bellaturum
1200 3685 1464 3739 adversus
1489 3682 1775 3741 mulierem

200 3795 327 3850 quae
367 3779 592 3839 dicitur,
623 3778 776 3847 prius
821 3777 1160 3848 signiﬁcante
1198 3775 1477 3844 Scriptura
1532 3773 1678 3843 quod
1721 3773 1775 3827 in

201 3870 443 3924 hominis
470 3870 691 3922 hortum
718 3882 813 3922 seu
841 3852 1149 3937 pomarium
1185 3866 1238 3920 in
1271 3865 1478 3919 ultimis
1513 3863 1774 3933 tempori-

198 3959 309 4014 bus
358 3958 676 4029 ingrediens
721 3958 836 4027 ipse
884 3959 1049 4012 draco
1098 3966 1343 4028 apostata
1390 3972 1485 4011 seu
1534 3955 1776 4010 delector

199 4061 462 4120 tanquam
481 4050 857 4105 Antichristus
880 4057 935 4104 et
956 4048 1160 4103 Christi
1184 4048 1670 4116 adversarius,'per
1698 4046 1778 4101 ci-

202 4145 336 4198 bum
376 4158 570 4197 rursus
599 4143 838 4212 decipiet
863 4142 1160 4196 Eeclesiam
1189 4140 1256 4195 ad
1289 4141 1392 4195 hoc
1427 4153 1488 4195 ut
1515 4140 1691 4209 ipsum
1720 4148 1776 4193 ct

204 4249 314 4287 non
363 4233 536 4287 Deum
578 4232 770 4287 adoret
803 4240 1058 4299 tanquam
1106 4231 1297 4286 Deum.
1347 4230 1503 4296 Quod
1553 4230 1774 4299 quidem

195 4321 332 4376 fecit
358 4321 520 4375 etiam
555 4320 609 4374 in
636 4321 767 4385 Eva,
793 4330 852 4373 ut
878 4319 1135 4373 dixerunt
1159 4320 1250 4389 qui
1278 4321 1331 4373 in
1364 4319 1430 4373 iis
1461 4319 1626 4374 rebus
1646 4328 1776 4374 sunt

198 4411 510 4466 exercitati.
534 4410 711 4476 Quod,
738 4410 1015 4479 inquiunt,
1045 4422 1170 4463 ante
1199 4410 1382 4463 omnia
1408 4411 1647 4464 comedit
1676 4411 1776 4464 Ec-

200 4503 391 4565 clesia,
424 4502 477 4555 in
507 4517 573 4556 eo
602 4511 728 4556 ante
753 4500 935 4553 omnia
962 4501 1209 4569 peccavit
1237 4500 1482 4555 Ecclesia
1515 4501 1603 4555 cui
1627 4500 1777 4554 dicc—

199 4595 368 4649 batur
423 4593 490 4646 de
543 4602 797 4665 serpente
843 4609 857 4645 :
906 4592 1026 4661 Ipse
1094 4591 1411 4647 observabit
1460 4593 1776 4647 calcaneum

199 4696 382 4747 tuum,
418 4691 474 4737 et
507 4692 562 4737 tu
616 4683 941 4738 observabis
989 4684 1109 4753 ejus
1162 4692 1343 4763 caput.
1394 4681 1550 4749 Quod
1595 4691 1778 4737 autem

194 4777 444 4835 calcanei
485 4775 805 4831 observator
835 4784 891 4829 et
934 4775 1174 4830 calcanei
1212 4784 1532 4843 persecutor
1565 4776 1635 4829 sit
1664 4777 1778 4830 An-

196 4867 514 4931 tichristus,
550 4868 666 4937 ipse
707 4883 810 4922 nos
841 4867 1002 4937 docet
1028 4866 1204 4920 Moses
1231 4867 1284 4920 in
1316 4868 1421 4922 hoc
1448 4867 1569 4921 loco
1601 4866 1779 4922 Gene-

199 4959 303 5022 sis,
334 4958 573 5012 Leonem
602 4960 883 5029 appellans
902 4958 1183 5012 Christum
1219 4959 1272 5011 in
1303 4958 1780 5035 benedictionibus

196 5048 410 5103 Jacobi.
432 5047 619 5102 Catule
641 5048 822 5101 Leonis
837 5049 1000 5110 Iuda,
1019 5065 1081 5102 ex
1097 5052 1358 5119 germine,
1384 5048 1466 5117 ﬁli
1485 5052 1575 5112 mi,
1598 5066 1778 5102 ascan-

195 5138 329 5190 disti
357 5137 397 5202 ’,
436 5144 491 5190 et
522 5152 643 5206 quae
683 5137 943 5213 deinceps
975 5147 1303 5207 sequuntur.
1344 5139 1399 5191 In
1435 5139 1778 5193 Deutemno—

195 5230 317 5282 mlo
349 5237 532 5282 autem
569 5229 631 5293 ¹⁰,
668 5229 722 5282 in
762 5227 1244 5283 benedictionibus
1272 5229 1434 5284 Musis
1471 5245 1607 5297 quas
1640 5245 1778 5298 prze-

192 5320 343 5375 dixit
365 5321 652 5376 duodecim
683 5321 959 5383 tribubus,
996 5329 1250 5390 tanquam
1279 5321 1479 5376 Christi
1518 5321 1776 5375 adversa-

197 5413 348 5466 rium
385 5413 738 5467 introduccns
772 5412 1169 5467 Antichristum
1200 5404 1776 5482 propheticedivinus

192 5506 403 5569 Moses,
435 5505 689 5559 similiter
712 5505 875 5560 etiam
908 5505 1083 5574 ipsum
1108 5504 1384 5559 Christum
1417 5504 1653 5575 appellat
1685 5522 1774 5560 ca-

272 5680 295 5712 "
328 5681 369 5733 ll
401 5681 527 5735 Cor.
562 5699 632 5747 xx,
675 5683 753 5737 li.
827 5684 846 5713 θ
879 5683 1016 5738 Gen.
1065 5702 1204 5751 sus,
1240 5686 1289 5739 9.
1371 5688 1411 5717 ¹⁰
1462 5689 1620 5743 licet.
1659 5704 1775 5741 \.\'\l

1882 5688 1898 5740 Ι
1939 5701 2089 5755 seqq.
2173 5686 2206 5715 ¹¹
2246 5685 2377 5740 ibid.
2415 5685 2502 5737 2‘2.

1882 514 2160 561 nascetur.
2206 505 2343 561 Cum
2375 515 2558 564 autem
2592 509 2836 564 venisset
2863 510 2929 563 ad
2965 510 3308 580 prophetiam
3356 514 3456 566 tri-

1880 594 1983 649 bus
2025 595 2160 660 Dan,
2197 596 2332 651 dicit
2361 616 2373 651 :
2402 596 2623 653 Catulus
2667 598 2829 653 leonis
2872 598 3013 664 Dan,
3071 610 3121 655 et
3160 602 3360 655 exsiliet
3394 618 3460 656 et:

1878 683 2059 740 Basan
2076 689 2139 741 ”.
2158 688 2326 742 Basan
2344 697 2527 744 autem
2544 689 2766 758 quidam
2793 692 2988 746 dicunt
3011 707 3129 746 esse
3154 693 3458 763 Scythopo-

1878 776 1996 843 lim,
2031 795 2152 848 quae
2180 790 2263 833 est
2298 781 2603 850 propinqua
2637 780 2869 837 Galilaezc
2897 799 2910 835 :
2940 782 3084 837 unde
3111 784 3276 837 etiam
3297 784 3457 839 Chri-

1880 877 1998 923 stus
2017 871 2288 940 processit
2320 872 2619 927 secundum
2644 888 2887 929 carnem.
2914 874 3119 928 Locum
3150 884 3331 929 autem
3356 876 3451 930 tibi

1880 976 2027 1015 nunc
2055 963 2295 1017 ostendit
2319 964 2644 1019 Antichristi
2676 966 3009 1031 necessario,
3043 967 3316 1022 undenam
3354 967 3452 1021 ha—

1879 1050 2006 1106 beat
2054 1052 2260 1106 exitum
2306 1063 2364 1108 et
2406 1065 2615 1122 motum
2644 1074 2657 1109 :
2687 1057 3134 1127 quandoquidem
3179 1067 3306 1112 ante
3338 1059 3456 1127 ejus

1881 1142 2173 1197 adventum
2196 1145 2314 1215 ejus
2336 1145 2590 1215 deccptio
2615 1132 2818 1203 multos
2842 1149 3093 1202 homines
3116 1148 3457 1218 praeveniens

1879 1231 2118 1302 decepit,
2153 1233 2401 1290 dicentes
2433 1236 2580 1305 quod
2628 1252 2697 1291 ex
2741 1238 2980 1306 quodam
3013 1255 3149 1308 pago
3180 1236 3456 1293 Leuchusi

1878 1334 2138 1379 nascetur
2167 1326 2559 1382 Antichristus.
2590 1328 2690 1383 Hic
2719 1336 2902 1383 autem
2932 1329 3032 1383 fuit
3072 1337 3222 1384 astus
3247 1338 3304 1384 et
3336 1345 3454 1383 ma-

1879 1412 2042 1467 china
2069 1414 2293 1479 diaboli,
2322 1424 2382 1469 ut
2410 1415 2661 1470 homines
2700 1417 2850 1471 hunc
2880 1433 2947 1472 ex
2982 1416 3215 1488 Egypto
3255 1433 3453 1487 exspe-

1879 1511 2090 1558 ctantes
2129 1503 2357 1559 credant
2385 1514 2440 1559 et
2483 1506 2758 1575 excipiant
2802 1506 2955 1561 illum
2984 1509 3077 1577 qui
3107 1508 3353 1562 nascitur
3387 1525 3455 1563 ex

1878 1592 2116 1657 Galiltea,
2164 1609 2287 1648 eum
2344 1603 2601 1663 tanquam
2651 1596 2931 1651 Christum
2990 1596 3303 1660 adorantes,
3357 1597 3453 1666 qui
3502 1585 3508 1590 ’

1879 1686 2040 1753 plane
2069 1694 2154 1740 est
2178 1686 2373 1755 planus
2397 1694 2452 1740 et
2474 1686 2868 1741 Antichristus.
2905 1688 3096 1741 Restat
3118 1702 3250 1757 ergo
3274 1695 3332 1741 ut
3354 1693 3483 1741 nos‘

1879 1790 1944 1830 ex
1977 1775 2165 1829 Jacobi
2214 1792 2433 1845 quoque
2472 1778 2921 1846 praedictionibus
2965 1787 3334 1840 congruenter
3359 1794 3452 1833 os-

1884 1865 2190 1930 tendamus,
2219 1882 2286 1920 cx
2319 1866 2467 1921 tribu
2500 1868 2613 1921 Dan
2646 1867 2945 1936 procedere
2975 1866 3371 1921 Antichristum
3398 1876 3454 1921 et

1883 1966 2192 2028 serpentem
2244 1959 2587 2014 mordentem
2652 1960 2968 2014 calcancum
3023 1960 3182 2028 equi,
3233 1959 3328 2029 qui
3380 1959 3454 2013 ita

1883 2051 2187 2120 appellatur
2214 2059 2271 2104 ut
2298 2051 2391 2120 qui
2419 2067 2566 2103 nunc
2609 2050 2662 2104 in
2706 2051 2958 2119 paradiso
2992 2051 3153 2104 nobis
3188 2050 3453 2120 proponi-

1886 2149 1992 2195 tur.
2042 2142 2358 2196 Patriarcba
2399 2142 2545 2195 enim
2596 2157 2731 2195 cum
2776 2140 2998 2196 Christo
3042 2141 3323 2195 disserens
3374 2140 3456 2193 sic

1883 2234 2017 2288 dicit
2063 2234 2129 2287 de
2177 2234 2288 2286 Dan
2325 2251 2337 2285 :
2372 2233 2490 2286 Dan
2526 2233 2787 2302 judicabit
2819 2232 3072 2303 populum
3119 2248 3271 2285 suum
3320 2232 3460 2284 sicut

1882 2340 1990 2376 una
2013 2323 2176 2376 tribus
2204 2323 2253 2375 in
2285 2320 2479 2385 Israel,
2505 2330 2552 2374 ct
2577 2321 2669 2388 ﬁet
2698 2322 2813 2375 Dan
2838 2339 3050 2392 serpens
3076 2323 3130 2375 in
3158 2322 3242 2375 eia
3270 2322 3454 2375 sedens

1881 2416 1936 2468 in
1980 2416 2167 2467 semita
2213 2414 2453 2467 mordens
2498 2412 2805 2466 calcaneum
2849 2414 2988 2482 equi,
3020 2422 3070 2466 et
3112 2429 3264 2482 eques
3307 2413 3456 2466 cadet

1884 2516 2023 2559 retro
2076 2513 2379 2576 exspectans
2426 2504 2652 2558 salutem
2717 2504 2928 2558 Domini
2978 2506 3042 2556 ι’.
3094 2503 3234 2557 Ecce
3284 2503 3456 2557 babes

1884 2607 2068 2666 aperte
2099 2606 2408 2666 serpentem
2459 2604 2515 2649 et
2560 2597 2875 2650 ealcaneum
2908 2595 3049 2649 sumi
3082 2595 3148 2647 de
3179 2594 3456 2649 Antichri-

1885 2697 1990 2746 sto.
2022 2695 2076 2742 et
2101 2687 2392 2741 ostendere
2441 2686 2540 2739 tibi
2568 2701 2752 2739 casum
2789 2700 2979 2739 eorum
3009 2684 3101 2754 qui
3135 2683 3457 2737 mordentur

1884 2779 1952 2833 ab
1986 2778 2103 2848 ipso
2136 2795 2148 2830 :
2184 2793 2281 2846 per
2311 2792 2473 2846 quem
2528 2775 2735 2845 primos
2773 2789 2992 2843 quoque
3035 2780 3306 2843 parentes,
3340 2772 3454 2826 Dan

1884 2870 2111 2925 deduxit
2141 2869 2207 2923 ad
2257 2869 2620 2936 impietatem.
2652 2866 2784 2921 Nam
2819 2866 3034 2921 etiamsi
3064 2864 3454 2919 convenienter

1884 2960 1985 3031 ipsi
2021 2959 2249 3015 dictioni
2297 2959 2412 3012 haec
2463 2957 2602 3011 facta
2654 2963 2860 3019 essent,
2912 2956 2966 3009 in
3019 2954 3273 3024 paradiso
3306 2955 3457 3007 visus

1882 3062 2029 3108 esset
2062 3053 2205 3106 Deus
2230 3050 2440 3105 Adamo
2473 3059 2528 3103 et
2556 3048 2774 3103 mulieri
2811 3048 2863 3101 in
2908 3047 3099 3116 ﬁgura,
3129 3054 3185 3099 et
3220 3060 3343 3099 cum
3375 3043 3459 3098 eis

1882 3144 2264 3205 disseruisset,
2310 3140 2406 3195 sed
2437 3149 2497 3194 ut
2539 3139 2633 3208 qui
2667 3155 2777 3193 non
2810 3146 3034 3207 possent
3061 3136 3238 3205 ipsum
3267 3133 3458 3187 videre

1880 3234 2177 3305 Opiﬁcem;
2211 3233 2342 3287 hinc
2376 3241 2601 3300 accepta
2634 3229 2921 3284 occasione
2945 3228 3215 3296 malignus
3242 3225 3455 3279 dtemon

1881 3326 2101 3396 decepit
2130 3325 2417 3379 mulierem
2447 3322 2498 3377 ei
2531 3321 3025 3392 suggerensneum
3058 3333 3179 3373 esse
3209 3316 3455 3387 ejusdem

1881 3418 2096 3490 generis
2130 3425 2186 3471 et
2217 3406 2461 3486 ejusdem
2492 3414 2654 3468 simul
2678 3413 2928 3468 essentia:
2955 3413 3111 3479 cujus
3136 3411 3252 3479 ipsa
3286 3417 3453 3469 esset,

1881 3508 2276 3564 convenienter
2313 3506 2501 3559 forma:
2547 3515 2603 3559 et
2638 3505 2824 3576 ﬁgurae
2855 3519 3018 3573 quam
3066 3503 3181 3572 ipsa
3211 3501 3453 3554 videbat.

1950 3597 2018 3651 Et
2050 3595 2173 3649 ideo
2204 3594 2339 3648 dicit
2366 3593 2416 3647 ei
2447 3612 2459 3646 :
2493 3592 2652 3658 Quid,
2692 3593 2830 3663 quod
2873 3593 3006 3646 dixit
3034 3591 3178 3644 Deus
3209 3608 3225 3644 :
3253 3589 3330 3643 Ne
3372 3606 3459 3641 co-

1880 3687 2100 3743 medatis
2124 3703 2187 3740 ea:
2210 3687 2353 3739 omni
2378 3685 2517 3755 ligno
2541 3685 2680 3754 quod
2708 3692 2781 3737 est
2803 3685 2856 3737 in
2891 3683 3184 3753 paradiso?
3208 3682 3346 3735 Hinc
3368 3689 3454 3734 est

1878 3779 2231 3849 perspicuum
2264 3776 2408 3845 quod
2446 3786 2572 3829 ante
2604 3790 2822 3829 omnem
2865 3789 3046 3837 esum,
3085 3773 3200 3826 haec
3231 3786 3461 3840 serpens

1878 3868 2206 3938 loquebatur
2236 3882 2361 3921 cum
2396 3864 2643 3919 muliere.
2670 3864 2787 3918 Iloc
2817 3872 2922 3925 est,
2952 3877 3074 3916 cum
3100 3862 3288 3931 jejuna
3311 3866 3460 3914 esset

1879 3961 2121 4018 Ecclesia
2154 3960 2224 4014 ab
2265 3958 2414 4012 omni
2446 3967 2674 4027 peccato
2721 3966 2777 4012 et
2808 3954 3117 4010 idololatria
3150 3970 3164 4007 :
3195 3967 3320 4006 cum
3351 3968 3459 4021 qua

1881 4062 2138 4123 tanquam
2190 4067 2316 4106 cum
2358 4051 2589 4105 muliere
2641 4051 2823 4118 aliqua
2875 4049 2930 4103 in
2980 4046 3139 4102 initio
3184 4046 3460 4115 malignus

1879 4158 2108 4213 serpens
2136 4150 2191 4197 et
2220 4141 2386 4195 draco
2414 4139 2561 4193 deret
2577 4148 2662 4193 tor
2693 4139 2878 4193 dolose
2913 4137 3192 4191 disserens
3216 4143 3272 4189 et
3293 4134 3461 4189 collo-

1878 4251 2074 4306 quens,
2108 4244 2164 4289 et
2193 4233 2261 4287 ad
2304 4232 2535 4301 impium
2567 4232 2771 4285 multos
2807 4230 2941 4284 deos
2967 4227 3182 4283 colendi
3210 4241 3459 4281 errorem

1877 4331 2069 4384 volens
2092 4328 2376 4391 seducere,
2401 4324 2620 4381 diccbat
2642 4325 2870 4393 quinam
2895 4324 3006 4377 sint
3022 4322 3065 4375 ii
3090 4322 3183 4391 qui
3212 4321 3266 4374 in
3297 4318 3459 4373 initio

1881 4422 2061 4492 ipsum
2090 4420 2292 4473 malum
2325 4418 2625 4473 daamonem
2672 4416 2989 4477 adorarunt,
3025 4421 3080 4467 et
3108 4413 3282 4467 Deum
3328 4411 3458 4464 reli-

1877 4506 2137 4582 querunt.
2165 4509 2304 4576 Quid
2334 4509 2482 4579 quod
2513 4508 2651 4562 dixit
2676 4507 2831 4562 vobis
2869 4508 3014 4560 Deus
3045 4520 3114 4558 nc
3157 4503 3460 4558 comedatis

1874 4619 1941 4658 ex
1983 4601 2131 4656 omni
2165 4601 2311 4669 ligno
2345 4599 2488 4669 quod
2519 4607 2605 4655 est
2636 4598 2690 4652 in
2724 4596 3016 4667 paradiso?
3063 4595 3178 4649 lloe
3225 4602 3310 4647 est
3338 4610 3352 4645 :
3381 4593 3458 4647 Ne

1877 4692 2118 4747 adoretis
2145 4706 2336 4746 omnes
2363 4702 2646 4746 creaturas
2675 4701 2733 4745 et
2760 4706 2868 4752 me,
2903 4688 2996 4742 sed
3031 4688 3082 4741 ei
3130 4685 3229 4740 soli
3268 4694 3458 4740 osten-

1878 4783 2021 4838 datis
2053 4783 2433 4837 adorationem
2466 4792 2524 4837 et
2559 4782 2790 4837 cultum.

1951 4872 2159 4928 Deinde
2206 4888 2329 4927 cum
2368 4871 2598 4926 dixisset
2643 4871 2845 4926 mulier
2894 4887 2907 4923 :
2957 4868 3030 4923 De
3072 4869 3217 4923 omni
3253 4866 3458 4936 quidem

1880 4962 2022 5029 ligno
2051 4962 2190 5031 quod
2218 4973 2291 5016 cst
2324 4964 2375 5015 in
2412 4963 2666 5030 paradiso
2700 4962 3040 5025 comedimus,
3065 4961 3128 5014 de
3159 4963 3332 5030 fructu
3361 4975 3460 5012 au-

1882 5066 1985 5109 tem
2022 5055 2151 5123 ligni
2189 5055 2319 5107 dixit
2357 5053 2489 5107 Deus
2517 5070 2580 5106 ne
2620 5053 2890 5111 comedite.
2936 5069 3101 5121 neque
3134 5053 3303 5122 ipsum
3336 5058 3459 5103 tan-

1878 5147 1982 5217 gite
2010 5162 2073 5198 ne
2096 5145 2419 5206 moriamini,
2449 5144 2727 5213 quomodo
2760 5145 3031 5213 malignus
3061 5143 3152 5199 ille
3192 5155 3278 5197 est
3317 5157 3462 5195 mor-

1880 5244 2027 5289 tuus.
2059 5233 2138 5287 Ad
2187 5232 2303 5288 haec
2347 5231 2642 5301 respondet
2688 5232 2920 5287 callidus
2951 5248 3177 5303 serpens
3219 5231 3408 5286 dicens
3443 5247 3457 5261 ’

1879 5323 2044 5394 912
2077 5322 2245 5377 Morte
2288 5339 2392 5375 non
2426 5320 2742 5382 moriemini,
2770 5322 2964 5376 sciebat
3009 5322 3156 5377 claim
3190 5321 3326 5375 Deus
3357 5336 3459 5388 quo

1842 5454 1845 5457 -
1881 5416 1964 5467 die
1986 5430 2048 5467 er.
2079 5430 2136 5466 co
2161 5413 2509 5474 comederitis,
2538 5421 2594 5466 ct
2626 5428 2712 5466 me
2742 5411 3126 5474 adoraveritis,
3151 5415 3460 5482 aperientur

1880 5506 2037 5557 vestri
2070 5504 2206 5556 oculi
2231 5520 2327 5573 per
2362 5520 2467 5568 me,
2493 5514 2542 5558 et
2570 5505 2714 5556 eritis
2744 5512 2996 5573 tanquam
3031 5505 3121 5560 dii.
3158 5506 3299 5559 sicut
3337 5518 3454 5556 sum

2583 5686 2622 5716 ¹²
2651 5687 2784 5739 Gen.
2822 5702 2956 5748 xm,
3002 5687 3181 5743 16-13.
