4042 6292
609 226 751 296 1019

1816 227 1876 286 S-
1918 223 2313 284 ANASTASII
2353 223 2677 285 SINAIT/E

3699 209 3825 275 1020

603 360 742 416 ego,
789 351 1149 415 cognoscentes
1194 343 1385 396 bonum
1442 349 1490 396 et
1534 341 1753 396 malum.
1809 339 1981 395 Audis
2012 357 2024 391 :
2059 338 2179 394 Non
2212 345 2253 398 Δ
2284 339 2610 409 increpavit,
2641 354 2751 393 non
2797 333 3172 408 exprobravit,
3201 347 3316 390 non
3347 327 3673 388 contumelia
3711 326 3830 382 allec

605 439 749 492 dixit
779 436 1032 491 diabolus
1063 455 1075 489 :
1106 434 1268 490 Eritis
1303 435 1437 487 sicut
1471 432 1626 498 Deus,
1661 432 1757 488 sed
1786 435 1920 487 sicut
1953 432 2048 497 dii,
2084 447 2182 486 eos

609 529 816 584 docens
855 535 910 582 et
946 526 1211 580 inducens
1258 525 1322 578 ad
1371 540 1617 579 errorem
1667 526 1848 579 cultus
1883 523 2183 578 multorum

609 621 862 674 deorum.
915 619 1070 674 Unde
1118 619 1282 671 etiam
1331 618 1410 672 eis
1451 617 1620 671 Deum
1671 623 1893 671 accusat
1941 615 2182 670 invidiae.

613 709 818 772 Vobis,
855 709 1054 778 inquit,
1099 707 1340 771 invidet,
1379 722 1446 762 ne
1491 723 1588 761 vos
1629 722 1848 777 quoque
1871 705 2183 761 elliciamini

613 799 754 852 sicut
785 797 918 866 Ipse,
954 797 1027 850 dii
1075 807 1468 866 cognoscentes
1499 797 1679 851 omnia
1709 814 1722 850 :
1755 807 1810 850 et
1854 797 1978 852 idco
2019 797 2188 867 jussit

613 889 771 943 vobis
800 905 869 943 ne
897 888 1198 942 comedatis
1229 887 1296 941 de
1329 889 1445 957 ipso
1489 887 1668 942 fructu
1708 903 1850 953 meo,
1883 904 2060 956 neque
2099 905 2186 943 me

612 981 870 1050 {ang-itis,
901 993 1078 1048 neque
1123 995 1206 1034 mc
1239 979 1502 1033 adoretis.
1533 979 1594 1032 Ei
1633 980 1778 1033 enim
1815 981 1907 1049 qui
1947 997 2031 1034 me
2057 980 2190 1035 ado-

617 1081 720 1132 rat,
750 1071 816 1123 de
838 1070 1150 1137 cognitiooe
1185 1071 1452 1124 bonorum
1479 1081 1534 1124 et
1559 1072 1824 1124 malorum
1871 1071 1941 1125 do
1973 1073 2190 1142 sapien-

619 1165 746 1218 tiam
784 1163 1117 1220 inferiorem.
1155 1163 1527 1231 astrologiam,
1572 1161 1986 1226 divinationem,
2025 1177 2192 1217 vene-

615 1254 822 1316 licium,
868 1254 1269 1322 prmdictiones,
1306 1253 1780 1321 prweognitiones,
1815 1253 2191 1324 prodigiorum

609 1344 956 1407 etTectiones,
996 1344 1414 1407 incantationes,
1461 1345 1762 1398 bestiarum
1796 1344 2188 1414 obedientiam,

614 1437 903 1490 volucrum
956 1437 1351 1499 ministerium,
1403 1437 1783 1506 jumentorum
1840 1437 2194 1491 transforma-

617 1529 818 1592 tioncs,
853 1543 1037 1580 rerum
1085 1526 1403 1580 sublimium
1439 1527 1824 1592 scrutationes,
1861 1527 2002 1597 ignis
2046 1527 2195 1598 deje-

617 1620 876 1679 ctionem,
912 1618 1218 1686 pedestrem
1270 1633 1518 1689 gressum
1561 1634 1727 1686 super
1771 1633 1962 1687 aquas,
2011 1619 2192 1690 abyssi

618 1710 1140 1774 considerationem,
1173 1719 1492 1779 serpentum
1531 1709 2034 1779 intercmptionem,
2071 1710 2193 1766 the-

619 1813 908 1850 saurorum
936 1797 1349 1851 revelationem.
1385 1797 1482 1850 llis
1509 1806 1563 1851 et
1587 1798 1856 1868 ejusmodi
1885 1799 2009 1853 aliis
2036 1799 2196 1854 innu-

619 1887 979 1940 merabilibus
1024 1889 1488 1957 promissionibus
1521 1904 1646 1943 cum
1695 1890 1958 1944 molestus
2002 1889 2197 1945 fuisset

622 1978 841 2032 mulieri
883 1981 1023 2047 (qua:
1069 1979 1624 2050 dicebatur),nempc
1675 1991 1882 2036 naturm
1919 1983 2192 2048 humanae,

618 2070 926 2123 sceleratus
959 2086 1186 2138 serpens
1213 2087 1226 2124 :
1254 2071 1503 2138 plurimis
1547 2072 1706 2126 annis
1749 2072 1798 2126 ei
1833 2073 2109 2142 persuasit
2142 2081 2199 2128 et

624 2159 905 2214 inclinavit
939 2169 996 2213 ut
1032 2177 1060 2213 a
1101 2161 1210 2213 Deo
1241 2161 1500 2217 deﬁceret
1528 2171 1582 2218 et
1607 2162 1785 2232 ipsum
1813 2165 2041 2219 coleret.
2069 2164 2198 2219 Ideo

622 2249 757 2302 dicit
785 2267 798 2302 ε
828 2250 894 2302 Et
923 2253 1046 2304 vidit
1083 2253 1274 2306 mulier
1305 2254 1444 2323 quod
1472 2253 1663 2308 bonum
1707 2262 1836 2308 esset
1881 2255 2085 2326 lignum
2131 2257 2201 2310 ad

625 2341 1014 2396 comedendum.
1043 2341 1222 2408 Quare
1253 2354 1471 2413 apertos
1501 2345 1692 2400 habuit
1721 2347 1929 2409 oculos,
1960 2355 2015 2400 et
2051 2363 2203 2402 ama-

621 2433 704 2486 vit
735 2432 917 2486 cibum
954 2450 1048 2488 seu
1095 2446 1336 2505 gustum,
1367 2437 1513 2505 quod
1549 2437 1755 2491 bonum
1803 2447 1949 2492 esset
1991 2438 2200 2508 lignum

623 2526 690 2579 ad
717 2527 1114 2580 comedendum
1150 2547 1162 2580 ε
1194 2529 1374 2583 omnis
1401 2529 1549 2583 enim
1578 2529 1739 2584 cibus
1773 2529 2121 2598 cognoscitur
2144 2535 2202 2583 et

625 2616 895 2684 probatur
949 2633 1046 2684 per
1093 2629 1332 2687 gustum.
1387 2619 1752 2685 Quamobrem
1807 2619 1936 2672 hinc
1979 2633 2202 2687 quoque

629 2721 816 2758 rursus
841 2707 1165 2761 refelluntur
1187 2708 1279 2777 qui
1305 2710 1618 2764 existimant
1650 2711 1765 2765 haec
1799 2711 1903 2766 dici
1933 2712 2108 2764 solum
2135 2709 2202 2764 ad

629 2795 866 2849 lizteram
897 2813 908 2848 :
941 2797 1005 2850 Et
1038 2797 1164 2850 vidit
1198 2799 1389 2850 mulier
1422 2802 1558 2862 quod
1597 2801 1789 2853 bonum
1829 2812 1958 2854 esset
2003 2801 2205 2869 lignum

635 2885 703 2936 tu!
723 2888 1112 2951 comedendum,
1153 2898 1200 2941 et
1221 2890 1514 2958 jucundum
1543 2892 1704 2945 oculis
1735 2891 1804 2945 ad
1832 2894 2129 2958 videndum,
2157 2902 2207 2948 et

630 2977 907 3046 pulchrum
959 2980 1028 3033 arl
1069 2982 1530 3036 considerandum.
1566 2983 1700 3037 Nam
1732 2984 1876 3054 quod
1911 2983 1976 3038 ad
2010 3000 2206 3055 corpo-

627 3071 798 3124 ralem
832 3071 1053 3138 quidem
1091 3073 1384 3127 dictionem
1420 3075 1618 3128 attinet
1645 3091 1766 3145 quae
1804 3084 1888 3131 est
1917 3078 1972 3131 in
2017 3093 2204 3147 prom-

628 3169 748 3230 ptu,
809 3160 985 3216 visum
1033 3172 1117 3217 cst
1165 3165 1492 3233 quibusdam
1546 3165 1730 3221 dicere
1778 3167 1925 3236 quod
1973 3168 2204 3224 formam

629 3251 924 3317 quamdam
952 3268 1113 3320 supra
1147 3252 1364 3307 modum
1395 3255 1735 3324 splendidam
1767 3264 1821 3311 et
1843 3267 2066 3327 stupore
2093 3260 2208 3328 ple-

629 3355 756 3392 nam
792 3343 1008 3395 mulieri
1045 3343 1309 3398 indicavit
1349 3347 1618 3416 malignus
1661 3349 1880 3418 quando
1912 3367 2032 3404 eam
2074 3353 2209 3406 allo-

629 3431 926 3498 quehatur,
962 3436 1192 3502 seipsum
1244 3435 1634 3506 tronsﬁgurans
1677 3423 1730 3490 in
1775 3440 2020 3508 angelum
2055 3440 2206 3506 lucis,

632 3531 693 3573 ut
725 3521 856 3575 dicit
884 3523 1178 3591 Apostolus
1213 3526 1275 3588 ",
1309 3527 1534 3594 perinde
1569 3543 1633 3582 ac
1659 3529 1702 3584 si
1740 3529 1951 3586 diceret
1979 3549 1992 3584 τ
2019 3532 2076 3586 ln
2109 3533 2212 3590 hac

635 3609 808 3663 forma
841 3621 896 3663 et
930 3613 1098 3680 gloria
1129 3615 1282 3668 eritis
1311 3616 1454 3670 sicut
1487 3616 1586 3682 dii,
1615 3617 1660 3672 si
1709 3617 1922 3675 fructus
1952 3621 2058 3675 mei
2088 3621 2210 3676 lue-

633 3701 758 3755 r’tis
789 3705 1104 3772 participes.
1137 3705 1204 3760 Et
1231 3707 1333 3760 hac
1359 3707 1425 3761 de
1453 3725 1638 3774 causa,
1669 3709 1868 3781 inquit,
1894 3711 2102 3768 dictum
2129 3721 2212 3768 est

634 3791 770 3846 illud
818 3811 830 3846 :
881 3794 950 3848 Et
994 3797 1121 3848 vidit
1157 3798 1344 3850 mulier
1387 3797 1583 3868 lignum
1633 3802 1771 3872 quod
1805 3803 2100 3872 jucundum
2137 3811 2212 3858 est

635 3883 797 3937 oculis
830 3886 898 3938 ad
932 3887 1226 3951 videndum,
1261 3897 1310 3941 et
1337 3889 1612 3958 pulchrum
1641 3893 1712 3946 ad
1741 3894 2212 3962 considerandum;

635 3987 702 4024 an
739 3982 922 4026 autem
957 3974 1072 4030 haec
1105 3978 1175 4030 ita
1211 3977 1466 4043 habeant,
1501 3996 1608 4034 non
1639 3981 1818 4036 habeo
1843 3983 1972 4052 quid
2013 3982 2212 4040 dicam.

641 4063 711 4118 Et
743 4067 998 4132 accipiens
1027 4068 1088 4120 de
1121 4068 1294 4138 fructu
1324 4072 1496 4140 ipsum
1531 4073 1770 4136 comedit,
1797 4080 1847 4126 et
1883 4075 2024 4127 dedit
2053 4078 2216 4131 etiam

637 4155 752 4208 uiro
795 4173 912 4218 sua,
943 4165 988 4210 et
1029 4161 1272 4216 comedit.
1323 4161 1486 4232 Atqui
1533 4165 1776 4218 nondum
1814 4175 1932 4220 erat
1962 4169 2043 4220 vir
2071 4169 2210 4238 ejus,

639 4262 819 4316 neque
849 4249 962 4318 ipsa
990 4253 1108 4322 ejus
1131 4255 1347 4309 mulier.
1369 4255 1480 4310 Cur
1505 4266 1687 4312 autem
1716 4273 1824 4311 non
1857 4259 2018 4313 ambo
2049 4259 2211 4316 simul

639 4339 1020 4403 comederunt,
1041 4341 1149 4396 'sed
1194 4345 1392 4398 mulier
1423 4346 1660 4415 primum
1690 4365 1702 4401 :
1733 4347 1932 4404 deinde
1963 4350 2047 4402 vir
2089 4367 2213 4404 cum

2287 431 2385 496 cit,
2415 447 2524 487 non
2550 431 2750 502 repulit
2777 447 2790 483 :
2819 430 2913 486 sed
2937 444 3065 485 cum
3094 428 3164 483 ab
3185 443 3272 490 ea,
3298 425 3386 480 vel
3414 422 3592 494 potius
3617 435 3708 489 pro
3730 420 3829 488 ipsa

2289 523 2590 594 accepisset
2619 523 2860 578 fructum
2905 522 3060 592 ligni,
3089 531 3344 590 prompto
3371 525 3428 570 et
3468 511 3632 569 alacri
3669 510 3830 566 animo

2289 631 2415 670 eum
2433 613 2694 686 gustavit.
2711 613 2970 668 Fructum
2991 611 3124 682 ligni
3143 607 3386 678 intellige
3409 613 3634 658 mortem
3649 598 3828 654 Christi

2293 704 2348 759 in
2378 720 2544 760 cruce
2583 722 2597 757 :
2633 720 2796 774 quam
2829 719 2927 773 pro
2959 701 3224 764 Ecclesia,
3262 707 3518 768 tanquam
3548 707 3644 764 pro
3686 703 3830 745 uxore

2291 811 2390 850 sua
2421 795 2491 850 ab
2530 795 2647 864 ipsa
2681 793 2914 864 accepit,
2944 801 3001 847 et
3033 791 3216 846 triduo
3243 788 3502 860 gustavit,
3530 793 3590 839 ut
3619 797 3712 852 pro
3732 795 3831 834 om.

2291 889 2456 944 nibus
2483 897 2729 958 gustaret
2766 895 3025 951 mortem,
3053 891 3421 954 congruenter
3450 877 3572 933 voci
3609 873 3752 931 Pauli
3776 870 3828 926 ⁸⁸.

2293 979 2466 1047 Quam
2498 980 2728 1050 quidem
2764 987 2996 1034 mortem
3027 985 3084 1032 et
3111 977 3297 1032 cibum
3327 974 3490 1030 tacite
3521 964 3833 1038 signiﬁcabat

2294 1070 2439 1136 illud,
2457 1062 2672 1124 acetum
2703 1078 2760 1124 et
2785 1069 2853 1123 l'el
2882 1067 3027 1138 quod
3064 1067 3119 1122 in
3142 1066 3308 1120 horto
3339 1074 3394 1118 et
3426 1061 3572 1127 ligno
3596 1052 3833 1124 Golgolha

2294 1160 2534 1230 gustavit
2565 1160 2656 1230 qui
2705 1159 2761 1213 in
2793 1159 3050 1213 omnibus
3093 1156 3160 1210 ad
3207 1152 3625 1210 similitudinem
3666 1143 3834 1202 Adami

2269 1234 2473 1307 lactus
2496 1261 2582 1306 est
2619 1259 2817 1322 praeter
2843 1251 3020 1305 solum
3065 1258 3371 1318 peccatum.
3403 1243 3461 1298 Si
3493 1241 3636 1297 enim
3676 1237 3834 1290 omnia

2296 1350 2483 1394 nostra
2505 1340 2572 1394 ad
2607 1338 3028 1394 similitudinem
3070 1337 3232 1392 Jesus
3261 1350 3358 1388 sua
3388 1339 3583 1403 Sponte
3624 1326 3719 1381 sibi
3756 1339 3836 1378 ac-

2297 1431 2686 1494 commodavit,
2703 1438 2788 1485 est
2802 1429 3024 1484 omnino
3041 1426 3388 1497 perspicuum
3406 1421 3547 1493 quod
3568 1417 3836 1474 tentatione

2299 1537 2516 1592 quoque
2548 1536 2711 1592 quam
2740 1537 2770 1574 a
2793 1519 3013 1576 diabolo
3043 1511 3228 1572 statim
3260 1522 3386 1585 post
3412 1511 3730 1581 baptismum
3755 1519 3836 1559 vo-

2303 1615 2536 1668 luntarie
2581 1611 2846 1681 suscepit,
2871 1610 2938 1664 ad
2968 1607 3384 1664 similitudinem
3413 1601 3603 1660 Adami
3628 1607 3840 1656 tentatus

2232 1684 2274 1739 Β
2299 1717 2382 1762 est
2406 1705 2824 1760 intentabiliter.
2847 1701 2984 1758 Vide
3010 1700 3158 1756 enim
3185 1699 3242 1752 in
3270 1697 3520 1766 utrisque
3547 1706 3724 1748 rerum
3749 1688 3841 1742 sibi-

2294 1814 2362 1853 ex
2409 1795 2641 1850 adverso
2688 1791 3086 1862 respondentes
3131 1787 3468 1843 imitationes
3508 1792 3562 1838 et
3596 1776 3837 1850 exempla,

2294 1885 2400 1941 hoc
2429 1893 2480 1940 te
2510 1892 2697 1954 aperte
2741 1881 3018 1945 docentia,
3052 1887 3108 1933 et
3143 1877 3290 1949 quod
3325 1873 3601 1945 quomodo
3630 1870 3840 1940 priorem

2293 1977 2562 2032 Adamum
2598 1990 2697 2045 per
2717 1973 2885 2028 Evam
2907 1971 3234 2025 adhortatus
3263 1975 3347 2022 est
3375 1965 3442 2020 ad
3467 1961 3841 2018 idololatriam:

2297 2069 2369 2123 ita
2395 2069 2560 2123 etiam
2595 2065 2837 2122 secundo
2861 2063 3070 2118 Adamo
3099 2076 3200 2130 per
3229 2073 3470 2121 carnem,
3502 2069 3714 2112 causam
3735 2049 3840 2121 qui-

2297 2158 2418 2212 dem
2452 2157 2697 2212 admovit
2741 2163 2798 2209 et
2841 2151 3226 2222 irruptionem,
3261 2145 3356 2202 sed
3389 2160 3616 2215 scopum
3647 2157 3746 2196 non
3775 2146 3843 2192 at-

2298 2251 2438 2322 tigit.
2471 2249 2552 2305 Ad
2581 2263 2711 2304 eum
2759 2253 2944 2300 autem
2978 2245 3072 2315 qui
3113 2239 3444 2298 contradicit
3486 2233 3839 2292 refellendum,

2297 2342 2496 2398 sullicit
2515 2357 2702 2396 rerum
2724 2339 2950 2402 veritas,
2979 2351 3102 2406 qum
3127 2335 3237 2388 hoc
3257 2333 3422 2386 modo
3449 2345 3506 2386 se
3523 2329 3704 2384 habet.
3727 2325 3842 2380 Cum

2297 2429 2535 2498 primum
2579 2426 2728 2480 enim
2776 2431 3070 2495 generatus
3109 2421 3216 2476 fuit
3269 2420 3478 2490 primus
3509 2417 3700 2479 Adam,
3763 2429 3844 2484 per

2300 2517 2546 2588 conjugis
2570 2518 2688 2586 ejus
2711 2525 2918 2570 costam
2951 2513 3171 2584 (nempe
3210 2508 3401 2579 Evam)
3431 2523 3555 2563 eum
3587 2517 3847 2577 aggressus-

2299 2614 2385 2662 est
2415 2608 2604 2669 Satan,
2631 2613 2686 2659 et
2716 2619 2840 2658 cum
2872 2602 3112 2672 primum
3142 2598 3423 2655 secundus
3451 2597 3622 2652 Adam
3653 2603 3842 2662 (nempe

2301 2698 2579 2767 Christus)
2621 2711 2804 2750 veram
2853 2691 3096 2748 ostendit
3141 2689 3612 2762 regenerationem
3655 2686 3734 2742 sui
3762 2684 3842 2738 ba-

2304 2791 2580 2863 ptismatis
2612 2805 2710 2859 per
2736 2803 2893 2843 suam
2921 2785 3232 2856 conjugem,
3258 2797 3386 2838 eum
3419 2791 3631 2837 tentare
3655 2789 3844 2850 aggres-

2287 2886 2402 2940 "sus
2426 2892 2510 2938 est
2539 2890 2795 2937 tentatur.

2379 2977 2598 3032 Primus
2631 2975 2800 3030 Adam
2836 2973 3030 3030 habuit
3057 2972 3153 3028 Dei
3189 2969 3643 3032 insulilationem;
3676 2976 3847 3019 secun-

2307 3068 2431 3134 dus,
2457 3068 2724 3138 Spiritum
2754 3083 2822 3122 ex
2851 3067 3010 3122 caelo.
3031 3065 3252 3120 Rursus
3281 3063 3334 3116 in
3359 3059 3540 3115 medio
3569 3059 3846 3128 plantarum

2304 3162 2405 3216 fuit
2449 3161 2690 3230 .tentatio
2738 3158 2932 3214 Adami
2981 3158 3035 3212 in
3085 3155 3236 3212 fonte
3283 3153 3452 3210 Edem
3485 3169 3499 3205 :
3527 3159 3584 3205 et
3633 3142 3846 3203 secunda

2305 3251 2560 3316 tentatio,
2613 3252 2668 3305 in
2716 3259 2904 3304 monte
2950 3248 3230 3304 Olivarum
3283 3247 3338 3300 in
3383 3243 3567 3298 medio
3614 3241 3847 3294 arborum

2305 3343 2526 3400 Christo
2576 3350 2660 3397 est
2703 3341 2946 3397 exhibita
2997 3339 3243 3410 surgenti
3292 3353 3358 3391 ex
3405 3336 3554 3390 fonte
3602 3327 3846 3388 Iordanis.

2305 3434 2525 3490 Primus
2567 3433 2734 3486 homo
2767 3439 3006 3485 tentatus
3037 3437 3123 3483 est
3156 3443 3281 3482 cum
3309 3414 3454 3481 esset
3487 3424 3543 3477 in
3573 3419 3746 3476 medio
3767 3416 3842 3470 be-

2310 3527 2538 3580 stiarum
2567 3544 2579 3578 :
2604 3524 2857 3578 similiter
2875 3523 3041 3577 etiam
3070 3521 3136 3575 de
3162 3519 3382 3576 Christo
3405 3515 3542 3571 dixit
3573 3515 3772 3568 Marcus
3794 3508 3844 3570 ",

2309 3618 2455 3690 quod
2483 3625 2602 3672 erat
2635 3633 2756 3672 cum
2794 3615 2987 3670 bestiis
3031 3615 3086 3668 in
3116 3613 3336 3667 deserto
3370 3619 3631 3698 tentatus.
3656 3607 3777 3698 Cum
3801 3603 3846 3656 in

2311 3712 2568 3784 paradiso
2584 3710 2858 3781 jejunaret
2886 3716 2940 3762 et
2968 3706 3106 3761 nihil
3131 3704 3312 3774 adhuc
3338 3701 3664 3792 comedisset
3689 3697 3846 3792 homo.

2318 3782 2573 3856 diabolus
2619 3815 2716 3870 per
2761 3797 2947 3853 cibum
2983 3795 3232 3851 exercuit
3267 3791 3624 3847 tentationcm
3650 3807 3662 3842 :
3687 3782 3852 3840 simili—

2315 3903 2398 3948 ter
2426 3892 2590 3947 etiam
2623 3891 2688 3945 ad
2723 3888 3002 3944 Christum
3037 3901 3160 3941 cum
3183 3886 3487 3954 jejunasset
3529 3877 3852 3952 quadraginta

2315 3985 2454 4048 dies,
2502 3999 2602 4052 per
2631 3983 2816 4036 cibum
2861 3980 3096 4036 accessit
3129 3977 3400 4047 malignus
3441 3975 3631 4029 dicens
3658 3991 3670 4024 :
3702 3969 3784 4023 Dic
3808 3970 3852 4018 ut

2319 4075 2516 4146 lapides
2543 4073 2630 4127 isti
2659 4089 2820 4142 panes
2848 4069 2984 4139 ﬁant
3016 4071 3080 4124 ".
3107 4069 3227 4124 Illic
3254 4067 3392 4122 dixit
3422 4079 3647 4135 serpens
3673 4081 3686 4114 :
3716 4058 3853 4114 Erilis

2315 4171 2448 4224 sicut
2481 4169 2554 4222 dii
2570 4188 2588 4233 ,·
2617 4179 2671 4222 et
2697 4165 2828 4220 huic
2855 4163 2993 4218 dixit
3024 4159 3291 4218 :SiFilius
3323 4158 3418 4212 Dei
3441 4174 3514 4218 es,
3547 4156 3659 4218 dic;
3683 4153 3785 4206 htcc
3809 4154 3853 4199 et

2318 4261 2428 4316 illa.
2482 4260 2664 4314 Prima
2719 4255 2951 4312 tentatio
3003 4253 3106 4306 fuit
3157 4267 3254 4321 per
3303 4247 3771 4325 interrogationem
3811 4242 3855 4340 et

2252 4365 2292 4418 υ
2321 4352 2626 4409 contrarias
2654 4347 2994 4420 objectioues
3038 4361 3068 4398 a
3111 4341 3344 4396 muliere
3375 4347 3432 4394 et
3476 4343 3726 4406 serpente
3753 4349 3766 4384 :
3797 4344 3856 4420 st-

2233 3029 2274 3086 C

647 4427 710 4482 ob
739 4446 802 4484 ea
833 4434 1154 4500 accepisset.
1191 4445 1244 4490 et
1288 4452 1394 4490 non
1429 4439 1778 4500 contradixit,
1812 4456 1992 4510 neque
2033 4443 2202 4498 excla.

2318 4445 2524 4500 militer
2549 4445 2712 4499 etiam
2745 4439 2961 4496 Domini
2996 4435 3226 4491 tentatio
3253 4441 3439 4489 secuta
3495 4439 3580 4484 est
3611 4421 3856 4483 contradi-

641 4523 830 4578 tuavit.
863 4540 1040 4594 neque
1073 4529 1296 4581 omnino
1343 4529 1397 4582 in
1447 4545 1567 4583 eam
1617 4531 1937 4596 infremuit,
1987 4541 2047 4588 ut
2095 4551 2219 4604 qua:

641 4630 752 4668 non
799 4616 1102 4672 ohediisset
1132 4619 1386 4675 mandato
1417 4621 1552 4676 Dei?
1581 4621 1702 4677 [hcc
1739 4639 1870 4694 ergo
1901 4624 2006 4681 hoc
2054 4626 2218 4682 modo

643 4721 703 4761 sc
734 4706 960 4762 habent.
2052 4711 2057 4716 ’

712 4798 982 4854 Convenit
1025 4817 1155 4872 ergo
1184 4805 1455 4876 malignus
1490 4804 1701 4860 dromon
1737 4806 1975 4876 primum
2025 4807 2217 4862 Eccle-

644 4889 781 4943 siam
815 4907 828 4942 :
857 4891 1103 4945 molestia
1133 4893 1336 4958 all'ecit,
1382 4895 1675 4964 persuasit,
1721 4895 1958 4965 decepit,
2007 4895 2220 4964 accepit

643 4989 700 5036 et
743 4983 1160 5051 comprehendit
1194 4984 1428 5040 fructum
1473 4988 1600 5040 mali
1632 5003 1779 5051 esus,
1810 4987 2065 5042 adoravit
2098 5005 2216 5042 ma-

645 5069 854 5140 lignum
903 5078 1160 5141 tanquam
1211 5074 1415 5142 Deum;
1453 5075 1651 5130 deinde
1697 5092 1822 5131 cum
1870 5077 2221 5144 comedisset,

647 5179 869 5220 reversa
899 5174 982 5221 est
1028 5168 1096 5222 ad
1145 5169 1341 5235 virum,
1379 5171 1589 5226 dimisit
1631 5181 1962 5242 serpentem.
1993 5171 2130 5228 Cutn
2158 5188 2224 5227 ea

645 5271 778 5326 ergo
808 5267 956 5314 recte
987 5268 1132 5315 esset
1181 5277 1396 5318 reversa
1445 5263 1512 5318 ad
1555 5279 1682 5318 cum
1723 5279 1886 5333 quem
1920 5265 2061 5318 male
2089 5265 2191 5319 reli

646 5357 865 5414 querat,
903 5350 986 5402 vir
1013 5367 1132 5405 eam
1175 5355 1391 5424 excepit
1441 5370 1603 5423 quam
1647 5354 1805 5408 valde
1836 5354 2134 5424 quaerebat,
2170 5364 2225 5408 et

649 5449 906 5504 [unquam
932 5443 1210 5513 prodigam
1237 5447 1604 5515 cxcepit.Nou
1628 5455 2082 5516 estconquestus,
2114 5463 2221 5500 non

729 5619 776 5650 "
799 5616 839 5670 ll
867 5619 994 5674 Cor.
1027 5639 1099 5686 x1,
1133 5625 1212 5678 ll.

1294 5627 1335 5658 "
1366 5627 1530 5681 llehr.
1564 5645 1622 5694 ll,
1655 5630 1706 5684 9.
1788 5631 1827 5660 ”
1857 5628 2024 5683 Marc.
2063 5643 2097 5692 ι,
2135 5626 2214 5680 l3.

2321 4538 2501 4593 ctorie
2533 4536 2679 4590 inter
2711 4535 2891 4604 ipsum
2925 4539 2978 4586 et
3015 4529 3310 4593 malignum
3335 4524 3657 4612 daemonem.
3691 4516 3741 4570 Si
3762 4514 3854 4613 haec

2316 4644 2446 4702 ergo
2490 4627 2675 4682 omnia
2719 4623 2956 4679 similem
3011 4621 3216 4674 habent
3247 4625 3434 4686 typum
3469 4621 3524 4667 et
3561 4612 3770 4706 ligo-rain
3811 4612 3853 4654 In

2316 4699 2495 4791 primo
2531 4717 2736 4772 Adamo
2769 4725 2824 4770 et
2847 4715 2902 4768 in
2945 4712 3191 4785 Christo.~
3223 4709 3290 4763 de
3319 4717 3518 4762 caetero
3551 4719 3619 4757 nc
3648 4699 3853 4754 dubites,

2322 4811 2420 4864 sed
2461 4819 2614 4864 certo
2649 4809 2791 4863 scias
2813 4805 2960 4876 quod
2999 4805 3050 4859 id
3077 4802 3221 4874 quod
3247 4799 3470 4856 Christo
3495 4806 3578 4852 est
3605 4792 3855 4846 oblocutus

2325 4883 2622 4962 dicens,'ut
2648 4897 2852 4952 cadens
2877 4895 3131 4949 adoraret
3160 4893 3337 4961 ipsum
3373 4879 3858 4975 malignmndraco-

2265 4963 2274 4972 ⁸
2326 5003 2452 5042 nem
2482 4987 2525 5018 "
2551 5006 2564 5041 :
2593 4987 2699 5040 hoc
2721 4993 2840 5040 erat
2865 4983 3010 5054 quod
3036 4982 3320 5036 mulierem
3347 4963 3644 5032 Eccle-siam
3669 4971 3717 5024 in
3736 4964 3858 5054 prii}-

2325 5078 2472 5147 cipio
2505 5085 2589 5132 est
2617 5054 2842 5131 adortus
2862 5049 2898 5137 ,-
2923 5081 2978 5127 et
3017 5071 3328 5142 persuasit,
3364 5077 3421 5124 et
3467 5062 3696 5131 decepit.
3731 5049 3857 5111 Unde

2321 5171 2488 5226 etiam
2507 5185 2629 5225 cum
2655 5167 2872 5238 probris
2887 5164 3163 5218 hominem
3195 5161 3560 5214 insectaretur
3575 5157 3734 5248 Deus,
3745 5148 3857 5239 p05}-

2325 5274 2488 5330 quam
2524 5272 2649 5314 eum
2699 5255 2881 5309 induit
2924 5252 3104 5306 tunica
3155 5249 3405 5320 pellicea,
3441 5245 3506 5300 de
3537 5243 3659 5300 cibo
3692 5243 3854 5330 etc-71'

2327 5318 2450 5403 men
2485 5364 2596 5401 non
2639 5346 2894 5405 intentat,
2927 5341 3020 5396 sed
3067 5340 3135 5394 de
3159 5318 3364 5394 divina
3398 5335 3606 5390 visione
3646 5338 3697 5384 et
3734 5318 3852 5378 dele-

2325 5454 2529 5504 ctione,
2556 5439 2784 5493 dicens:
2821 5435 2950 5489 Ecce
2992 5432 3160 5504 factus
3196 5439 3268 5483 est
3301 5428 3471 5484 Adam
3511 5427 3640 5482 sicut
3667 5423 3851 5473 unum

2297 5627 2336 5655 νεῖ
2368 5623 2556 5679 Matth.
2589 5639 2660 5691 ιν,
2697 5623 2750 5677 5.
2831 5621 2872 5653 ι’
2899 5617 3092 5672 Matth.
3141 5630 3215 5680 ιν.
3245 5614 3302 5668 9-
