4042 6292
296 297 425 367 1021

1399 298 1500 391 'IN
1539 298 2087 367 HEXAEMERON.
2115 331 2186 341 —
2220 307 2369 369 LIB.
2411 304 2485 368 Χ.

3416 311 3565 375 ιοεὶξι

296 411 437 467 nobis
463 417 520 465 ut
553 421 880 483 cognosceret
907 411 1100 469 bonum
1139 420 1189 469 et
1220 414 1421 471 malum
1446 435 1463 472 :
1487 417 1697 482 dicens,
1724 416 1865 471 Ada—
1893 418 1938 474 Δ
1966 428 2100 482 stos,
2129 419 2330 476 dende
2355 419 2709 476 comedentes
2731 417 2968 491 aliquam
2997 435 3028 475 a
3058 431 3312 492 serpente
3340 440 3545 484 esr-mn.

293 514 463 566 mum,
488 501 680 556 mundi
715 502 996 559 hominem
1027 503 1082 558 in
1110 519 1333 575 genere.
1374 506 1454 561 lta
1497 507 1646 562 enim
1677 506 1871 562 existi-

290 590 516 646 mabant
554 594 766 662 seipsos
812 610 934 651 esse
981 595 1136 662 deos,
1172 604 1430 667 tanquam
1470 597 1769 653 Saturnum
1811 605 1869 653 et

291 681 502 745 Jovem,
543 693 602 737 et
644 675 972 760 Mercurium
1010 691 1066 739 et
1097 683 1427 755 Apollinem,
1469 694 1526 741 et
1574 686 1867 741 Herculem

290 781 349 829 et
378 773 627 843 Serapin,
653 783 709 837 et
737 775 961 830 Dianam
996 784 1053 831 et
1093 778 1336 847 reliquos
1369 777 1495 832 illos
1521 777 1659 832 nihil
1685 779 1867 833 minus

290 880 454 935 quam
508 865 661 921 deos.
709 866 923 933 Quibus
968 868 1264 923 admodum
1311 870 1559 939 apposite
1608 869 1867 924 convenit

289 957 440 1027 quod
473 967 597 1028 post
640 960 844 1013 malum
886 959 1040 1015 illum
1074 975 1228 1015 esum
1266 962 1734 1030 protoplastorum
1781 961 1867 1015 di-

289 1057 441 1102 ctum
472 1057 558 1103 est
584 1066 596 1101 :
622 1048 757 1102 Nam
786 1065 904 1102 cum
932 1049 1293 1113 comedissent,
1321 1049 1518 1119 inquit,
1549 1049 1720 1119 aperti
1741 1056 1864 1101 sunt

288 1153 470 1191 eorum
516 1136 672 1203 oculi,
717 1145 767 1190 et
806 1145 1160 1209 cognoverunt
1208 1138 1347 1208 quod
1396 1138 1523 1192 nudi
1555 1146 1708 1192 erant
1738 1154 1769 1192 a
1803 1152 1863 1192 re

286 1245 454 1300 quam
477 1230 861 1284 existimarunt
881 1245 940 1285 se
966 1244 1086 1285 esse
1109 1239 1456 1294 consecutos,
1488 1238 1864 1298 cognoverunt

286 1331 472 1378 autem
507 1322 652 1392 quod
695 1321 1026 1376 aberrarunt
1055 1337 1086 1375 a
1116 1338 1173 1375 re
1203 1336 1365 1391 quam
1391 1328 1778 1389 exspectarunt
1803 1335 1862 1375 se

285 1428 409 1468 esse
441 1421 810 1467 assecuturos.
840 1410 1112 1482 Cognovit
1148 1410 1364 1465 tandem
1390 1410 1636 1464 Ecclesia
1666 1417 1721 1463 et
1746 1423 1863 1462 om-

283 1505 375 1558 nis
420 1504 583 1558 homo
634 1504 729 1572 qui
773 1505 894 1573 ejus
931 1503 1107 1558 errori
1157 1502 1409 1567 adhaesit,
1445 1501 1593 1571 quod
1638 1501 1863 1555 fuerunt

284 1593 502 1663 decepti
525 1610 553 1647 a
586 1594 821 1663 maligno
847 1603 1124 1663 serpente,
1150 1601 1205 1647 et
1229 1592 1862 1660 cmentiebantputantes

285 1703 344 1743 se
375 1704 498 1742 esse
540 1688 693 1742 deos.
725 1686 958 1753 Quando
990 1695 1172 1740 autem
1226 1684 1405 1737 illuxit
1446 1682 1536 1735 tua:
1577 1698 1698 1735 vera
1742 1695 1861 1751 qua:

281 1778 555 1833 illuminat
575 1794 783 1832 omnem
804 1779 1067 1831 hominem
1088 1778 1151 1840 ⁸⁸,
1175 1777 1346 1845 aperti
1361 1773 1631 1829 suntoculi
1663 1773 1858 1829 anima:
1890 1804 1891 1807 η

281 1887 465 1924 eorum
506 1886 523 1925 :
556 1879 611 1924 et
639 1879 1022 1941 cognoverunt
1056 1868 1204 1939 quod
1236 1868 1392 1938 prius
1426 1877 1587 1921 erant
1630 1865 1762 1919 nudi
1810 1874 1864 1919 et

281 1964 495 2018 miseri.
522 1964 617 2019 Est
639 1964 786 2019 enim
814 1963 1191 2018 adnotandum
1216 1961 1360 2031 quod
1390 1978 1499 2015 non
1528 1959 1664 2015 dicit
1690 1978 1702 2013 :
1726 1957 1863 2014 Sunt

281 2056 433 2117 nudi,
470 2055 565 2109 sed
597 2055 745 2125 quod
774 2064 927 2109 erant
968 2056 1113 2123 prius
1160 2055 1236 2124 (in
1282 2061 1531 2122 tempore
1561 2052 1861 2123 prasterito)

279 2143 638 2199 ceccutientes
668 2144 999 2199 idololatria.
1029 2144 1146 2198 Alia
1182 2151 1266 2197 est
1303 2157 1433 2212 ergo
1470 2141 1643 2210 prima
1669 2155 1861 2194 eorum

278 2234 533 2301 nudatio,
564 2236 672 2291 hoc
695 2245 799 2300 est,
827 2251 857 2289 a
886 2236 1048 2290 bonis
1075 2235 1356 2299 alienatio,
1379 2233 1736 2303 quamobrem
1761 2248 1864 2287 nec

279 2336 417 2383 tunc
446 2328 887 2393 erubescebant;
924 2327 1029 2381 alia
1075 2335 1259 2382 autem
1304 2334 1386 2381 est
1432 2341 1498 2380 ea
1544 2341 1666 2394 quae
1714 2340 1862 2380 nunc

282 2420 489 2475 dicitur
518 2419 770 2482 nudatio,
797 2434 993 2488 nempe
1024 2434 1055 2472 a
1084 2418 1197 2471 Deo
1224 2416 1513 2472 excidisse.
1540 2414 1642 2481 Qui
1676 2422 1859 2468 autem

277 2510 349 2565 Id
394 2510 636 2564 litteram
667 2510 844 2564 solum
871 2509 1106 2564 audiunt
1130 2524 1251 2577 qua:
1276 2508 1479 2577 scripta
1522 2514 1651 2560 sunt
1674 2504 1743 2559 dc
1769 2520 1863 2573 pa-

280 2602 489 2665 radiso,
515 2610 571 2656 et
596 2601 889 2665 fructibus,
916 2610 972 2655 et
1010 2600 1193 2671 lignis,
1224 2608 1280 2654 ct
1309 2599 1455 2663 cibo,
1482 2610 1539 2653 et
1578 2606 1857 2669 serpente,

278 2702 337 2750 et
365 2694 522 2749 visus
561 2694 1001 2762 recuperatione,
1040 2693 1296 2747 incidunt
1337 2692 1392 2744 in
1423 2691 1710 2745 exitiosam
1752 2690 1862 2744 Ma-

276 2783 620 2838 niehzeorum
647 2794 704 2836 et
728 2782 1055 2852 Ophitarum
1081 2782 1439 2851 impietatem.
1466 2780 1549 2834 Illi
1574 2780 1722 2834 enim
1746 2795 1861 2835 ser-

279 2875 437 2946 penti
473 2884 728 2945 tanquam
756 2874 1098 2930 benefactori
1136 2873 1401 2927 maximas
1437 2880 1607 2942 agunt
1632 2872 1856 2941 gratias,

276 2968 532 3022 dicentes
559 2965 704 3036 quod
736 2982 835 3035 per
868 2975 1181 3035 serpentem
1208 2965 1369 3019 nobis
1394 2962 1628 3019 accessit
1667 2964 1855 3029 cibus;

280 3075 379 3129 per
411 3058 621 3123 cibum,
652 3060 997 3128 recuperatio
1024 3057 1208 3125 visus;
1242 3073 1339 3127 per
1364 3073 1483 3111 eam
1510 3057 1732 3121 deinde,
1760 3072 1862 3110 nu—

279 3152 452 3220 ptias;
484 3167 581 3221 per
609 3152 830 3220 nuptias
872 3159 1078 3212 autem,
1104 3150 1344 3205 mundus
1371 3167 1384 3203 :
1417 3159 1645 3219 propter
1687 3148 1863 3202 homi-

280 3243 368 3297 nis
419 3251 603 3298 autem
653 3253 962 3313 peccatum,
996 3244 1142 3299 Deus
1175 3243 1338 3297 homo
1382 3242 1561 3296 factus
1588 3250 1691 3297 est.
1724 3240 1864 3295 llinc

279 3336 550 3390 caelorum
584 3350 812 3405 regnum
840 3347 896 3389 et
928 3336 1071 3390 bona
1095 3345 1299 3389 aeterna
1323 3350 1558 3405 quorum
1585 3344 1779 3389 auctor
1807 3341 1864 3387 et

272 3426 607 3481 conciliator
629 3426 733 3481 fuit
765 3427 929 3481 nobis
953 3442 1197 3497 serpens.
1234 3427 1378 3497 Ergo
1411 3442 1481 3480 ne
1510 3442 1614 3481 nos
1642 3440 1863 3495 quoque

280 3519 592 3573 incidamus
618 3520 676 3573 in
702 3533 895 3573 eorum
938 3520 1269 3588 impietates,
1298 3518 1620 3589 prephetice
1661 3517 1865 3572 intelli-

278 3626 474 3682 gamus
503 3611 572 3666 de
605 3611 825 3667 Christo
855 3620 911 3665 et
952 3612 1197 3666 Ecclesia
1224 3626 1567 3681 quaecunque
1598 3610 1863 3665 historice

278 3703 486 3772 scripta
530 3711 658 3757 sunt
687 3710 784 3757 aut
816 3702 952 3758 facta
986 3703 1038 3757 in
1072 3702 1350 3780 paradiso,
1378 3702 1623 3772 quaedam
1654 3710 1864 3772 tempo-

281 3795 419 3849 ralia
471 3803 782 3863 temporum
834 3794 1122 3849 intervalla
1176 3796 1231 3848 in
1278 3809 1614 3864 unoquoque
1668 3809 1860 3849 eorum

278 3884 499 3941 diverse
521 3886 910 3957 intelligentes,
935 3886 1152 3941 etiamsi
1178 3887 1413 3943 maxime
1438 3886 1622 3940 omnia
1647 3886 1741 3940 illa
1764 3902 1863 3940 au-

277 3980 499 4035 diamus
541 3988 797 4049 tanquam
841 3979 985 4037 facta
1033 3979 1089 4032 in
1130 3994 1247 4033 uno
1273 3988 1539 4047 tempore.
1571 3979 1732 4034 Aliud
1775 3988 1860 4034 est

278 4073 430 4126 enim
462 4072 594 4126 illud
633 4081 851 4141 tempus
885 4070 1106 4140 quando
1145 4082 1265 4124 erat
1294 4070 1541 4125 Ecclesia
1579 4085 1688 4123 non
1727 4085 1859 4123 eru-

279 4164 535 4228 bescens,
574 4172 636 4218 ut
663 4180 785 4233 qua:
823 4163 970 4217 nuda
1012 4162 1082 4217 ab
1109 4163 1261 4216 omni
1290 4169 1517 4231 peccato
1559 4170 1705 4216 esset
1735 4178 1860 4217 cum

280 4270 384 4311 suo
410 4255 531 4310 viro
556 4272 570 4308 :
596 4263 654 4309 et
674 4254 825 4309 aliud
858 4270 1053 4309 rursus
1091 4262 1310 4323 tempus
1338 4253 1558 4323 quando
1601 4253 1739 4307 laxis
1764 4253 1863 4317 ha-

281 4350 444 4406 benis
475 4350 596 4405 viro
623 4349 819 4405 relicto
863 4348 1318 4404 consuetudinem
1355 4348 1550 4402 habuit
1590 4363 1714 4402 cum
1746 4363 1862 4402 ser-

1967 521 2026 566 et
2057 526 2157 580 per
2188 512 2365 581 ipsam
2395 514 2572 568 visum
2605 523 3014 583 recuperantes.
3047 514 3186 569 Veni
3234 514 3302 570 de
3347 524 3547 572 (δίεισι-ο

1968 617 1997 656 a
2030 602 2172 673 typis
2218 603 2272 657 Id
2306 620 2493 659 rerum
2526 605 2835 659 veritatem.
2885 605 3155 660 Evertens
3200 606 3349 661 enim
3381 606 3547 662 Chri-

1967 702 2086 746 stus
2118 691 2267 746 illsm
2299 694 2587 748 amborum
2622 695 2928 750 nuditatem
2948 738 2961 759 ,
3009 705 3065 751 et
3093 712 3296 752 curans
3327 698 3545 754 caecita-

1968 790 2099 848 tem,
2129 792 2185 838 et
2213 784 2441 838 abolens
2472 786 2671 839 malam
2722 785 2941 840 illorum
2986 802 3167 841 escam
3211 804 3308 857 per
3349 806 3544 858 quam-

1966 876 2090 929 dam
2116 875 2581 939 benedictionem,
2611 886 2668 932 et
2693 893 2723 931 a
2745 878 2969 947 proprio
2995 895 3122 932 casu
3151 895 3247 935 eos
3278 882 3543 944 excitans,

1965 974 2021 1021 et
2051 966 2324 1022 reducens
2351 983 2449 1022 eos
2470 968 2722 1023 videntes
2752 970 2899 1024 unde
2927 970 3184 1025 exierunt
3210 987 3321 1026 non
3353 973 3543 1027 viden-

1965 1065 2078 1123 tes;
2112 1058 2241 1112 audi
2272 1059 2405 1128 quid
2451 1059 2582 1114 facit
2627 1070 2915 1130 postquam
2947 1061 3191 1115 surrexit
3219 1079 3248 1116 a
3292 1065 3543 1119 mortuis.

1963 1149 2204 1221 Cleopha
2238 1153 2406 1216 enim,
2435 1162 2491 1207 et
2526 1154 2620 1222 qui
2669 1170 2795 1209 cum
2827 1170 2894 1208 eo
2925 1163 3043 1209 erat
3085 1155 3230 1210 Luca
3277 1156 3357 1226 (ut
3392 1157 3547 1211 dixe-

1966 1252 2095 1295 runt
2123 1242 2356 1315 mystae),
2386 1244 2452 1297 ad
2499 1245 2701 1299 Emaus
2734 1247 2802 1301 ab
2833 1245 3161 1309 Jerusalem,
3197 1248 3341 1302 sicut
3374 1249 3540 1306 Adam

1963 1344 2021 1389 et
2050 1335 2180 1399 Eva,
2208 1337 2496 1405 separatis,
2533 1346 2590 1391 et
2620 1338 2800 1392 lucem
2838 1354 3025 1393 veram
3062 1355 3169 1392 non
3204 1340 3544 1407 videntibus,

1961 1427 2111 1481 Iesus
2154 1430 2587 1499 appropinquans
2631 1431 2939 1484 ambulabat
2986 1449 3105 1485 cum
3148 1434 3217 1485 eis
3259 1449 3277 1486 :
3310 1441 3359 1484 ct
3406 1434 3547 1486 oculi

1964 1535 2148 1573 eorum
2177 1520 2345 1574 adhuc
2375 1522 2688 1575 tenebantur
2727 1539 2791 1575 ne
2835 1540 2951 1576 eum
2989 1534 3329 1594 agnoscerent
3360 1527 3422 1578 ¹⁹.
3449 1526 3546 1579 At-

1962 1612 2058 1682 qui
2105 1613 2194 1666 hic
2238 1613 2460 1681 quidem
2506 1613 2611 1666 fuit
2641 1614 2865 1668 videndi
2898 1616 3165 1678 defectus,
3197 1618 3324 1671 audi
3357 1628 3541 1681 autem

1962 1704 2125 1763 etiam
2154 1720 2275 1773 quae
2300 1705 2562 1774 deinceps
2591 1714 2719 1759 sunt
2752 1716 2939 1762 secuta
2971 1726 2983 1760 :
3015 1708 3234 1762 Factum
3260 1719 3334 1763 est
3365 1719 3540 1764 autem

1967 1795 2092 1848 dum
2116 1797 2226 1864 ipse
2257 1796 2571 1849 recumberet
2603 1814 2719 1851 cum
2758 1800 2851 1860 eis,
2881 1801 3139 1869 accipiens
3168 1818 3358 1871 panem
3386 1803 3538 1857 bene-

1966 1888 2098 1940 dixit
2126 1888 2192 1939 '°.
2223 1888 2357 1940 Ecce
2394 1887 2706 1943 benedictio
2732 1906 2832 1959 pro
2861 1893 3260 1947 exsecratione.
3292 1894 3361 1949 Et
3391 1897 3541 1964 fran-

1965 1996 2089 2049 gens
2136 1980 2277 2031 dedit
2324 1981 2425 2044 eis;
2466 1997 2649 2034 eorum
2699 1992 2875 2037 autem
2909 1988 3081 2055 aperti
3130 1997 3252 2041 sunt
3291 1988 3450 2053 oculi,
3488 2001 3538 2045 et

1966 2079 2287 2140 agnoverunt
2312 2088 2430 2126 eum
2460 2074 2525 2127 ’³.
2555 2074 2695 2129 Ecce
2721 2075 2893 2130 habes
2925 2093 3104 2131 escam
3140 2096 3152 2131 :
3185 2078 3356 2133 habes
3378 2080 3541 2136 etiam

1962 2180 2063 2233 per
2092 2180 2275 2218 escam
2323 2166 2476 2219 visus
2524 2169 3021 2235 recuperationem,
3059 2178 3116 2224 et
3156 2172 3251 2225 Dei
3307 2173 3542 2243 agnitio-

1962 2273 2090 2313 nem
2121 2273 2283 2326 quem
2322 2273 2418 2327 per
2446 2274 2627 2313 escam
2668 2260 3061 2330 ignoraverunt
3086 2265 3432 2333 protoplasti.

2034 2350 2241 2404 Deinde
2279 2351 2409 2420 quid
2443 2351 2501 2404 [lt
2528 2360 2650 2420 post
2673 2363 2949 2423 sumptam
2987 2356 3215 2410 escam?
3250 2356 3536 2427 Surgentes

1961 2440 2078 2510 ipsa
2109 2441 2238 2495 hora
2260 2443 2454 2495 reversi
2489 2451 2612 2496 sunt
2639 2444 2694 2496 in
2754 2442 3053 2498 Jerusalem
3084 2448 3152 2499 ³².
3178 2446 3322 2501 Ecce
3373 2448 3538 2503 etiam

1961 2546 2143 2613 acasu
2197 2532 2502 2586 excitatio:
2556 2547 2687 2587 ecce
2727 2534 2897 2587 etiam
2954 2536 3190 2604 pulchra
3233 2538 3303 2591 ab
3347 2554 3539 2593 errore

1963 2624 2227 2677 reversio.
2287 2623 2533 2678 Primum
2593 2625 2978 2691 comederunt,
3029 2627 3231 2683 deinde
3285 2629 3365 2683 sic
3412 2639 3542 2683 sunt

1962 2714 2194 2769 reversi.
2246 2706 2539 2784 Postquam
2574 2725 2759 2770 autem
2792 2718 2903 2771 Eva
2928 2718 3169 2787 primum
3211 2718 3454 2773 comedit
3472 2733 3543 2774 ex

1962 2806 2172 2872 fructu,
2222 2807 2425 2861 deinde
2468 2808 2534 2862 ad
2590 2808 2859 2864 Adamum
2902 2820 2987 2865 est
3037 2826 3277 2873 reversa,
3310 2819 3367 2865 et
3411 2827 3539 2866 eum

1960 2901 2144 2955 fructu
2198 2901 2484 2970 impertiit,
2531 2909 2587 2955 et
2623 2903 2886 2958 comedit.
2939 2902 3045 2957 Sed
3079 2904 3252 2959 Adam
3308 2922 3413 2959 non
3466 2913 3541 2958 est

1960 2989 2203 3060 deceptus
2224 2990 2290 3053 ”,
2334 2990 2438 3044 hoc
2460 2999 2565 3051 est,
2599 2990 2857 3045 Christus
2879 3010 2891 3044 :
2917 2992 3018 3045 sed
3055 2993 3217 3046 simul
3257 2993 3539 3060 accubuit,

1890 3093 1936 3153 ο
1966 3081 2156 3135 volens
2183 3088 2245 3134 ut
2277 3089 2529 3150 surgeret
2553 3096 2675 3149 qua:
2699 3080 3000 3135 ceciderat.
3032 3080 3115 3134 Tu
3147 3088 3331 3135 autem
3357 3082 3541 3139 adhuc

1965 3171 2270 3226 immorans
2327 3172 2382 3225 in
2434 3171 2649 3234 littera,
2714 3172 3006 3227 considera
3062 3172 3230 3226 etiam
3294 3173 3540 3242 ipsorum

1964 3261 2266 3325 actionem,
2300 3270 2356 3315 et
2386 3276 2571 3330 quaere
2626 3261 2752 3330 quis
2810 3276 2936 3315 eum
2997 3269 3145 3317 esset
3185 3261 3381 3324 Adam,
3406 3263 3539 3331 quid

1966 3356 2146 3410 factus
2202 3362 2289 3410 est
2345 3362 2470 3424 post
2505 3355 3022 3424 transgressionem.
3054 3354 3187 3409 Erat
3218 3355 3366 3409 enim
3393 3363 3543 3410 totus

1963 3449 2182 3503 lucidus
2208 3456 2265 3503 et
2294 3446 2602 3509 deiiormis,
2628 3458 2685 3502 et
2732 3449 2911 3517 imago
2953 3448 3201 3518 quaedam
3239 3447 3321 3515 (ut
3348 3448 3422 3502 ita
3459 3449 3542 3502 di-

1964 3537 2106 3607 cam)
2138 3538 2251 3590 Deo
2275 3537 2490 3591 similis.
2515 3538 2647 3591 Post
2675 3538 3108 3592 inobedientiam
3144 3546 3330 3592 autem
3360 3538 3541 3593 factus

1963 3636 2048 3681 est
2077 3626 2409 3681 tenebrosus
2438 3636 2494 3681 et
2519 3627 2828 3691 inornatus,
2871 3636 3052 3681 atrum
3099 3639 3387 3698 peceatum
3417 3644 3540 3681 am-

1962 3721 2097 3774 nino
2137 3720 2387 3774 indutus.
2417 3720 2542 3774 Haec
2573 3735 2709 3789 ergo
2761 3728 3073 3774 evenerunt
3114 3721 3308 3789 primis
3340 3736 3546 3790 paren-

1965 3811 2135 3865 tibus.
2194 3811 2262 3864 Et
2308 3809 2478 3863 David
2529 3818 2722 3878 postea
2751 3808 2960 3863 deﬂens
2988 3809 3241 3864 dicebat:
3283 3809 3401 3863 Dies
3430 3811 3543 3865 diei

1963 3907 2167 3955 eructat
2218 3898 2433 3954 verbum
2488 3908 2536 3952 et
2593 3914 2698 3952 ηοω
2756 3900 2896 3952 nocti
2948 3899 3237 3952 annuntiat
3286 3901 3542 3969 cognitio—

1962 4010 2082 4046 nem
2099 3992 2169 4045 ".

2032 4083 2247 4148 Adhuc,
2274 4082 2474 4151 inquit,
2518 4089 2778 4151 tanquam
2812 4080 2935 4136 dies
2969 4081 3141 4145 lucidi
3178 4088 3336 4136 erant
3373 4081 3539 4150 primi

1961 4185 2239 4245 parentes,
2270 4172 2492 4242 quando
2519 4173 2663 4240 (cum
2694 4188 2761 4226 ex
2801 4172 2953 4243 ligno
2986 4172 3231 4226 nondum
3261 4171 3543 4227 comedis-

1956 4267 2105 4337 sent)
2124 4267 2358 4322 verbum
2394 4266 2610 4320 consilii
2640 4266 2913 4334 serpentis
2940 4281 2970 4319 a
3000 4265 3235 4320 muliere
3265 4265 3331 4320 ad
3358 4266 3541 4320 virum

1964 4358 2207 4414 nondum
2246 4357 2635 4413 transibatzet
2675 4357 2779 4411 sub
2828 4356 3251 4427 intelligentiam
3288 4355 3543 4411 cadentis

284 4451 472 4513 pente,
503 4451 561 4496 et
583 4442 721 4498 facta
751 4449 836 4496 est
869 4440 1141 4495 adultera.
1170 4440 1335 4495 Aliud
1363 4456 1556 4496 rursus
1593 4439 1700 4493 fuit
1725 4448 1862 4495 tem—
1894 4431 1936 4485 D
1967 4452 2103 4506 solis
2148 4450 2333 4505 radios
2376 4448 2601 4521 ρριιίιυε
2652 4447 2829 4501 indm;
2864 4455 3025 4501 eram
3070 4459 3329 4517 ιαηφιαπ,
3384 4448 3544 4500 “cui-

283 4551 410 4605 pus,
437 4535 679 4605 quando,
716 4534 946 4589 dimisso
987 4541 1244 4604 serpente
1275 4543 1331 4588 et
1370 4534 1421 4588 ei
1466 4532 1633 4587 veluti
1656 4548 1863 4587 renun-

285 4629 450 4690 tians,
486 4644 706 4683 reversa
731 4636 816 4684 est
843 4629 909 4682 ad
940 4628 1183 4698 priorem
1220 4627 1400 4682 virum
1430 4635 1486 4682 et
1517 4626 1863 4696 spiritualem

185 4744 199 4757 ο
280 4718 575 4773 Adamum.
610 4718 723 4773 Hoc
762 4720 913 4773 enim
966 4719 1070 4773 fuit
1114 4727 1334 4788 tempus
1361 4721 1581 4788 quando
1606 4718 1865 4789 cognovit

280 4819 337 4865 et
374 4810 596 4882 agnovit
619 4826 676 4866 se
704 4827 826 4867 esse
856 4812 1059 4866 nudam
1087 4822 1145 4866 et
1169 4810 1477 4866 inornatam
1508 4820 1565 4866 et
1590 4810 1865 4865 deforma-

285 4912 420 4959 tam.
453 4905 567 4959 lioe
604 4904 713 4961 fuit
742 4915 957 4974 tempus
986 4906 1208 4976 quando
1241 4907 1326 4960 vir
1358 4920 1479 4960 eam
1508 4904 1772 4974 suscepit,
1807 4910 1865 4961 et

282 5012 411 5052 eum
457 5011 523 5051 ea
565 4997 802 5052 fructum
837 4998 970 5069 ligni
1004 4999 1264 5069 gustavit,
1298 5013 1401 5068 pro
1429 5012 1493 5051 ea
1522 5005 1698 5051 morte
1724 4995 1863 5050 aﬂ‘e-

281 5098 407 5143 etus
435 5097 491 5143 et
538 5104 827 5161 resurgens
854 5106 884 5144 a
918 5090 1170 5145 mortuis.
1198 5089 1465 5157 Quoniam
1496 5100 1680 5144 autem
1719 5103 1867 5144 nunc

281 5195 313 5235 a
348 5196 437 5235 me
466 5180 635 5236 verba
666 5182 810 5237 ﬁunt
836 5182 905 5237 ad
934 5183 1256 5246 Ecclesium,
1289 5198 1400 5237 non
1440 5189 1621 5235 autem
1669 5180 1736 5235 ad
1763 5180 1863 5236 Ju-

283 5271 455 5337 dzros,
484 5273 636 5341 audi,
671 5274 870 5337 ﬁdelis,
907 5284 963 5329 et
1007 5275 1169 5330 tidem
1200 5274 1342 5329 habe
1381 5282 1640 5345 tanquam
1662 5274 1860 5339 ﬁdelis,

283 5367 480 5421 videns
524 5367 1008 5423 indiscriminatim
1051 5368 1215 5439 913
1258 5367 1441 5423 omnia
1475 5383 1598 5438 quae
1633 5376 1761 5423 sunt
1805 5367 1861 5423 in

284 5459 563 5530 paradiso,
593 5476 705 5515 non
731 5460 980 5514 videntes
1008 5475 1160 5514 suam
1194 5460 1547 5515 nudationem
1579 5461 1860 5531 protOpla-

359 5662 401 5691 “'
430 5662 581 5718 Joan.
620 5679 656 5730 ι,
684 5665 717 5719 9
817 5663 858 5694 ¹⁹
902 5662 1031 5718 Luc.
1062 5680 1203 5731 xxn',
1236 5666 1318 5731 l3,
1355 5666 1436 5721 16.
1516 5668 1558 5698 ³³
1595 5669 1729 5723 ibid.
1767 5668 1853 5720 ὀί).

289 5747 436 5796 mu,
471 5733 522 5787 5.

1965 4552 2222 4598 mentum.
2254 4541 2361 4596 Sed
2400 4540 2623 4610 quando
2653 4540 2770 4610 ipsa
2788 4553 3060 4609 persuasa
3082 4538 3348 4602 comedit,
3370 4538 3544 4593 etiam

1962 4641 2268 4689 nocturnas
2318 4632 2529 4703 peccati
2565 4632 2825 4686 tenebras
2877 4630 3082 4690 induit.
3117 4640 3378 4699 tanquam
3433 4645 3539 4683 nox

1963 4726 2226 4781 videlicet
2278 4724 2454 4779 oll‘usa
2502 4724 2765 4789 tenebris,
2800 4738 2983 4792 neque
3020 4722 3204 4777 sciens
3248 4720 3384 4790 quid
3423 4720 3542 4774 viro

1963 4820 2235 4882 consulat,
2264 4819 2359 4888 qui
2387 4819 2504 4887 ipse
2533 4832 2754 4887 quoque
2787 4816 2967 4871 tactus
2995 4823 3080 4869 est
3116 4831 3221 4869 non:
3255 4813 3328 4868 ob
3356 4828 3542 4882 parem

1970 4912 2359 4984 ignorantiam,
2411 4919 2459 4963 et
2491 4912 2775 4963 annuntiat
2825 4909 3195 4979 cognitionem,
3245 4921 3445 4975 nempe
3488 4904 3542 4959 id

1969 5004 2118 5074 quod
2164 5002 2421 5074 cognosci
2466 5009 2649 5070 potest
2673 5000 2805 5055 boni
2861 5011 2919 5055 et
2972 5000 3122 5061 mali,
3154 4999 3205 5054 ei
3237 4998 3407 5053 tradit
3443 5013 3536 5053 an-

1974 5097 2260 5153 nuntians.
2281 5094 2386 5149 Sed
2416 5104 2501 5147 est
2521 5093 2684 5146 etiam
2713 5091 2876 5146 aliter
2902 5089 3385 5146 considerandum.
3410 5090 3543 5144 Nam

1970 5198 2131 5245 antea
2160 5187 2405 5258 quidem,
2437 5184 2683 5247 uitandiu
2717 5183 3041 5252 priusquam
3073 5182 3394 5236 comederet
3422 5190 3540 5235 tan.

1967 5293 2134 5351 quam
2156 5277 2277 5332 dies
2306 5280 2427 5329 erat
2454 5272 2662 5337 lucida,
2688 5271 2922 5325 verbum
2950 5269 3325 5333 annuntiavit,
3342 5282 3543 5337 nempe

1968 5371 2210 5443 graviter
2224 5383 2288 5423 ac
2320 5381 2552 5421 severe:
2587 5364 2656 5420 de
2693 5364 2981 5417 voluntate
3015 5362 3162 5415 enim
3192 5361 3258 5414 ad
3313 5375 3544 5430 peccan-

1969 5464 2099 5518 dum
2124 5475 2235 5515 non
2258 5458 2478 5514 sinebat
2495 5457 2666 5511 Evam
2688 5453 2928 5525 longiori
2950 5452 3029 5506 uti
3061 5451 3331 5506 oratione.
3352 5449 3535 5516 Quauv

1934 5668 1971 5696 ²¹
2010 5662 2145 5719 ibid.
2184 5662 2269 5718 5|.
2351 5666 2391 5693 τ’
2423 5660 2664 5715 ibiil.33.
2744 5656 2998 5712 "lTim.
3044 5670 3101 5721 tt,
3133 5653 3212 5707 li.
3310 5650 3354 5680 ”
3390 5647 3536 5703 Paul.
