3942 6298
501 249 506 256 ’
531 245 664 306 1023

1703 247 1763 308 S.
1802 248 2198 309 ANASFASII
2260 251 2326 310 Sl
2336 250 2584 312 NAI'LE

3638 237 3771 304 1028

523 357 594 412 do
642 361 822 408 autem
863 355 1070 410 malum
1101 355 1208 412 fuit
1247 369 1554 428 peractum,
1583 368 1637 414 et
1674 373 1834 413 suum
1865 359 2098 416 fruendo
2128 373 2170 424 Α
2200 363 2760 436 contemplationibus
2779 378 2900 434 quae
2935 360 3095 436 dictae
3138 369 3266 415 sunt
3293 373 3389 430 per
3445 356 3766 412 universum

526 445 774 514 implevit
797 445 1159 512 desiderium,
1184 459 1240 504 et
1271 450 1461 506 sedata
1509 459 1594 506 est
1635 451 1834 506 satiata
1892 451 2090 518 libido,

527 547 660 593 tunc
685 540 1034 594 alinuntiavit
1077 542 1469 612 cogn'tionem.
1513 543 1678 608 Ecce,
1738 544 1938 614 inquit,
1989 561 2095 598 nu-

525 623 638 676 dati
662 639 853 680 sumus
896 641 960 680 ex
1006 627 1195 694 planta
1249 629 1554 685 virtutibus
1605 640 1662 686 et
1705 633 2090 702 qualitatibus.

519 715 712 783 'Aperti
742 715 890 767 enim
915 725 1038 768 sunt
1063 716 1262 772 mentis
1296 735 1480 772 eorum
1539 720 1696 784 oculi,
1726 729 1783 776 et
1823 737 2096 792 cognove-

527 811 658 858 runt
720 803 787 857 ad
830 805 975 873 quod
1039 808 1242 862 malum
1287 809 1664 870 devenerunt,
1725 823 1780 865 et
1836 827 2086 882 quanam

527 894 671 964 passi
709 893 821 948 sint
849 895 992 947 inter
1021 911 1078 949 se
1108 896 1392 954 docentes.
1425 899 1518 954 Sic
1547 901 1679 955 mihi
1701 903 1885 970 placet
1921 903 2089 957 intel-

525 982 694 1054 ligere
719 989 904 1042 omnia
932 1005 1053 1058 qua:
1077 989 1280 1058 scripta
1309 1001 1438 1046 sunt
1462 993 1530 1047 de
1566 993 1827 1062 paradiso
1879 1001 1936 1049 et
1967 1010 2096 1064 pro-

524 1077 798 1144 toplastis.
852 1077 956 1131 Pro
990 1078 1194 1133 Christo
1231 1081 1376 1136 enim
1425 1082 1615 1152 {ungor
1645 1082 1907 1153 legatione
1947 1086 1993 1117 "
2041 1095 2097 1140 et

523 1184 625 1238 pro
651 1185 770 1223 mea
797 1186 1057 1238 germana
1089 1183 1282 1236 matre,
1322 1174 1434 1228 Eva
1465 1175 1713 1231 Ecc'esia
1741 1176 1890 1240 vitm,
1932 1191 2099 1246 quam

521 1258 760 1314 defendo
791 1263 1056 1316 adversus
1081 1261 1300 1316 Iudaeos
1317 1275 1370 1316 et
1398 1263 1706 1331 hwreticos,
1735 1266 1876 1320 ﬁdeli
1901 1267 2106 1336 populo

523 1361 726 1422 tropum
783 1353 1016 1422 erigens.
1036 1359 1092 1405 et
1125 1360 1396 1419 statuens,
1429 1363 1486 1408 et
1517 1355 1602 1409 his
1633 1355 2020 1426 intelligentiis
2042 1364 2101 1412 et

2201 454 2308 510 hoc
2333 471 2474 526 opus
2504 462 2600 511 sex
2626 455 2864 518 dierum,
2922 451 3102 527 ﬁdelis
3148 450 3387 521 pepulus
3438 448 3498 502 ﬁt
3527 456 3770 506 armatus

2195 555 2391 601 contra
2419 546 2796 602 adversarios:
2833 559 3016 614 neque
3039 541 3148 598 erit
3172 556 3311 611 Opus
3365 539 3641 596 adversus
3679 554 3770 594 eos

2195 638 2605 708 potentioribus
2667 637 2892 708 tropaeis
2953 643 3049 690 aut
3101 636 3287 698 armis,
3334 650 3444 688 non
3495 631 3768 695 Mosaicis,

2196 744 2308 784 non
2332 729 2692 800 propheticis,
2720 744 2834 783 non
2890 727 3188 784 Davidicis.
3245 726 3372 780 Haec
3421 726 3575 779 enim
3621 741 3768 778 arma

2200 829 2395 876 nostra
2436 820 2640 876 militiae
2687 820 2932 874 carnalia
2978 819 3046 884 “,
3079 833 3184 873 nec
3226 815 3466 886 fragilia,
3508 814 3608 868 sed
3661 813 3769 868 Deo

2195 909 2444 978 potentia
2481 908 2548 962 ad
2584 907 3024 962 destructionem
3071 903 3622 975 propugnaculorum
3681 899 3770 954 ad-

2195 999 2574 1055 versariorum
2617 999 3022 1054 destruentium
3052 1011 3246 1051 eorum
3301 993 3691 1064 cogitationes,
3721 1003 3772 1048 et

2198 1099 2419 1139 omnem
2461 1085 2814 1140 altitudinem
2861 1100 2984 1155 quae
3033 1084 3322 1139 extollitur
3365 1081 3644 1136 adversus
3679 1097 3768 1136 co-

2199 1175 2505 1246 gnitionem
2553 1183 2611 1230 et
2649 1175 2813 1230 fidem
2861 1175 2990 1230 Jesu
3029 1173 3236 1229 Christi
3271 1171 3387 1227 veri
3429 1171 3530 1224 Dei
3556 1170 3766 1224 nostri:

2201 1265 2292 1320 cui
2322 1265 2498 1338 gloria
2518 1274 2576 1320 et
2609 1265 2859 1336 potentia
2898 1266 3065 1320 simul
3109 1279 3234 1319 cum
3279 1263 3444 1318 Patre
3469 1268 3532 1318 et
3581 1271 3770 1317 sancto

2203 1355 2437 1426 Spiritu,
2474 1356 2530 1411 in
2555 1357 2752 1412 saecula
2794 1356 3145 1412 saeculorum.
3184 1357 3379 1410 Amen.

1582 1716 1944 1806 LIBER
2015 1716 2552 1806 UNDECIM
2578 1715 2751 1806 US.

1194 1926 1271 1968 ns
1317 1925 1394 1968 us
1435 1925 1576 1978 om;
1622 1923 1776 1967 posr
1826 1920 2074 1968 palmum

2190 1923 2441 1966 CCATUM
2481 1923 2720 1966 SECUTA
2759 1923 3084 1968 FUIRUST.

589 2209 707 2264 1am
741 2206 966 2278 quidem
1001 2219 1032 2260 a
1078 2203 1241 2260 nobis
1293 2203 1460 2274 paulo
1493 2211 1621 2258 ante
1671 2212 1757 2258 est
1799 2211 2084 2260 ostensum
2118 2212 2158 2266 Β
2187 2206 2334 2274 nea),
2370 2208 2657 2278 cujusnam
2683 2209 2896 2278 pudore
2929 2205 3140 2273 affecti,
3177 2225 3245 2264 ex
3289 2209 3443 2266 foliis
3468 2211 3618 2270 ﬁcus
3640 2230 3773 2270 cono

517 2300 667 2371 quod
698 2309 824 2354 ante
845 2312 1026 2353 escam
1059 2306 1285 2366 apertos
1307 2296 1585 2351 habebant
1637 2296 1848 2350 oculos.
1895 2295 2088 2352 Dicere

515 2395 664 2449 enim
688 2391 833 2462 quod
857 2391 984 2445 vidit
1025 2389 1216 2444 mulier
1245 2389 1384 2461 quod
1406 2389 1606 2460 lignum
1638 2397 1769 2442 esset
1797 2389 1989 2442 bonum
2020 2389 2090 2442 ad

517 2487 913 2548 comedendum,
941 2485 1186 2540 ostendit
1209 2499 1328 2538 eam
1365 2493 1528 2538 acute
1557 2483 1767 2538 videre.
1815 2483 1929 2538 Nec
1984 2483 2089 2538 hoc

517 2579 720 2640 solum,
769 2577 863 2630 sed
899 2576 1006 2629 hoc
1051 2588 1272 2644 quoque
1326 2573 1546 2636 dicere,
1592 2572 1740 2642 quod
1777 2572 2087 2643 jucundum

515 2678 603 2723 est
631 2667 696 2722 ad
721 2667 1044 2730 videndum,
1071 2677 1126 2721 et
1159 2665 1452 2735 pulchrum
1475 2665 1544 2720 ad
1574 2665 2084 2734 contemplandum,

518 2776 619 2829 per
653 2759 752 2812 has
773 2766 886 2812 tres
912 2757 1187 2812 dictiones
1205 2757 1367 2826 plane
1415 2756 1654 2812 dicimus
1713 2758 2085 2826 perspicacem

517 2852 717 2915 aciem,
759 2849 1148 2918 curiosaniquc
1182 2856 1238 2902 et
1263 2855 1469 2902 certam
1513 2848 1852 2902 evidentiam
1887 2849 2088 2905 lucida:

516 2941 806 2996 oculorum
864 2939 1119 2994 visionis.
1156 2938 1311 2994 Unde
1364 2939 1529 2992 etiam
1587 2939 2086 3010 Symmachus,pro

516 3032 844 3100 aperientur,
890 3031 1096 3099 posuit,
1144 3027 1272 3098 ﬁent
1319 3028 1690 3098 intelligentes.
1733 3028 2006 3085 Similiter
2031 3041 2088 3088 et

516 3137 617 3190 pro
649 3122 822 3191 aperti
857 3129 982 3175 sunt
1007 3120 1284 3174 amborum
1335 3119 1495 3180 oculi.
1533 3119 1672 3174 dixit
1740 3121 2086 3192 intelligentes

517 3211 644 3281 [acti
672 3219 816 3276 sunt,
843 3212 948 3265 hoc
969 3220 1072 3268 est.
1102 3209 1232 3264 facti
1265 3217 1397 3263 sunt
1421 3209 1724 3278 sapientes,
1751 3218 1808 3264 et
1829 3211 1896 3266 ad
1927 3212 2084 3283 agni-

517 3306 724 3358 tionem
752 3319 866 3359 sua:
895 3303 1164 3357 nuditatis
1185 3309 1460 3356 venerunt
1490 3302 1845 3358 oculianimae
1866 3319 2081 3362 eorum.

515 3399 591 3452 De
611 3397 817 3467 quibus
847 3397 1122 3466 Propheta
1160 3394 1344 3466 regius
1389 3411 1614 3466 quoque
1661 3396 1772 3451 Deo
1805 3405 1932 3453 vota
1959 3391 2086 3454 fun;

517 3490 703 3552 debat,
735 3490 959 3544 dicens:
983 3487 1176 3542 Revela
1201 3487 1378 3542 oculos
1407 3503 1571 3551 meos,
1609 3491 1862 3558 quoniam
1905 3487 2085 3546 lumen

2189 2305 2422 2352 suerunt
2461 2299 2839 2370 subligacula?
2867 2300 3000 2354 Nam
3023 2303 3070 2356 si
3105 2301 3370 2358 volebant
3427 2315 3627 2376 tegere
3654 2323 3773 2362 cor-

2189 2389 2339 2459 poris
2371 2389 2703 2456 nuditatem,
2769 2393 2940 2448 multa
3003 2395 3110 2448 alia
3147 2395 3468 2464 plantarum
3521 2399 3656 2454 folia
3706 2401 3770 2455 ad

2187 2495 2315 2534 eum
2371 2495 2532 2534 usum
2586 2491 2717 2536 sunt
2769 2498 2866 2537 sua
2911 2493 3107 2539 natura
3151 2489 3672 2545 accommodatiora
3715 2499 3770 2546 et

2189 2571 2434 2635 utiliora,
2467 2573 2776 2642 cujusmodi
2808 2573 3062 2630 videmus
3100 2575 3228 2630 folia
3267 2578 3588 2646 palmarum
3623 2581 3769 2637 ludi-

2189 2677 2402 2717 carum.
2435 2663 2555 2717 Non
2591 2672 2775 2718 tamen
2823 2665 3137 2729 renuimus,
3187 2682 3368 2736 neque
3420 2672 3768 2740 corporalem

2188 2755 2365 2824 ipsius
2419 2754 2620 2809 divinae
2687 2755 2987 2825 Scriptum
3029 2757 3322 2814 historiam
3377 2761 3764 2819 dissolvimus.

2187 2845 2402 2900 Rursus
2429 2855 2615 2900 autem
2641 2847 2942 2916 quaerimus
2967 2849 3249 2916 quomodo
3272 2850 3393 2905 haec
3425 2867 3460 2906 c
3507 2852 3619 2908 ﬁcu
3643 2863 3764 2909 nata

2187 2937 2525 3006 subligacula
2551 2937 2619 2992 de
2645 2937 2864 2992 Christo
2891 2949 2948 2994 et
2964 2939 3208 2994 Ecclesia
3236 2949 3368 2994 sunt
3392 2943 3764 3014 praefigurata,

2187 3027 2458 3094 siquidem
2492 3027 2632 3082 facta
2664 3038 2793 3084 sunt
2819 3029 3004 3084 omnia
3029 3045 3128 3098 per
3179 3029 3363 3100 ipsum
3390 3041 3451 3088 et
3472 3035 3546 3088 ad
3587 3036 3766 3104 ipsum

2187 3119 2560 3188 respicientia.
2587 3119 2657 3174 Et
2673 3129 2990 3174 consuerunt
3015 3119 3146 3188 {alia
3170 3121 3324 3190 ﬁcus,
3347 3131 3397 3177 et
3421 3125 3767 3192 fecerunth

2185 3209 2584 3280 subligaculo,“
2601 3211 2884 3266 audierunt
2899 3226 3072 3267 vocem
3092 3210 3308 3267 Domini
3328 3212 3427 3268 Dei
3444 3215 3766 3270 anthulantis

2185 3302 2241 3355 in
2275 3299 2523 3370 paradiso
2547 3301 2601 3354 in
2623 3299 2862 3356 meridie.

2255 3393 2352 3447 Est
2378 3408 2695 3457 commune,
2729 3401 3004 3449 etcontra
3057 3393 3208 3463 quod
3245 3393 3390 3448 nihil
3417 3393 3532 3450 dici
3563 3406 3763 3465 potest.

2186 3483 2404 3554 dogma,
2428 3484 2716 3540 meridiem
2740 3485 2882 3540 sexti
2901 3484 3054 3540 illius
3083 3485 3196 3542 diei
3214 3487 3588 3542 hebdomadis
3612 3501 3766 3543 clea-

516 3577 855 3634 oculorumet
873 3579 1046 3649 ipsum
1100 3592 1204 3630 non
1238 3584 1314 3630 est
1345 3592 1546 3630 mecum
1597 3548 1664 3641 ἦ,
1697 3578 1788 3632 sed
1837 3548 2154 3632 illuminaC
2189 3575 2376 3639 tionis,
2431 3575 2596 3630 tacite
2647 3575 2964 3646 signiﬁcare
3004 3591 3071 3632 ac
3127 3577 3458 3634 describere
3518 3579 3766 3634 medium

514 3670 690 3724 oculos
745 3685 906 3734 meos,
939 3685 1006 3723 ne
1057 3684 1294 3740 unquam
1347 3667 1678 3722 obdormiam
1721 3669 1778 3722 in
1816 3676 1984 3723 morte
2015 3668 2082 3722 ’⁸.

513 3762 732 3817 Peccati
773 3775 906 3831 ergo
939 3761 1276 3831 agnitionem
1305 3768 1364 3815 et
1396 3776 1726 3816 consensum
1761 3761 1827 3814 ad
1855 3775 2087 3814 conver—

512 3853 750 3914 sionem,
801 3851 1048 3921 intellige
1096 3861 1381 3919 aspectum
1433 3851 1747 3904 oculorum.
1796 3849 1893 3904 Est
1933 3850 2084 3904 enim

514 3945 810 4016 diligenter
863 3951 922 3998 et
964 3953 1222 3998 accurate
1285 3942 1664 3998 adnotandum
1733 3942 1903 4011 quod,
1957 3956 2084 3997 cum

513 4038 716 4090 mulier
754 4043 904 4091 esset
943 4049 1113 4105 prope
1148 4047 1486 4106 serpentem,
1514 4046 1568 4090 et
1603 4043 1858 4106 separata
1894 4047 1924 4088 a
1961 4035 2084 4090 viro

514 4129 632 4197 ipsa
652 4129 824 4197 prima
849 4130 1183 4184 comedisset
1209 4143 1274 4182 ex
1296 4129 1466 4199 ligno.
1493 4143 1602 4183 non
1636 4127 1820 4182 statim
1843 4127 2086 4196 respexit

513 4220 691 4276 donec
711 4235 976 4275 conversa
1003 4219 1110 4276 fuit
1132 4221 1200 4274 ad
1230 4221 1430 4298 virum.
1459 4219 1597 4276 Cum
1631 4229 1816 4274 autem
1839 4219 2086 4288 accepis-

515 4323 599 4367 set
621 4322 678 4367 et
703 4313 1039 4370 comedisset
1061 4313 1370 4383 Spiritualis
1393 4312 1590 4374 Adam,
1611 4313 1718 4368 hoc
1756 4320 1862 4376 est,
1888 4326 2085 4380 passus

510 4412 660 4458 esset
679 4403 954 4469 Christus,
1005 4413 1137 4458 tunc
1180 4418 1277 4472 per
1322 4403 1442 4470 ejus
1466 4403 1777 4472 passionem
1811 4417 1937 4456 cum
1962 4400 2084 4471 ipso

515 4496 758 4565 respexit
785 4496 1006 4550 mulier.
1045 4493 1103 4550 Si
1148 4502 1334 4550 autem
1369 4509 1460 4547 res
1509 4508 1618 4547 non
1654 4493 1736 4548 sic
1789 4493 2080 4562 intelligis,

512 4587 808 4656 oportebat
831 4586 1144 4648 mulierem,
1187 4599 1312 4638 cum
1347 4583 1523 4653 prima
1577 4583 1932 4650 comedisset,
1969 4583 2086 4654 pri-

515 4692 658 4731 mum
684 4677 982 4746 respicere.

588 4767 881 4822 Videamus
903 4769 1016 4838 jam
1047 4783 1111 4823 ea
1159 4784 1284 4838 quae
1328 4767 1596 4838 deinceps
1636 4776 1966 4837 sequuntur.
2013 4765 2084 4821 Et

2185 3668 2323 3723 sexti
2365 3666 2476 3721 diei
2507 3667 2715 3732 saeculi,
2740 3683 2938 3738 nempe
2979 3669 3279 3739 quinquies
3321 3669 3684 3724 millesimum
3711 3678 3766 3726 et

2184 3758 2686 3828 quingentesimum
2708 3740 2938 3824 annum,
2959 3759 3020 3814 in
3047 3775 3160 3830 quo
3185 3761 3458 3816 Dominus
3490 3760 3641 3816 Deus
3663 3761 3765 3816 ho-

2185 3865 2277 3904 mo
2311 3843 2486 3905 factus
2514 3861 2618 3906 est.
2656 3851 2895 3921 Tempus
2937 3866 3073 3920 ergo
3102 3853 3252 3922 quod
3285 3862 3374 3909 est
3427 3861 3562 3908 ante
3600 3855 3769 3910 meri-

2183 3939 2332 3996 diem
2361 3941 2633 4012 signiﬁcat
2653 3943 2864 3997 cultum
2887 3943 3195 4014 legitimum
3223 3942 3548 4016 Synagogae,
3577 3956 3640 4001 ut
3669 3947 3766 4016 qui

2187 4033 2384 4088 haheat
2417 4033 2552 4088 folia
2602 4033 2757 4097 ﬁcus,
2789 4049 2990 4104 nempe
3031 4051 3318 4092 sermones
3356 4036 3630 4106 quosdam
3678 4039 3765 4092 in-

2183 4125 2513 4196 frugiferos,
2567 4133 2626 4181 et
2667 4136 2940 4196 praecepta
3008 4127 3295 4184 moderate
3351 4129 3770 4198 quodammodo

2185 4221 2516 4290 prurientia,
2540 4231 2598 4276 et
2627 4221 2684 4276 in
2724 4221 3022 4292 superﬁcie
3057 4223 3472 4293 quodammodo
3512 4225 3769 4281 radentia

2185 4309 2408 4365 sordida
2426 4310 2716 4365 hominum
2747 4311 3011 4366 vulnera:
3043 4325 3174 4365 nam
3212 4311 3345 4367 folia
3372 4310 3512 4368 licus
3550 4313 3769 4384 placide

2183 4401 2590 4472 quodammodo
2636 4401 2838 4456 radunt
2863 4401 3057 4457 sordes
3102 4418 3384 4466 vasorum,
3417 4419 3520 4474 per
3553 4405 3770 4460 medio-

2184 4508 2334 4549 orem
2374 4509 2496 4563 quae
2522 4501 2608 4548 est
2666 4493 2720 4546 in
2755 4492 2840 4547 eis
2873 4493 3256 4564 asperitatem.
3315 4493 3423 4550 Sed
3463 4503 3522 4550 et
3557 4505 3770 4552 natura

2183 4586 2492 4642 nuditatem
2513 4593 2570 4642 et
2596 4586 2993 4656 turpitudinem
3015 4597 3320 4658 contegunt
3344 4604 3446 4658 per
3475 4589 3772 4644 circumci-

2184 4678 2418 4733 sionem.
2454 4675 2803 4746 Quapropter
2823 4677 2994 4732 etiam
3029 4677 3180 4733 circa
3212 4678 3360 4733 illam
3387 4691 3604 4748 partem
3647 4696 3769 4751 qua

2186 4769 2431 4840 suscepit
2456 4767 2966 4832 circumcisionem,
3004 4779 3319 4837 posuerunt
3362 4769 3532 4840 primi
3579 4771 3758 4826 nostri

510 4864 864 4924 regnaverunt
908 4853 1048 4925 quod
1109 4865 1262 4910 erant
1321 4856 1468 4919 nudi,
1510 4866 1558 4910 et
1614 4865 1928 4910 consuerunt
1955 4855 2084 4926 folia
2115 4868 2448 4934 Dparentes
2507 4858 2857 4929 subligacula
2914 4874 2984 4914 ex
3037 4857 3194 4914 loliis
3241 4859 3424 4914 tiens:
3475 4860 3588 4916 hoc
3631 4863 3771 4916 forte

511 4946 666 5015 ﬁcus,
717 4955 764 5000 et
797 4946 1029 5018 fecerunt
1085 4946 1182 5001 sibi
1239 4947 1589 5018 subligacula.
1633 4947 1769 5002 Cum
1801 4947 1858 5001 in
1901 4947 2086 5016 priore

513 5039 818 5095 ntidatione
876 5039 1114 5096 dixisset
1177 5040 1414 5110 scriptor
1460 5055 1556 5094 eos
1598 5055 1709 5094 non
1769 5037 2084 5104 erubuisse,

514 5147 664 5186 nunc
681 5133 826 5187 dicit
848 5133 997 5204 quod
1021 5133 1255 5188 alterum
1297 5133 1532 5188 alterius
1559 5131 1826 5202 pudebat,
1881 5145 2083 5187 conse-

515 5241 695 5294 quens
727 5227 876 5280 enim
902 5235 1025 5282 erat
1078 5227 1183 5281 hoc
1212 5227 1418 5281 dicere.
1447 5225 1586 5281 Cum
1624 5233 1809 5280 autem
1860 5223 1928 5279 ad
1975 5240 2084 5278 nu-

519 5316 743 5383 ptialem
801 5317 1046 5372 nondum
1095 5319 1337 5373 coissent
1389 5317 1863 5387 coniunctionem,
1903 5331 2083 5384 neque

521 5409 730 5463 scirent
762 5421 984 5478 propter
1008 5425 1170 5480 quam
1203 5425 1421 5466 causam
1446 5417 1632 5478 partes
1661 5408 2085 5478 genitalesapud

523 5513 620 5554 eos
646 5511 777 5554 sunt
814 5503 1030 5557 diversa
1075 5504 1244 5569 tigrim
1279 5506 1497 5571 (nempe
1553 5501 1797 5554 mascula
1845 5510 1900 5553 ct
1933 5498 2090 5552 feriri-

601 5638 644 5665 "
675 5636 870 5702 l'lphrs.
906 5652 976 5693 vi.
1009 5635 1096 5687 Ἣ).
1176 5637 1219 5668 εδ
1247 5636 1283 5688 Il
1312 5635 1436 5688 Cur.
1469 5652 1516 5699 ς,
1558 5636 1598 5688 l.

1700 5636 1740 5665 ’⁷
1799 5634 1938 5688 Psal.
1971 5631 2241 5697 (;\\'m,38.
2321 5635 2364 5662 ""
2399 5631 2536 5685 Psal.
2581 5647 2672 5688 Mt.
2719 5629 2762 5682 ι.

2183 4953 2512 5008 ostendente
2554 4952 2807 5020 exemplo
2855 4951 3005 5021 quod
3060 4951 3116 5004 in
3160 4966 3390 5022 vespera
3451 4952 3567 5007 diei
3617 4968 3766 5008 crea-

2185 5043 2356 5099 tionis
2380 5043 2570 5100 saeculi
2617 5043 2978 5112 cooperietur
3009 5043 3422 5113 quodammodo
3439 5055 3507 5100 et
3557 5045 3771 5100 delebi-

2183 5141 2275 5188 tur
2296 5131 2652 5191 circumcisio
2681 5146 2780 5202 per
2811 5133 2997 5186 velum
3027 5131 3273 5202 pellicere
3300 5133 3504 5188 tunica:
3533 5133 3766 5188 Christi.

2183 5223 2491 5282 Suntenim
2513 5222 2644 5278 folia
2679 5223 2894 5278 umbrae
2917 5221 3234 5278 efﬁcientia.
3263 5223 3373 5277 Lex
3400 5226 3552 5278 enim
3581 5225 3771 5280 habuit

2193 5315 2445 5370 umbram
2497 5321 2900 5384 praeceptorum
2957 5312 3166 5368 Christi
3189 5316 3256 5366 ”.
3292 5313 3428 5368 Nam
3491 5315 3599 5370 sub
3632 5315 3772 5370 foliis

2197 5405 2484 5476 tegebatur
2517 5403 2732 5460 fructus
2763 5403 2970 5458 Christi
3009 5401 3062 5456 in
3088 5402 3381 5474 Scriptura
3429 5403 3769 5462 Judazorum.

2197 5498 2289 5567 qui
2329 5497 2398 5551 ab
2423 5496 2506 5551 cis
2529 5513 2638 5549 non
2673 5496 2964 5549 videbatur
3005 5505 3234 5564 propter
3285 5500 3614 5564 nliPl't'llitlnl
3657 5519 3778 5556 (nr-

2842 5631 2884 5658 ²’⁸
2911 5627 3072 5681 “chr.
3129 5645 3176 5685 νς,
3217 5629 3260 5680 l.
