  <div class='ocr_page' id='page_1' title='image "/cluster/home/n/w/nwhite01/storage/ocr_20150623/89/pst.000005712953/520.png"; bbox 0 0 4042 6292; ppageno 0'>
   <div class='ocr_carea' id='block_1_1' title="bbox 351 303 498 372">
    <p class='ocr_par' dir='ltr' id='par_1_1' title="bbox 351 303 498 372">
     <span class='ocr_line' id='line_1_1' title="bbox 351 303 498 372; baseline 0.034 -4"><span class='ocrx_word' id='word_1_1' title='bbox 351 303 498 372; x_wconf 71' lang='grc'><strong>1025</strong></span> 
     </span>
    </p>
   </div>
   <div class='ocr_carea' id='block_1_2' title="bbox 1426 312 2510 384">
    <p class='ocr_par' dir='ltr' id='par_1_2' title="bbox 1426 312 2510 384">
     <span class='ocr_line' id='line_1_2' title="bbox 1426 312 2510 384; baseline 0.01 -11"><span class='ocrx_word' id='word_1_2' title='bbox 1426 314 1508 375; x_wconf 80' lang='lat' dir='ltr'><strong>IN</strong></span> <span class='ocrx_word' id='word_1_3' title='bbox 1545 312 2094 377; x_wconf 71' lang='lat' dir='ltr'><strong>HEXAEMEBON.</strong></span> <span class='ocrx_word' id='word_1_4' title='bbox 2123 343 2191 351; x_wconf 71' lang='lat'><strong>-</strong></span> <span class='ocrx_word' id='word_1_5' title='bbox 2224 322 2365 382; x_wconf 75' lang='lat' dir='ltr'><strong>L&#39;iB.</strong></span> <span class='ocrx_word' id='word_1_6' title='bbox 2406 324 2510 384; x_wconf 78' lang='lat' dir='ltr'><strong>XI.</strong></span> 
     </span>
    </p>
   </div>
   <div class='ocr_carea' id='block_1_3' title="bbox 3475 333 3613 398">
    <p class='ocr_par' dir='ltr' id='par_1_3' title="bbox 3475 333 3613 398">
     <span class='ocr_line' id='line_1_3' title="bbox 3475 333 3613 398; baseline 0.007 -2"><span class='ocrx_word' id='word_1_7' title='bbox 3475 333 3613 398; x_wconf 77' lang='lat'><strong>1026</strong></span> 
     </span>
    </p>
   </div>
   <div class='ocr_carea' id='block_1_4' title="bbox 351 416 3615 517">
    <p class='ocr_par' dir='ltr' id='par_1_4' title="bbox 351 416 3615 517">
     <span class='ocr_line' id='line_1_4' title="bbox 351 416 3615 517; baseline 0.009 -44"><span class='ocrx_word' id='word_1_8' title='bbox 351 416 447 473; x_wconf 81' lang='lat' dir='ltr'><strong>dis</strong></span> <span class='ocrx_word' id='word_1_9' title='bbox 478 428 534 474; x_wconf 90' lang='lat' dir='ltr'><strong>et</strong></span> <span class='ocrx_word' id='word_1_10' title='bbox 559 419 738 476; x_wconf 81' lang='lat' dir='ltr'><strong>velum</strong></span> <span class='ocrx_word' id='word_1_11' title='bbox 773 421 1035 478; x_wconf 81' lang='lat' dir='ltr'><strong>foliorum</strong></span> <span class='ocrx_word' id='word_1_12' title='bbox 1065 419 1740 483; x_wconf 71' lang='lat' dir='ltr'><strong>verborumesteriorum.</strong></span> <span class='ocrx_word' id='word_1_13' title='bbox 1777 426 1934 483; x_wconf 85' lang='lat' dir='ltr'><strong>Unde</strong></span> <span class='ocrx_word' id='word_1_14' title='bbox 1966 432 2006 484; x_wconf 77' lang='grc' dir='ltr'><strong>Α</strong></span> <span class='ocrx_word' id='word_1_15' title='bbox 2038 425 2205 501; x_wconf 85' lang='lat' dir='ltr'><strong>hujus</strong></span> <span class='ocrx_word' id='word_1_16' title='bbox 2235 431 2529 501; x_wconf 68' lang='lat' dir='ltr'><strong>litterm,et</strong></span> <span class='ocrx_word' id='word_1_17' title='bbox 2556 435 2728 491; x_wconf 69' lang='lat' dir='ltr'><strong>veluti</strong></span> <span class='ocrx_word' id='word_1_18' title='bbox 2752 452 2950 508; x_wconf 87' lang='lat' dir='ltr'><strong>magno</strong></span> <span class='ocrx_word' id='word_1_19' title='bbox 2970 440 3209 509; x_wconf 85' lang='lat' dir='ltr'><strong>quodam</strong></span> <span class='ocrx_word' id='word_1_20' title='bbox 3234 442 3415 513; x_wconf 83' lang='lat' dir='ltr'><strong>lapide</strong></span> <span class='ocrx_word' id='word_1_21' title='bbox 3449 463 3615 517; x_wconf 88' lang='lat' dir='ltr'><strong>oper-</strong></span> 
     </span>
    </p>
   </div>
   <div class='ocr_carea' id='block_1_5' title="bbox 347 508 1933 588">
    <p class='ocr_par' dir='ltr' id='par_1_5' title="bbox 347 508 1933 588">
     <span class='ocr_line' id='line_1_5' title="bbox 347 508 1933 588; baseline 0.007 -26"><span class='ocrx_word' id='word_1_22' title='bbox 347 508 526 564; x_wconf 81' lang='lat' dir='ltr'><strong>etiam</strong></span> <span class='ocrx_word' id='word_1_23' title='bbox 556 522 640 566; x_wconf 89' lang='lat' dir='ltr'><strong>est</strong></span> <span class='ocrx_word' id='word_1_24' title='bbox 669 514 985 569; x_wconf 88' lang='lat' dir='ltr'><strong>contrarius</strong></span> <span class='ocrx_word' id='word_1_25' title='bbox 1014 515 1162 570; x_wconf 89' lang='lat' dir='ltr'><strong>foliis</strong></span> <span class='ocrx_word' id='word_1_26' title='bbox 1190 516 1279 572; x_wconf 81' lang='lat' dir='ltr'><strong>Sol</strong></span> <span class='ocrx_word' id='word_1_27' title='bbox 1295 518 1542 588; x_wconf 62' lang='lat' dir='ltr'><strong>iustitiae,</strong></span> <span class='ocrx_word' id='word_1_28' title='bbox 1561 533 1627 573; x_wconf 89' lang='lat' dir='ltr'><strong>ea</strong></span> <span class='ocrx_word' id='word_1_29' title='bbox 1648 519 1933 574; x_wconf 82' lang='lat' dir='ltr'><strong>exsiccans</strong></span> 
     </span>
    </p>
   </div>
   <div class='ocr_carea' id='block_1_6' title="bbox 347 603 1930 679">
    <p class='ocr_par' dir='ltr' id='par_1_6' title="bbox 347 603 1930 679">
     <span class='ocr_line' id='line_1_6' title="bbox 347 603 1930 679; baseline 0.006 -24"><span class='ocrx_word' id='word_1_30' title='bbox 347 611 412 656; x_wconf 86' lang='lat' dir='ltr'><strong>et</strong></span> <span class='ocrx_word' id='word_1_31' title='bbox 450 603 782 670; x_wconf 88' lang='lat' dir='ltr'><strong>emundans,</strong></span> <span class='ocrx_word' id='word_1_32' title='bbox 818 614 875 659; x_wconf 91' lang='lat' dir='ltr'><strong>et</strong></span> <span class='ocrx_word' id='word_1_33' title='bbox 910 606 1145 661; x_wconf 80' lang='lat' dir='ltr'><strong>maxime</strong></span> <span class='ocrx_word' id='word_1_34' title='bbox 1173 607 1306 662; x_wconf 86' lang='lat' dir='ltr'><strong>folia</strong></span> <span class='ocrx_word' id='word_1_35' title='bbox 1341 609 1511 679; x_wconf 84' lang='lat' dir='ltr'><strong>hujus</strong></span> <span class='ocrx_word' id='word_1_36' title='bbox 1531 609 1687 664; x_wconf 83' lang='lat' dir='ltr'><strong>licus.</strong></span> <span class='ocrx_word' id='word_1_37' title='bbox 1715 611 1930 664; x_wconf 78' lang='lat' dir='ltr'><strong>Etenim</strong></span> 
     </span>
    </p>
   </div>
   <div class='ocr_carea' id='block_1_7' title="bbox 349 690 1931 770">
    <p class='ocr_par' dir='ltr' id='par_1_7' title="bbox 349 690 1931 770">
     <span class='ocr_line' id='line_1_7' title="bbox 349 690 1931 770; baseline 0.005 -24"><span class='ocrx_word' id='word_1_38' title='bbox 349 690 520 747; x_wconf 81' lang='lat' dir='ltr'><strong>ticum</strong></span> <span class='ocrx_word' id='word_1_39' title='bbox 555 709 698 763; x_wconf 64' lang='lat' dir='ltr'><strong>saepe</strong></span> <span class='ocrx_word' id='word_1_40' title='bbox 719 696 963 765; x_wconf 79' lang='lat' dir='ltr'><strong>appellat</strong></span> <span class='ocrx_word' id='word_1_41' title='bbox 1001 698 1268 755; x_wconf 84' lang='lat' dir='ltr'><strong>Dominus</strong></span> <span class='ocrx_word' id='word_1_42' title='bbox 1295 700 1680 770; x_wconf 88' lang='lat' dir='ltr'><strong>infrugiferum</strong></span> <span class='ocrx_word' id='word_1_43' title='bbox 1719 701 1931 756; x_wconf 88' lang='lat' dir='ltr'><strong>cultum</strong></span> 
     </span>
    </p>
   </div>
   <div class='ocr_carea' id='block_1_8' title="bbox 350 782 1934 863">
    <p class='ocr_par' dir='ltr' id='par_1_8' title="bbox 350 782 1934 863">
     <span class='ocr_line' id='line_1_8' title="bbox 350 782 1934 863; baseline 0.006 -26"><span class='ocrx_word' id='word_1_44' title='bbox 350 782 674 856; x_wconf 80' lang='lat' dir='ltr'><strong>Synagogae,</strong></span> <span class='ocrx_word' id='word_1_45' title='bbox 701 802 827 841; x_wconf 91' lang='lat' dir='ltr'><strong>cum</strong></span> <span class='ocrx_word' id='word_1_46' title='bbox 855 802 978 842; x_wconf 87' lang='lat' dir='ltr'><strong>eam</strong></span> <span class='ocrx_word' id='word_1_47' title='bbox 1018 790 1245 859; x_wconf 86' lang='lat' dir='ltr'><strong>quidem</strong></span> <span class='ocrx_word' id='word_1_48' title='bbox 1276 790 1433 863; x_wconf 60' lang='lat'><strong>915</strong></span> <span class='ocrx_word' id='word_1_49' title='bbox 1475 791 1773 861; x_wconf 82' lang='lat' dir='ltr'><strong>aliquando</strong></span> <span class='ocrx_word' id='word_1_50' title='bbox 1803 793 1934 846; x_wconf 87' lang='lat' dir='ltr'><strong>visi-</strong></span> 
     </span>
    </p>
   </div>
   <div class='ocr_carea' id='block_1_9' title="bbox 349 878 1930 953">
    <p class='ocr_par' dir='ltr' id='par_1_9' title="bbox 349 878 1930 953">
     <span class='ocr_line' id='line_1_9' title="bbox 349 878 1930 953; baseline 0.008 -25"><span class='ocrx_word' id='word_1_51' title='bbox 349 882 528 931; x_wconf 85' lang='lat' dir='ltr'><strong>tasset</strong></span> <span class='ocrx_word' id='word_1_52' title='bbox 579 893 676 947; x_wconf 89' lang='lat' dir='ltr'><strong>per</strong></span> <span class='ocrx_word' id='word_1_53' title='bbox 707 878 1034 948; x_wconf 78' lang='lat' dir='ltr'><strong>triennium,</strong></span> <span class='ocrx_word' id='word_1_54' title='bbox 1077 891 1135 937; x_wconf 89' lang='lat' dir='ltr'><strong>et</strong></span> <span class='ocrx_word' id='word_1_55' title='bbox 1180 899 1301 938; x_wconf 89' lang='lat' dir='ltr'><strong>eam</strong></span> <span class='ocrx_word' id='word_1_56' title='bbox 1363 884 1668 953; x_wconf 77' lang='lat' dir='ltr'><strong>aspexisset</strong></span> <span class='ocrx_word' id='word_1_57' title='bbox 1716 886 1930 941; x_wconf 89' lang='lat' dir='ltr'><strong>nullum</strong></span> 
     </span>
    </p>
   </div>
   <div class='ocr_carea' id='block_1_10' title="bbox 347 966 1930 1046">
    <p class='ocr_par' dir='ltr' id='par_1_10' title="bbox 347 966 1930 1046">
     <span class='ocr_line' id='line_1_10' title="bbox 347 966 1930 1046; baseline 0.008 -27"><span class='ocrx_word' id='word_1_58' title='bbox 347 966 556 1023; x_wconf 78' lang='lat' dir='ltr'><strong>aﬂ‘crre</strong></span> <span class='ocrx_word' id='word_1_59' title='bbox 586 967 850 1035; x_wconf 76' lang='lat' dir='ltr'><strong>fructum,</strong></span> <span class='ocrx_word' id='word_1_60' title='bbox 885 981 942 1026; x_wconf 88' lang='lat' dir='ltr'><strong>et</strong></span> <span class='ocrx_word' id='word_1_61' title='bbox 966 974 1224 1041; x_wconf 77' lang='lat' dir='ltr'><strong>iussisset</strong></span> <span class='ocrx_word' id='word_1_62' title='bbox 1257 976 1516 1046; x_wconf 64' lang='lat' dir='ltr'><strong>agricolae</strong></span> <span class='ocrx_word' id='word_1_63' title='bbox 1577 985 1639 1030; x_wconf 91' lang='lat' dir='ltr'><strong>ut</strong></span> <span class='ocrx_word' id='word_1_64' title='bbox 1675 992 1796 1031; x_wconf 88' lang='lat' dir='ltr'><strong>eam</strong></span> <span class='ocrx_word' id='word_1_65' title='bbox 1830 994 1930 1032; x_wconf 80' lang='lat' dir='ltr'><strong>ex-</strong></span> 
     </span>
    </p>
   </div>
   <div class='ocr_carea' id='block_1_11' title="bbox 345 1056 1928 1134">
    <p class='ocr_par' dir='ltr' id='par_1_11' title="bbox 345 1056 1928 1134">
     <span class='ocr_line' id='line_1_11' title="bbox 345 1056 1928 1134; baseline 0.008 -24"><span class='ocrx_word' id='word_1_66' title='bbox 345 1056 658 1123; x_wconf 85' lang='lat' dir='ltr'><strong>scinderet,</strong></span> <span class='ocrx_word' id='word_1_67' title='bbox 696 1074 765 1115; x_wconf 88' lang='lat' dir='ltr'><strong>ne</strong></span> <span class='ocrx_word' id='word_1_68' title='bbox 798 1070 1003 1116; x_wconf 87' lang='lat' dir='ltr'><strong>terram</strong></span> <span class='ocrx_word' id='word_1_69' title='bbox 1034 1078 1338 1134; x_wconf 78' lang='lat' dir='ltr'><strong>occuparet</strong></span> <span class='ocrx_word' id='word_1_70' title='bbox 1365 1068 1615 1122; x_wconf 84' lang='lat' dir='ltr'><strong>otiosam.</strong></span> <span class='ocrx_word' id='word_1_71' title='bbox 1658 1066 1795 1122; x_wconf 90' lang='lat' dir='ltr'><strong>Cum</strong></span> <span class='ocrx_word' id='word_1_72' title='bbox 1828 1084 1928 1123; x_wconf 89' lang='lat' dir='ltr'><strong>au-</strong></span> 
     </span>
    </p>
   </div>
   <div class='ocr_carea' id='block_1_12' title="bbox 350 1156 1929 1229">
    <p class='ocr_par' dir='ltr' id='par_1_12' title="bbox 350 1156 1929 1229">
     <span class='ocr_line' id='line_1_12' title="bbox 350 1156 1929 1229; baseline 0.011 -29"><span class='ocrx_word' id='word_1_73' title='bbox 350 1156 469 1201; x_wconf 89' lang='lat' dir='ltr'><strong>tem</strong></span> <span class='ocrx_word' id='word_1_74' title='bbox 521 1157 802 1218; x_wconf 89' lang='lat' dir='ltr'><strong>postremo</strong></span> <span class='ocrx_word' id='word_1_75' title='bbox 837 1168 1031 1209; x_wconf 90' lang='lat' dir='ltr'><strong>rursus</strong></span> <span class='ocrx_word' id='word_1_76' title='bbox 1059 1159 1305 1213; x_wconf 84' lang='lat' dir='ltr'><strong>venisset</strong></span> <span class='ocrx_word' id='word_1_77' title='bbox 1331 1161 1599 1229; x_wconf 80' lang='lat' dir='ltr'><strong>justitiam</strong></span> <span class='ocrx_word' id='word_1_78' title='bbox 1631 1162 1847 1227; x_wconf 86' lang='lat' dir='ltr'><strong>sitiens,</strong></span> <span class='ocrx_word' id='word_1_79' title='bbox 1873 1171 1929 1218; x_wconf 89' lang='lat' dir='ltr'><strong>et</strong></span> 
     </span>
    </p>
   </div>
   <div class='ocr_carea' id='block_1_13' title="bbox 343 1239 1926 1318">
    <p class='ocr_par' dir='ltr' id='par_1_13' title="bbox 343 1239 1926 1318">
     <span class='ocr_line' id='line_1_13' title="bbox 343 1239 1926 1318; baseline 0.011 -27"><span class='ocrx_word' id='word_1_80' title='bbox 343 1239 678 1295; x_wconf 90' lang='lat' dir='ltr'><strong>accessisset</strong></span> <span class='ocrx_word' id='word_1_81' title='bbox 726 1240 794 1295; x_wconf 88' lang='lat' dir='ltr'><strong>ad</strong></span> <span class='ocrx_word' id='word_1_82' title='bbox 844 1241 1008 1298; x_wconf 84' lang='lat' dir='ltr'><strong>ﬁcum</strong></span> <span class='ocrx_word' id='word_1_83' title='bbox 1056 1246 1275 1318; x_wconf 87' lang='lat' dir='ltr'><strong>(nempe</strong></span> <span class='ocrx_word' id='word_1_84' title='bbox 1312 1249 1668 1318; x_wconf 83' lang='lat' dir='ltr'><strong>Jerusalem),</strong></span> <span class='ocrx_word' id='word_1_85' title='bbox 1717 1261 1774 1306; x_wconf 90' lang='lat' dir='ltr'><strong>ct</strong></span> <span class='ocrx_word' id='word_1_86' title='bbox 1815 1269 1926 1309; x_wconf 89' lang='lat' dir='ltr'><strong>non</strong></span> 
     </span>
    </p>
   </div>
   <div class='ocr_carea' id='block_1_14' title="bbox 344 1329 1922 1413">
    <p class='ocr_par' dir='ltr' id='par_1_14' title="bbox 344 1329 1922 1413">
     <span class='ocr_line' id='line_1_14' title="bbox 344 1329 1922 1413; baseline 0.013 -31"><span class='ocrx_word' id='word_1_87' title='bbox 344 1329 649 1386; x_wconf 81' lang='lat' dir='ltr'><strong>invenisset</strong></span> <span class='ocrx_word' id='word_1_88' title='bbox 728 1335 835 1389; x_wconf 87' lang='lat' dir='ltr'><strong>nisi</strong></span> <span class='ocrx_word' id='word_1_89' title='bbox 917 1337 1071 1401; x_wconf 86' lang='lat' dir='ltr'><strong>folia,</strong></span> <span class='ocrx_word' id='word_1_90' title='bbox 1135 1357 1202 1395; x_wconf 80' lang='lat' dir='ltr'><strong>ex</strong></span> <span class='ocrx_word' id='word_1_91' title='bbox 1279 1343 1484 1413; x_wconf 83' lang='lat' dir='ltr'><strong>quibus</strong></span> <span class='ocrx_word' id='word_1_92' title='bbox 1545 1351 1704 1398; x_wconf 88' lang='lat' dir='ltr'><strong>erant</strong></span> <span class='ocrx_word' id='word_1_93' title='bbox 1757 1348 1922 1405; x_wconf 85' lang='lat' dir='ltr'><strong>etiam</strong></span> 
     </span>
    </p>
   </div>
   <div class='ocr_carea' id='block_1_15' title="bbox 343 1421 1925 1494">
    <p class='ocr_par' dir='ltr' id='par_1_15' title="bbox 343 1421 1925 1494">
     <span class='ocr_line' id='line_1_15' title="bbox 343 1421 1925 1494; baseline 0.012 -21"><span class='ocrx_word' id='word_1_94' title='bbox 343 1421 440 1475; x_wconf 88' lang='lat' dir='ltr'><strong>illa</strong></span> <span class='ocrx_word' id='word_1_95' title='bbox 476 1423 840 1494; x_wconf 85' lang='lat' dir='ltr'><strong>subligacula,</strong></span> <span class='ocrx_word' id='word_1_96' title='bbox 885 1443 1008 1485; x_wconf 84' lang='lat' dir='ltr'><strong>eam</strong></span> <span class='ocrx_word' id='word_1_97' title='bbox 1058 1433 1359 1488; x_wconf 82' lang='lat' dir='ltr'><strong>exsiccavit</strong></span> <span class='ocrx_word' id='word_1_98' title='bbox 1393 1435 1618 1491; x_wconf 89' lang='lat' dir='ltr'><strong>dicens:</strong></span> <span class='ocrx_word' id='word_1_99' title='bbox 1656 1436 1773 1492; x_wconf 85' lang='lat' dir='ltr'><strong>Non</strong></span> <span class='ocrx_word' id='word_1_100' title='bbox 1804 1455 1925 1491; x_wconf 81' lang='lat' dir='ltr'><strong>am-</strong></span> 
     </span>
    </p>
   </div>
   <div class='ocr_carea' id='block_1_16' title="bbox 341 1512 1920 1594">
    <p class='ocr_par' dir='ltr' id='par_1_16' title="bbox 341 1512 1920 1594">
     <span class='ocr_line' id='line_1_16' title="bbox 341 1512 1920 1594; baseline 0.012 -29"><span class='ocrx_word' id='word_1_101' title='bbox 341 1512 487 1584; x_wconf 80' lang='lat' dir='ltr'><strong>plius</strong></span> <span class='ocrx_word' id='word_1_102' title='bbox 524 1531 587 1569; x_wconf 75' lang='lat' dir='ltr'><strong>ea:</strong></span> <span class='ocrx_word' id='word_1_103' title='bbox 611 1524 661 1568; x_wconf 85' lang='lat' dir='ltr'><strong>te</strong></span> <span class='ocrx_word' id='word_1_104' title='bbox 687 1528 942 1573; x_wconf 80' lang='lat' dir='ltr'><strong>nascatur</strong></span> <span class='ocrx_word' id='word_1_105' title='bbox 990 1524 1197 1590; x_wconf 83' lang='lat' dir='ltr'><strong>peccati</strong></span> <span class='ocrx_word' id='word_1_106' title='bbox 1233 1525 1434 1594; x_wconf 79' lang='lat' dir='ltr'><strong>fructus</strong></span> <span class='ocrx_word' id='word_1_107' title='bbox 1479 1528 1536 1580; x_wconf 87' lang='lat' dir='ltr'><strong>in</strong></span> <span class='ocrx_word' id='word_1_108' title='bbox 1566 1537 1821 1582; x_wconf 72' lang='lat' dir='ltr'><strong>wternum</strong></span> <span class='ocrx_word' id='word_1_109' title='bbox 1854 1530 1920 1584; x_wconf 79' lang='lat'><strong>&#39;°.</strong></span> 
     </span>
    </p>
   </div>
   <div class='ocr_carea' id='block_1_17' title="bbox 339 1606 1922 1686">
    <p class='ocr_par' dir='ltr' id='par_1_17' title="bbox 339 1606 1922 1686">
     <span class='ocr_line' id='line_1_17' title="bbox 339 1606 1922 1686; baseline 0.011 -29"><span class='ocrx_word' id='word_1_110' title='bbox 339 1606 619 1670; x_wconf 86' lang='lat' dir='ltr'><strong>Quoniam</strong></span> <span class='ocrx_word' id='word_1_111' title='bbox 649 1618 834 1663; x_wconf 87' lang='lat' dir='ltr'><strong>autem</strong></span> <span class='ocrx_word' id='word_1_112' title='bbox 865 1610 976 1665; x_wconf 98' lang='lat' dir='ltr'><strong>iota</strong></span> <span class='ocrx_word' id='word_1_113' title='bbox 1007 1630 1171 1668; x_wconf 83' lang='lat' dir='ltr'><strong>unum</strong></span> <span class='ocrx_word' id='word_1_114' title='bbox 1193 1625 1285 1669; x_wconf 87' lang='lat' dir='ltr'><strong>aut</strong></span> <span class='ocrx_word' id='word_1_115' title='bbox 1303 1633 1440 1686; x_wconf 73' lang='lat' dir='ltr'><strong>apex</strong></span> <span class='ocrx_word' id='word_1_116' title='bbox 1453 1634 1591 1672; x_wconf 79' lang='lat' dir='ltr'><strong>unus</strong></span> <span class='ocrx_word' id='word_1_117' title='bbox 1619 1634 1723 1672; x_wconf 89' lang='lat' dir='ltr'><strong>non</strong></span> <span class='ocrx_word' id='word_1_118' title='bbox 1740 1628 1922 1674; x_wconf 80' lang='lat' dir='ltr'><strong>trans-</strong></span> 
     </span>
    </p>
   </div>
   <div class='ocr_carea' id='block_1_18' title="bbox 340 1698 1919 1777">
    <p class='ocr_par' dir='ltr' id='par_1_18' title="bbox 340 1698 1919 1777">
     <span class='ocr_line' id='line_1_18' title="bbox 340 1698 1919 1777; baseline 0.009 -25"><span class='ocrx_word' id='word_1_119' title='bbox 340 1698 435 1752; x_wconf 88' lang='lat' dir='ltr'><strong>ibit</strong></span> <span class='ocrx_word' id='word_1_120' title='bbox 469 1715 533 1752; x_wconf 80' lang='lat' dir='ltr'><strong>ea:</strong></span> <span class='ocrx_word' id='word_1_121' title='bbox 567 1699 677 1772; x_wconf 80' lang='lat' dir='ltr'><strong>lege</strong></span> <span class='ocrx_word' id='word_1_122' title='bbox 702 1703 864 1757; x_wconf 84' lang='lat' dir='ltr'><strong>donec</strong></span> <span class='ocrx_word' id='word_1_123' title='bbox 915 1707 1093 1761; x_wconf 81' lang='lat' dir='ltr'><strong>omnia</strong></span> <span class='ocrx_word' id='word_1_124' title='bbox 1119 1707 1257 1775; x_wconf 75' lang='lat' dir='ltr'><strong>fiant</strong></span> <span class='ocrx_word' id='word_1_125' title='bbox 1287 1709 1328 1741; x_wconf 79' lang='grc'><strong>³¹</strong></span> <span class='ocrx_word' id='word_1_126' title='bbox 1366 1710 1421 1764; x_wconf 90' lang='lat' dir='ltr'><strong>in</strong></span> <span class='ocrx_word' id='word_1_127' title='bbox 1459 1709 1704 1777; x_wconf 87' lang='lat' dir='ltr'><strong>Christo,</strong></span> <span class='ocrx_word' id='word_1_128' title='bbox 1734 1713 1919 1768; x_wconf 89' lang='lat' dir='ltr'><strong>consi-</strong></span> 
     </span>
    </p>
   </div>
   <div class='ocr_carea' id='block_1_19' title="bbox 2040 523 3616 596">
    <p class='ocr_par' dir='ltr' id='par_1_19' title="bbox 2040 523 3616 596">
     <span class='ocr_line' id='line_1_19' title="bbox 2040 523 3616 596; baseline 0.011 -20"><span class='ocrx_word' id='word_1_129' title='bbox 2040 523 2129 588; x_wconf 88' lang='lat' dir='ltr'><strong>tis,</strong></span> <span class='ocrx_word' id='word_1_130' title='bbox 2164 540 2363 595; x_wconf 88' lang='lat' dir='ltr'><strong>nempe</strong></span> <span class='ocrx_word' id='word_1_131' title='bbox 2405 527 2744 583; x_wconf 83' lang='lat' dir='ltr'><strong>obscuritate</strong></span> <span class='ocrx_word' id='word_1_132' title='bbox 2776 530 2950 596; x_wconf 81' lang='lat' dir='ltr'><strong>:Quis</strong></span> <span class='ocrx_word' id='word_1_133' title='bbox 2977 532 3139 587; x_wconf 89' lang='lat' dir='ltr'><strong>nobis</strong></span> <span class='ocrx_word' id='word_1_134' title='bbox 3188 535 3431 591; x_wconf 88' lang='lat' dir='ltr'><strong>revolvet</strong></span> <span class='ocrx_word' id='word_1_135' title='bbox 3480 538 3616 593; x_wconf 86' lang='lat' dir='ltr'><strong>cali-</strong></span> 
     </span>
    </p>
   </div>
   <div class='ocr_carea' id='block_1_20' title="bbox 2036 612 3612 699">
    <p class='ocr_par' dir='ltr' id='par_1_20' title="bbox 2036 612 3612 699">
     <span class='ocr_line' id='line_1_20' title="bbox 2036 612 3612 699; baseline 0.012 -34"><span class='ocrx_word' id='word_1_136' title='bbox 2036 612 2220 682; x_wconf 85' lang='lat' dir='ltr'><strong>ginem</strong></span> <span class='ocrx_word' id='word_1_137' title='bbox 2250 615 2472 679; x_wconf 59' lang='lat' dir='ltr'><strong>littera),</strong></span> <span class='ocrx_word' id='word_1_138' title='bbox 2504 628 2567 673; x_wconf 92' lang='lat' dir='ltr'><strong>ut</strong></span> <span class='ocrx_word' id='word_1_139' title='bbox 2587 621 2730 673; x_wconf 89' lang='lat' dir='ltr'><strong>intra</strong></span> <span class='ocrx_word' id='word_1_140' title='bbox 2755 620 2960 675; x_wconf 87' lang='lat' dir='ltr'><strong>nubem</strong></span> <span class='ocrx_word' id='word_1_141' title='bbox 2985 622 3244 679; x_wconf 89' lang='lat' dir='ltr'><strong>etdivina</strong></span> <span class='ocrx_word' id='word_1_142' title='bbox 3276 624 3397 680; x_wconf 64' lang='lat' dir='ltr'><strong>haec</strong></span> <span class='ocrx_word' id='word_1_143' title='bbox 3428 639 3612 699; x_wconf 77' lang='lat' dir='ltr'><strong>adyta,</strong></span> 
     </span>
    </p>
   </div>
   <div class='ocr_carea' id='block_1_21' title="bbox 2038 703 3613 776">
    <p class='ocr_par' dir='ltr' id='par_1_21' title="bbox 2038 703 3613 776">
     <span class='ocr_line' id='line_1_21' title="bbox 2038 703 3613 776; baseline 0.013 -20"><span class='ocrx_word' id='word_1_144' title='bbox 2038 703 2094 757; x_wconf 91' lang='lat' dir='ltr'><strong>in</strong></span> <span class='ocrx_word' id='word_1_145' title='bbox 2130 704 2330 761; x_wconf 86' lang='lat' dir='ltr'><strong>Sancta</strong></span> <span class='ocrx_word' id='word_1_146' title='bbox 2357 717 2676 765; x_wconf 89' lang='lat' dir='ltr'><strong>sanctorum</strong></span> <span class='ocrx_word' id='word_1_147' title='bbox 2721 711 3021 775; x_wconf 88' lang='lat' dir='ltr'><strong>intuentes,</strong></span> <span class='ocrx_word' id='word_1_148' title='bbox 3075 715 3366 771; x_wconf 83' lang='lat' dir='ltr'><strong>videamus</strong></span> <span class='ocrx_word' id='word_1_149' title='bbox 3396 722 3613 776; x_wconf 84' lang='lat' dir='ltr'><strong>occulta</strong></span> 
     </span>
    </p>
   </div>
   <div class='ocr_carea' id='block_1_22' title="bbox 2036 794 3613 877">
    <p class='ocr_par' dir='ltr' id='par_1_22' title="bbox 2036 794 3613 877">
     <span class='ocr_line' id='line_1_22' title="bbox 2036 794 3613 877; baseline 0.011 -29"><span class='ocrx_word' id='word_1_150' title='bbox 2036 794 2203 865; x_wconf 86' lang='lat' dir='ltr'><strong>hujus</strong></span> <span class='ocrx_word' id='word_1_151' title='bbox 2233 800 2479 868; x_wconf 85' lang='lat' dir='ltr'><strong>mysterii</strong></span> <span class='ocrx_word' id='word_1_152' title='bbox 2518 802 2691 871; x_wconf 84' lang='lat' dir='ltr'><strong>orgia,</strong></span> <span class='ocrx_word' id='word_1_153' title='bbox 2731 818 2851 872; x_wconf 62' lang='lat' dir='ltr'><strong>quae</strong></span> <span class='ocrx_word' id='word_1_154' title='bbox 2896 805 3120 872; x_wconf 89' lang='lat' dir='ltr'><strong>quidem</strong></span> <span class='ocrx_word' id='word_1_155' title='bbox 3171 809 3460 877; x_wconf 83' lang='lat' dir='ltr'><strong>perspicua</strong></span> <span class='ocrx_word' id='word_1_156' title='bbox 3518 824 3613 866; x_wconf 89' lang='lat' dir='ltr'><strong>or-</strong></span> 
     </span>
    </p>
   </div>
   <div class='ocr_carea' id='block_1_23' title="bbox 2008 884 3612 968">
    <p class='ocr_par' dir='ltr' id='par_1_23' title="bbox 2008 884 3612 968">
     <span class='ocr_line' id='line_1_23' title="bbox 2008 884 3612 968; baseline 0.012 -31"><span class='ocrx_word' id='word_1_157' title='bbox 2008 889 2011 891; x_wconf 74' lang='grc'><em>’</em></span> <span class='ocrx_word' id='word_1_158' title='bbox 2039 884 2291 942; x_wconf 65' lang='lat' dir='ltr'><strong>thodoxze</strong></span> <span class='ocrx_word' id='word_1_159' title='bbox 2314 888 2441 943; x_wconf 84' lang='lat' dir='ltr'><strong>ﬁdei</strong></span> <span class='ocrx_word' id='word_1_160' title='bbox 2476 892 2808 948; x_wconf 88' lang='lat' dir='ltr'><strong>rectitudine</strong></span> <span class='ocrx_word' id='word_1_161' title='bbox 2842 910 2954 949; x_wconf 88' lang='lat' dir='ltr'><strong>non</strong></span> <span class='ocrx_word' id='word_1_162' title='bbox 2997 898 3612 968; x_wconf 83' lang='lat' dir='ltr'><strong>comprehenderimus,</strong></span> 
     </span>
    </p>
   </div>
   <div class='ocr_carea' id='block_1_24' title="bbox 2036 975 3613 1047">
    <p class='ocr_par' dir='ltr' id='par_1_24' title="bbox 2036 975 3613 1047">
     <span class='ocr_line' id='line_1_24' title="bbox 2036 975 3613 1047; baseline 0.01 -16"><span class='ocrx_word' id='word_1_163' title='bbox 2036 975 2081 1031; x_wconf 91' lang='lat' dir='ltr'><strong>si</strong></span> <span class='ocrx_word' id='word_1_164' title='bbox 2110 976 2371 1033; x_wconf 87' lang='lat' dir='ltr'><strong>historice</strong></span> <span class='ocrx_word' id='word_1_165' title='bbox 2396 980 2621 1036; x_wconf 88' lang='lat' dir='ltr'><strong>abducti</strong></span> <span class='ocrx_word' id='word_1_166' title='bbox 2658 983 2926 1039; x_wconf 81' lang='lat' dir='ltr'><strong>fuerimus</strong></span> <span class='ocrx_word' id='word_1_167' title='bbox 2972 1000 3002 1038; x_wconf 90' lang='lat' dir='ltr'><strong>a</strong></span> <span class='ocrx_word' id='word_1_168' title='bbox 3051 986 3315 1042; x_wconf 89' lang='lat' dir='ltr'><strong>dictionis</strong></span> <span class='ocrx_word' id='word_1_169' title='bbox 3344 991 3613 1047; x_wconf 87' lang='lat' dir='ltr'><strong>crassitu-</strong></span> 
     </span>
    </p>
   </div>
   <div class='ocr_carea' id='block_1_25' title="bbox 2034 1065 3607 1149">
    <p class='ocr_par' dir='ltr' id='par_1_25' title="bbox 2034 1065 3607 1149">
     <span class='ocr_line' id='line_1_25' title="bbox 2034 1065 3607 1149; baseline 0.012 -31"><span class='ocrx_word' id='word_1_170' title='bbox 2034 1065 2184 1120; x_wconf 90' lang='lat' dir='ltr'><strong>dine.</strong></span> <span class='ocrx_word' id='word_1_171' title='bbox 2217 1067 2363 1123; x_wconf 89' lang='lat' dir='ltr'><strong>Deus</strong></span> <span class='ocrx_word' id='word_1_172' title='bbox 2388 1071 2537 1125; x_wconf 90' lang='lat' dir='ltr'><strong>enim</strong></span> <span class='ocrx_word' id='word_1_173' title='bbox 2573 1071 2668 1141; x_wconf 91' lang='lat' dir='ltr'><strong>qui</strong></span> <span class='ocrx_word' id='word_1_174' title='bbox 2704 1073 2895 1142; x_wconf 87' lang='lat' dir='ltr'><strong>implet</strong></span> <span class='ocrx_word' id='word_1_175' title='bbox 2928 1074 3129 1128; x_wconf 66' lang='lat' dir='ltr'><strong>coelum</strong></span> <span class='ocrx_word' id='word_1_176' title='bbox 3159 1088 3217 1130; x_wconf 90' lang='lat' dir='ltr'><strong>et</strong></span> <span class='ocrx_word' id='word_1_177' title='bbox 3246 1085 3472 1143; x_wconf 88' lang='lat' dir='ltr'><strong>terram,</strong></span> <span class='ocrx_word' id='word_1_178' title='bbox 3517 1085 3607 1149; x_wconf 89' lang='lat' dir='ltr'><strong>qui</strong></span> 
     </span>
    </p>
   </div>
   <div class='ocr_carea' id='block_1_26' title="bbox 2034 1153 3609 1236">
    <p class='ocr_par' dir='ltr' id='par_1_26' title="bbox 2034 1153 3609 1236">
     <span class='ocr_line' id='line_1_26' title="bbox 2034 1153 3609 1236; baseline 0.008 -29"><span class='ocrx_word' id='word_1_179' title='bbox 2034 1153 2200 1209; x_wconf 84' lang='lat' dir='ltr'><strong>dicit:</strong></span> <span class='ocrx_word' id='word_1_180' title='bbox 2242 1155 2361 1211; x_wconf 87' lang='lat' dir='ltr'><strong>Non</strong></span> <span class='ocrx_word' id='word_1_181' title='bbox 2398 1160 2591 1214; x_wconf 82' lang='lat' dir='ltr'><strong>videbit</strong></span> <span class='ocrx_word' id='word_1_182' title='bbox 2620 1165 2772 1214; x_wconf 78' lang='lat' dir='ltr'><strong>homo</strong></span> <span class='ocrx_word' id='word_1_183' title='bbox 2826 1162 3016 1231; x_wconf 80' lang='lat' dir='ltr'><strong>faciem</strong></span> <span class='ocrx_word' id='word_1_184' title='bbox 3048 1180 3219 1217; x_wconf 89' lang='lat' dir='ltr'><strong>meam</strong></span> <span class='ocrx_word' id='word_1_185' title='bbox 3256 1175 3306 1218; x_wconf 85' lang='lat' dir='ltr'><strong>et</strong></span> <span class='ocrx_word' id='word_1_186' title='bbox 3336 1167 3470 1220; x_wconf 79' lang='lat' dir='ltr'><strong>eioet</strong></span> <span class='ocrx_word' id='word_1_187' title='bbox 3529 1169 3609 1236; x_wconf 78' lang='grc'><strong>³³;</strong></span> 
     </span>
    </p>
   </div>
   <div class='ocr_carea' id='block_1_27' title="bbox 2033 1247 3612 1319">
    <p class='ocr_par' dir='ltr' id='par_1_27' title="bbox 2033 1247 3612 1319">
     <span class='ocr_line' id='line_1_27' title="bbox 2033 1247 3612 1319; baseline 0.009 -21"><span class='ocrx_word' id='word_1_188' title='bbox 2033 1247 2312 1313; x_wconf 91' lang='lat' dir='ltr'><strong>quomodo</strong></span> <span class='ocrx_word' id='word_1_189' title='bbox 2340 1250 2615 1316; x_wconf 87' lang='lat' dir='ltr'><strong>personali</strong></span> <span class='ocrx_word' id='word_1_190' title='bbox 2639 1252 2948 1319; x_wconf 74' lang='lat' dir='ltr'><strong>pnescntia,</strong></span> <span class='ocrx_word' id='word_1_191' title='bbox 2987 1261 3044 1305; x_wconf 90' lang='lat' dir='ltr'><strong>et</strong></span> <span class='ocrx_word' id='word_1_192' title='bbox 3095 1252 3252 1308; x_wconf 91' lang='lat' dir='ltr'><strong>locali</strong></span> <span class='ocrx_word' id='word_1_193' title='bbox 3315 1255 3477 1310; x_wconf 90' lang='lat' dir='ltr'><strong>simul</strong></span> <span class='ocrx_word' id='word_1_194' title='bbox 3512 1273 3612 1312; x_wconf 73' lang='lat' dir='ltr'><strong>va~</strong></span> 
     </span>
    </p>
   </div>
   <div class='ocr_carea' id='block_1_28' title="bbox 2032 1334 3611 1403">
    <p class='ocr_par' dir='ltr' id='par_1_28' title="bbox 2032 1334 3611 1403">
     <span class='ocr_line' id='line_1_28' title="bbox 2032 1334 3611 1403; baseline 0.008 -14"><span class='ocrx_word' id='word_1_195' title='bbox 2032 1334 2171 1390; x_wconf 88' lang='lat' dir='ltr'><strong>dens</strong></span> <span class='ocrx_word' id='word_1_196' title='bbox 2204 1338 2464 1403; x_wconf 84' lang='lat' dir='ltr'><strong>transitu,</strong></span> <span class='ocrx_word' id='word_1_197' title='bbox 2496 1348 2553 1393; x_wconf 80' lang='lat' dir='ltr'><strong>et</strong></span> <span class='ocrx_word' id='word_1_198' title='bbox 2579 1340 2739 1394; x_wconf 87' lang='lat' dir='ltr'><strong>vocis</strong></span> <span class='ocrx_word' id='word_1_199' title='bbox 2754 1341 2930 1395; x_wconf 87' lang='lat' dir='ltr'><strong>edens</strong></span> <span class='ocrx_word' id='word_1_200' title='bbox 2957 1341 3225 1398; x_wconf 88' lang='lat' dir='ltr'><strong>sonitum.</strong></span> <span class='ocrx_word' id='word_1_201' title='bbox 3274 1343 3328 1398; x_wconf 94' lang='lat' dir='ltr'><strong>in</strong></span> <span class='ocrx_word' id='word_1_202' title='bbox 3377 1346 3611 1402; x_wconf 83' lang='lat' dir='ltr'><strong>meridie</strong></span> 
     </span>
    </p>
   </div>
   <div class='ocr_carea' id='block_1_29' title="bbox 2031 1428 3609 1498">
    <p class='ocr_par' dir='ltr' id='par_1_29' title="bbox 2031 1428 3609 1498">
     <span class='ocr_line' id='line_1_29' title="bbox 2031 1428 3609 1498; baseline 0.009 -18"><span class='ocrx_word' id='word_1_203' title='bbox 2031 1428 2265 1482; x_wconf 89' lang='lat' dir='ltr'><strong>accessit</strong></span> <span class='ocrx_word' id='word_1_204' title='bbox 2319 1428 2388 1482; x_wconf 91' lang='lat' dir='ltr'><strong>ad</strong></span> <span class='ocrx_word' id='word_1_205' title='bbox 2436 1429 3022 1498; x_wconf 83' lang='lat' dir='ltr'><strong>Adamum?Quanam</strong></span> <span class='ocrx_word' id='word_1_206' title='bbox 3080 1443 3264 1489; x_wconf 91' lang='lat' dir='ltr'><strong>autem</strong></span> <span class='ocrx_word' id='word_1_207' title='bbox 3318 1435 3387 1489; x_wconf 92' lang='lat' dir='ltr'><strong>de</strong></span> <span class='ocrx_word' id='word_1_208' title='bbox 3441 1452 3609 1494; x_wconf 81' lang='lat' dir='ltr'><strong>causa</strong></span> 
     </span>
    </p>
   </div>
   <div class='ocr_carea' id='block_1_30' title="bbox 2030 1520 3609 1592">
    <p class='ocr_par' dir='ltr' id='par_1_30' title="bbox 2030 1520 3609 1592">
     <span class='ocr_line' id='line_1_30' title="bbox 2030 1520 3609 1592; baseline 0.008 -20"><span class='ocrx_word' id='word_1_209' title='bbox 2030 1533 2156 1572; x_wconf 91' lang='lat' dir='ltr'><strong>eum</strong></span> <span class='ocrx_word' id='word_1_210' title='bbox 2177 1520 2605 1589; x_wconf 89' lang='lat' dir='ltr'><strong>puduitnudum</strong></span> <span class='ocrx_word' id='word_1_211' title='bbox 2635 1525 2880 1592; x_wconf 85' lang='lat' dir='ltr'><strong>conspici</strong></span> <span class='ocrx_word' id='word_1_212' title='bbox 2921 1540 2950 1578; x_wconf 89' lang='lat' dir='ltr'><strong>a</strong></span> <span class='ocrx_word' id='word_1_213' title='bbox 2979 1525 3110 1585; x_wconf 89' lang='lat' dir='ltr'><strong>Deo.</strong></span> <span class='ocrx_word' id='word_1_214' title='bbox 3143 1542 3269 1581; x_wconf 91' lang='lat' dir='ltr'><strong>cum</strong></span> <span class='ocrx_word' id='word_1_215' title='bbox 3301 1530 3485 1582; x_wconf 87' lang='lat' dir='ltr'><strong>statim</strong></span> <span class='ocrx_word' id='word_1_216' title='bbox 3535 1531 3609 1585; x_wconf 88' lang='lat' dir='ltr'><strong>ab</strong></span> 
     </span>
    </p>
   </div>
   <div class='ocr_carea' id='block_1_31' title="bbox 2029 1609 3609 1693">
    <p class='ocr_par' dir='ltr' id='par_1_31' title="bbox 2029 1609 3609 1693">
     <span class='ocr_line' id='line_1_31' title="bbox 2029 1609 3609 1693; baseline 0.009 -30"><span class='ocrx_word' id='word_1_217' title='bbox 2029 1609 2192 1665; x_wconf 70' lang='lat' dir='ltr'><strong>initio</strong></span> <span class='ocrx_word' id='word_1_218' title='bbox 2220 1611 2402 1666; x_wconf 87' lang='lat' dir='ltr'><strong>nudus</strong></span> <span class='ocrx_word' id='word_1_219' title='bbox 2422 1628 2454 1666; x_wconf 89' lang='lat' dir='ltr'><strong>a</strong></span> <span class='ocrx_word' id='word_1_220' title='bbox 2482 1613 2593 1668; x_wconf 88' lang='lat' dir='ltr'><strong>Deo</strong></span> <span class='ocrx_word' id='word_1_221' title='bbox 2620 1615 2817 1669; x_wconf 85' lang='lat' dir='ltr'><strong>fuisset</strong></span> <span class='ocrx_word' id='word_1_222' title='bbox 2847 1620 3026 1671; x_wconf 83' lang='lat' dir='ltr'><strong>laetus</strong></span> <span class='ocrx_word' id='word_1_223' title='bbox 3061 1626 3119 1672; x_wconf 91' lang='lat' dir='ltr'><strong>et</strong></span> <span class='ocrx_word' id='word_1_224' title='bbox 3151 1622 3415 1688; x_wconf 87' lang='lat' dir='ltr'><strong>apertus?</strong></span> <span class='ocrx_word' id='word_1_225' title='bbox 3448 1622 3609 1693; x_wconf 86' lang='lat' dir='ltr'><strong>Igno-</strong></span> 
     </span>
    </p>
   </div>
   <div class='ocr_carea' id='block_1_32' title="bbox 2030 1700 3604 1777">
    <p class='ocr_par' dir='ltr' id='par_1_32' title="bbox 2030 1700 3604 1777">
     <span class='ocr_line' id='line_1_32' title="bbox 2030 1700 3604 1777; baseline 0.008 -23"><span class='ocrx_word' id='word_1_226' title='bbox 2030 1700 2260 1756; x_wconf 87' lang='lat' dir='ltr'><strong>rabatne</strong></span> <span class='ocrx_word' id='word_1_227' title='bbox 2278 1703 2442 1766; x_wconf 88' lang='lat' dir='ltr'><strong>Deus,</strong></span> <span class='ocrx_word' id='word_1_228' title='bbox 2472 1705 2565 1773; x_wconf 91' lang='lat' dir='ltr'><strong>qui</strong></span> <span class='ocrx_word' id='word_1_229' title='bbox 2589 1705 2797 1761; x_wconf 87' lang='lat' dir='ltr'><strong>sciebat</strong></span> <span class='ocrx_word' id='word_1_230' title='bbox 2818 1708 3000 1761; x_wconf 86' lang='lat' dir='ltr'><strong>omnia</strong></span> <span class='ocrx_word' id='word_1_231' title='bbox 3030 1720 3157 1763; x_wconf 89' lang='lat' dir='ltr'><strong>ante</strong></span> <span class='ocrx_word' id='word_1_232' title='bbox 3179 1718 3361 1763; x_wconf 90' lang='lat' dir='ltr'><strong>ortum</strong></span> <span class='ocrx_word' id='word_1_233' title='bbox 3389 1727 3604 1777; x_wconf 90' lang='lat' dir='ltr'><strong>eorum,</strong></span> 
     </span>
    </p>
   </div>
   <div class='ocr_carea' id='block_1_33' title="bbox 339 1777 3643 1866">
    <p class='ocr_par' dir='ltr' id='par_1_33' title="bbox 339 1777 3643 1866">
     <span class='ocr_line' id='line_1_33' title="bbox 339 1777 3643 1866; baseline 0.009 -23"><span class='ocrx_word' id='word_1_234' title='bbox 339 1788 478 1844; x_wconf 89' lang='lat' dir='ltr'><strong>dera</strong></span> <span class='ocrx_word' id='word_1_235' title='bbox 507 1806 692 1846; x_wconf 85' lang='lat' dir='ltr'><strong>rerum</strong></span> <span class='ocrx_word' id='word_1_236' title='bbox 727 1799 1204 1866; x_wconf 87' lang='lat' dir='ltr'><strong>consequentiam.</strong></span> <span class='ocrx_word' id='word_1_237' title='bbox 1240 1799 1686 1857; x_wconf 87' lang='lat' dir='ltr'><strong>ComeditAdam</strong></span> <span class='ocrx_word' id='word_1_238' title='bbox 1736 1805 1920 1861; x_wconf 89' lang='lat' dir='ltr'><strong>cibum</strong></span> <span class='ocrx_word' id='word_1_239' title='bbox 1954 1777 1997 1832; x_wconf 77' lang='grc' dir='ltr'><strong>Β</strong></span> <span class='ocrx_word' id='word_1_240' title='bbox 2027 1791 2206 1846; x_wconf 70' lang='lat' dir='ltr'><strong>locum</strong></span> <span class='ocrx_word' id='word_1_241' title='bbox 2246 1793 2300 1847; x_wconf 77' lang='grc' dir='ltr'><strong>ίη</strong></span> <span class='ocrx_word' id='word_1_242' title='bbox 2346 1809 2456 1862; x_wconf 74' lang='lat' dir='ltr'><strong>quo</strong></span> <span class='ocrx_word' id='word_1_243' title='bbox 2486 1796 2692 1850; x_wconf 55' lang='lat' dir='ltr'><strong>lambat</strong></span> <span class='ocrx_word' id='word_1_244' title='bbox 2742 1797 2938 1864; x_wconf 59' lang='lat' dir='ltr'><strong>Adam.</strong></span> <span class='ocrx_word' id='word_1_245' title='bbox 2984 1809 3040 1854; x_wconf 77' lang='grc' dir='ltr'><strong>ει</strong></span> <span class='ocrx_word' id='word_1_246' title='bbox 3071 1800 3196 1856; x_wconf 72' lang='lat' dir='ltr'><strong>ideo</strong></span> <span class='ocrx_word' id='word_1_247' title='bbox 3240 1804 3643 1861; x_wconf 61' lang='lat' dir='ltr'><strong>exclamaVilz‘</strong></span> 
     </span>
    </p>
   </div>
   <div class='ocr_carea' id='block_1_34' title="bbox 338 1882 1924 1964">
    <p class='ocr_par' dir='ltr' id='par_1_34' title="bbox 338 1882 1924 1964">
     <span class='ocr_line' id='line_1_34' title="bbox 338 1882 1924 1964; baseline 0.012 -29"><span class='ocrx_word' id='word_1_248' title='bbox 338 1882 599 1940; x_wconf 84' lang='lat' dir='ltr'><strong>mulieris</strong></span> <span class='ocrx_word' id='word_1_249' title='bbox 639 1885 1002 1945; x_wconf 86' lang='lat' dir='ltr'><strong>insidiatricis</strong></span> <span class='ocrx_word' id='word_1_250' title='bbox 1037 1912 1052 1945; x_wconf 84' lang='lat'><strong>:</strong></span> <span class='ocrx_word' id='word_1_251' title='bbox 1087 1891 1292 1948; x_wconf 89' lang='lat' dir='ltr'><strong>deinde</strong></span> <span class='ocrx_word' id='word_1_252' title='bbox 1345 1895 1591 1964; x_wconf 75' lang='lat' dir='ltr'><strong>seipsum</strong></span> <span class='ocrx_word' id='word_1_253' title='bbox 1649 1898 1924 1954; x_wconf 77' lang='lat' dir='ltr'><strong>succinxit</strong></span> 
     </span>
    </p>
   </div>
   <div class='ocr_carea' id='block_1_35' title="bbox 338 1974 1925 2050">
    <p class='ocr_par' dir='ltr' id='par_1_35' title="bbox 338 1974 1925 2050">
     <span class='ocr_line' id='line_1_35' title="bbox 338 1974 1925 2050; baseline 0.01 -21"><span class='ocrx_word' id='word_1_254' title='bbox 338 1974 689 2045; x_wconf 76' lang='lat' dir='ltr'><strong>subligaculo</strong></span> <span class='ocrx_word' id='word_1_255' title='bbox 718 1991 1005 2050; x_wconf 85' lang='lat' dir='ltr'><strong>postquam</strong></span> <span class='ocrx_word' id='word_1_256' title='bbox 1048 1984 1416 2041; x_wconf 78' lang='lat' dir='ltr'><strong>comedisset;</strong></span> <span class='ocrx_word' id='word_1_257' title='bbox 1449 1987 1652 2043; x_wconf 81' lang='lat' dir='ltr'><strong>deinde</strong></span> <span class='ocrx_word' id='word_1_258' title='bbox 1679 1990 1925 2046; x_wconf 90' lang='lat' dir='ltr'><strong>comedit</strong></span> 
     </span>
    </p>
   </div>
   <div class='ocr_carea' id='block_1_36' title="bbox 340 2064 1923 2148">
    <p class='ocr_par' dir='ltr' id='par_1_36' title="bbox 340 2064 1923 2148">
     <span class='ocr_line' id='line_1_36' title="bbox 340 2064 1923 2148; baseline 0.014 -31"><span class='ocrx_word' id='word_1_259' title='bbox 340 2072 403 2118; x_wconf 86' lang='lat' dir='ltr'><strong>et</strong></span> <span class='ocrx_word' id='word_1_260' title='bbox 436 2064 600 2120; x_wconf 87' lang='lat' dir='ltr'><strong>latuit</strong></span> <span class='ocrx_word' id='word_1_261' title='bbox 625 2071 729 2122; x_wconf 87' lang='lat' dir='ltr'><strong>sub</strong></span> <span class='ocrx_word' id='word_1_262' title='bbox 751 2070 903 2139; x_wconf 83' lang='lat' dir='ltr'><strong>ligno</strong></span> <span class='ocrx_word' id='word_1_263' title='bbox 925 2073 980 2126; x_wconf 78' lang='lat' dir='ltr'><strong>in</strong></span> <span class='ocrx_word' id='word_1_264' title='bbox 1007 2074 1287 2140; x_wconf 80' lang='lat' dir='ltr'><strong>paradiso,</strong></span> <span class='ocrx_word' id='word_1_265' title='bbox 1313 2084 1372 2130; x_wconf 91' lang='lat' dir='ltr'><strong>et</strong></span> <span class='ocrx_word' id='word_1_266' title='bbox 1402 2076 1513 2131; x_wconf 84' lang='lat' dir='ltr'><strong>fuit</strong></span> <span class='ocrx_word' id='word_1_267' title='bbox 1550 2080 1837 2148; x_wconf 62' lang='lat' dir='ltr'><strong>quaesitus,</strong></span> <span class='ocrx_word' id='word_1_268' title='bbox 1865 2091 1923 2139; x_wconf 85' lang='lat' dir='ltr'><strong>et</strong></span> 
     </span>
    </p>
   </div>
   <div class='ocr_carea' id='block_1_37' title="bbox 339 2163 1921 2244">
    <p class='ocr_par' dir='ltr' id='par_1_37' title="bbox 339 2163 1921 2244">
     <span class='ocr_line' id='line_1_37' title="bbox 339 2163 1921 2244; baseline 0.013 -35"><span class='ocrx_word' id='word_1_269' title='bbox 339 2163 543 2210; x_wconf 69' lang='lat' dir='ltr'><strong>caetera</strong></span> <span class='ocrx_word' id='word_1_270' title='bbox 582 2173 704 2226; x_wconf 61' lang='lat' dir='ltr'><strong>qua»</strong></span> <span class='ocrx_word' id='word_1_271' title='bbox 745 2173 1076 2231; x_wconf 69' lang='lat' dir='ltr'><strong>sequuntur.</strong></span> <span class='ocrx_word' id='word_1_272' title='bbox 1135 2164 1226 2221; x_wconf 90' lang='lat' dir='ltr'><strong>Sic</strong></span> <span class='ocrx_word' id='word_1_273' title='bbox 1269 2167 1435 2222; x_wconf 89' lang='lat' dir='ltr'><strong>etiam</strong></span> <span class='ocrx_word' id='word_1_274' title='bbox 1464 2168 1722 2226; x_wconf 84' lang='lat' dir='ltr'><strong>Christus</strong></span> <span class='ocrx_word' id='word_1_275' title='bbox 1776 2189 1921 2244; x_wconf 67' lang='lat' dir='ltr'><strong>saepe</strong></span> 
     </span>
    </p>
   </div>
   <div class='ocr_carea' id='block_1_38' title="bbox 338 2247 1921 2331">
    <p class='ocr_par' dir='ltr' id='par_1_38' title="bbox 338 2247 1921 2331">
     <span class='ocr_line' id='line_1_38' title="bbox 338 2247 1921 2331; baseline 0.014 -32"><span class='ocrx_word' id='word_1_276' title='bbox 338 2247 589 2306; x_wconf 73' lang='lat' dir='ltr'><strong>comedi!</strong></span> <span class='ocrx_word' id='word_1_277' title='bbox 616 2266 742 2306; x_wconf 88' lang='lat' dir='ltr'><strong>cum</strong></span> <span class='ocrx_word' id='word_1_278' title='bbox 779 2253 897 2309; x_wconf 88' lang='lat' dir='ltr'><strong>suis</strong></span> <span class='ocrx_word' id='word_1_279' title='bbox 943 2254 1231 2327; x_wconf 88' lang='lat' dir='ltr'><strong>discipulis</strong></span> <span class='ocrx_word' id='word_1_280' title='bbox 1269 2260 1499 2331; x_wconf 79' lang='lat' dir='ltr'><strong>legalem</strong></span> <span class='ocrx_word' id='word_1_281' title='bbox 1529 2262 1716 2317; x_wconf 87' lang='lat' dir='ltr'><strong>cibum</strong></span> <span class='ocrx_word' id='word_1_282' title='bbox 1782 2265 1921 2321; x_wconf 89' lang='lat' dir='ltr'><strong>insi-</strong></span> 
     </span>
    </p>
   </div>
   <div class='ocr_carea' id='block_1_39' title="bbox 335 2335 1922 2422">
    <p class='ocr_par' dir='ltr' id='par_1_39' title="bbox 335 2335 1922 2422">
     <span class='ocr_line' id='line_1_39' title="bbox 335 2335 1922 2422; baseline 0.014 -34"><span class='ocrx_word' id='word_1_283' title='bbox 335 2335 552 2393; x_wconf 81' lang='lat' dir='ltr'><strong>diantis</strong></span> <span class='ocrx_word' id='word_1_284' title='bbox 576 2339 896 2414; x_wconf 70' lang='lat' dir='ltr'><strong>Synagogzc,</strong></span> <span class='ocrx_word' id='word_1_285' title='bbox 924 2356 978 2400; x_wconf 89' lang='lat' dir='ltr'><strong>et</strong></span> <span class='ocrx_word' id='word_1_286' title='bbox 1022 2348 1187 2402; x_wconf 89' lang='lat' dir='ltr'><strong>etiam</strong></span> <span class='ocrx_word' id='word_1_287' title='bbox 1226 2352 1449 2420; x_wconf 89' lang='lat' dir='ltr'><strong>quando</strong></span> <span class='ocrx_word' id='word_1_288' title='bbox 1472 2368 1706 2422; x_wconf 89' lang='lat' dir='ltr'><strong>serpens</strong></span> <span class='ocrx_word' id='word_1_289' title='bbox 1749 2355 1922 2411; x_wconf 70' lang='lat' dir='ltr'><strong>Iudas</strong></span> 
     </span>
    </p>
   </div>
   <div class='ocr_carea' id='block_1_40' title="bbox 338 2428 1920 2519">
    <p class='ocr_par' dir='ltr' id='par_1_40' title="bbox 338 2428 1920 2519">
     <span class='ocr_line' id='line_1_40' title="bbox 338 2428 1920 2519; baseline 0.013 -38"><span class='ocrx_word' id='word_1_290' title='bbox 338 2428 870 2500; x_wconf 87' lang='lat' dir='ltr'><strong>.eeitprodilionem</strong></span> <span class='ocrx_word' id='word_1_291' title='bbox 921 2439 1230 2495; x_wconf 91' lang='lat' dir='ltr'><strong>collocutus</strong></span> <span class='ocrx_word' id='word_1_292' title='bbox 1279 2456 1406 2497; x_wconf 89' lang='lat' dir='ltr'><strong>cum</strong></span> <span class='ocrx_word' id='word_1_293' title='bbox 1449 2444 1920 2519; x_wconf 79' lang='lat' dir='ltr'><strong>adulteraSyna-</strong></span> 
     </span>
    </p>
   </div>
   <div class='ocr_carea' id='block_1_41' title="bbox 337 2524 1920 2608">
    <p class='ocr_par' dir='ltr' id='par_1_41' title="bbox 337 2524 1920 2608">
     <span class='ocr_line' id='line_1_41' title="bbox 337 2524 1920 2608; baseline 0.013 -34"><span class='ocrx_word' id='word_1_294' title='bbox 337 2536 520 2591; x_wconf 86' lang='lat' dir='ltr'><strong>goga:</strong></span> <span class='ocrx_word' id='word_1_295' title='bbox 578 2524 778 2580; x_wconf 89' lang='lat' dir='ltr'><strong>deinde</strong></span> <span class='ocrx_word' id='word_1_296' title='bbox 826 2539 1120 2599; x_wconf 86' lang='lat' dir='ltr'><strong>postquam</strong></span> <span class='ocrx_word' id='word_1_297' title='bbox 1157 2534 1511 2599; x_wconf 87' lang='lat' dir='ltr'><strong>comedisset,</strong></span> <span class='ocrx_word' id='word_1_298' title='bbox 1571 2552 1804 2608; x_wconf 86' lang='lat' dir='ltr'><strong>surgens</strong></span> <span class='ocrx_word' id='word_1_299' title='bbox 1851 2556 1920 2594; x_wconf 83' lang='lat' dir='ltr'><strong>ex</strong></span> 
     </span>
    </p>
   </div>
   <div class='ocr_carea' id='block_1_42' title="bbox 336 2612 1918 2700">
    <p class='ocr_par' dir='ltr' id='par_1_42' title="bbox 336 2612 1918 2700">
     <span class='ocr_line' id='line_1_42' title="bbox 336 2612 1918 2700; baseline 0.015 -37"><span class='ocrx_word' id='word_1_300' title='bbox 336 2624 500 2666; x_wconf 63' lang='lat' dir='ltr'><strong>creua</strong></span> <span class='ocrx_word' id='word_1_301' title='bbox 548 2612 722 2671; x_wconf 86' lang='lat' dir='ltr'><strong>Adam</strong></span> <span class='ocrx_word' id='word_1_302' title='bbox 774 2618 1096 2687; x_wconf 83' lang='lat' dir='ltr'><strong>Spiritualis,</strong></span> <span class='ocrx_word' id='word_1_303' title='bbox 1153 2623 1425 2686; x_wconf 83' lang='lat' dir='ltr'><strong>suecinxit</strong></span> <span class='ocrx_word' id='word_1_304' title='bbox 1479 2642 1538 2681; x_wconf 89' lang='lat' dir='ltr'><strong>se</strong></span> <span class='ocrx_word' id='word_1_305' title='bbox 1573 2629 1918 2700; x_wconf 81' lang='lat' dir='ltr'><strong>subligaculo</strong></span> 
     </span>
    </p>
   </div>
   <div class='ocr_carea' id='block_1_43' title="bbox 336 2701 1917 2785">
    <p class='ocr_par' dir='ltr' id='par_1_43' title="bbox 336 2701 1917 2785">
     <span class='ocr_line' id='line_1_43' title="bbox 336 2701 1917 2785; baseline 0.013 -28"><span class='ocrx_word' id='word_1_306' title='bbox 336 2701 537 2757; x_wconf 84' lang='lat' dir='ltr'><strong>lintei:</strong></span> <span class='ocrx_word' id='word_1_307' title='bbox 573 2704 777 2762; x_wconf 88' lang='lat' dir='ltr'><strong>deinde</strong></span> <span class='ocrx_word' id='word_1_308' title='bbox 806 2723 905 2763; x_wconf 85' lang='lat' dir='ltr'><strong>sua</strong></span> <span class='ocrx_word' id='word_1_309' title='bbox 938 2720 1134 2779; x_wconf 89' lang='lat' dir='ltr'><strong>sponte</strong></span> <span class='ocrx_word' id='word_1_310' title='bbox 1159 2712 1299 2784; x_wconf 81' lang='lat' dir='ltr'><strong>fugit</strong></span> <span class='ocrx_word' id='word_1_311' title='bbox 1337 2715 1392 2768; x_wconf 92' lang='lat' dir='ltr'><strong>in</strong></span> <span class='ocrx_word' id='word_1_312' title='bbox 1426 2716 1672 2785; x_wconf 89' lang='lat' dir='ltr'><strong>hortum,</strong></span> <span class='ocrx_word' id='word_1_313' title='bbox 1721 2732 1777 2777; x_wconf 92' lang='lat' dir='ltr'><strong>et</strong></span> <span class='ocrx_word' id='word_1_314' title='bbox 1811 2722 1917 2777; x_wconf 83' lang='lat' dir='ltr'><strong>fuit</strong></span> 
     </span>
    </p>
   </div>
   <div class='ocr_carea' id='block_1_44' title="bbox 335 2793 1918 2877">
    <p class='ocr_par' dir='ltr' id='par_1_44' title="bbox 335 2793 1918 2877">
     <span class='ocr_line' id='line_1_44' title="bbox 335 2793 1918 2877; baseline 0.014 -33"><span class='ocrx_word' id='word_1_315' title='bbox 335 2793 625 2861; x_wconf 65' lang='lat' dir='ltr'><strong>quaesitus,</strong></span> <span class='ocrx_word' id='word_1_316' title='bbox 666 2805 993 2867; x_wconf 88' lang='lat' dir='ltr'><strong>etegressus</strong></span> <span class='ocrx_word' id='word_1_317' title='bbox 1014 2810 1100 2856; x_wconf 91' lang='lat' dir='ltr'><strong>est</strong></span> <span class='ocrx_word' id='word_1_318' title='bbox 1123 2819 1190 2857; x_wconf 79' lang='lat' dir='ltr'><strong>ex</strong></span> <span class='ocrx_word' id='word_1_319' title='bbox 1216 2804 1399 2859; x_wconf 88' lang='lat' dir='ltr'><strong>horto.</strong></span> <span class='ocrx_word' id='word_1_320' title='bbox 1433 2807 1549 2877; x_wconf 88' lang='lat' dir='ltr'><strong>Ego</strong></span> <span class='ocrx_word' id='word_1_321' title='bbox 1594 2817 1778 2864; x_wconf 89' lang='lat' dir='ltr'><strong>autem</strong></span> <span class='ocrx_word' id='word_1_322' title='bbox 1814 2812 1918 2865; x_wconf 87' lang='lat' dir='ltr'><strong>mi-</strong></span> 
     </span>
    </p>
   </div>
   <div class='ocr_carea' id='block_1_45' title="bbox 337 2885 1918 2966">
    <p class='ocr_par' dir='ltr' id='par_1_45' title="bbox 337 2885 1918 2966">
     <span class='ocr_line' id='line_1_45' title="bbox 337 2885 1918 2966; baseline 0.013 -31"><span class='ocrx_word' id='word_1_323' title='bbox 337 2895 438 2936; x_wconf 90' lang='lat' dir='ltr'><strong>ror</strong></span> <span class='ocrx_word' id='word_1_324' title='bbox 479 2885 782 2941; x_wconf 64' lang='lat' dir='ltr'><strong>caecitatem</strong></span> <span class='ocrx_word' id='word_1_325' title='bbox 822 2888 1166 2957; x_wconf 79' lang='lat' dir='ltr'><strong>Judaeorum,</strong></span> <span class='ocrx_word' id='word_1_326' title='bbox 1221 2904 1512 2965; x_wconf 86' lang='lat' dir='ltr'><strong>prepterea</strong></span> <span class='ocrx_word' id='word_1_327' title='bbox 1558 2899 1706 2966; x_wconf 88' lang='lat' dir='ltr'><strong>quod</strong></span> <span class='ocrx_word' id='word_1_328' title='bbox 1771 2900 1918 2955; x_wconf 86' lang='lat' dir='ltr'><strong>Scri-</strong></span> 
     </span>
    </p>
   </div>
   <div class='ocr_carea' id='block_1_46' title="bbox 334 2979 1913 3047">
    <p class='ocr_par' dir='ltr' id='par_1_46' title="bbox 334 2979 1913 3047">
     <span class='ocr_line' id='line_1_46' title="bbox 334 2979 1913 3047; baseline 0.012 -19"><span class='ocrx_word' id='word_1_329' title='bbox 334 2984 504 3045; x_wconf 88' lang='lat' dir='ltr'><strong>ptura</strong></span> <span class='ocrx_word' id='word_1_330' title='bbox 555 2987 641 3031; x_wconf 90' lang='lat' dir='ltr'><strong>est</strong></span> <span class='ocrx_word' id='word_1_331' title='bbox 688 2979 829 3034; x_wconf 89' lang='lat' dir='ltr'><strong>adeo</strong></span> <span class='ocrx_word' id='word_1_332' title='bbox 878 2992 1069 3038; x_wconf 81' lang='lat' dir='ltr'><strong>exacta</strong></span> <span class='ocrx_word' id='word_1_333' title='bbox 1114 2992 1173 3039; x_wconf 89' lang='lat' dir='ltr'><strong>et</strong></span> <span class='ocrx_word' id='word_1_334' title='bbox 1225 2998 1504 3042; x_wconf 86' lang='lat' dir='ltr'><strong>accurata.</strong></span> <span class='ocrx_word' id='word_1_335' title='bbox 1570 2989 1788 3045; x_wconf 76' lang='lat' dir='ltr'><strong>Etenim</strong></span> <span class='ocrx_word' id='word_1_336' title='bbox 1843 2993 1913 3047; x_wconf 89' lang='lat' dir='ltr'><strong>de</strong></span> 
     </span>
    </p>
   </div>
   <div class='ocr_carea' id='block_1_47' title="bbox 329 3066 1913 3146">
    <p class='ocr_par' dir='ltr' id='par_1_47' title="bbox 329 3066 1913 3146">
     <span class='ocr_line' id='line_1_47' title="bbox 329 3066 1913 3146; baseline 0.011 -26"><span class='ocrx_word' id='word_1_337' title='bbox 329 3066 550 3122; x_wconf 80' lang='lat' dir='ltr'><strong>Adamo</strong></span> <span class='ocrx_word' id='word_1_338' title='bbox 572 3070 842 3140; x_wconf 89' lang='lat' dir='ltr'><strong>scriptum</strong></span> <span class='ocrx_word' id='word_1_339' title='bbox 868 3084 952 3128; x_wconf 89' lang='lat' dir='ltr'><strong>est</strong></span> <span class='ocrx_word' id='word_1_340' title='bbox 977 3074 1122 3143; x_wconf 91' lang='lat' dir='ltr'><strong>quod</strong></span> <span class='ocrx_word' id='word_1_341' title='bbox 1160 3076 1404 3146; x_wconf 89' lang='lat' dir='ltr'><strong>seipsum</strong></span> <span class='ocrx_word' id='word_1_342' title='bbox 1436 3080 1678 3135; x_wconf 80' lang='lat' dir='ltr'><strong>accinxit</strong></span> <span class='ocrx_word' id='word_1_343' title='bbox 1704 3100 1715 3134; x_wconf 92' lang='lat'><strong>:</strong></span> <span class='ocrx_word' id='word_1_344' title='bbox 1759 3083 1913 3137; x_wconf 81' lang='lat' dir='ltr'><strong>simi-</strong></span> 
     </span>
    </p>
   </div>
   <div class='ocr_carea' id='block_1_48' title="bbox 330 3159 1909 3229">
    <p class='ocr_par' dir='ltr' id='par_1_48' title="bbox 330 3159 1909 3229">
     <span class='ocr_line' id='line_1_48' title="bbox 330 3159 1909 3229; baseline 0.01 -16"><span class='ocrx_word' id='word_1_345' title='bbox 330 3159 466 3214; x_wconf 88' lang='lat' dir='ltr'><strong>liter</strong></span> <span class='ocrx_word' id='word_1_346' title='bbox 495 3161 665 3216; x_wconf 89' lang='lat' dir='ltr'><strong>etiam</strong></span> <span class='ocrx_word' id='word_1_347' title='bbox 699 3162 768 3218; x_wconf 88' lang='lat' dir='ltr'><strong>de</strong></span> <span class='ocrx_word' id='word_1_348' title='bbox 806 3163 1055 3220; x_wconf 87' lang='lat' dir='ltr'><strong>Christo.</strong></span> <span class='ocrx_word' id='word_1_349' title='bbox 1101 3166 1159 3223; x_wconf 86' lang='lat' dir='ltr'><strong>Si</strong></span> <span class='ocrx_word' id='word_1_350' title='bbox 1211 3182 1396 3224; x_wconf 88' lang='lat' dir='ltr'><strong>autem</strong></span> <span class='ocrx_word' id='word_1_351' title='bbox 1433 3172 1520 3225; x_wconf 91' lang='lat' dir='ltr'><strong>vis</strong></span> <span class='ocrx_word' id='word_1_352' title='bbox 1546 3173 1734 3228; x_wconf 88' lang='lat' dir='ltr'><strong>videre</strong></span> <span class='ocrx_word' id='word_1_353' title='bbox 1781 3189 1909 3229; x_wconf 88' lang='lat' dir='ltr'><strong>eum</strong></span> 
     </span>
    </p>
   </div>
   <div class='ocr_carea' id='block_1_49' title="bbox 329 3251 1907 3332">
    <p class='ocr_par' dir='ltr' id='par_1_49' title="bbox 329 3251 1907 3332">
     <span class='ocr_line' id='line_1_49' title="bbox 329 3251 1907 3332; baseline 0.008 -25"><span class='ocrx_word' id='word_1_354' title='bbox 329 3251 583 3307; x_wconf 88' lang='lat' dir='ltr'><strong>etiamin</strong></span> <span class='ocrx_word' id='word_1_355' title='bbox 625 3253 787 3310; x_wconf 90' lang='lat' dir='ltr'><strong>horto</strong></span> <span class='ocrx_word' id='word_1_356' title='bbox 813 3258 1114 3322; x_wconf 88' lang='lat' dir='ltr'><strong>nudum,et</strong></span> <span class='ocrx_word' id='word_1_357' title='bbox 1133 3260 1308 3316; x_wconf 78' lang='lat' dir='ltr'><strong>linteo</strong></span> <span class='ocrx_word' id='word_1_358' title='bbox 1333 3264 1511 3318; x_wconf 90' lang='lat' dir='ltr'><strong>solum</strong></span> <span class='ocrx_word' id='word_1_359' title='bbox 1541 3267 1907 3332; x_wconf 89' lang='lat' dir='ltr'><strong>succinctum,</strong></span> 
     </span>
    </p>
   </div>
   <div class='ocr_carea' id='block_1_50' title="bbox 304 3343 1912 3425">
    <p class='ocr_par' dir='ltr' id='par_1_50' title="bbox 304 3343 1912 3425">
     <span class='ocr_line' id='line_1_50' title="bbox 304 3343 1912 3425; baseline 0.011 -29"><span class='ocrx_word' id='word_1_360' title='bbox 304 3343 465 3403; x_wconf 47' lang='lat' dir='ltr'><strong>.vide</strong></span> <span class='ocrx_word' id='word_1_361' title='bbox 492 3360 617 3399; x_wconf 86' lang='lat' dir='ltr'><strong>eum</strong></span> <span class='ocrx_word' id='word_1_362' title='bbox 687 3347 743 3400; x_wconf 93' lang='lat' dir='ltr'><strong>in</strong></span> <span class='ocrx_word' id='word_1_363' title='bbox 787 3347 1083 3419; x_wconf 85' lang='lat' dir='ltr'><strong>Colgotha,</strong></span> <span class='ocrx_word' id='word_1_364' title='bbox 1138 3353 1485 3425; x_wconf 84' lang='lat' dir='ltr'><strong>subligaculo</strong></span> <span class='ocrx_word' id='word_1_365' title='bbox 1521 3366 1734 3413; x_wconf 90' lang='lat' dir='ltr'><strong>tantum</strong></span> <span class='ocrx_word' id='word_1_366' title='bbox 1785 3375 1912 3414; x_wconf 88' lang='lat' dir='ltr'><strong>suc-</strong></span> 
     </span>
    </p>
   </div>
   <div class='ocr_carea' id='block_1_51' title="bbox 329 3432 1906 3515">
    <p class='ocr_par' dir='ltr' id='par_1_51' title="bbox 329 3432 1906 3515">
     <span class='ocr_line' id='line_1_51' title="bbox 329 3432 1906 3515; baseline 0.01 -28"><span class='ocrx_word' id='word_1_367' title='bbox 329 3432 577 3487; x_wconf 89' lang='lat' dir='ltr'><strong>cinctum</strong></span> <span class='ocrx_word' id='word_1_368' title='bbox 598 3436 931 3504; x_wconf 89' lang='lat' dir='ltr'><strong>pendentem</strong></span> <span class='ocrx_word' id='word_1_369' title='bbox 963 3439 1020 3493; x_wconf 91' lang='lat' dir='ltr'><strong>in</strong></span> <span class='ocrx_word' id='word_1_370' title='bbox 1056 3456 1243 3508; x_wconf 90' lang='lat' dir='ltr'><strong>cruce,</strong></span> <span class='ocrx_word' id='word_1_371' title='bbox 1278 3459 1445 3514; x_wconf 88' lang='lat' dir='ltr'><strong>supra</strong></span> <span class='ocrx_word' id='word_1_372' title='bbox 1468 3446 1599 3501; x_wconf 85' lang='lat' dir='ltr'><strong>Adae</strong></span> <span class='ocrx_word' id='word_1_373' title='bbox 1633 3450 1906 3515; x_wconf 90' lang='lat' dir='ltr'><strong>cranium,</strong></span> 
     </span>
    </p>
   </div>
   <div class='ocr_carea' id='block_1_52' title="bbox 331 3525 1907 3605">
    <p class='ocr_par' dir='ltr' id='par_1_52' title="bbox 331 3525 1907 3605">
     <span class='ocr_line' id='line_1_52' title="bbox 331 3525 1907 3605; baseline 0.012 -29"><span class='ocrx_word' id='word_1_374' title='bbox 331 3538 439 3593; x_wconf 88' lang='lat' dir='ltr'><strong>pro</strong></span> <span class='ocrx_word' id='word_1_375' title='bbox 492 3525 700 3585; x_wconf 79' lang='lat' dir='ltr'><strong>Adamo</strong></span> <span class='ocrx_word' id='word_1_376' title='bbox 735 3536 791 3582; x_wconf 90' lang='lat' dir='ltr'><strong>et</strong></span> <span class='ocrx_word' id='word_1_377' title='bbox 836 3528 949 3584; x_wconf 88' lang='lat' dir='ltr'><strong>Eva</strong></span> <span class='ocrx_word' id='word_1_378' title='bbox 984 3532 1309 3600; x_wconf 88' lang='lat' dir='ltr'><strong>patientem,</strong></span> <span class='ocrx_word' id='word_1_379' title='bbox 1343 3536 1412 3591; x_wconf 90' lang='lat' dir='ltr'><strong>de</strong></span> <span class='ocrx_word' id='word_1_380' title='bbox 1446 3537 1651 3605; x_wconf 88' lang='lat' dir='ltr'><strong>quibus</strong></span> <span class='ocrx_word' id='word_1_381' title='bbox 1697 3539 1907 3596; x_wconf 88' lang='lat' dir='ltr'><strong>dictum</strong></span> 
     </span>
    </p>
   </div>
   <div class='ocr_carea' id='block_1_53' title="bbox 328 3616 1908 3686">
    <p class='ocr_par' dir='ltr' id='par_1_53' title="bbox 328 3616 1908 3686">
     <span class='ocr_line' id='line_1_53' title="bbox 328 3616 1908 3686; baseline 0.009 -14"><span class='ocrx_word' id='word_1_382' title='bbox 328 3625 450 3672; x_wconf 77' lang='lat' dir='ltr'><strong>est:</strong></span> <span class='ocrx_word' id='word_1_383' title='bbox 486 3616 552 3672; x_wconf 87' lang='lat' dir='ltr'><strong>Et</strong></span> <span class='ocrx_word' id='word_1_384' title='bbox 579 3620 860 3675; x_wconf 84' lang='lat' dir='ltr'><strong>audierunt</strong></span> <span class='ocrx_word' id='word_1_385' title='bbox 916 3639 1093 3677; x_wconf 81' lang='lat' dir='ltr'><strong>vocem</strong></span> <span class='ocrx_word' id='word_1_386' title='bbox 1124 3625 1336 3680; x_wconf 79' lang='lat' dir='ltr'><strong>Domini</strong></span> <span class='ocrx_word' id='word_1_387' title='bbox 1376 3627 1476 3681; x_wconf 86' lang='lat' dir='ltr'><strong>Dei</strong></span> <span class='ocrx_word' id='word_1_388' title='bbox 1517 3629 1908 3686; x_wconf 69' lang='lat' dir='ltr'><strong>deambulanti:</strong></span> 
     </span>
    </p>
   </div>
   <div class='ocr_carea' id='block_1_54' title="bbox 329 3710 1908 3794">
    <p class='ocr_par' dir='ltr' id='par_1_54' title="bbox 329 3710 1908 3794">
     <span class='ocr_line' id='line_1_54' title="bbox 329 3710 1908 3794; baseline 0.011 -32"><span class='ocrx_word' id='word_1_389' title='bbox 329 3711 391 3763; x_wconf 83' lang='lat' dir='ltr'><strong>in</strong></span> <span class='ocrx_word' id='word_1_390' title='bbox 413 3710 661 3779; x_wconf 77' lang='lat' dir='ltr'><strong>paradiso</strong></span> <span class='ocrx_word' id='word_1_391' title='bbox 692 3715 928 3778; x_wconf 84' lang='lat' dir='ltr'><strong>meridie,</strong></span> <span class='ocrx_word' id='word_1_392' title='bbox 950 3726 997 3769; x_wconf 89' lang='lat' dir='ltr'><strong>et</strong></span> <span class='ocrx_word' id='word_1_393' title='bbox 1027 3716 1301 3772; x_wconf 86' lang='lat' dir='ltr'><strong>latuerunt</strong></span> <span class='ocrx_word' id='word_1_394' title='bbox 1331 3720 1504 3774; x_wconf 81' lang='lat' dir='ltr'><strong>Adam</strong></span> <span class='ocrx_word' id='word_1_395' title='bbox 1530 3729 1581 3776; x_wconf 82' lang='lat' dir='ltr'><strong>et</strong></span> <span class='ocrx_word' id='word_1_396' title='bbox 1609 3738 1744 3776; x_wconf 69' lang='lat' dir='ltr'><strong>uxor</strong></span> <span class='ocrx_word' id='word_1_397' title='bbox 1793 3725 1908 3794; x_wconf 82' lang='lat' dir='ltr'><strong>ejus</strong></span> 
     </span>
    </p>
   </div>
   <div class='ocr_carea' id='block_1_55' title="bbox 329 3800 1907 3881">
    <p class='ocr_par' dir='ltr' id='par_1_55' title="bbox 329 3800 1907 3881">
     <span class='ocr_line' id='line_1_55' title="bbox 329 3800 1907 3881; baseline 0.011 -28"><span class='ocrx_word' id='word_1_398' title='bbox 329 3817 365 3853; x_wconf 82' lang='grc' dir='ltr'><em>α</em></span> <span class='ocrx_word' id='word_1_399' title='bbox 390 3800 524 3869; x_wconf 78' lang='lat' dir='ltr'><strong>[acie</strong></span> <span class='ocrx_word' id='word_1_400' title='bbox 553 3800 764 3857; x_wconf 87' lang='lat' dir='ltr'><strong>Domini</strong></span> <span class='ocrx_word' id='word_1_401' title='bbox 812 3803 907 3858; x_wconf 87' lang='lat' dir='ltr'><strong>Dei</strong></span> <span class='ocrx_word' id='word_1_402' title='bbox 932 3808 987 3859; x_wconf 92' lang='lat' dir='ltr'><strong>in</strong></span> <span class='ocrx_word' id='word_1_403' title='bbox 1018 3809 1186 3862; x_wconf 86' lang='lat' dir='ltr'><strong>medio</strong></span> <span class='ocrx_word' id='word_1_404' title='bbox 1214 3808 1343 3880; x_wconf 83' lang='lat' dir='ltr'><strong>ligni</strong></span> <span class='ocrx_word' id='word_1_405' title='bbox 1374 3813 1631 3881; x_wconf 82' lang='lat' dir='ltr'><strong>paradisi,</strong></span> <span class='ocrx_word' id='word_1_406' title='bbox 1674 3823 1723 3868; x_wconf 85' lang='lat' dir='ltr'><strong>et</strong></span> <span class='ocrx_word' id='word_1_407' title='bbox 1750 3832 1907 3870; x_wconf 80' lang='lat' dir='ltr'><strong>uoca-</strong></span> 
     </span>
    </p>
   </div>
   <div class='ocr_carea' id='block_1_56' title="bbox 324 3890 1908 3969">
    <p class='ocr_par' dir='ltr' id='par_1_56' title="bbox 324 3890 1908 3969">
     <span class='ocr_line' id='line_1_56' title="bbox 324 3890 1908 3969; baseline 0.011 -25"><span class='ocrx_word' id='word_1_408' title='bbox 324 3892 406 3944; x_wconf 72' lang='lat' dir='ltr'><strong>‘t&#39;it</strong></span> <span class='ocrx_word' id='word_1_409' title='bbox 476 3890 730 3947; x_wconf 77' lang='lat' dir='ltr'><strong>Dominus</strong></span> <span class='ocrx_word' id='word_1_410' title='bbox 764 3895 897 3949; x_wconf 82' lang='lat' dir='ltr'><strong>Deus</strong></span> <span class='ocrx_word' id='word_1_411' title='bbox 924 3895 1210 3964; x_wconf 81' lang='lat' dir='ltr'><strong>Adamum,</strong></span> <span class='ocrx_word' id='word_1_412' title='bbox 1244 3908 1295 3953; x_wconf 83' lang='lat' dir='ltr'><strong>et</strong></span> <span class='ocrx_word' id='word_1_413' title='bbox 1325 3902 1458 3955; x_wconf 79' lang='lat' dir='ltr'><strong>dixit</strong></span> <span class='ocrx_word' id='word_1_414' title='bbox 1480 3904 1568 3958; x_wconf 85' lang='lat' dir='ltr'><strong>ei:</strong></span> <span class='ocrx_word' id='word_1_415' title='bbox 1601 3905 1796 3969; x_wconf 82' lang='lat' dir='ltr'><strong>Adam,</strong></span> <span class='ocrx_word' id='word_1_416' title='bbox 1821 3907 1908 3963; x_wconf 86' lang='lat' dir='ltr'><strong>ubi</strong></span> 
     </span>
    </p>
   </div>
   <div class='ocr_carea' id='block_1_57' title="bbox 325 3982 1907 4054">
    <p class='ocr_par' dir='ltr' id='par_1_57' title="bbox 325 3982 1907 4054">
     <span class='ocr_line' id='line_1_57' title="bbox 325 3982 1907 4054; baseline 0.012 -19"><span class='ocrx_word' id='word_1_417' title='bbox 325 3982 509 4037; x_wconf 64' lang='lat' dir='ltr'><strong>estt</strong></span> <span class='ocrx_word' id='word_1_418' title='bbox 533 3986 666 4040; x_wconf 74' lang='lat' dir='ltr'><strong>dixit</strong></span> <span class='ocrx_word' id='word_1_419' title='bbox 712 3988 760 4039; x_wconf 83' lang='lat' dir='ltr'><strong>ei</strong></span> <span class='ocrx_word' id='word_1_420' title='bbox 782 4004 800 4040; x_wconf 89' lang='lat'><strong><em>:</em></strong></span> <span class='ocrx_word' id='word_1_421' title='bbox 827 3986 1009 4043; x_wconf 83' lang='lat' dir='ltr'><strong>Vocem</strong></span> <span class='ocrx_word' id='word_1_422' title='bbox 1039 3999 1186 4045; x_wconf 86' lang='lat' dir='ltr'><strong>tuam</strong></span> <span class='ocrx_word' id='word_1_423' title='bbox 1213 3994 1395 4048; x_wconf 83' lang='lat' dir='ltr'><strong>audivi</strong></span> <span class='ocrx_word' id='word_1_424' title='bbox 1425 3995 1814 4053; x_wconf 79' lang='lat' dir='ltr'><strong>deambulantis</strong></span> <span class='ocrx_word' id='word_1_425' title='bbox 1849 4002 1907 4054; x_wconf 87' lang='lat' dir='ltr'><strong>in</strong></span> 
     </span>
    </p>
   </div>
   <div class='ocr_carea' id='block_1_58' title="bbox 325 4074 1907 4151">
    <p class='ocr_par' dir='ltr' id='par_1_58' title="bbox 325 4074 1907 4151">
     <span class='ocr_line' id='line_1_58' title="bbox 325 4074 1907 4151; baseline 0.011 -26"><span class='ocrx_word' id='word_1_426' title='bbox 325 4074 605 4145; x_wconf 81' lang='lat' dir='ltr'><strong>paradiso,</strong></span> <span class='ocrx_word' id='word_1_427' title='bbox 625 4086 673 4130; x_wconf 86' lang='lat' dir='ltr'><strong>et</strong></span> <span class='ocrx_word' id='word_1_428' title='bbox 698 4079 871 4143; x_wconf 86' lang='lat' dir='ltr'><strong>timui,</strong></span> <span class='ocrx_word' id='word_1_429' title='bbox 899 4082 1025 4151; x_wconf 76' lang='lat' dir='ltr'><strong>quia</strong></span> <span class='ocrx_word' id='word_1_430' title='bbox 1051 4082 1221 4135; x_wconf 77' lang='lat' dir='ltr'><strong>nudus</strong></span> <span class='ocrx_word' id='word_1_431' title='bbox 1250 4099 1390 4148; x_wconf 82' lang='lat' dir='ltr'><strong>sum,</strong></span> <span class='ocrx_word' id='word_1_432' title='bbox 1414 4093 1460 4137; x_wconf 87' lang='lat' dir='ltr'><strong>et</strong></span> <span class='ocrx_word' id='word_1_433' title='bbox 1486 4085 1639 4140; x_wconf 87' lang='lat' dir='ltr'><strong>latui.</strong></span> <span class='ocrx_word' id='word_1_434' title='bbox 1675 4087 1744 4143; x_wconf 85' lang='lat' dir='ltr'><strong>Et</strong></span> <span class='ocrx_word' id='word_1_435' title='bbox 1774 4089 1907 4143; x_wconf 76' lang='lat' dir='ltr'><strong>dixit</strong></span> 
     </span>
    </p>
   </div>
   <div class='ocr_carea' id='block_1_59' title="bbox 326 4165 1907 4245">
    <p class='ocr_par' dir='ltr' id='par_1_59' title="bbox 326 4165 1907 4245">
     <span class='ocr_line' id='line_1_59' title="bbox 326 4165 1907 4245; baseline 0.011 -28"><span class='ocrx_word' id='word_1_436' title='bbox 326 4165 379 4218; x_wconf 77' lang='lat' dir='ltr'><strong>ei</strong></span> <span class='ocrx_word' id='word_1_437' title='bbox 430 4165 603 4221; x_wconf 80' lang='lat' dir='ltr'><strong>Deus:</strong></span> <span class='ocrx_word' id='word_1_438' title='bbox 628 4166 757 4232; x_wconf 75' lang='lat' dir='ltr'><strong>Quis</strong></span> <span class='ocrx_word' id='word_1_439' title='bbox 810 4171 903 4224; x_wconf 89' lang='lat' dir='ltr'><strong>tibi</strong></span> <span class='ocrx_word' id='word_1_440' title='bbox 923 4174 1261 4241; x_wconf 72' lang='lat' dir='ltr'><strong>annuntiaoit</strong></span> <span class='ocrx_word' id='word_1_441' title='bbox 1294 4175 1432 4245; x_wconf 85' lang='lat' dir='ltr'><strong>quod</strong></span> <span class='ocrx_word' id='word_1_442' title='bbox 1465 4178 1537 4230; x_wconf 74' lang='lat' dir='ltr'><strong>sis</strong></span> <span class='ocrx_word' id='word_1_443' title='bbox 1582 4179 1774 4244; x_wconf 84' lang='lat' dir='ltr'><strong>nudus,</strong></span> <span class='ocrx_word' id='word_1_444' title='bbox 1804 4182 1907 4235; x_wconf 78' lang='lat' dir='ltr'><strong>nisi</strong></span> 
     </span>
    </p>
   </div>
   <div class='ocr_carea' id='block_1_60' title="bbox 324 4253 1906 4333">
    <p class='ocr_par' dir='ltr' id='par_1_60' title="bbox 324 4253 1906 4333">
     <span class='ocr_line' id='line_1_60' title="bbox 324 4253 1906 4333; baseline 0.011 -26"><span class='ocrx_word' id='word_1_445' title='bbox 324 4270 395 4309; x_wconf 72' lang='lat' dir='ltr'><strong>ex</strong></span> <span class='ocrx_word' id='word_1_446' title='bbox 416 4253 583 4325; x_wconf 85' lang='lat' dir='ltr'><strong>ligno,</strong></span> <span class='ocrx_word' id='word_1_447' title='bbox 621 4272 684 4310; x_wconf 82' lang='lat' dir='ltr'><strong>ea:</strong></span> <span class='ocrx_word' id='word_1_448' title='bbox 712 4274 815 4328; x_wconf 83' lang='lat' dir='ltr'><strong>quo</strong></span> <span class='ocrx_word' id='word_1_449' title='bbox 841 4258 954 4313; x_wconf 80' lang='lat' dir='ltr'><strong>sola</strong></span> <span class='ocrx_word' id='word_1_450' title='bbox 985 4260 1077 4315; x_wconf 85' lang='lat' dir='ltr'><strong>tibi</strong></span> <span class='ocrx_word' id='word_1_451' title='bbox 1104 4263 1356 4319; x_wconf 85' lang='lat' dir='ltr'><strong>mandavi</strong></span> <span class='ocrx_word' id='word_1_452' title='bbox 1388 4281 1454 4319; x_wconf 91' lang='lat' dir='ltr'><strong>ne</strong></span> <span class='ocrx_word' id='word_1_453' title='bbox 1505 4269 1820 4333; x_wconf 74' lang='lat' dir='ltr'><strong>comedens.</strong></span> <span class='ocrx_word' id='word_1_454' title='bbox 1840 4286 1906 4325; x_wconf 76' lang='lat' dir='ltr'><strong>ea:</strong></span> 
     </span>
    </p>
   </div>
   <div class='ocr_carea' id='block_1_61' title="bbox 324 4346 783 4401">
    <p class='ocr_par' dir='ltr' id='par_1_61' title="bbox 324 4346 783 4401">
     <span class='ocr_line' id='line_1_61' title="bbox 324 4346 783 4401; baseline 0.011 -4"><span class='ocrx_word' id='word_1_455' title='bbox 324 4360 389 4397; x_wconf 84' lang='lat' dir='ltr'><strong>eo</strong></span> <span class='ocrx_word' id='word_1_456' title='bbox 423 4346 729 4401; x_wconf 77' lang='lat' dir='ltr'><strong>comedisses</strong></span> <span class='ocrx_word' id='word_1_457' title='bbox 757 4348 783 4401; x_wconf 86' lang='lat'><strong><em>?</em></strong></span> 
     </span>
    </p>
   </div>
   <div class='ocr_carea' id='block_1_62' title="bbox 2026 1881 3605 1959">
    <p class='ocr_par' dir='ltr' id='par_1_62' title="bbox 2026 1881 3605 1959">
     <span class='ocr_line' id='line_1_62' title="bbox 2026 1881 3605 1959; baseline 0.009 -25"><span class='ocrx_word' id='word_1_458' title='bbox 2026 1881 2199 1936; x_wconf 82' lang='lat' dir='ltr'><strong>Adam</strong></span> <span class='ocrx_word' id='word_1_459' title='bbox 2216 1882 2303 1937; x_wconf 86' lang='lat' dir='ltr'><strong>ubi</strong></span> <span class='ocrx_word' id='word_1_460' title='bbox 2337 1884 2436 1937; x_wconf 82' lang='lat' dir='ltr'><strong>es?</strong></span> <span class='ocrx_word' id='word_1_461' title='bbox 2489 1884 2643 1951; x_wconf 87' lang='lat' dir='ltr'><strong>Quod</strong></span> <span class='ocrx_word' id='word_1_462' title='bbox 2708 1898 2792 1941; x_wconf 89' lang='lat' dir='ltr'><strong>est</strong></span> <span class='ocrx_word' id='word_1_463' title='bbox 2838 1898 3023 1943; x_wconf 87' lang='lat' dir='ltr'><strong>autem</strong></span> <span class='ocrx_word' id='word_1_464' title='bbox 3052 1891 3469 1959; x_wconf 86' lang='lat' dir='ltr'><strong>admirabilius,</strong></span> <span class='ocrx_word' id='word_1_465' title='bbox 3504 1910 3605 1950; x_wconf 93' lang='lat' dir='ltr'><strong>cur</strong></span> 
     </span>
    </p>
   </div>
   <div class='ocr_carea' id='block_1_63' title="bbox 2025 1978 3603 2055">
    <p class='ocr_par' dir='ltr' id='par_1_63' title="bbox 2025 1978 3603 2055">
     <span class='ocr_line' id='line_1_63' title="bbox 2025 1978 3603 2055; baseline 0.009 -29"><span class='ocrx_word' id='word_1_466' title='bbox 2025 1987 2133 2026; x_wconf 91' lang='lat' dir='ltr'><strong>non</strong></span> <span class='ocrx_word' id='word_1_467' title='bbox 2169 1983 2331 2028; x_wconf 88' lang='lat' dir='ltr'><strong>vocat</strong></span> <span class='ocrx_word' id='word_1_468' title='bbox 2373 1984 2660 2045; x_wconf 86' lang='lat' dir='ltr'><strong>utrosque,</strong></span> <span class='ocrx_word' id='word_1_469' title='bbox 2692 1987 2749 2031; x_wconf 90' lang='lat' dir='ltr'><strong>et</strong></span> <span class='ocrx_word' id='word_1_470' title='bbox 2771 1978 2947 2032; x_wconf 90' lang='lat' dir='ltr'><strong>multo</strong></span> <span class='ocrx_word' id='word_1_471' title='bbox 2969 1981 3142 2050; x_wconf 82' lang='lat' dir='ltr'><strong>magis</strong></span> <span class='ocrx_word' id='word_1_472' title='bbox 3166 1982 3456 2038; x_wconf 90' lang='lat' dir='ltr'><strong>mulierem</strong></span> <span class='ocrx_word' id='word_1_473' title='bbox 3478 2001 3603 2055; x_wconf 69' lang='lat' dir='ltr'><strong>quae</strong></span> 
     </span>
    </p>
   </div>
   <div class='ocr_carea' id='block_1_64' title="bbox 2022 2064 3603 2141">
    <p class='ocr_par' dir='ltr' id='par_1_64' title="bbox 2022 2064 3603 2141">
     <span class='ocr_line' id='line_1_64' title="bbox 2022 2064 3603 2141; baseline 0.007 -22"><span class='ocrx_word' id='word_1_474' title='bbox 2022 2064 2204 2120; x_wconf 83' lang='lat' dir='ltr'><strong>fuerat</strong></span> <span class='ocrx_word' id='word_1_475' title='bbox 2224 2065 2485 2136; x_wconf 87' lang='lat' dir='ltr'><strong>decepta:</strong></span> <span class='ocrx_word' id='word_1_476' title='bbox 2534 2068 2707 2122; x_wconf 80' lang='lat' dir='ltr'><strong>Adam</strong></span> <span class='ocrx_word' id='word_1_477' title='bbox 2741 2070 2881 2123; x_wconf 88' lang='lat' dir='ltr'><strong>enim</strong></span> <span class='ocrx_word' id='word_1_478' title='bbox 2923 2086 3030 2124; x_wconf 88' lang='lat' dir='ltr'><strong>non</strong></span> <span class='ocrx_word' id='word_1_479' title='bbox 3087 2072 3457 2141; x_wconf 78' lang='lat' dir='ltr'><strong>estdeceptua.</strong></span> <span class='ocrx_word' id='word_1_480' title='bbox 3509 2077 3603 2130; x_wconf 76' lang='lat' dir='ltr'><strong>sed</strong></span> 
     </span>
    </p>
   </div>
   <div class='ocr_carea' id='block_1_65' title="bbox 2023 2155 3601 2227">
    <p class='ocr_par' dir='ltr' id='par_1_65' title="bbox 2023 2155 3601 2227">
     <span class='ocr_line' id='line_1_65' title="bbox 2023 2155 3601 2227; baseline 0.007 -17"><span class='ocrx_word' id='word_1_481' title='bbox 2023 2155 2217 2210; x_wconf 82' lang='lat' dir='ltr'><strong>mulier</strong></span> <span class='ocrx_word' id='word_1_482' title='bbox 2254 2158 2359 2227; x_wconf 80' lang='lat' dir='ltr'><strong>fuit</strong></span> <span class='ocrx_word' id='word_1_483' title='bbox 2390 2159 2627 2227; x_wconf 85' lang='lat' dir='ltr'><strong>decepta.</strong></span> <span class='ocrx_word' id='word_1_484' title='bbox 2657 2158 2940 2225; x_wconf 86' lang='lat' dir='ltr'><strong>Quomodo</strong></span> <span class='ocrx_word' id='word_1_485' title='bbox 2982 2170 3166 2217; x_wconf 89' lang='lat' dir='ltr'><strong>autem</strong></span> <span class='ocrx_word' id='word_1_486' title='bbox 3198 2179 3308 2218; x_wconf 92' lang='lat' dir='ltr'><strong>non</strong></span> <span class='ocrx_word' id='word_1_487' title='bbox 3352 2166 3601 2222; x_wconf 88' lang='lat' dir='ltr'><strong>cernitur</strong></span> 
     </span>
    </p>
   </div>
   <div class='ocr_carea' id='block_1_66' title="bbox 2022 2247 3598 2311">
    <p class='ocr_par' dir='ltr' id='par_1_66' title="bbox 2022 2247 3598 2311">
     <span class='ocr_line' id='line_1_66' title="bbox 2022 2247 3598 2311; baseline 0.006 -11"><span class='ocrx_word' id='word_1_488' title='bbox 2022 2247 2169 2302; x_wconf 89' lang='lat' dir='ltr'><strong>Deus</strong></span> <span class='ocrx_word' id='word_1_489' title='bbox 2212 2250 2443 2302; x_wconf 90' lang='lat' dir='ltr'><strong>omnino</strong></span> <span class='ocrx_word' id='word_1_490' title='bbox 2492 2248 2665 2303; x_wconf 88' lang='lat' dir='ltr'><strong>fuisse</strong></span> <span class='ocrx_word' id='word_1_491' title='bbox 2726 2249 2949 2305; x_wconf 89' lang='lat' dir='ltr'><strong>locutus</strong></span> <span class='ocrx_word' id='word_1_492' title='bbox 2998 2266 3125 2306; x_wconf 90' lang='lat' dir='ltr'><strong>cum</strong></span> <span class='ocrx_word' id='word_1_493' title='bbox 3189 2254 3424 2309; x_wconf 72' lang='lat' dir='ltr'><strong>muliere</strong></span> <span class='ocrx_word' id='word_1_494' title='bbox 3470 2266 3598 2311; x_wconf 88' lang='lat' dir='ltr'><strong>ante</strong></span> 
     </span>
    </p>
   </div>
   <div class='ocr_carea' id='block_1_67' title="bbox 2022 2339 3597 2413">
    <p class='ocr_par' dir='ltr' id='par_1_67' title="bbox 2022 2339 3597 2413">
     <span class='ocr_line' id='line_1_67' title="bbox 2022 2339 3597 2413; baseline 0.005 -20"><span class='ocrx_word' id='word_1_495' title='bbox 2022 2340 2515 2409; x_wconf 89' lang='lat' dir='ltr'><strong>transgressionem</strong></span> <span class='ocrx_word' id='word_1_496' title='bbox 2533 2340 2556 2393; x_wconf 91' lang='lat'><strong>?</strong></span> <span class='ocrx_word' id='word_1_497' title='bbox 2577 2339 2845 2406; x_wconf 87' lang='lat' dir='ltr'><strong>Quoniam</strong></span> <span class='ocrx_word' id='word_1_498' title='bbox 2868 2357 3000 2412; x_wconf 83' lang='lat' dir='ltr'><strong>ergo</strong></span> <span class='ocrx_word' id='word_1_499' title='bbox 3025 2355 3112 2398; x_wconf 89' lang='lat' dir='ltr'><strong>est</strong></span> <span class='ocrx_word' id='word_1_500' title='bbox 3138 2358 3333 2413; x_wconf 87' lang='lat' dir='ltr'><strong>magna</strong></span> <span class='ocrx_word' id='word_1_501' title='bbox 3355 2354 3413 2399; x_wconf 91' lang='lat' dir='ltr'><strong>et</strong></span> <span class='ocrx_word' id='word_1_502' title='bbox 3441 2360 3597 2401; x_wconf 88' lang='lat' dir='ltr'><strong>com-</strong></span> 
     </span>
    </p>
   </div>
   <div class='ocr_carea' id='block_1_68' title="bbox 2021 2431 3592 2506">
    <p class='ocr_par' dir='ltr' id='par_1_68' title="bbox 2021 2431 3592 2506">
     <span class='ocr_line' id='line_1_68' title="bbox 2021 2431 3592 2506; baseline 0.006 -22"><span class='ocrx_word' id='word_1_503' title='bbox 2021 2432 2304 2501; x_wconf 88' lang='lat' dir='ltr'><strong>prehensu</strong></span> <span class='ocrx_word' id='word_1_504' title='bbox 2355 2431 2597 2487; x_wconf 83' lang='lat' dir='ltr'><strong>dillicilis</strong></span> <span class='ocrx_word' id='word_1_505' title='bbox 2648 2448 2814 2502; x_wconf 87' lang='lat' dir='ltr'><strong>super</strong></span> <span class='ocrx_word' id='word_1_506' title='bbox 2874 2434 3061 2489; x_wconf 90' lang='lat' dir='ltr'><strong>omnia</strong></span> <span class='ocrx_word' id='word_1_507' title='bbox 3095 2451 3216 2505; x_wconf 64' lang='lat' dir='ltr'><strong>qua:</strong></span> <span class='ocrx_word' id='word_1_508' title='bbox 3255 2437 3413 2506; x_wconf 89' lang='lat' dir='ltr'><strong>prius</strong></span> <span class='ocrx_word' id='word_1_509' title='bbox 3442 2437 3592 2494; x_wconf 84' lang='lat' dir='ltr'><strong>dicta</strong></span> 
     </span>
    </p>
   </div>
   <div class='ocr_carea' id='block_1_69' title="bbox 2023 2528 3599 2596">
    <p class='ocr_par' dir='ltr' id='par_1_69' title="bbox 2023 2528 3599 2596">
     <span class='ocr_line' id='line_1_69' title="bbox 2023 2528 3599 2596; baseline 0.003 -16"><span class='ocrx_word' id='word_1_510' title='bbox 2023 2535 2155 2580; x_wconf 90' lang='lat' dir='ltr'><strong>sunt</strong></span> <span class='ocrx_word' id='word_1_511' title='bbox 2180 2540 2307 2579; x_wconf 88' lang='lat' dir='ltr'><strong>vera</strong></span> <span class='ocrx_word' id='word_1_512' title='bbox 2334 2540 2528 2579; x_wconf 89' lang='lat' dir='ltr'><strong>eorum</strong></span> <span class='ocrx_word' id='word_1_513' title='bbox 2564 2541 2687 2595; x_wconf 71' lang='lat' dir='ltr'><strong>qum</strong></span> <span class='ocrx_word' id='word_1_514' title='bbox 2724 2535 2854 2580; x_wconf 88' lang='lat' dir='ltr'><strong>sunt</strong></span> <span class='ocrx_word' id='word_1_515' title='bbox 2887 2528 3168 2596; x_wconf 88' lang='lat' dir='ltr'><strong>proposita</strong></span> <span class='ocrx_word' id='word_1_516' title='bbox 3200 2530 3599 2592; x_wconf 84' lang='lat' dir='ltr'><strong>consideratio,</strong></span> 
     </span>
    </p>
   </div>
   <div class='ocr_carea' id='block_1_70' title="bbox 2020 2617 3595 2689">
    <p class='ocr_par' dir='ltr' id='par_1_70' title="bbox 2020 2617 3595 2689">
     <span class='ocr_line' id='line_1_70' title="bbox 2020 2617 3595 2689; baseline 0.004 -18"><span class='ocrx_word' id='word_1_517' title='bbox 2020 2633 2131 2673; x_wconf 91' lang='lat' dir='ltr'><strong>non</strong></span> <span class='ocrx_word' id='word_1_518' title='bbox 2179 2618 2354 2672; x_wconf 89' lang='lat' dir='ltr'><strong>solum</strong></span> <span class='ocrx_word' id='word_1_519' title='bbox 2385 2617 2453 2672; x_wconf 92' lang='lat' dir='ltr'><strong>iis</strong></span> <span class='ocrx_word' id='word_1_520' title='bbox 2496 2617 2591 2687; x_wconf 89' lang='lat' dir='ltr'><strong>qui</strong></span> <span class='ocrx_word' id='word_1_521' title='bbox 2643 2626 2774 2672; x_wconf 89' lang='lat' dir='ltr'><strong>sunt</strong></span> <span class='ocrx_word' id='word_1_522' title='bbox 2815 2620 3023 2674; x_wconf 87' lang='lat' dir='ltr'><strong>nostris</strong></span> <span class='ocrx_word' id='word_1_523' title='bbox 3080 2622 3460 2689; x_wconf 89' lang='lat' dir='ltr'><strong>temporibus,</strong></span> <span class='ocrx_word' id='word_1_524' title='bbox 3496 2621 3595 2676; x_wconf 90' lang='lat' dir='ltr'><strong>sed</strong></span> 
     </span>
    </p>
   </div>
   <div class='ocr_carea' id='block_1_71' title="bbox 2019 2708 3594 2779">
    <p class='ocr_par' dir='ltr' id='par_1_71' title="bbox 2019 2708 3594 2779">
     <span class='ocr_line' id='line_1_71' title="bbox 2019 2708 3594 2779; baseline 0.003 -17"><span class='ocrx_word' id='word_1_525' title='bbox 2019 2710 2183 2763; x_wconf 89' lang='lat' dir='ltr'><strong>etiam</strong></span> <span class='ocrx_word' id='word_1_526' title='bbox 2209 2710 2279 2764; x_wconf 91' lang='lat' dir='ltr'><strong>iis</strong></span> <span class='ocrx_word' id='word_1_527' title='bbox 2312 2709 2408 2779; x_wconf 90' lang='lat' dir='ltr'><strong>qui</strong></span> <span class='ocrx_word' id='word_1_528' title='bbox 2457 2708 2645 2764; x_wconf 92' lang='lat' dir='ltr'><strong>multis</strong></span> <span class='ocrx_word' id='word_1_529' title='bbox 2690 2717 2814 2763; x_wconf 88' lang='lat' dir='ltr'><strong>ante</strong></span> <span class='ocrx_word' id='word_1_530' title='bbox 2863 2709 3080 2765; x_wconf 65' lang='lat' dir='ltr'><strong>saeculis</strong></span> <span class='ocrx_word' id='word_1_531' title='bbox 3115 2724 3147 2763; x_wconf 91' lang='lat' dir='ltr'><strong>a</strong></span> <span class='ocrx_word' id='word_1_532' title='bbox 3180 2710 3292 2764; x_wconf 90' lang='lat' dir='ltr'><strong>Deo</strong></span> <span class='ocrx_word' id='word_1_533' title='bbox 3321 2711 3476 2766; x_wconf 87' lang='lat' dir='ltr'><strong>fuere</strong></span> <span class='ocrx_word' id='word_1_534' title='bbox 3509 2711 3594 2767; x_wconf 74' lang='lat' dir='ltr'><strong>af~</strong></span> 
     </span>
    </p>
   </div>
   <div class='ocr_carea' id='block_1_72' title="bbox 2018 2797 3594 2868">
    <p class='ocr_par' dir='ltr' id='par_1_72' title="bbox 2018 2797 3594 2868">
     <span class='ocr_line' id='line_1_72' title="bbox 2018 2797 3594 2868; baseline 0.004 -17"><span class='ocrx_word' id='word_1_535' title='bbox 2018 2797 2156 2861; x_wconf 83' lang='lat' dir='ltr'><strong>ﬂati,</strong></span> <span class='ocrx_word' id='word_1_536' title='bbox 2185 2808 2241 2853; x_wconf 89' lang='lat' dir='ltr'><strong>et</strong></span> <span class='ocrx_word' id='word_1_537' title='bbox 2287 2799 2342 2852; x_wconf 90' lang='lat' dir='ltr'><strong>in</strong></span> <span class='ocrx_word' id='word_1_538' title='bbox 2373 2799 2441 2852; x_wconf 91' lang='lat' dir='ltr'><strong>iis</strong></span> <span class='ocrx_word' id='word_1_539' title='bbox 2461 2807 2589 2853; x_wconf 90' lang='lat' dir='ltr'><strong>sunt</strong></span> <span class='ocrx_word' id='word_1_540' title='bbox 2617 2799 2847 2868; x_wconf 88' lang='lat' dir='ltr'><strong>pulchre</strong></span> <span class='ocrx_word' id='word_1_541' title='bbox 2875 2800 3101 2865; x_wconf 90' lang='lat' dir='ltr'><strong>versati,</strong></span> <span class='ocrx_word' id='word_1_542' title='bbox 3133 2801 3278 2855; x_wconf 89' lang='lat' dir='ltr'><strong>sicut</strong></span> <span class='ocrx_word' id='word_1_543' title='bbox 3320 2801 3488 2856; x_wconf 89' lang='lat' dir='ltr'><strong>etiam</strong></span> <span class='ocrx_word' id='word_1_544' title='bbox 3514 2801 3594 2857; x_wconf 84' lang='lat' dir='ltr'><strong>di-</strong></span> 
     </span>
    </p>
   </div>
   <div class='ocr_carea' id='block_1_73' title="bbox 2017 2889 3590 2961">
    <p class='ocr_par' dir='ltr' id='par_1_73' title="bbox 2017 2889 3590 2961">
     <span class='ocr_line' id='line_1_73' title="bbox 2017 2889 3590 2961; baseline 0.001 -16"><span class='ocrx_word' id='word_1_545' title='bbox 2017 2892 2095 2945; x_wconf 91' lang='lat' dir='ltr'><strong>cit</strong></span> <span class='ocrx_word' id='word_1_546' title='bbox 2122 2890 2466 2945; x_wconf 87' lang='lat' dir='ltr'><strong>Adamantus</strong></span> <span class='ocrx_word' id='word_1_547' title='bbox 2488 2890 2694 2945; x_wconf 85' lang='lat' dir='ltr'><strong>Christi</strong></span> <span class='ocrx_word' id='word_1_548' title='bbox 2738 2889 3059 2961; x_wconf 89' lang='lat' dir='ltr'><strong>indagator:</strong></span> <span class='ocrx_word' id='word_1_549' title='bbox 3116 2891 3231 2945; x_wconf 84' lang='lat' dir='ltr'><strong>haec</strong></span> <span class='ocrx_word' id='word_1_550' title='bbox 3275 2907 3496 2961; x_wconf 89' lang='lat' dir='ltr'><strong>quoque</strong></span> <span class='ocrx_word' id='word_1_551' title='bbox 3520 2892 3590 2947; x_wconf 89' lang='lat' dir='ltr'><strong>ad</strong></span> 
     </span>
    </p>
   </div>
   <div class='ocr_carea' id='block_1_74' title="bbox 2017 2980 3593 3057">
    <p class='ocr_par' dir='ltr' id='par_1_74' title="bbox 2017 2980 3593 3057">
     <span class='ocr_line' id='line_1_74' title="bbox 2017 2980 3593 3057; baseline 0.001 -21"><span class='ocrx_word' id='word_1_552' title='bbox 2017 2982 2252 3036; x_wconf 90' lang='lat' dir='ltr'><strong>aliorum</strong></span> <span class='ocrx_word' id='word_1_553' title='bbox 2311 2980 2732 3035; x_wconf 88' lang='lat' dir='ltr'><strong>similitudinem</strong></span> <span class='ocrx_word' id='word_1_554' title='bbox 2779 2996 3091 3050; x_wconf 89' lang='lat' dir='ltr'><strong>precemur,</strong></span> <span class='ocrx_word' id='word_1_555' title='bbox 3146 2990 3207 3034; x_wconf 92' lang='lat' dir='ltr'><strong>ut</strong></span> <span class='ocrx_word' id='word_1_556' title='bbox 3258 2982 3593 3057; x_wconf 81' lang='lat' dir='ltr'><strong>accipiamus</strong></span> 
     </span>
    </p>
   </div>
   <div class='ocr_carea' id='block_1_75' title="bbox 2018 3066 3589 3137">
    <p class='ocr_par' dir='ltr' id='par_1_75' title="bbox 2018 3066 3589 3137">
     <span class='ocr_line' id='line_1_75' title="bbox 2018 3066 3589 3137; baseline 0.001 -16"><span class='ocrx_word' id='word_1_557' title='bbox 2018 3067 2249 3136; x_wconf 85' lang='lat' dir='ltr'><strong>digitum</strong></span> <span class='ocrx_word' id='word_1_558' title='bbox 2277 3067 2371 3135; x_wconf 92' lang='lat' dir='ltr'><strong>qui</strong></span> <span class='ocrx_word' id='word_1_559' title='bbox 2403 3067 2581 3135; x_wconf 81' lang='lat' dir='ltr'><strong>tetigit</strong></span> <span class='ocrx_word' id='word_1_560' title='bbox 2602 3067 2796 3121; x_wconf 91' lang='lat' dir='ltr'><strong>oculos</strong></span> <span class='ocrx_word' id='word_1_561' title='bbox 2818 3067 2947 3121; x_wconf 48' lang='lat' dir='ltr'><strong>caici</strong></span> <span class='ocrx_word' id='word_1_562' title='bbox 2969 3067 3039 3120; x_wconf 88' lang='lat' dir='ltr'><strong>ab</strong></span> <span class='ocrx_word' id='word_1_563' title='bbox 3063 3075 3213 3121; x_wconf 90' lang='lat' dir='ltr'><strong>ortu.</strong></span> <span class='ocrx_word' id='word_1_564' title='bbox 3236 3066 3338 3132; x_wconf 88' lang='lat' dir='ltr'><strong>Qui</strong></span> <span class='ocrx_word' id='word_1_565' title='bbox 3361 3067 3589 3137; x_wconf 82' lang='lat' dir='ltr'><strong>quidem</strong></span> 
     </span>
    </p>
   </div>
   <div class='ocr_carea' id='block_1_76' title="bbox 2015 3155 3591 3238">
    <p class='ocr_par' dir='ltr' id='par_1_76' title="bbox 2015 3155 3591 3238">
     <span class='ocr_line' id='line_1_76' title="bbox 2015 3155 3591 3238; baseline -0.001 -27"><span class='ocrx_word' id='word_1_566' title='bbox 2015 3156 2533 3211; x_wconf 87' lang='lat' dir='ltr'><strong>DominusAdamus</strong></span> <span class='ocrx_word' id='word_1_567' title='bbox 2552 3157 2735 3238; x_wconf 71' lang='lat' dir='ltr'><strong>statim</strong></span> <span class='ocrx_word' id='word_1_568' title='bbox 2764 3159 2831 3210; x_wconf 85' lang='lat' dir='ltr'><strong>ab</strong></span> <span class='ocrx_word' id='word_1_569' title='bbox 2857 3166 2982 3210; x_wconf 91' lang='lat' dir='ltr'><strong>ortu</strong></span> <span class='ocrx_word' id='word_1_570' title='bbox 3024 3155 3495 3222; x_wconf 84' lang='lat' dir='ltr'><strong>fuitimmortalis,</strong></span> <span class='ocrx_word' id='word_1_571' title='bbox 3528 3167 3591 3213; x_wconf 91' lang='lat' dir='ltr'><strong>ut</strong></span> 
     </span>
    </p>
   </div>
   <div class='ocr_carea' id='block_1_77' title="bbox 2015 3249 3592 3320">
    <p class='ocr_par' dir='ltr' id='par_1_77' title="bbox 2015 3249 3592 3320">
     <span class='ocr_line' id='line_1_77' title="bbox 2015 3249 3592 3320; baseline 0.001 -17"><span class='ocrx_word' id='word_1_572' title='bbox 2015 3250 2107 3319; x_wconf 85' lang='lat' dir='ltr'><strong>qui</strong></span> <span class='ocrx_word' id='word_1_573' title='bbox 2127 3250 2556 3304; x_wconf 89' lang='lat' dir='ltr'><strong>fueritoeulatus</strong></span> <span class='ocrx_word' id='word_1_574' title='bbox 2578 3265 2608 3303; x_wconf 91' lang='lat' dir='ltr'><strong>a</strong></span> <span class='ocrx_word' id='word_1_575' title='bbox 2622 3249 2717 3303; x_wconf 90' lang='lat' dir='ltr'><strong>Dei</strong></span> <span class='ocrx_word' id='word_1_576' title='bbox 2733 3249 2959 3314; x_wconf 88' lang='lat' dir='ltr'><strong>lumine,</strong></span> <span class='ocrx_word' id='word_1_577' title='bbox 2980 3257 3061 3313; x_wconf 90' lang='lat' dir='ltr'><strong>ut,</strong></span> <span class='ocrx_word' id='word_1_578' title='bbox 3080 3264 3204 3306; x_wconf 86' lang='lat' dir='ltr'><strong>cum</strong></span> <span class='ocrx_word' id='word_1_579' title='bbox 3221 3250 3592 3320; x_wconf 83' lang='lat' dir='ltr'><strong>tetigissetno-</strong></span> 
     </span>
    </p>
   </div>
   <div class='ocr_carea' id='block_1_78' title="bbox 2013 3340 3588 3411">
    <p class='ocr_par' dir='ltr' id='par_1_78' title="bbox 2013 3340 3588 3411">
     <span class='ocr_line' id='line_1_78' title="bbox 2013 3340 3588 3411; baseline -0.001 -13"><span class='ocrx_word' id='word_1_580' title='bbox 2013 3353 2157 3411; x_wconf 83' lang='lat' dir='ltr'><strong>stros</strong></span> <span class='ocrx_word' id='word_1_581' title='bbox 2167 3344 2378 3406; x_wconf 90' lang='lat' dir='ltr'><strong>oculos,</strong></span> <span class='ocrx_word' id='word_1_582' title='bbox 2398 3341 2609 3396; x_wconf 86' lang='lat' dir='ltr'><strong>diceret</strong></span> <span class='ocrx_word' id='word_1_583' title='bbox 2626 3359 2638 3394; x_wconf 89' lang='lat'>:</span> <span class='ocrx_word' id='word_1_584' title='bbox 2656 3340 2948 3411; x_wconf 75' lang='lat' dir='ltr'><strong>Ephplteta,</strong></span> <span class='ocrx_word' id='word_1_585' title='bbox 2964 3340 3101 3410; x_wconf 85' lang='lat' dir='ltr'><strong>quod</strong></span> <span class='ocrx_word' id='word_1_586' title='bbox 3113 3351 3208 3399; x_wconf 83' lang='lat' dir='ltr'><strong>est.</strong></span> <span class='ocrx_word' id='word_1_587' title='bbox 3224 3341 3504 3411; x_wconf 87' lang='lat' dir='ltr'><strong>adaperire</strong></span> <span class='ocrx_word' id='word_1_588' title='bbox 3521 3342 3588 3396; x_wconf 68' lang='grc'><strong>³⁸.</strong></span> 
     </span>
    </p>
   </div>
   <div class='ocr_carea' id='block_1_79' title="bbox 2010 3408 3585 3501">
    <p class='ocr_par' dir='ltr' id='par_1_79' title="bbox 2010 3408 3585 3501">
     <span class='ocr_line' id='line_1_79' title="bbox 2010 3408 3585 3501; baseline -0.002 -12"><span class='ocrx_word' id='word_1_589' title='bbox 2010 3408 2199 3489; x_wconf 80' lang='lat' dir='ltr'><strong>Nostri</strong></span> <span class='ocrx_word' id='word_1_590' title='bbox 2234 3433 2381 3487; x_wconf 87' lang='lat' dir='ltr'><strong>enim</strong></span> <span class='ocrx_word' id='word_1_591' title='bbox 2447 3432 2591 3499; x_wconf 83' lang='lat' dir='ltr'><strong>oculi</strong></span> <span class='ocrx_word' id='word_1_592' title='bbox 2627 3440 2887 3486; x_wconf 88' lang='lat' dir='ltr'><strong>tenentur</strong></span> <span class='ocrx_word' id='word_1_593' title='bbox 2925 3448 2995 3486; x_wconf 87' lang='lat' dir='ltr'><strong>ne</strong></span> <span class='ocrx_word' id='word_1_594' title='bbox 3044 3440 3234 3501; x_wconf 85' lang='lat' dir='ltr'><strong>aperte</strong></span> <span class='ocrx_word' id='word_1_595' title='bbox 3263 3441 3585 3501; x_wconf 84' lang='lat' dir='ltr'><strong>agnoscant.</strong></span> 
     </span>
    </p>
   </div>
   <div class='ocr_carea' id='block_1_80' title="bbox 2082 3523 3589 3594">
    <p class='ocr_par' dir='ltr' id='par_1_80' title="bbox 2082 3523 3589 3594">
     <span class='ocr_line' id='line_1_80' title="bbox 2082 3523 3589 3594; baseline -0.001 -15"><span class='ocrx_word' id='word_1_596' title='bbox 2082 3524 2371 3592; x_wconf 90' lang='lat' dir='ltr'><strong>Quomodo</strong></span> <span class='ocrx_word' id='word_1_597' title='bbox 2416 3524 2686 3593; x_wconf 88' lang='lat' dir='ltr'><strong>propheta</strong></span> <span class='ocrx_word' id='word_1_598' title='bbox 2743 3523 2967 3592; x_wconf 89' lang='lat' dir='ltr'><strong>quidem</strong></span> <span class='ocrx_word' id='word_1_599' title='bbox 3016 3523 3221 3587; x_wconf 85' lang='lat' dir='ltr'><strong>Moses,</strong></span> <span class='ocrx_word' id='word_1_600' title='bbox 3267 3524 3353 3578; x_wconf 89' lang='lat' dir='ltr'><strong>vel</strong></span> <span class='ocrx_word' id='word_1_601' title='bbox 3403 3524 3589 3594; x_wconf 88' lang='lat' dir='ltr'><strong>potius</strong></span> 
     </span>
    </p>
   </div>
   <div class='ocr_carea' id='block_1_81' title="bbox 2011 3615 3586 3688">
    <p class='ocr_par' dir='ltr' id='par_1_81' title="bbox 2011 3615 3586 3688">
     <span class='ocr_line' id='line_1_81' title="bbox 2011 3615 3586 3688; baseline -0.002 -14"><span class='ocrx_word' id='word_1_602' title='bbox 2011 3618 2239 3688; x_wconf 85' lang='lat' dir='ltr'><strong>angelus</strong></span> <span class='ocrx_word' id='word_1_603' title='bbox 2267 3616 2362 3687; x_wconf 90' lang='lat' dir='ltr'><strong>qui</strong></span> <span class='ocrx_word' id='word_1_604' title='bbox 2409 3616 2656 3685; x_wconf 79' lang='lat' dir='ltr'><strong>loquitur</strong></span> <span class='ocrx_word' id='word_1_605' title='bbox 2705 3615 2760 3669; x_wconf 91' lang='lat' dir='ltr'><strong>in</strong></span> <span class='ocrx_word' id='word_1_606' title='bbox 2791 3615 2934 3684; x_wconf 91' lang='lat' dir='ltr'><strong>ipso,</strong></span> <span class='ocrx_word' id='word_1_607' title='bbox 2970 3630 3070 3685; x_wconf 90' lang='lat' dir='ltr'><strong>per</strong></span> <span class='ocrx_word' id='word_1_608' title='bbox 3122 3631 3343 3671; x_wconf 89' lang='lat' dir='ltr'><strong>omnem</strong></span> <span class='ocrx_word' id='word_1_609' title='bbox 3402 3625 3586 3672; x_wconf 91' lang='lat' dir='ltr'><strong>actum</strong></span> 
     </span>
    </p>
   </div>
   <div class='ocr_carea' id='block_1_82' title="bbox 2010 3706 3586 3783">
    <p class='ocr_par' dir='ltr' id='par_1_82' title="bbox 2010 3706 3586 3783">
     <span class='ocr_line' id='line_1_82' title="bbox 2010 3706 3586 3783; baseline -0.006 -17"><span class='ocrx_word' id='word_1_610' title='bbox 2010 3711 2107 3783; x_wconf 88' lang='lat' dir='ltr'><strong>qui</strong></span> <span class='ocrx_word' id='word_1_611' title='bbox 2143 3717 2231 3765; x_wconf 91' lang='lat' dir='ltr'><strong>est</strong></span> <span class='ocrx_word' id='word_1_612' title='bbox 2286 3709 2343 3763; x_wconf 88' lang='lat' dir='ltr'><strong>in</strong></span> <span class='ocrx_word' id='word_1_613' title='bbox 2375 3707 2773 3769; x_wconf 89' lang='lat' dir='ltr'><strong>inobedicntia,</strong></span> <span class='ocrx_word' id='word_1_614' title='bbox 2810 3715 2867 3760; x_wconf 90' lang='lat' dir='ltr'><strong>et</strong></span> <span class='ocrx_word' id='word_1_615' title='bbox 2901 3716 3191 3774; x_wconf 91' lang='lat' dir='ltr'><strong>peccatum</strong></span> <span class='ocrx_word' id='word_1_616' title='bbox 3224 3706 3382 3776; x_wconf 86' lang='lat' dir='ltr'><strong>ligni,</strong></span> <span class='ocrx_word' id='word_1_617' title='bbox 3433 3722 3586 3762; x_wconf 88' lang='lat' dir='ltr'><strong>com-</strong></span> 
     </span>
    </p>
   </div>
   <div class='ocr_carea' id='block_1_83' title="bbox 2010 3797 3585 3867">
    <p class='ocr_par' dir='ltr' id='par_1_83' title="bbox 2010 3797 3585 3867">
     <span class='ocr_line' id='line_1_83' title="bbox 2010 3797 3585 3867; baseline -0.006 -8"><span class='ocrx_word' id='word_1_618' title='bbox 2010 3817 2209 3859; x_wconf 90' lang='lat' dir='ltr'><strong>munes</strong></span> <span class='ocrx_word' id='word_1_619' title='bbox 2230 3801 2363 3855; x_wconf 88' lang='lat' dir='ltr'><strong>facit</strong></span> <span class='ocrx_word' id='word_1_620' title='bbox 2422 3808 2479 3855; x_wconf 89' lang='lat' dir='ltr'><strong>et</strong></span> <span class='ocrx_word' id='word_1_621' title='bbox 2508 3799 2792 3867; x_wconf 74' lang='lat' dir='ltr'><strong>coniungit</strong></span> <span class='ocrx_word' id='word_1_622' title='bbox 2838 3797 3031 3852; x_wconf 86' lang='lat' dir='ltr'><strong>ambos</strong></span> <span class='ocrx_word' id='word_1_623' title='bbox 3070 3797 3462 3867; x_wconf 81' lang='lat' dir='ltr'><strong>protOpIastos,</strong></span> <span class='ocrx_word' id='word_1_624' title='bbox 3497 3797 3585 3852; x_wconf 85' lang='lat' dir='ltr'><strong>vel</strong></span> 
     </span>
    </p>
   </div>
   <div class='ocr_carea' id='block_1_84' title="bbox 2008 3888 3584 3967">
    <p class='ocr_par' dir='ltr' id='par_1_84' title="bbox 2008 3888 3584 3967">
     <span class='ocr_line' id='line_1_84' title="bbox 2008 3888 3584 3967; baseline -0.005 -17"><span class='ocrx_word' id='word_1_625' title='bbox 2008 3895 2197 3967; x_wconf 86' lang='lat' dir='ltr'><strong>potius</strong></span> <span class='ocrx_word' id='word_1_626' title='bbox 2222 3892 2513 3946; x_wconf 88' lang='lat' dir='ltr'><strong>mulierem</strong></span> <span class='ocrx_word' id='word_1_627' title='bbox 2542 3891 2713 3944; x_wconf 90' lang='lat' dir='ltr'><strong>solam</strong></span> <span class='ocrx_word' id='word_1_628' title='bbox 2737 3888 2981 3942; x_wconf 89' lang='lat' dir='ltr'><strong>ostendit</strong></span> <span class='ocrx_word' id='word_1_629' title='bbox 3013 3903 3135 3943; x_wconf 88' lang='lat' dir='ltr'><strong>esse</strong></span> <span class='ocrx_word' id='word_1_630' title='bbox 3154 3888 3212 3941; x_wconf 90' lang='lat' dir='ltr'><strong>in</strong></span> <span class='ocrx_word' id='word_1_631' title='bbox 3245 3888 3440 3956; x_wconf 89' lang='lat' dir='ltr'><strong>culpa:</strong></span> <span class='ocrx_word' id='word_1_632' title='bbox 3466 3888 3584 3957; x_wconf 90' lang='lat' dir='ltr'><strong>ipsa</strong></span> 
     </span>
    </p>
   </div>
   <div class='ocr_carea' id='block_1_85' title="bbox 2008 3978 3586 4053">
    <p class='ocr_par' dir='ltr' id='par_1_85' title="bbox 2008 3978 3586 4053">
     <span class='ocr_line' id='line_1_85' title="bbox 2008 3978 3586 4053; baseline -0.004 -10"><span class='ocrx_word' id='word_1_633' title='bbox 2008 3995 2094 4043; x_wconf 88' lang='lat' dir='ltr'><strong>est</strong></span> <span class='ocrx_word' id='word_1_634' title='bbox 2115 3986 2377 4048; x_wconf 88' lang='lat' dir='ltr'><strong>allocuta,</strong></span> <span class='ocrx_word' id='word_1_635' title='bbox 2410 3984 2527 4053; x_wconf 91' lang='lat' dir='ltr'><strong>ipsa</strong></span> <span class='ocrx_word' id='word_1_636' title='bbox 2566 3989 2652 4037; x_wconf 91' lang='lat' dir='ltr'><strong>cst</strong></span> <span class='ocrx_word' id='word_1_637' title='bbox 2704 3980 2956 4050; x_wconf 81' lang='lat' dir='ltr'><strong>decepta,</strong></span> <span class='ocrx_word' id='word_1_638' title='bbox 3008 3981 3124 4050; x_wconf 89' lang='lat' dir='ltr'><strong>ipsa</strong></span> <span class='ocrx_word' id='word_1_639' title='bbox 3162 3978 3425 4043; x_wconf 89' lang='lat' dir='ltr'><strong>comedit,</strong></span> <span class='ocrx_word' id='word_1_640' title='bbox 3466 3980 3586 4049; x_wconf 88' lang='lat' dir='ltr'><strong>ipsa</strong></span> 
     </span>
    </p>
   </div>
   <div class='ocr_carea' id='block_1_86' title="bbox 2008 4070 3586 4144">
    <p class='ocr_par' dir='ltr' id='par_1_86' title="bbox 2008 4070 3586 4144">
     <span class='ocr_line' id='line_1_86' title="bbox 2008 4070 3586 4144; baseline -0.009 -12"><span class='ocrx_word' id='word_1_641' title='bbox 2008 4080 2131 4132; x_wconf 91' lang='lat' dir='ltr'><strong>viro</strong></span> <span class='ocrx_word' id='word_1_642' title='bbox 2160 4076 2336 4138; x_wconf 88' lang='lat' dir='ltr'><strong>dedit,</strong></span> <span class='ocrx_word' id='word_1_643' title='bbox 2355 4076 2471 4144; x_wconf 90' lang='lat' dir='ltr'><strong>ipsa</strong></span> <span class='ocrx_word' id='word_1_644' title='bbox 2493 4074 2543 4129; x_wconf 91' lang='lat' dir='ltr'><strong>ei</strong></span> <span class='ocrx_word' id='word_1_645' title='bbox 2568 4084 2652 4127; x_wconf 89' lang='lat' dir='ltr'><strong>est</strong></span> <span class='ocrx_word' id='word_1_646' title='bbox 2682 4072 2962 4134; x_wconf 88' lang='lat' dir='ltr'><strong>insidiata,</strong></span> <span class='ocrx_word' id='word_1_647' title='bbox 2987 4071 3104 4140; x_wconf 85' lang='lat' dir='ltr'><strong>ipsa</strong></span> <span class='ocrx_word' id='word_1_648' title='bbox 3127 4070 3232 4124; x_wconf 89' lang='lat' dir='ltr'><strong>fuit</strong></span> <span class='ocrx_word' id='word_1_649' title='bbox 3264 4085 3430 4124; x_wconf 87' lang='lat' dir='ltr'><strong>causa</strong></span> <span class='ocrx_word' id='word_1_650' title='bbox 3454 4086 3586 4139; x_wconf 86' lang='lat' dir='ltr'><strong>pec.</strong></span> 
     </span>
    </p>
   </div>
   <div class='ocr_carea' id='block_1_87' title="bbox 2008 4160 3581 4233">
    <p class='ocr_par' dir='ltr' id='par_1_87' title="bbox 2008 4160 3581 4233">
     <span class='ocr_line' id='line_1_87' title="bbox 2008 4160 3581 4233; baseline -0.005 -10"><span class='ocrx_word' id='word_1_651' title='bbox 2008 4169 2141 4233; x_wconf 89' lang='lat' dir='ltr'><strong>cati,</strong></span> <span class='ocrx_word' id='word_1_652' title='bbox 2184 4166 2486 4229; x_wconf 86' lang='lat' dir='ltr'><strong>nuditatis,</strong></span> <span class='ocrx_word' id='word_1_653' title='bbox 2542 4164 2792 4228; x_wconf 88' lang='lat' dir='ltr'><strong>timoris,</strong></span> <span class='ocrx_word' id='word_1_654' title='bbox 2844 4162 3358 4233; x_wconf 79' lang='lat' dir='ltr'><strong>subligaculorum,</strong></span> <span class='ocrx_word' id='word_1_655' title='bbox 3410 4160 3581 4232; x_wconf 71' lang='lat' dir='ltr'><strong>fugae,</strong></span> 
     </span>
    </p>
   </div>
   <div class='ocr_carea' id='block_1_88' title="bbox 2006 4254 3581 4327">
    <p class='ocr_par' dir='ltr' id='par_1_88' title="bbox 2006 4254 3581 4327">
     <span class='ocr_line' id='line_1_88' title="bbox 2006 4254 3581 4327; baseline -0.004 -12"><span class='ocrx_word' id='word_1_656' title='bbox 2006 4258 2446 4315; x_wconf 87' lang='lat' dir='ltr'><strong>absconsionisa</strong></span> <span class='ocrx_word' id='word_1_657' title='bbox 2493 4258 2851 4327; x_wconf 70' lang='lat' dir='ltr'><strong>Dco,paenae,</strong></span> <span class='ocrx_word' id='word_1_658' title='bbox 2898 4254 3319 4320; x_wconf 79' lang='lat' dir='ltr'><strong>exsecrationis,</strong></span> <span class='ocrx_word' id='word_1_659' title='bbox 3366 4254 3581 4320; x_wconf 89' lang='lat' dir='ltr'><strong>mortis,</strong></span> 
     </span>
    </p>
   </div>
   <div class='ocr_carea' id='block_1_89' title="bbox 2003 4345 3586 4418">
    <p class='ocr_par' dir='ltr' id='par_1_89' title="bbox 2003 4345 3586 4418">
     <span class='ocr_line' id='line_1_89' title="bbox 2003 4345 3586 4418; baseline -0.006 -8"><span class='ocrx_word' id='word_1_660' title='bbox 2003 4361 2082 4418; x_wconf 91' lang='lat' dir='ltr'><strong>et,</strong></span> <span class='ocrx_word' id='word_1_661' title='bbox 2112 4361 2173 4406; x_wconf 92' lang='lat' dir='ltr'><strong>ut</strong></span> <span class='ocrx_word' id='word_1_662' title='bbox 2199 4351 2368 4406; x_wconf 89' lang='lat' dir='ltr'><strong>semel</strong></span> <span class='ocrx_word' id='word_1_663' title='bbox 2395 4350 2599 4413; x_wconf 91' lang='lat' dir='ltr'><strong>dicam,</strong></span> <span class='ocrx_word' id='word_1_664' title='bbox 2638 4348 2907 4402; x_wconf 90' lang='lat' dir='ltr'><strong>malorum</strong></span> <span class='ocrx_word' id='word_1_665' title='bbox 2960 4345 3472 4401; x_wconf 88' lang='lat' dir='ltr'><strong>innumerabilium.</strong></span> <span class='ocrx_word' id='word_1_666' title='bbox 3516 4346 3586 4400; x_wconf 90' lang='lat' dir='ltr'><strong>Et</strong></span> 
     </span>
    </p>
   </div>
   <div class='ocr_carea' id='block_1_90' title="bbox 399 4434 3582 4519">
    <p class='ocr_par' dir='ltr' id='par_1_90' title="bbox 399 4434 3582 4519">
     <span class='ocr_line' id='line_1_90' title="bbox 399 4434 3582 4519; baseline 0.001 -30"><span class='ocrx_word' id='word_1_667' title='bbox 399 4434 653 4493; x_wconf 82' lang='lat' dir='ltr'><strong>Fortasse</strong></span> <span class='ocrx_word' id='word_1_668' title='bbox 678 4455 789 4494; x_wconf 91' lang='lat' dir='ltr'><strong>non</strong></span> <span class='ocrx_word' id='word_1_669' title='bbox 829 4450 917 4496; x_wconf 87' lang='lat' dir='ltr'><strong>est</strong></span> <span class='ocrx_word' id='word_1_670' title='bbox 953 4442 1220 4509; x_wconf 92' lang='lat' dir='ltr'><strong>alienum,</strong></span> <span class='ocrx_word' id='word_1_671' title='bbox 1271 4446 1420 4517; x_wconf 90' lang='lat' dir='ltr'><strong>quod</strong></span> <span class='ocrx_word' id='word_1_672' title='bbox 1456 4448 1565 4506; x_wconf 68' lang='lat' dir='ltr'><strong>illm</strong></span> <span class='ocrx_word' id='word_1_673' title='bbox 1616 4450 1898 4519; x_wconf 83' lang='lat' dir='ltr'><strong>dixerunt,</strong></span> <span class='ocrx_word' id='word_1_674' title='bbox 1923 4440 1980 4502; x_wconf 81' lang='lat' dir='ltr'><strong>D</strong></span> <span class='ocrx_word' id='word_1_675' title='bbox 2005 4461 2129 4502; x_wconf 92' lang='lat' dir='ltr'><strong>cum</strong></span> <span class='ocrx_word' id='word_1_676' title='bbox 2149 4442 2368 4499; x_wconf 66' lang='lat' dir='ltr'><strong>haecita</strong></span> <span class='ocrx_word' id='word_1_677' title='bbox 2398 4441 2656 4503; x_wconf 84' lang='lat' dir='ltr'><strong>habeant,</strong></span> <span class='ocrx_word' id='word_1_678' title='bbox 2695 4439 2975 4509; x_wconf 88' lang='lat' dir='ltr'><strong>quomodo</strong></span> <span class='ocrx_word' id='word_1_679' title='bbox 3024 4439 3171 4494; x_wconf 88' lang='lat' dir='ltr'><strong>Deus</strong></span> <span class='ocrx_word' id='word_1_680' title='bbox 3218 4452 3343 4492; x_wconf 89' lang='lat' dir='ltr'><strong>cum</strong></span> <span class='ocrx_word' id='word_1_681' title='bbox 3393 4452 3582 4493; x_wconf 82' lang='lat' dir='ltr'><strong>acces-</strong></span> 
     </span>
    </p>
   </div>
   <div class='ocr_carea' id='block_1_91' title="bbox 327 4525 1903 4610">
    <p class='ocr_par' dir='ltr' id='par_1_91' title="bbox 327 4525 1903 4610">
     <span class='ocr_line' id='line_1_91' title="bbox 327 4525 1903 4610; baseline 0.01 -31"><span class='ocrx_word' id='word_1_682' title='bbox 327 4525 511 4602; x_wconf 15' lang='lat' dir='ltr'><strong>Maria.</strong></span> <span class='ocrx_word' id='word_1_683' title='bbox 539 4536 597 4582; x_wconf 86' lang='lat' dir='ltr'><strong>et</strong></span> <span class='ocrx_word' id='word_1_684' title='bbox 644 4527 862 4584; x_wconf 88' lang='lat' dir='ltr'><strong>Salome</strong></span> <span class='ocrx_word' id='word_1_685' title='bbox 893 4541 950 4585; x_wconf 92' lang='lat' dir='ltr'><strong>ct</strong></span> <span class='ocrx_word' id='word_1_686' title='bbox 1002 4532 1239 4599; x_wconf 80' lang='lat' dir='ltr'><strong>Joanna,</strong></span> <span class='ocrx_word' id='word_1_687' title='bbox 1292 4546 1607 4604; x_wconf 70' lang='lat' dir='ltr'><strong>quaerentes</strong></span> <span class='ocrx_word' id='word_1_688' title='bbox 1637 4553 1765 4592; x_wconf 91' lang='lat' dir='ltr'><strong>eum</strong></span> <span class='ocrx_word' id='word_1_689' title='bbox 1806 4541 1903 4610; x_wconf 91' lang='lat' dir='ltr'><strong>qui</strong></span> 
     </span>
    </p>
   </div>
   <div class='ocr_carea' id='block_1_92' title="bbox 327 4617 1902 4701">
    <p class='ocr_par' dir='ltr' id='par_1_92' title="bbox 327 4617 1902 4701">
     <span class='ocr_line' id='line_1_92' title="bbox 327 4617 1902 4701; baseline 0.01 -31"><span class='ocrx_word' id='word_1_690' title='bbox 327 4617 536 4672; x_wconf 88' lang='lat' dir='ltr'><strong>latebat</strong></span> <span class='ocrx_word' id='word_1_691' title='bbox 589 4619 646 4673; x_wconf 91' lang='lat' dir='ltr'><strong>in</strong></span> <span class='ocrx_word' id='word_1_692' title='bbox 678 4621 936 4690; x_wconf 87' lang='lat' dir='ltr'><strong>paradiso</strong></span> <span class='ocrx_word' id='word_1_693' title='bbox 987 4622 1261 4693; x_wconf 85' lang='lat' dir='ltr'><strong>Golgotha</strong></span> <span class='ocrx_word' id='word_1_694' title='bbox 1317 4627 1423 4682; x_wconf 85' lang='lat' dir='ltr'><strong>sub</strong></span> <span class='ocrx_word' id='word_1_695' title='bbox 1472 4627 1646 4699; x_wconf 88' lang='lat' dir='ltr'><strong>ligno,</strong></span> <span class='ocrx_word' id='word_1_696' title='bbox 1702 4646 1902 4701; x_wconf 74' lang='lat' dir='ltr'><strong>nempe</strong></span> 
     </span>
    </p>
   </div>
   <div class='ocr_carea' id='block_1_93' title="bbox 327 4708 1905 4786">
    <p class='ocr_par' dir='ltr' id='par_1_93' title="bbox 327 4708 1905 4786">
     <span class='ocr_line' id='line_1_93' title="bbox 327 4708 1905 4786; baseline 0.009 -22"><span class='ocrx_word' id='word_1_697' title='bbox 327 4708 545 4769; x_wconf 85' lang='lat' dir='ltr'><strong>nudum</strong></span> <span class='ocrx_word' id='word_1_698' title='bbox 565 4708 852 4767; x_wconf 90' lang='lat' dir='ltr'><strong>Christum</strong></span> <span class='ocrx_word' id='word_1_699' title='bbox 882 4715 1056 4770; x_wconf 83' lang='lat' dir='ltr'><strong>Adam</strong></span> <span class='ocrx_word' id='word_1_700' title='bbox 1087 4732 1253 4786; x_wconf 85' lang='lat' dir='ltr'><strong>quem</strong></span> <span class='ocrx_word' id='word_1_701' title='bbox 1277 4719 1494 4773; x_wconf 90' lang='lat' dir='ltr'><strong>vocavit</strong></span> <span class='ocrx_word' id='word_1_702' title='bbox 1514 4730 1565 4774; x_wconf 90' lang='lat' dir='ltr'><strong>et</strong></span> <span class='ocrx_word' id='word_1_703' title='bbox 1592 4722 1905 4778; x_wconf 80' lang='lat' dir='ltr'><strong>cduxitDo-</strong></span> 
     </span>
    </p>
   </div>
   <div class='ocr_carea' id='block_1_94' title="bbox 327 4805 1904 4873">
    <p class='ocr_par' dir='ltr' id='par_1_94' title="bbox 327 4805 1904 4873">
     <span class='ocr_line' id='line_1_94' title="bbox 327 4805 1904 4873; baseline 0.008 -15"><span class='ocrx_word' id='word_1_704' title='bbox 327 4805 517 4859; x_wconf 87' lang='lat' dir='ltr'><strong>minus</strong></span> <span class='ocrx_word' id='word_1_705' title='bbox 547 4805 695 4860; x_wconf 90' lang='lat' dir='ltr'><strong>Deus</strong></span> <span class='ocrx_word' id='word_1_706' title='bbox 721 4821 789 4869; x_wconf 79' lang='lat' dir='ltr'><strong>ex</strong></span> <span class='ocrx_word' id='word_1_707' title='bbox 842 4807 1092 4873; x_wconf 86' lang='lat' dir='ltr'><strong>latebris,</strong></span> <span class='ocrx_word' id='word_1_708' title='bbox 1118 4808 1366 4865; x_wconf 84' lang='lat' dir='ltr'><strong>excitans</strong></span> <span class='ocrx_word' id='word_1_709' title='bbox 1396 4825 1523 4864; x_wconf 84' lang='lat' dir='ltr'><strong>eum</strong></span> <span class='ocrx_word' id='word_1_710' title='bbox 1564 4826 1629 4866; x_wconf 82' lang='lat' dir='ltr'><strong>ex</strong></span> <span class='ocrx_word' id='word_1_711' title='bbox 1669 4813 1904 4871; x_wconf 89' lang='lat' dir='ltr'><strong>mortuis</strong></span> 
     </span>
    </p>
   </div>
   <div class='ocr_carea' id='block_1_95' title="bbox 325 4896 1904 4970">
    <p class='ocr_par' dir='ltr' id='par_1_95' title="bbox 325 4896 1904 4970">
     <span class='ocr_line' id='line_1_95' title="bbox 325 4896 1904 4970; baseline 0.007 -20"><span class='ocrx_word' id='word_1_712' title='bbox 325 4896 635 4954; x_wconf 86' lang='lat' dir='ltr'><strong>secundum</strong></span> <span class='ocrx_word' id='word_1_713' title='bbox 666 4911 910 4960; x_wconf 88' lang='lat' dir='ltr'><strong>carnem,</strong></span> <span class='ocrx_word' id='word_1_714' title='bbox 953 4899 1058 4953; x_wconf 93' lang='lat' dir='ltr'><strong>hoc</strong></span> <span class='ocrx_word' id='word_1_715' title='bbox 1082 4914 1185 4953; x_wconf 91' lang='lat' dir='ltr'><strong>nos</strong></span> <span class='ocrx_word' id='word_1_716' title='bbox 1221 4916 1441 4970; x_wconf 87' lang='lat' dir='ltr'><strong>quoque</strong></span> <span class='ocrx_word' id='word_1_717' title='bbox 1488 4903 1677 4958; x_wconf 90' lang='lat' dir='ltr'><strong>dicere</strong></span> <span class='ocrx_word' id='word_1_718' title='bbox 1702 4903 1770 4959; x_wconf 88' lang='lat' dir='ltr'><strong>de</strong></span> <span class='ocrx_word' id='word_1_719' title='bbox 1799 4905 1904 4961; x_wconf 91' lang='lat' dir='ltr'><strong>hoc</strong></span> 
     </span>
    </p>
   </div>
   <div class='ocr_carea' id='block_1_96' title="bbox 324 4985 1901 5062">
    <p class='ocr_par' dir='ltr' id='par_1_96' title="bbox 324 4985 1901 5062">
     <span class='ocr_line' id='line_1_96' title="bbox 324 4985 1901 5062; baseline 0.003 -21"><span class='ocrx_word' id='word_1_720' title='bbox 324 4987 538 5041; x_wconf 86' lang='lat' dir='ltr'><strong>Adamo</strong></span> <span class='ocrx_word' id='word_1_721' title='bbox 565 4985 661 5055; x_wconf 91' lang='lat' dir='ltr'><strong>qui</strong></span> <span class='ocrx_word' id='word_1_722' title='bbox 691 4986 898 5041; x_wconf 85' lang='lat' dir='ltr'><strong>latebat</strong></span> <span class='ocrx_word' id='word_1_723' title='bbox 944 4988 1000 5041; x_wconf 90' lang='lat' dir='ltr'><strong>in</strong></span> <span class='ocrx_word' id='word_1_724' title='bbox 1047 4988 1153 5042; x_wconf 87' lang='lat' dir='ltr'><strong>hoc</strong></span> <span class='ocrx_word' id='word_1_725' title='bbox 1199 4988 1361 5042; x_wconf 87' lang='lat' dir='ltr'><strong>horto</strong></span> <span class='ocrx_word' id='word_1_726' title='bbox 1413 4988 1470 5043; x_wconf 93' lang='lat' dir='ltr'><strong>in</strong></span> <span class='ocrx_word' id='word_1_727' title='bbox 1517 4990 1698 5046; x_wconf 90' lang='lat' dir='ltr'><strong>medio</strong></span> <span class='ocrx_word' id='word_1_728' title='bbox 1742 4991 1901 5062; x_wconf 84' lang='lat' dir='ltr'><strong>ligni,</strong></span> 
     </span>
    </p>
   </div>
   <div class='ocr_carea' id='block_1_97' title="bbox 327 5074 1900 5153">
    <p class='ocr_par' dir='ltr' id='par_1_97' title="bbox 327 5074 1900 5153">
     <span class='ocr_line' id='line_1_97' title="bbox 327 5074 1900 5153; baseline 0.004 -22"><span class='ocrx_word' id='word_1_729' title='bbox 327 5074 495 5148; x_wconf 84' lang='lat' dir='ltr'><strong>quem</strong></span> <span class='ocrx_word' id='word_1_730' title='bbox 517 5092 771 5146; x_wconf 57' lang='lat' dir='ltr'><strong>quaerens</strong></span> <span class='ocrx_word' id='word_1_731' title='bbox 798 5078 945 5132; x_wconf 88' lang='lat' dir='ltr'><strong>Deus</strong></span> <span class='ocrx_word' id='word_1_732' title='bbox 976 5079 1247 5134; x_wconf 88' lang='lat' dir='ltr'><strong>suscitare</strong></span> <span class='ocrx_word' id='word_1_733' title='bbox 1268 5079 1325 5132; x_wconf 92' lang='lat' dir='ltr'><strong>in</strong></span> <span class='ocrx_word' id='word_1_734' title='bbox 1352 5079 1606 5146; x_wconf 89' lang='lat' dir='ltr'><strong>meridie,</strong></span> <span class='ocrx_word' id='word_1_735' title='bbox 1630 5080 1697 5135; x_wconf 89' lang='lat' dir='ltr'><strong>ad</strong></span> <span class='ocrx_word' id='word_1_736' title='bbox 1721 5082 1900 5153; x_wconf 91' lang='lat' dir='ltr'><strong>ipsum</strong></span> 
     </span>
    </p>
   </div>
   <div class='ocr_carea' id='block_1_98' title="bbox 325 5169 1901 5243">
    <p class='ocr_par' dir='ltr' id='par_1_98' title="bbox 325 5169 1901 5243">
     <span class='ocr_line' id='line_1_98' title="bbox 325 5169 1901 5243; baseline 0.001 -17"><span class='ocrx_word' id='word_1_737' title='bbox 325 5170 575 5226; x_wconf 83' lang='lat' dir='ltr'><strong>advenit.</strong></span> <span class='ocrx_word' id='word_1_738' title='bbox 600 5169 711 5225; x_wconf 65' lang='lat' dir='ltr'><strong>Illae</strong></span> <span class='ocrx_word' id='word_1_739' title='bbox 745 5171 917 5237; x_wconf 85' lang='lat' dir='ltr'><strong>enim,</strong></span> <span class='ocrx_word' id='word_1_740' title='bbox 952 5186 1152 5241; x_wconf 89' lang='lat' dir='ltr'><strong>nempe</strong></span> <span class='ocrx_word' id='word_1_741' title='bbox 1206 5170 1377 5226; x_wconf 81' lang='lat' dir='ltr'><strong>Maria</strong></span> <span class='ocrx_word' id='word_1_742' title='bbox 1419 5172 1738 5243; x_wconf 81' lang='lat' dir='ltr'><strong>Magdalene</strong></span> <span class='ocrx_word' id='word_1_743' title='bbox 1773 5189 1901 5228; x_wconf 91' lang='lat' dir='ltr'><strong>cum</strong></span> 
     </span>
    </p>
   </div>
   <div class='ocr_carea' id='block_1_99' title="bbox 325 5262 1898 5335">
    <p class='ocr_par' dir='ltr' id='par_1_99' title="bbox 325 5262 1898 5335">
     <span class='ocr_line' id='line_1_99' title="bbox 325 5262 1898 5335; baseline 0.002 -19"><span class='ocrx_word' id='word_1_744' title='bbox 325 5262 551 5318; x_wconf 84' lang='lat' dir='ltr'><strong>duabus</strong></span> <span class='ocrx_word' id='word_1_745' title='bbox 571 5262 994 5319; x_wconf 85' lang='lat' dir='ltr'><strong>aliisdicebant:</strong></span> <span class='ocrx_word' id='word_1_746' title='bbox 1031 5263 1161 5329; x_wconf 81' lang='lat' dir='ltr'><strong>Quis</strong></span> <span class='ocrx_word' id='word_1_747' title='bbox 1184 5264 1409 5319; x_wconf 80' lang='lat' dir='ltr'><strong>revoloet</strong></span> <span class='ocrx_word' id='word_1_748' title='bbox 1432 5265 1577 5318; x_wconf 84' lang='lat' dir='ltr'><strong>nobis</strong></span> <span class='ocrx_word' id='word_1_749' title='bbox 1599 5265 1829 5335; x_wconf 85' lang='lat' dir='ltr'><strong>lapidem</strong></span> <span class='ocrx_word' id='word_1_750' title='bbox 1854 5267 1898 5298; x_wconf 79' lang='grc'><strong>³⁸</strong></span> 
     </span>
    </p>
   </div>
   <div class='ocr_carea' id='block_1_100' title="bbox 324 5354 1374 5426">
    <p class='ocr_par' dir='ltr' id='par_1_100' title="bbox 324 5354 1374 5426">
     <span class='ocr_line' id='line_1_100' title="bbox 324 5354 1374 5426; baseline 0.002 -16"><span class='ocrx_word' id='word_1_751' title='bbox 324 5364 394 5410; x_wconf 84' lang='lat' dir='ltr'><strong>ut</strong></span> <span class='ocrx_word' id='word_1_752' title='bbox 419 5354 711 5411; x_wconf 84' lang='lat' dir='ltr'><strong>videamus</strong></span> <span class='ocrx_word' id='word_1_753' title='bbox 739 5371 867 5410; x_wconf 90' lang='lat' dir='ltr'><strong>eum</strong></span> <span class='ocrx_word' id='word_1_754' title='bbox 898 5356 992 5426; x_wconf 92' lang='lat' dir='ltr'><strong>qui</strong></span> <span class='ocrx_word' id='word_1_755' title='bbox 1021 5356 1172 5411; x_wconf 92' lang='lat' dir='ltr'><strong>intus</strong></span> <span class='ocrx_word' id='word_1_756' title='bbox 1203 5357 1374 5412; x_wconf 86' lang='lat' dir='ltr'><strong>latet?</strong></span> 
     </span>
    </p>
   </div>
   <div class='ocr_carea' id='block_1_101' title="bbox 398 5446 1900 5518">
    <p class='ocr_par' dir='ltr' id='par_1_101' title="bbox 398 5446 1900 5518">
     <span class='ocr_line' id='line_1_101' title="bbox 398 5446 1900 5518; baseline 0.003 -16"><span class='ocrx_word' id='word_1_757' title='bbox 398 5446 667 5503; x_wconf 78' lang='lat' dir='ltr'><strong>Similiter</strong></span> <span class='ocrx_word' id='word_1_758' title='bbox 701 5448 846 5504; x_wconf 89' lang='lat' dir='ltr'><strong>idem</strong></span> <span class='ocrx_word' id='word_1_759' title='bbox 887 5447 1023 5501; x_wconf 89' lang='lat' dir='ltr'><strong>mihi</strong></span> <span class='ocrx_word' id='word_1_760' title='bbox 1048 5462 1270 5518; x_wconf 90' lang='lat' dir='ltr'><strong>quoque</strong></span> <span class='ocrx_word' id='word_1_761' title='bbox 1302 5451 1575 5506; x_wconf 90' lang='lat' dir='ltr'><strong>succurrit</strong></span> <span class='ocrx_word' id='word_1_762' title='bbox 1606 5450 1900 5506; x_wconf 83' lang='lat' dir='ltr'><strong>dicendum</strong></span> 
     </span>
    </p>
   </div>
   <div class='ocr_carea' id='block_1_102' title="bbox 324 5539 1902 5617">
    <p class='ocr_par' dir='ltr' id='par_1_102' title="bbox 324 5539 1902 5617">
     <span class='ocr_line' id='line_1_102' title="bbox 324 5539 1902 5617; baseline 0.003 -19"><span class='ocrx_word' id='word_1_763' title='bbox 324 5542 384 5598; x_wconf 85' lang='lat' dir='ltr'><strong>in</strong></span> <span class='ocrx_word' id='word_1_764' title='bbox 417 5539 726 5610; x_wconf 88' lang='lat' dir='ltr'><strong>propositis</strong></span> <span class='ocrx_word' id='word_1_765' title='bbox 774 5549 830 5594; x_wconf 91' lang='lat' dir='ltr'><strong>et</strong></span> <span class='ocrx_word' id='word_1_766' title='bbox 878 5556 987 5593; x_wconf 79' lang='lat' dir='ltr'><strong>non</strong></span> <span class='ocrx_word' id='word_1_767' title='bbox 1046 5539 1569 5609; x_wconf 84' lang='lat' dir='ltr'><strong>contemplabilibus</strong></span> <span class='ocrx_word' id='word_1_768' title='bbox 1622 5547 1902 5617; x_wconf 75' lang='lat' dir='ltr'><strong>mysteriis</strong></span> 
     </span>
    </p>
   </div>
   <div class='ocr_carea' id='block_1_103' title="bbox 403 5715 1438 5794">
    <p class='ocr_par' dir='ltr' id='par_1_103' title="bbox 403 5715 1438 5794">
     <span class='ocr_line' id='line_1_103' title="bbox 403 5715 1438 5794; baseline 0.005 -24"><span class='ocrx_word' id='word_1_769' title='bbox 403 5715 452 5749; x_wconf 80' lang='grc'><strong><em>⁸⁸</em></strong></span> <span class='ocrx_word' id='word_1_770' title='bbox 481 5715 669 5770; x_wconf 76' lang='lat' dir='ltr'><strong>Matth.</strong></span> <span class='ocrx_word' id='word_1_771' title='bbox 700 5731 804 5768; x_wconf 71' lang='lat' dir='ltr'><strong>ut.</strong></span> <span class='ocrx_word' id='word_1_772' title='bbox 839 5716 920 5771; x_wconf 77' lang='lat'><strong>19.</strong></span> <span class='ocrx_word' id='word_1_773' title='bbox 1002 5720 1040 5750; x_wconf 82' lang='grc'><strong>³¹</strong></span> <span class='ocrx_word' id='word_1_774' title='bbox 1065 5718 1252 5773; x_wconf 75' lang='lat' dir='ltr'><strong>Matth.</strong></span> <span class='ocrx_word' id='word_1_775' title='bbox 1275 5733 1332 5794; x_wconf 66' lang='grc' dir='ltr'><strong>ι’,</strong></span> <span class='ocrx_word' id='word_1_776' title='bbox 1360 5721 1438 5775; x_wconf 77' lang='lat' dir='ltr'><strong>l8.</strong></span> 
     </span>
    </p>
   </div>
   <div class='ocr_carea' id='block_1_104' title="bbox 1520 5722 1955 5793">
    <p class='ocr_par' dir='ltr' id='par_1_104' title="bbox 1520 5722 1955 5793">
     <span class='ocr_line' id='line_1_104' title="bbox 1520 5722 1955 5793; baseline 0.002 -17"><span class='ocrx_word' id='word_1_777' title='bbox 1520 5722 1562 5753; x_wconf 76' lang='grc'><strong>³⁸</strong></span> <span class='ocrx_word' id='word_1_778' title='bbox 1592 5722 1752 5783; x_wconf 80' lang='lat' dir='ltr'><strong>Marc.</strong></span> <span class='ocrx_word' id='word_1_779' title='bbox 1791 5738 1895 5793; x_wconf 66' lang='lat' dir='ltr'><strong>xw,</strong></span> <span class='ocrx_word' id='word_1_780' title='bbox 1923 5724 1955 5777; x_wconf 77' lang='grc' dir='ltr'>ὖ</span> 
     </span>
    </p>
   </div>
   <div class='ocr_carea' id='block_1_105' title="bbox 2009 4530 3584 4601">
    <p class='ocr_par' dir='ltr' id='par_1_105' title="bbox 2009 4530 3584 4601">
     <span class='ocr_line' id='line_1_105' title="bbox 2009 4530 3584 4601; baseline -0.006 -7"><span class='ocrx_word' id='word_1_781' title='bbox 2009 4540 2174 4595; x_wconf 89' lang='lat' dir='ltr'><strong>sisset</strong></span> <span class='ocrx_word' id='word_1_782' title='bbox 2198 4536 2297 4591; x_wconf 91' lang='lat' dir='ltr'><strong>illo</strong></span> <span class='ocrx_word' id='word_1_783' title='bbox 2327 4532 2562 4589; x_wconf 86' lang='lat' dir='ltr'><strong>meridie</strong></span> <span class='ocrx_word' id='word_1_784' title='bbox 2594 4532 2664 4588; x_wconf 88' lang='lat' dir='ltr'><strong>ad</strong></span> <span class='ocrx_word' id='word_1_785' title='bbox 2704 4530 3126 4601; x_wconf 81' lang='lat' dir='ltr'><strong>inquisitionem</strong></span> <span class='ocrx_word' id='word_1_786' title='bbox 3164 4539 3219 4585; x_wconf 86' lang='lat' dir='ltr'><strong>et</strong></span> <span class='ocrx_word' id='word_1_787' title='bbox 3254 4530 3428 4584; x_wconf 87' lang='lat' dir='ltr'><strong>veluti</strong></span> <span class='ocrx_word' id='word_1_788' title='bbox 3450 4544 3584 4584; x_wconf 81' lang='lat' dir='ltr'><strong>exa-</strong></span> 
     </span>
    </p>
   </div>
   <div class='ocr_carea' id='block_1_106' title="bbox 2009 4623 3584 4695">
    <p class='ocr_par' dir='ltr' id='par_1_106' title="bbox 2009 4623 3584 4695">
     <span class='ocr_line' id='line_1_106' title="bbox 2009 4623 3584 4695; baseline -0.006 -10"><span class='ocrx_word' id='word_1_789' title='bbox 2009 4629 2370 4685; x_wconf 89' lang='lat' dir='ltr'><strong>minationem</strong></span> <span class='ocrx_word' id='word_1_790' title='bbox 2406 4641 2602 4682; x_wconf 89' lang='lat' dir='ltr'><strong>eorum</strong></span> <span class='ocrx_word' id='word_1_791' title='bbox 2652 4624 2747 4695; x_wconf 92' lang='lat' dir='ltr'><strong>qui</strong></span> <span class='ocrx_word' id='word_1_792' title='bbox 2798 4640 2910 4679; x_wconf 90' lang='lat' dir='ltr'><strong>non</strong></span> <span class='ocrx_word' id='word_1_793' title='bbox 2961 4623 3320 4684; x_wconf 81' lang='lat' dir='ltr'><strong>obedierunt,</strong></span> <span class='ocrx_word' id='word_1_794' title='bbox 3346 4637 3456 4675; x_wconf 94' lang='lat' dir='ltr'><strong>non</strong></span> <span class='ocrx_word' id='word_1_795' title='bbox 3482 4636 3584 4676; x_wconf 88' lang='lat' dir='ltr'><strong>vo-</strong></span> 
     </span>
    </p>
   </div>
   <div class='ocr_carea' id='block_1_107' title="bbox 1998 4700 3584 4781">
    <p class='ocr_par' dir='ltr' id='par_1_107' title="bbox 1998 4700 3584 4781">
     <span class='ocr_line' id='line_1_107' title="bbox 1998 4700 3584 4781; baseline -0.007 -5"><span class='ocrx_word' id='word_1_796' title='bbox 1998 4700 2412 4776; x_wconf 19' lang='lat' dir='ltr'><strong>ycatmulierem</strong></span> <span class='ocrx_word' id='word_1_797' title='bbox 2434 4719 2504 4773; x_wconf 89' lang='lat' dir='ltr'><strong>ad</strong></span> <span class='ocrx_word' id='word_1_798' title='bbox 2541 4715 3032 4779; x_wconf 82' lang='lat' dir='ltr'><strong>examinationem,</strong></span> <span class='ocrx_word' id='word_1_799' title='bbox 3084 4729 3195 4768; x_wconf 91' lang='lat' dir='ltr'><strong>non</strong></span> <span class='ocrx_word' id='word_1_800' title='bbox 3246 4727 3367 4767; x_wconf 87' lang='lat' dir='ltr'><strong>eam</strong></span> <span class='ocrx_word' id='word_1_801' title='bbox 3401 4711 3584 4781; x_wconf 86' lang='lat' dir='ltr'><strong>gravi-</strong></span> 
     </span>
    </p>
   </div>
   <div class='ocr_carea' id='block_1_108' title="bbox 2007 4805 3582 4882">
    <p class='ocr_par' dir='ltr' id='par_1_108' title="bbox 2007 4805 3582 4882">
     <span class='ocr_line' id='line_1_108' title="bbox 2007 4805 3582 4882; baseline -0.008 -13"><span class='ocrx_word' id='word_1_802' title='bbox 2007 4823 2096 4869; x_wconf 81' lang='lat' dir='ltr'><strong>ter</strong></span> <span class='ocrx_word' id='word_1_803' title='bbox 2130 4814 2403 4882; x_wconf 84' lang='lat' dir='ltr'><strong>increpat,</strong></span> <span class='ocrx_word' id='word_1_804' title='bbox 2426 4827 2539 4866; x_wconf 90' lang='lat' dir='ltr'><strong>non</strong></span> <span class='ocrx_word' id='word_1_805' title='bbox 2584 4808 2741 4879; x_wconf 90' lang='lat' dir='ltr'><strong>ponit</strong></span> <span class='ocrx_word' id='word_1_806' title='bbox 2767 4807 2995 4861; x_wconf 91' lang='lat' dir='ltr'><strong>omnino</strong></span> <span class='ocrx_word' id='word_1_807' title='bbox 3045 4805 3101 4859; x_wconf 93' lang='lat' dir='ltr'><strong>in</strong></span> <span class='ocrx_word' id='word_1_808' title='bbox 3143 4805 3265 4875; x_wconf 84' lang='lat' dir='ltr'><strong>ejus</strong></span> <span class='ocrx_word' id='word_1_809' title='bbox 3292 4818 3455 4873; x_wconf 68' lang='lat' dir='ltr'><strong>paena</strong></span> <span class='ocrx_word' id='word_1_810' title='bbox 3486 4818 3582 4858; x_wconf 80' lang='lat' dir='ltr'><strong>ex-</strong></span> 
     </span>
    </p>
   </div>
   <div class='ocr_carea' id='block_1_109' title="bbox 2007 4894 3583 4975">
    <p class='ocr_par' dir='ltr' id='par_1_109' title="bbox 2007 4894 3583 4975">
     <span class='ocr_line' id='line_1_109' title="bbox 2007 4894 3583 4975; baseline -0.009 -14"><span class='ocrx_word' id='word_1_811' title='bbox 2007 4903 2394 4966; x_wconf 88' lang='lat' dir='ltr'><strong>secrationem,</strong></span> <span class='ocrx_word' id='word_1_812' title='bbox 2427 4917 2539 4957; x_wconf 92' lang='lat' dir='ltr'><strong>non</strong></span> <span class='ocrx_word' id='word_1_813' title='bbox 2570 4900 2665 4954; x_wconf 88' lang='lat' dir='ltr'><strong>dat</strong></span> <span class='ocrx_word' id='word_1_814' title='bbox 2697 4899 2749 4954; x_wconf 93' lang='lat' dir='ltr'><strong>ei</strong></span> <span class='ocrx_word' id='word_1_815' title='bbox 2797 4907 3002 4953; x_wconf 87' lang='lat' dir='ltr'><strong>terram</strong></span> <span class='ocrx_word' id='word_1_816' title='bbox 3051 4895 3119 4950; x_wconf 85' lang='lat' dir='ltr'><strong>ad</strong></span> <span class='ocrx_word' id='word_1_817' title='bbox 3155 4894 3583 4975; x_wconf 80' lang='lat' dir='ltr'><strong>comedendum,</strong></span> 
     </span>
    </p>
   </div>
   <div class='ocr_carea' id='block_1_110' title="bbox 2003 4986 3585 5065">
    <p class='ocr_par' dir='ltr' id='par_1_110' title="bbox 2003 4986 3585 5065">
     <span class='ocr_line' id='line_1_110' title="bbox 2003 4986 3585 5065; baseline -0.008 -14"><span class='ocrx_word' id='word_1_818' title='bbox 2003 5011 2114 5051; x_wconf 90' lang='lat' dir='ltr'><strong>non</strong></span> <span class='ocrx_word' id='word_1_819' title='bbox 2149 4994 2357 5065; x_wconf 84' lang='lat' dir='ltr'><strong>spinas,</strong></span> <span class='ocrx_word' id='word_1_820' title='bbox 2387 5009 2497 5047; x_wconf 87' lang='lat' dir='ltr'><strong>non</strong></span> <span class='ocrx_word' id='word_1_821' title='bbox 2543 4992 2808 5056; x_wconf 86' lang='lat' dir='ltr'><strong>tribulos,</strong></span> <span class='ocrx_word' id='word_1_822' title='bbox 2833 5006 2945 5044; x_wconf 89' lang='lat' dir='ltr'><strong>non</strong></span> <span class='ocrx_word' id='word_1_823' title='bbox 2986 5003 3142 5043; x_wconf 90' lang='lat' dir='ltr'><strong>esum</strong></span> <span class='ocrx_word' id='word_1_824' title='bbox 3166 4986 3303 5052; x_wconf 81' lang='lat' dir='ltr'><strong>leni,</strong></span> <span class='ocrx_word' id='word_1_825' title='bbox 3346 5001 3456 5039; x_wconf 88' lang='lat' dir='ltr'><strong>non</strong></span> <span class='ocrx_word' id='word_1_826' title='bbox 3487 5000 3585 5040; x_wconf 89' lang='lat' dir='ltr'><strong>su-</strong></span> 
     </span>
    </p>
   </div>
   <div class='ocr_carea' id='block_1_111' title="bbox 2003 5080 3579 5155">
    <p class='ocr_par' dir='ltr' id='par_1_111' title="bbox 2003 5080 3579 5155">
     <span class='ocr_line' id='line_1_111' title="bbox 2003 5080 3579 5155; baseline -0.009 -10"><span class='ocrx_word' id='word_1_827' title='bbox 2003 5089 2194 5145; x_wconf 91' lang='lat' dir='ltr'><strong>dorem</strong></span> <span class='ocrx_word' id='word_1_828' title='bbox 2233 5088 2445 5149; x_wconf 87' lang='lat' dir='ltr'><strong>vultus,</strong></span> <span class='ocrx_word' id='word_1_829' title='bbox 2473 5086 2567 5140; x_wconf 92' lang='lat' dir='ltr'><strong>sed</strong></span> <span class='ocrx_word' id='word_1_830' title='bbox 2625 5099 2809 5155; x_wconf 90' lang='lat' dir='ltr'><strong>neque</strong></span> <span class='ocrx_word' id='word_1_831' title='bbox 2854 5098 2975 5138; x_wconf 87' lang='lat' dir='ltr'><strong>eam</strong></span> <span class='ocrx_word' id='word_1_832' title='bbox 3026 5080 3255 5151; x_wconf 77' lang='lat' dir='ltr'><strong>expellit</strong></span> <span class='ocrx_word' id='word_1_833' title='bbox 3284 5087 3380 5133; x_wconf 90' lang='lat' dir='ltr'><strong>aut</strong></span> <span class='ocrx_word' id='word_1_834' title='bbox 3402 5087 3579 5133; x_wconf 76' lang='lat' dir='ltr'><strong>exter-</strong></span> 
     </span>
    </p>
   </div>
   <div class='ocr_carea' id='block_1_112' title="bbox 2002 5175 3587 5249">
    <p class='ocr_par' dir='ltr' id='par_1_112' title="bbox 2002 5175 3587 5249">
     <span class='ocr_line' id='line_1_112' title="bbox 2002 5175 3587 5249; baseline -0.009 -13"><span class='ocrx_word' id='word_1_835' title='bbox 2002 5182 2177 5236; x_wconf 89' lang='lat' dir='ltr'><strong>minat</strong></span> <span class='ocrx_word' id='word_1_836' title='bbox 2207 5196 2237 5234; x_wconf 93' lang='lat' dir='ltr'><strong>a</strong></span> <span class='ocrx_word' id='word_1_837' title='bbox 2262 5178 2541 5249; x_wconf 88' lang='lat' dir='ltr'><strong>paradiso,</strong></span> <span class='ocrx_word' id='word_1_838' title='bbox 2572 5193 2683 5231; x_wconf 86' lang='lat' dir='ltr'><strong>non</strong></span> <span class='ocrx_word' id='word_1_839' title='bbox 2723 5177 2774 5230; x_wconf 89' lang='lat' dir='ltr'><strong>ei</strong></span> <span class='ocrx_word' id='word_1_840' title='bbox 2806 5175 3034 5231; x_wconf 92' lang='lat' dir='ltr'><strong>omnino</strong></span> <span class='ocrx_word' id='word_1_841' title='bbox 3084 5180 3308 5227; x_wconf 82' lang='lat' dir='ltr'><strong>revocat</strong></span> <span class='ocrx_word' id='word_1_842' title='bbox 3357 5184 3587 5239; x_wconf 87' lang='lat' dir='ltr'><strong>serpen-</strong></span> 
     </span>
    </p>
   </div>
   <div class='ocr_carea' id='block_1_113' title="bbox 2006 5262 3578 5337">
    <p class='ocr_par' dir='ltr' id='par_1_113' title="bbox 2006 5262 3578 5337">
     <span class='ocr_line' id='line_1_113' title="bbox 2006 5262 3578 5337; baseline -0.01 -8"><span class='ocrx_word' id='word_1_843' title='bbox 2006 5283 2119 5329; x_wconf 89' lang='lat' dir='ltr'><strong>tem</strong></span> <span class='ocrx_word' id='word_1_844' title='bbox 2145 5274 2201 5326; x_wconf 92' lang='lat' dir='ltr'><strong>in</strong></span> <span class='ocrx_word' id='word_1_845' title='bbox 2237 5270 2585 5333; x_wconf 87' lang='lat' dir='ltr'><strong>memoriam,</strong></span> <span class='ocrx_word' id='word_1_846' title='bbox 2622 5283 2732 5322; x_wconf 89' lang='lat' dir='ltr'><strong>non</strong></span> <span class='ocrx_word' id='word_1_847' title='bbox 2753 5283 2874 5323; x_wconf 88' lang='lat' dir='ltr'><strong>eam</strong></span> <span class='ocrx_word' id='word_1_848' title='bbox 2903 5267 3117 5337; x_wconf 88' lang='lat' dir='ltr'><strong>pudore</strong></span> <span class='ocrx_word' id='word_1_849' title='bbox 3141 5263 3329 5327; x_wconf 81' lang='lat' dir='ltr'><strong>allicit,</strong></span> <span class='ocrx_word' id='word_1_850' title='bbox 3359 5262 3578 5316; x_wconf 85' lang='lat' dir='ltr'><strong>dicens:</strong></span> 
     </span>
    </p>
   </div>
   <div class='ocr_carea' id='block_1_114' title="bbox 2005 5356 3582 5430">
    <p class='ocr_par' dir='ltr' id='par_1_114' title="bbox 2005 5356 3582 5430">
     <span class='ocr_line' id='line_1_114' title="bbox 2005 5356 3582 5430; baseline -0.008 -11"><span class='ocrx_word' id='word_1_851' title='bbox 2005 5363 2117 5420; x_wconf 90' lang='lat' dir='ltr'><strong>Cur</strong></span> <span class='ocrx_word' id='word_1_852' title='bbox 2130 5359 2397 5430; x_wconf 89' lang='lat' dir='ltr'><strong>deeepisti</strong></span> <span class='ocrx_word' id='word_1_853' title='bbox 2413 5359 2719 5414; x_wconf 81' lang='lat' dir='ltr'><strong>Adamum?</strong></span> <span class='ocrx_word' id='word_1_854' title='bbox 2740 5358 2847 5413; x_wconf 77' lang='lat' dir='ltr'><strong>Sed</strong></span> <span class='ocrx_word' id='word_1_855' title='bbox 2864 5374 2988 5413; x_wconf 90' lang='lat' dir='ltr'><strong>cum</strong></span> <span class='ocrx_word' id='word_1_856' title='bbox 3011 5356 3344 5412; x_wconf 86' lang='lat' dir='ltr'><strong>ostendisset</strong></span> <span class='ocrx_word' id='word_1_857' title='bbox 3366 5368 3582 5407; x_wconf 85' lang='lat' dir='ltr'><strong>onmem</strong></span> 
     </span>
    </p>
   </div>
   <div class='ocr_carea' id='block_1_115' title="bbox 2005 5445 3585 5525">
    <p class='ocr_par' dir='ltr' id='par_1_115' title="bbox 2005 5445 3585 5525">
     <span class='ocr_line' id='line_1_115' title="bbox 2005 5445 3585 5525; baseline -0.008 -14"><span class='ocrx_word' id='word_1_858' title='bbox 2005 5454 2407 5525; x_wconf 87' lang='lat' dir='ltr'><strong>benignitatem</strong></span> <span class='ocrx_word' id='word_1_859' title='bbox 2428 5459 2485 5505; x_wconf 90' lang='lat' dir='ltr'><strong>et</strong></span> <span class='ocrx_word' id='word_1_860' title='bbox 2518 5450 2827 5506; x_wconf 88' lang='lat' dir='ltr'><strong>bonitatem</strong></span> <span class='ocrx_word' id='word_1_861' title='bbox 2857 5450 2911 5504; x_wconf 89' lang='lat' dir='ltr'><strong>in</strong></span> <span class='ocrx_word' id='word_1_862' title='bbox 2958 5450 3251 5505; x_wconf 86' lang='lat' dir='ltr'><strong>mulierem</strong></span> <span class='ocrx_word' id='word_1_863' title='bbox 3290 5463 3411 5517; x_wconf 70' lang='lat' dir='ltr'><strong>quae</strong></span> <span class='ocrx_word' id='word_1_864' title='bbox 3436 5445 3585 5507; x_wconf 31' lang='lat' dir='ltr'><strong>cet-if</strong></span> 
     </span>
    </p>
   </div>
   <div class='ocr_carea' id='block_1_116' title="bbox 2003 5536 3583 5614">
    <p class='ocr_par' dir='ltr' id='par_1_116' title="bbox 2003 5536 3583 5614">
     <span class='ocr_line' id='line_1_116' title="bbox 2003 5536 3583 5614; baseline -0.006 -12"><span class='ocrx_word' id='word_1_865' title='bbox 2003 5549 2181 5611; x_wconf 85' lang='lat' dir='ltr'><strong>derat,</strong></span> <span class='ocrx_word' id='word_1_866' title='bbox 2216 5543 2393 5614; x_wconf 79' lang='lat' dir='ltr'><strong>pergit</strong></span> <span class='ocrx_word' id='word_1_867' title='bbox 2420 5542 2487 5597; x_wconf 84' lang='lat' dir='ltr'><strong>ad</strong></span> <span class='ocrx_word' id='word_1_868' title='bbox 2512 5542 2815 5605; x_wconf 86' lang='lat' dir='ltr'><strong>hominem,</strong></span> <span class='ocrx_word' id='word_1_869' title='bbox 2872 5550 2926 5593; x_wconf 87' lang='lat' dir='ltr'><strong>et</strong></span> <span class='ocrx_word' id='word_1_870' title='bbox 2976 5541 3112 5594; x_wconf 86' lang='lat' dir='ltr'><strong>dicit</strong></span> <span class='ocrx_word' id='word_1_871' title='bbox 3142 5542 3227 5594; x_wconf 82' lang='lat' dir='ltr'><strong>ci:</strong></span> <span class='ocrx_word' id='word_1_872' title='bbox 3263 5541 3454 5602; x_wconf 79' lang='lat' dir='ltr'><strong>Adam,</strong></span> <span class='ocrx_word' id='word_1_873' title='bbox 3496 5536 3583 5592; x_wconf 77' lang='lat' dir='ltr'><strong>ubi</strong></span> 
     </span>
    </p>
   </div>
   <div class='ocr_carea' id='block_1_117' title="bbox 2054 5718 3192 5788">
    <p class='ocr_par' dir='ltr' id='par_1_117' title="bbox 2054 5718 3192 5788">
     <span class='ocr_line' id='line_1_117' title="bbox 2054 5718 3192 5788; baseline -0.006 -9"><span class='ocrx_word' id='word_1_874' title='bbox 2054 5725 2098 5758; x_wconf 84' lang='grc'>³³</span> <span class='ocrx_word' id='word_1_875' title='bbox 2131 5722 2512 5788; x_wconf 60' lang='grc' dir='ltr'><strong>Εκοίὶ.κχχιιι,</strong></span> <span class='ocrx_word' id='word_1_876' title='bbox 2544 5720 2630 5774; x_wconf 72' lang='grc'><strong>20.</strong></span> <span class='ocrx_word' id='word_1_877' title='bbox 2712 5718 2755 5751; x_wconf 59' lang='grc'><strong>³*</strong></span> <span class='ocrx_word' id='word_1_878' title='bbox 2786 5719 2948 5773; x_wconf 76' lang='lat' dir='ltr'><strong>Marc.</strong></span> <span class='ocrx_word' id='word_1_879' title='bbox 2974 5734 3069 5781; x_wconf 82' lang='lat' dir='ltr'><strong>vn,</strong></span> <span class='ocrx_word' id='word_1_880' title='bbox 3102 5719 3192 5773; x_wconf 69' lang='grc'><strong>34.</strong></span> 
     </span>
    </p>
   </div>
  </div>
