4042 6292
512 276 648 341 1027

1721 288 1760 344 s
1825 258 2223 347 ANAS’IASII
2260 287 2586 383 smine:

3639 287 3771 350 1028

513 434 568 474 es
590 419 616 473 ?
644 417 710 472 lit
734 418 868 473 dixit
899 422 947 473 ei
971 434 990 473 :
1020 418 1218 475 Audivi
1243 434 1419 472 uocem
1461 425 1608 470 tuum
1651 417 1998 481 ambulantis,
2039 425 2091 470 et
2118 407 2163 463 Α
2193 420 2361 485 Deus,
2387 420 2676 475 utvideret
2702 418 2834 489 quid
2861 432 2926 472 ea
2948 425 3168 472 vocaret
3196 427 3455 486 tanquam
3476 414 3546 470 ad
3564 433 3766 487 regem,

514 508 670 572 latui,
697 509 953 573 quoniam
991 523 1111 563 sum
1163 508 1354 561 nudus.
1412 505 1558 560 Audi
1599 515 1658 561 et
1703 505 1974 561 Adamum
1999 521 2089 560 re-

517 601 883 670 spondentem
915 615 980 654 ea
1020 615 1144 669 quae
1182 600 1295 653 Deo
1336 599 1696 655 conveniunt.
1730 598 1893 652 Solus
1937 598 2088 652 enim

510 690 778 759 quaesitus
796 698 855 743 et
874 697 1107 745 vocatus
1129 688 1429 759 respondet
1478 687 1858 759 singulariter,
1895 698 1952 742 et
1976 703 2087 742 non

511 781 802 849 conjunxit
823 779 930 833 sibi
958 780 1271 833 mulierem.
1297 779 1419 834 Non
1435 783 1586 834 enim
1608 777 1765 838 dicit.
1795 779 2088 832 audivimus

509 885 688 923 uocem
725 877 874 923 tuam
914 869 1320 923 .deambulantis
1341 870 1396 922 in
1423 869 1696 939 paradiso,
1722 877 1771 922 et
1815 869 2088 922 timuimus

510 963 638 1033 quia
669 961 798 1015 nudi
839 977 1042 1026 sumus,
1070 970 1121 1014 et
1171 961 1450 1026 latuimus,
1501 960 1650 1030 quod
1692 959 1916 1030 quidem
1968 969 2090 1015 erat

508 1068 724 1107 verum.
760 1052 868 1107 Sed
893 1054 1397 1108 mittensaccusare
1421 1067 1577 1107 suam
1589 1063 1820 1117 costam,
1846 1053 2087 1122 seipsum

509 1144 702 1214 prodit
731 1160 832 1214 pro
860 1160 946 1199 ea.
971 1146 1095 1199 llaec
1116 1159 1241 1199 cum
1261 1160 1661 1215 persequerer,
1690 1144 1934 1215 paradisi
1948 1144 2089 1200 civis
2122 1162 2133 1171 ·

511 1237 719 1290 Paulus
755 1251 977 1291 rursum
1004 1237 1280 1292 accedens
1303 1238 1359 1290 in
1396 1236 1667 1301 medium,
1700 1235 1873 1289 dixit:
1898 1235 2093 1306 Myste-

510 1328 654 1381 rium
697 1344 953 1398 magnum
993 1336 1090 1381 est.
1144 1328 1259 1397 Ego
1296 1335 1482 1382 autem
1531 1343 1657 1382 cum
1706 1327 1826 1397 ipso
1858 1328 1974 1380 dico
2033 1327 2090 1379 in

513 1419 722 1474 Christo
743 1429 791 1472 et
817 1418 1057 1473 Ecclesia
1079 1419 1147 1484 ³⁵,
1193 1432 1297 1487 pro
1321 1434 1428 1487 qua
1456 1434 1515 1473 se
1550 1418 1706 1472 dedit
1741 1420 1809 1471 ad
1831 1424 2087 1471 mortem.

514 1507 671 1563 Unde
715 1506 885 1560 ctiam
927 1522 959 1561 a
1004 1507 1119 1560 Deo
1160 1515 1358 1560 vocato
1408 1521 1545 1560 vero
1593 1505 1825 1569 Adamo,
1865 1504 2091 1574 quando

512 1598 677 1663 dixit,
706 1598 906 1664 Adam,
942 1598 1027 1650 ubi
1046 1597 1146 1651 es?
1191 1612 1303 1651 non
1338 1597 1549 1651 dictum
1598 1605 1684 1652 est
1725 1597 1781 1651 in
1802 1596 2091 1667 Scriptura

514 1689 666 1759 quod
697 1688 834 1742 exiit
859 1696 956 1741 aut
1008 1688 1162 1742 venit
1217 1687 1286 1741 ad
1319 1687 1517 1754 Deum,
1548 1696 1634 1743 est
1676 1688 1825 1742 enim
1873 1702 2092 1757 semper

513 1781 661 1851 apud
686 1781 860 1834 Deum
897 1778 1284 1848 inseparabilis
1312 1779 1505 1833 Filius.

584 1872 713 1926 Haec
759 1871 1149 1942 pramrisimus,
1207 1887 1304 1926 ora
1344 1870 1664 1926 Judaeorum
1710 1871 2088 1934 obstruentes,

512 1979 586 2020 ne
628 1978 735 2019 nos
759 1964 1055 2018 audientes
1078 1964 1266 2017 omnia
1295 1963 1493 2018 Adami
1538 1964 1608 2018 ad
1636 1962 1918 2018 Christum
1950 1961 2093 2016 refe.

520 2065 732 2123 rentes,
763 2056 1085 2110 existiment
1110 2069 1237 2110 eum
1260 2056 1432 2110 fuisse
1457 2056 1562 2110 sub
1617 2063 1867 2125 peccato,
1900 2062 1959 2108 et
1982 2052 2094 2107 cri-

514 2147 813 2203 minationi
848 2147 1151 2201 obnoxium
1186 2155 1244 2202 et
1276 2147 1665 2203 exsecrationi.
1706 2146 1919 2201 Sutiicit
1941 2144 2093 2200 enim

516 2239 926 2294 demonstratio
955 2253 1150 2292 eorum
1181 2254 1304 2308 qua:
1327 2254 1478 2293 nunc
1502 2239 1650 2294 dicta
1692 2248 1840 2304 sunt,
1864 2236 1931 2291 ad
1962 2249 2093 2305 per-

515 2330 864 2385 suadendum
893 2329 981 2383 vel
1018 2329 1255 2383 maxime
1294 2328 1604 2396 incredulo,
1642 2330 1790 2400 quod
1837 2343 2094 2398 quaecun-

516 2437 627 2491 que
673 2421 899 2490 quidem
945 2420 1165 2491 objecta
1221 2429 1353 2476 sunt
1404 2421 1648 2487 mulieri,
1688 2420 1917 2492 objecta
1963 2426 2094 2474 sunt

513 2516 854 2583 accusando,
899 2532 1241 2587 quaecunque
1290 2524 1472 2571 autem
1499 2516 1671 2569 Adam
1703 2530 1733 2569 a
1782 2515 1896 2569 Deo
1940 2512 2096 2568 audi-

517 2608 623 2674 vit,
642 2604 852 2677 absque
914 2611 1305 2663 criminatione
1345 2624 1443 2663 seu
1484 2607 1858 2670 accusatione,
1913 2620 1979 2660 ea
2026 2604 2095 2659 de

517 2697 746 2754 Christo
774 2698 1042 2752 dicuntur
1076 2715 1135 2753 se
1158 2699 1510 2753 demittendo
1545 2714 1646 2768 pro
1680 2698 1945 2762 Ecclesia,
1987 2696 2096 2751 sibi

518 2787 880 2842 attribuendo
938 2787 1090 2841 iHius
1142 2796 1429 2857 peccatum
1474 2796 1541 2841 et
1571 2788 2006 2842 exsecrationem
2041 2796 2098 2840 et

519 2889 778 2934 mortem.
808 2880 1112 2948 Propterea
1134 2878 1282 2932 enim
1314 2878 1461 2932 Deus
1481 2877 1615 2932 fecit
1652 2893 1743 2931 res
1776 2877 1970 2932 Adami
2015 2876 2099 2931 di-

518 2991 713 3033 versas
739 2984 794 3031 et
825 2975 1165 3031 excelsiores
1192 2990 1360 3044 supra
1411 2973 1727 3036 mulierem,
1768 2980 1831 3026 ut
1878 2986 1980 3025 nos
2016 2970 2098 3024 di-

2188 521 2245 567 ct
2263 511 2491 581 quierat
2510 511 2592 566 eis
2621 507 3187 566 dominaturus.Unde
3207 507 3335 563 licet
3363 507 3581 572 videre,
3605 509 3767 563 etiam

2186 617 2317 657 vere
2338 602 2617 657 hominem
2638 610 2896 671 tanquam
2922 600 3017 670 qui
3050 599 3220 654 habet
3242 608 3575 670 potestatem
3604 607 3662 654 et
3687 608 3770 655 est

2191 690 2459 745 Dominus
2513 690 3075 762 (nempeChristum)
3114 705 3342 744 uxorem
3373 690 3756 743 nominantem

2186 779 2350 852 915
2362 783 2687 848 Ecclesiam,
2699 800 2767 838 ex
2786 783 2903 853 ipsa
2920 783 3289 852 appellantem
3305 783 3424 852 ejus
3441 797 3671 848 nomen,
3690 780 3774 837 Vi-

2190 875 2321 925 tam.
2339 873 2479 927 Vere
2515 872 2661 927 enim
2691 872 2933 927 viviﬁcat
2953 886 3092 940 quos
3113 880 3361 941 generat,
3379 886 3580 941 nempe
3598 871 3774 940 bapti-

2190 978 2386 1025 smate.
2414 968 2483 1022 Et
2511 968 2580 1022 de
2609 967 2728 1021 solo
2755 965 2999 1031 homine,
3022 966 3296 1035 Pr0pheta
3318 964 3455 1021 dicit
3482 966 3597 1020 Deo
3628 982 3644 1019 ε
3674 965 3773 1019 Mi-

2190 1061 2353 1115 nuisti
2382 1076 2499 1112 eum
2534 1059 2696 1129 paulo
2743 1059 2917 1112 minus
2949 1058 3013 1112 ab
3045 1057 3268 1128 angelis,
3297 1055 3469 1128 gloria
3500 1067 3552 1111 et
3578 1059 3773 1111 honore

2190 1151 2458 1206 coronasti
2499 1165 2640 1214 eum,
2679 1158 2729 1203 et
2757 1150 3073 1203 constituisti
3102 1165 3219 1202 eum
3249 1149 3384 1218 (non
3412 1157 3603 1202 autem
3654 1148 3771 1209 eos)

2189 1258 2349 1312 super
2404 1254 2567 1312 opera
2616 1255 2872 1293 manuum
2920 1246 3156 1303 tuarum,
3210 1246 3260 1292 et
3290 1238 3474 1292 omnia
3507 1240 3777 1309 subjecisti

2189 1332 2282 1386 sub
2314 1316 2528 1403 pedibus
2559 1329 3023 1401 ejus“,etsolius,
3038 1346 3148 1384 non
3171 1338 3353 1383 autem
3378 1329 3653 1399 ipsorum.
3674 1331 3777 1386 hoc

2191 1433 2300 1490 est,
2380 1440 2488 1478 non
2518 1423 2830 1486 amborum,
2877 1422 2975 1476 sed
3009 1422 3180 1476 solius
3204 1421 3422 1487 Adami,
3459 1420 3513 1474 in
3545 1420 3775 1489 ﬁguram

2192 1514 2421 1573 Christi.
2453 1515 2710 1571 Ostendit
2744 1514 2843 1570 tibi
2876 1514 3019 1568 hanc
3044 1528 3296 1584 magnam
3336 1523 3394 1567 et
3424 1514 3778 1583 incompara-

2193 1607 2361 1663 bilem
2389 1607 2758 1662 diﬂerentiam
2793 1605 2989 1661 Adami
3036 1605 3104 1659 ah
3130 1605 3241 1659 Eva
3261 1645 3276 1669 ,
3317 1604 3702 1676 honoremque
3723 1614 3781 1661 et

2120 1739 2164 1794 Β
2193 1704 2443 1773 gloriam,
2469 1711 2529 1757 ut
2556 1711 2748 1758 exacte
2783 1710 2841 1756 et
2872 1710 3129 1756 accurate
3162 1699 3344 1753 discas
3364 1697 3590 1768 quando
3623 1698 3780 1752 vide-

2192 1795 2269 1850 ris
2295 1795 2576 1850 hominem
2610 1795 2669 1849 in
2705 1794 2878 1864 ﬁgura
2911 1792 3119 1848 Christi
3148 1807 3206 1846 se
3229 1790 3511 1845 dimittere
3542 1789 3617 1843 ad
3656 1804 3780 1843 mu-

2190 1885 2407 1950 lierem,
2434 1894 2494 1938 et
2542 1885 2707 1940 simul
2738 1899 2865 1938 cum
2909 1899 2973 1939 ea
3015 1881 3309 1937 comedere
3345 1895 3415 1936 ex
3461 1880 3614 1951 ligno
3656 1896 3674 1933 :
3726 1888 3783 1934 et

2191 1977 2356 2032 simul
2387 1976 2599 2038 videre,
2641 1985 2698 2031 et
2743 1976 2906 2031 simul
2950 1975 3177 2039 nudari,
3209 1983 3266 2029 et
3299 1974 3463 2029 simul
3506 1987 3781 2029 consuere

2190 2063 2321 2118 folia
2366 2063 2504 2118 ficus
2534 2082 2547 2118 :
2573 2065 2680 2119 hoc
2705 2072 2816 2128 est,
2861 2063 3229 2134 praemeditari
3256 2073 3315 2119 et
3334 2078 3694 2133 componere,
3725 2072 3785 2118 et

2193 2157 2356 2212 simul
2407 2157 2566 2211 unire
2621 2157 2854 2211 verbum
2901 2172 3027 2211 cum
3069 2157 3244 2211 verbo
3276 2154 3346 2210 ad
3373 2154 3780 2218 defensionem,

2192 2258 2250 2305 et
2282 2250 2448 2304 simul
2478 2249 2677 2304 audire
2707 2263 2897 2304 vocem
2936 2248 3155 2303 Domini
3182 2247 3279 2303 Dei
3309 2247 3654 2301 ambulantis
3674 2281 3689 2311 ,
3727 2257 3785 2301 et

2193 2343 2417 2408 timere,
2466 2351 2525 2397 et
2559 2341 2786 2412 fugere,
2828 2350 2885 2396 et
2937 2341 3133 2406 latere,
3167 2348 3225 2395 et
3262 2339 3449 2394 vocari
3484 2339 3667 2393 solum
3714 2337 3781 2392 ad

2193 2432 2683 2497 examinationem,
2718 2441 2775 2487 et
2803 2432 2971 2486 duras
2992 2446 3185 2500 poenas
3228 2445 3328 2500 pro
3355 2430 3448 2485 illa
3474 2429 3781 2498 suscipere,

2194 2533 2250 2579 et
2278 2525 2454 2577 solum
2485 2523 2687 2592 expelli
2718 2539 2785 2577 ex
2833 2522 3114 2592 paradiso,
3150 2531 3207 2576 et
3244 2514 3531 2590 suscipere
3560 2531 3784 2575 senten-

2197 2614 2330 2668 tiam
2364 2614 2581 2669 mortis.
2636 2613 2763 2668 Hanc
2814 2614 2999 2669 omnia
3048 2612 3271 2683 quando
3306 2612 3590 2682 aspexeris
3636 2610 3781 2666 Ada-

2198 2722 2349 2761 mum
2388 2715 2447 2759 et
2469 2721 2633 2776 agere
2655 2714 2711 2761 et
2741 2706 2999 2771 suti‘erre,
3025 2706 3305 2776 intelliges
3341 2704 3630 2760 Christum
3662 2704 3784 2774 (per

2198 2792 2452 2862 Paulum)
2484 2792 2585 2846 tibi
2613 2791 2800 2847 dicere
2824 2810 2837 2845 :
2862 2792 3035 2847 Adam
3064 2808 3168 2845 non
3200 2801 3276 2846 est
3307 2793 3552 2861 deceptus
3570 2791 3637 2845 ³⁷.
3660 2791 3781 2845 Alio

2197 2883 2346 2937 enim
2378 2883 2541 2937 modo
2566 2883 2809 2937 comedit
2837 2884 3098 2952 antiquus
3123 2883 3215 2938 ille
3245 2882 3301 2936 in
3330 2891 3519 2954 typum
3546 2880 3779 2948 Christi,

2199 2973 2306 3027 alio
2342 2984 2524 3027 autem
2560 2974 2726 3028 modo
2768 2975 2967 3028 mulier
3003 2975 3057 3028 in
3105 2984 3293 3046 typum
3326 2970 3612 3029 Ecclesiae.
3660 2974 3783 3028 Alio

521 3080 809 3122 sceremus
857 3075 913 3121 et
974 3065 1309 3120 doceremur
1334 3062 1826 3134 incomparabilem
1891 3060 2098 3116 Christi
2126 3067 2172 3124 (ζ
2201 3061 2365 3117 modo
2388 3071 2469 3117 est
2487 3063 2842 3133 intelligentia
2865 3063 3058 3117 Adami
3083 3065 3236 3118 visus
3262 3064 3646 3133 recuperatio;
3674 3064 3783 3118 alio

520 3157 892 3212 differentiam
923 3173 1090 3228 supra
1136 3156 1460 3211 Ecclesiam.
1518 3156 1655 3210 Nam
1696 3171 1821 3211 cum
1869 3154 2099 3208 dixisset

520 3250 689 3313 Deus,
714 3249 999 3303 Faciamus
1028 3250 1293 3303 hominem
1323 3248 1397 3301 ad
1419 3248 1709 3317 imaginem
1742 3254 1792 3300 et
1846 3244 2097 3301 similitu-

519 3340 696 3394 dinem
722 3352 982 3404 nostram,
1036 3339 1174 3393 nihil
1227 3339 1504 3409 ejusmodi
1562 3338 1703 3392 dixit
1748 3337 1818 3392 de
1862 3337 2099 3391 muliere

533 3433 760 3502 quando
779 3447 898 3485 eam
931 3440 1051 3485 erat
1084 3432 1553 3486 labricalu'rusex
1577 3431 1751 3484 latere
1774 3430 1992 3485 Adami.
2034 3428 2102 3482 Et

540 3539 736 3579 rursus
746 3524 936 3578 dicens
954 3540 970 3577 :
990 3523 1131 3577 Fecit
1144 3524 1283 3578 Deus
1304 3524 1591 3590 hominem;
1610 3523 1679 3578 ad
1696 3523 1981 3593 imaginem
2003 3521 2101 3576 Dei

526 3616 653 3686 fecit
681 3616 835 3669 illum
856 3657 873 3682 ,
907 3632 1019 3670 non
1044 3616 1183 3671 dicit
1216 3616 1284 3670 de
1314 3632 1401 3681 ea,
1434 3616 1553 3686 fecit
1593 3615 1769 3680 illam,
1802 3615 1899 3670 sed
1945 3622 2101 3684 post-

526 3721 691 3775 quam
724 3706 865 3761 dixit
889 3706 957 3761 de
985 3707 1235 3772 homine,
1254 3706 1378 3777 fecit
1411 3706 1599 3771 illum,
1639 3717 1771 3762 tunc
1793 3707 2099 3777 subjungit,

526 3797 822 3852 masculum
852 3810 901 3852 et
930 3800 1321 3869 feuiinamfecit
1346 3798 1488 3854 illos.
1546 3799 1814 3854 Similiter
1835 3799 2002 3854 etiam
2045 3798 2103 3853 in

525 3889 857 3944 formatione
884 3890 1147 3957 hominis,
1176 3891 1400 3961 quando
1438 3892 1608 3947 dixit:
1636 3891 1791 3946 Fecit
1828 3895 1966 3945 Deus
2012 3891 2107 3944 ho-

526 3983 721 4036 minem
741 3981 865 4036 limo
894 3992 1107 4053 accepto
1127 3992 1336 4048 eterra,
1362 3984 1709 4054 etinsuﬁlavit
1728 3985 1781 4037 in
1799 3984 1971 4052 ipsum
1996 3982 2105 4052 spi-

502 4072 691 4139 ritum
711 4072 851 4136 vitm,
888 4072 1094 4125 nullam
1120 4071 1255 4125 fecit
1298 4071 1638 4125 mentionem
1670 4069 1941 4124 mulieris.
1967 4068 2101 4122 Nam

527 4163 673 4233 quod
691 4164 890 4218 attinet
905 4164 972 4218 ad
986 4163 1446 4229 essentiam,nihil
1466 4162 1918 4218 habuitEcclesia
1938 4175 2002 4214 ex
2016 4159 2105 4213 di-

529 4255 661 4309 vina
691 4257 1122 4328 essentia.cujus
1153 4256 1258 4311 fuit
1289 4254 1600 4328 symbolum
1629 4254 2108 4323 insumatio,prius

529 4345 847 4416 significans
898 4348 997 4402 Dei
1031 4348 1199 4402 Verbi
1248 4363 1314 4401 cx
1346 4348 1506 4401 Patre
1553 4346 1607 4400 id
1657 4345 1803 4415 quod
1851 4360 1918 4398 ex
1946 4342 2108 4397 nobis

2203 3153 2388 3217 modo,
2437 3154 2704 3208 mulieris.
2740 3154 2860 3209 Alia
2896 3161 2982 3208 est
3026 3154 3131 3209 viri
3163 3154 3414 3217 nudatio,
3446 3154 3553 3207 alia
3597 3162 3782 3209 autem

2200 3246 2465 3300 mulieris.
2505 3246 2681 3300 Aliter
2713 3246 2867 3301 timet
2892 3246 3063 3300 Adam
3094 3246 3188 3316 qui
3217 3254 3302 3300 est
3337 3245 3545 3301 Christi
3581 3246 3781 3316 figura,

2213 3353 2327 3392 non
2353 3338 2654 3407 deceptus;
2699 3347 2755 3392 et
2780 3338 3117 3392 alitertimet
3145 3338 3342 3392 mulier
3376 3337 3631 3407 decepta.
3664 3339 3785 3408 Ipsa

2214 3428 2363 3484 enim
2376 3443 2479 3499 per
2494 3428 2948 3494 inebedientiam,
2968 3430 3110 3484 sicut
3130 3430 3395 3497 Ecclesia;
3415 3429 3584 3484 Adam
3598 3441 3783 3485 autem

2203 3522 2422 3592 (nempe
2445 3521 2723 3593 Christus)
2748 3538 2816 3578 eo
2831 3523 2978 3592 quod
3000 3539 3099 3593 pro
3120 3523 3393 3577 ambobus
3417 3522 3468 3576 id
3495 3522 3783 3593 suscipiat.

2202 3613 2319 3668 Hoc
2346 3612 2512 3667 modo
2536 3613 2892 3684 intelligenda
2921 3622 3008 3668 est
3040 3615 3207 3669 etiam
3247 3613 3477 3668 nudatio
3517 3628 3684 3683 quam
3729 3615 3783 3669 in

2200 3703 2453 3765 Calvaria
2475 3704 2760 3769 sustinuit,
2790 3714 2847 3759 et
2870 3705 3019 3775 iuga.
3044 3704 3419 3772 Quamobrem
3444 3719 3544 3774 per
3560 3704 3788 3774 dispen-

2203 3800 2474 3854 sationem
2502 3798 2667 3853 etiam
2700 3798 2841 3868 fugit
2877 3796 2935 3851 in
2965 3796 3293 3868 Egyptum,
3325 3806 3382 3852 et
3410 3798 3628 3851 vocavit
3656 3812 3787 3853 eum

2203 3888 2471 3945 Dominus
2511 3889 2658 3944 Deus
2677 3889 2942 3944 latentem
2971 3889 3027 3942 in
3062 3888 3320 3960 Egypto.
3347 3888 3532 3955 Quare
3565 3889 3788 3945 dicebat

2203 3980 2371 4035 etiam
2400 3997 2413 4033 :
2449 3979 2535 4034 Ea:
2558 3978 2790 4050 Egypto
2817 3980 2996 4032 vocavi
3023 3976 3219 4033 Filium
3256 3997 3427 4034 meum
3449 3980 3515 4035 ³⁸.
3546 3981 3707 4048 Quod
3740 3982 3787 4036 si

2204 4072 2290 4127 vis
2317 4072 2489 4127 etiam
2518 4070 2708 4125 videre
2736 4070 3019 4125 Christum
3042 4070 3354 4125 voluntarie
3372 4073 3659 4126 timentem
3686 4087 3787 4142 pro

2204 4162 2470 4228 Ecclesia,
2519 4163 2650 4219 audi
2686 4164 3078 4234 evangelistam
3122 4164 3192 4219 de
3241 4178 3310 4219 eo
3340 4164 3619 4219 dicentem
3674 4165 3789 4220 :Et

2205 4272 2327 4309 cum
2350 4264 2482 4309 esset
2507 4257 2564 4310 in
2595 4256 2788 4326 agonia
2811 4297 2825 4319 ,
2865 4256 3034 4310 orauit
3069 4258 3327 4311 intensius
3343 4252 3409 4320 ”,
3440 4264 3495 4311 et
3528 4256 3659 4312 ideo
3691 4258 3789 4325 fuit

2183 4340 2374 4400 tristis
2399 4362 2563 4419 usque
2583 4346 2653 4399 ad
2685 4354 2907 4400 mortem
2925 4346 2969 4378 ⁸ο
3000 4363 3013 4399 :
3048 4346 3331 4402 medicans
3361 4346 3642 4402 tristitiam
3667 4364 3789 4402 mu-

528 4449 614 4495 est
644 4439 858 4493 luteum
912 4440 1242 4509 ingressum,
1271 4446 1327 4491 et
1373 4436 1766 4490 habitationem
1819 4435 1874 4487 in
1930 4434 2103 4503 hypo-
2137 4440 2184 4497 ι)
2208 4435 2382 4500 lieris,
2418 4446 2475 4491 et
2508 4452 2609 4507 pro
2629 4452 2692 4491 ea
2717 4436 2918 4491 ductus
2933 4436 2999 4492 ad
3026 4438 3357 4507 passionem.
3389 4438 3664 4504 Quoniam
3689 4453 3788 4490 au-

530 4531 684 4585 stasi.
732 4529 799 4583 Et
833 4529 956 4583 ideo
986 4543 1097 4582 non
1145 4529 1240 4582 dat
1286 4528 1433 4582 Deus
1490 4525 1709 4582 mulieri
1756 4524 2107 4579 essentialem

530 4622 618 4677 sui
642 4621 1117 4684 ins-.itllationem,
1181 4618 1444 4688 quoniam
1499 4631 1613 4671 non
1660 4625 1747 4671 est
1803 4615 2107 4684 composita

530 4715 733 4770 mulier
760 4728 828 4768 ex
851 4712 1146 4766 divinitate
1169 4718 1226 4765 et
1253 4709 1622 4773 humanitate,
1683 4708 1829 4763 sicut
1849 4706 2108 4763 Christus

529 4808 737 4863 Adam:
795 4806 890 4862 sed
920 4820 987 4859 ex
1014 4820 1125 4857 una
1148 4803 1265 4857 sola
1295 4816 1484 4866 carne,
1526 4815 1726 4869 nempe
1772 4800 1947 4852 latere
1997 4798 2106 4852 hu-

530 4899 832 4955 manitatis.
860 4898 1035 4953 Porro
1052 4904 1235 4950 autem
1260 4894 1315 4947 in
1345 4893 1622 4964 positione
1645 4906 1866 4961 quoque
1916 4899 1972 4946 et
2020 4892 2106 4946 in-

532 5008 723 5065 gressu
790 4990 987 5045 Adami
1039 4987 1095 5042 in
1152 4987 1497 5058 paradisum,
1555 5000 1667 5039 non
1706 4983 1879 5038 dicit:
1932 4981 2107 5037 Simul

532 5083 681 5154 ponit
706 5097 825 5134 cum
854 5096 913 5133 eo
937 5077 1231 5134 mulierem.
1282 5077 1474 5146 Neque
1501 5089 1641 5130 vero
1674 5074 1731 5129 in
1779 5073 2105 5143 operatione

532 5174 665 5227 facit
720 5170 884 5226 simul
933 5184 1060 5223 cum
1112 5183 1181 5222 eo
1214 5165 1462 5235 operari,
1519 5178 1701 5234 neque
1746 5163 1803 5217 in
1853 5163 2106 5218 custodia

536 5262 703 5318 simul
760 5277 882 5316 esse
927 5258 1233 5315 custodem.
1275 5257 1384 5311 Sed
1435 5268 1619 5325 neque
1664 5271 1734 5310 ex
1780 5254 1931 5310 omni
1959 5254 2110 5324 ligno

533 5353 680 5424 quod
709 5362 795 5407 est
833 5354 888 5406 in
921 5353 1177 5422 paradiso
1204 5350 1434 5422 jubetur
1469 5347 1767 5403 comedere
1821 5346 1930 5400 nisi
1958 5347 2111 5400 solus

532 5442 808 5497 Christus.
836 5441 942 5496 Sed
976 5457 1154 5511 neque
1181 5440 1417 5510 imponit
1438 5438 1637 5491 mulier
1661 5451 1865 5491 nomen
1915 5436 2111 5491 bestiis

533 5544 590 5591 et
606 5535 929 5590 volucribus
957 5552 970 5587 :
1005 5535 1075 5588 ad
1102 5535 1281 5589 solum
1304 5532 1454 5586 enim
1475 5530 1747 5585 Adamum
1768 5544 1866 5585 eos
1882 5528 2113 5585 adduxit

632 5653 676 5684 ³⁸
711 5651 914 5718 Eplics.
948 5668 1000 5715 v,
1039 5652 1127 5705 52.

1235 5651 1279 5682 “
1303 5651 1445 5706 Psal.
1488 5665 1600 5719 vm,
1628 5650 1743 5704 6.8.

488 5780 491 5783 ς
536 5737 679 5789 xxvi,
710 5721 798 5776 58.

1854 5649 1946 5705 ³⁷1
1982 5650 2206 5718 Tim.n,
2243 5652 2327 5705 li.

2208 4535 2317 4582 tem
2351 4528 2670 4593 meridiem,
2718 4528 2815 4582 Dei
2855 4528 3013 4583 Verbi
3058 4528 3353 4583 adventum
3390 4543 3510 4583 esse
3555 4538 3788 4597 paterae

2208 4616 2482 4681 dedimus,
2514 4631 2742 4672 necesse
2757 4626 2844 4672 est
2864 4618 3291 4673 omninnvidere
3307 4618 3589 4688 quomodo
3616 4620 3787 4672 etiam

2208 4709 2278 4764 de
2312 4709 2538 4765 homine
2560 4709 2840 4764 communi
2874 4709 2987 4780 (qui
3021 4717 3105 4765 est
3127 4709 3298 4765 veluti
3332 4709 3557 4780 quidam
3592 4710 3788 4781 Adam)

2207 4813 2265 4856 et
2305 4801 2375 4857 de
2406 4801 2527 4872 ejus
2558 4801 2789 4872 conjuge
2841 4800 3110 4866 Ecclesia,
3139 4800 3295 4871 prius
3346 4808 3479 4855 sunt
3511 4800 3790 4871 descripta

2209 4894 2495 4965 proposita
2520 4893 2760 4962 paradisi
2783 4904 3066 4965 mysteria,
3094 4902 3151 4948 et
3176 4893 3336 4948 tinem
3359 4902 3699 4964 acceperunt
3733 4894 3789 4948 in

2210 4986 2395 5041 nobis.
2433 4986 2571 5041 Cum
2615 5000 2748 5056 ergo
2798 4984 3129 5040 comedisset
3159 4986 3358 5041 mulier
3403 5000 3525 5056 quae
3559 4986 3788 5052 dicitur,

2210 5094 2277 5136 ex
2303 5080 2449 5135 malo
2502 5079 2805 5149 impietatis
2846 5079 3026 5134 fructu
3059 5078 3216 5150 ligni,
3256 5087 3410 5134 stans
3456 5092 3633 5149 prope
3678 5091 3793 5133 ser-

2213 5179 2435 5243 pentem
2469 5179 2726 5242 tanquam
2763 5178 2908 5225 esset
2940 5172 3060 5241 ejus
3088 5184 3249 5235 uxor,
3280 5170 3479 5224 deinde
3501 5171 3551 5224 ei
3577 5184 3790 5226 renun—

2209 5260 2422 5324 tiasset,
2446 5269 2507 5314 ut
2529 5262 2639 5333 jam
2674 5261 2787 5315 dixi
2821 5273 3000 5325 antea,
3036 5270 3091 5315 et
3125 5260 3193 5315 ad
3227 5262 3482 5314 maritum
3521 5270 3672 5317 esset
3702 5276 3789 5316 re-

2209 5366 2389 5416 versa,
2428 5368 2540 5406 non
2575 5350 2889 5406 invenimus
2910 5364 3028 5406 eam
3057 5352 3293 5421 amplius
3314 5353 3786 5422 appropinquasset

2210 5450 2307 5495 aut
2348 5458 2474 5498 cum
2541 5452 2797 5512 serpente
2836 5443 3063 5497 omnino
3111 5458 3232 5498 esse
3281 5443 3542 5497 locutam.
3595 5442 3784 5498 Omnia

2212 5551 2343 5606 ergo
2369 5550 2491 5605 quae
2526 5536 2756 5590 luerunt
2783 5543 2908 5606 post
2932 5537 3052 5606 ejus
3077 5535 3494 5591 conversionem
3534 5534 3603 5589 ad
3643 5534 3783 5589 Atla.

2429 5654 2471 5685 ³⁸
2505 5648 2631 5709 (ise.
2670 5669 2742 5719 xi,
2774 5654 2825 5706 i.
2930 5654 2972 5688 ³³
3005 5653 3137 5708 Luc.
3174 5670 3304 5722 χχιι,
3336 5654 3422 5708 45.
3521 5654 3568 5685 ⁸⁸
3597 5652 3774 5708 Matth.
