3942 6298
126 340 269 406 1029

1208 341 1293 403 TN
1331 335 1887 401 ΗΕΧΛΕΜΕΒΟΝ..
1912 363 1981 375 --
2009 339 2156 398 LIB.
2198 341 2303 400 XI.

3136 330 3155 339 ’
3248 346 3384 413 1030

116 467 274 506 mum
311 451 439 521 (hoc
463 460 591 535 est,~
600 449 909 517 Christum)
952 450 1261 522 intelligere
1297 458 1518 521 Oportet
1564 449 1708 529 bona
1737 450 1778 506 Α
1809 444 1975 502 lecta.
2001 448 2130 503 Haec
2155 447 2341 502 omnia
2373 461 2484 502 non
2514 453 2642 501 sunt
2672 447 3199 521 irascentisjudicis,
3229 470 3295 510 ex
3320 457 3387 515 iis

112 554 178 599 et
206 552 338 598 tunc
371 543 721 614 praefigurata
741 543 809 597 ad
833 544 1094 599 Ecclesiae
1114 543 1488 606 ‘benelicium,
1519 550 1575 596 et
1605 557 1704 596 cu-

107 634 349 706 juslibet
368 634 614 689 hominis
636 635 731 705 qui
760 646 848 690 est
869 635 1116 706 ejusdem
1150 636 1309 707 cujus
1327 637 1443 705 ipsa
1461 633 1700 706 generis.

115 725 423 784 Oculorum
459 727 683 798 quidem
721 728 874 784 visus
920 730 1436 799 recuperationem,
1494 727 1705 782 Christi

113 833 265 874 vene
299 820 440 874 lueis
466 820 835 890 agnitionem;
867 821 1137 876 nuditatis
1171 830 1356 876 autem
1383 820 1703 884 lectionem,

115 910 344 965 initium
378 925 576 966 sensus
615 912 684 965 ad
729 915 1150 968 correctionem.
1201 913 1337 968 Nam
1386 913 1703 983 sapientes,

116 999 324 1070 inquit,
358 1009 548 1071 tegunt
573 1017 726 1056 suam
755 1002 1164 1058 verecundiam.
1199 1002 1343 1058 Audi
1368 1003 1518 1058 enim
1554 1001 1704 1072 quod

115 1089 221 1145 ﬁat
266 1101 532 1160 praeterea
584 1100 710 1162 post
741 1093 934 1148 induta
978 1094 1345 1164 subligacula.
1401 1094 1504 1162 Qui
1556 1095 1704 1148 enim

114 1183 279 1251 prius
301 1198 412 1237 non
444 1184 771 1239 obedierant
797 1187 915 1241 voci
955 1195 1012 1240 et
1038 1187 1297 1241 mandato
1330 1186 1424 1241 Dei
1459 1189 1552 1257 qui
1574 1199 1705 1243 ante

114 1274 406 1328 meridiem
430 1285 746 1346 temporum
771 1278 1016 1332 nondum
1043 1279 1363 1341 advenerat,
1387 1288 1443 1333 et
1464 1296 1563 1349 per
1583 1297 1704 1334 ear-

113 1380 250 1420 nem
273 1366 434 1421 nobis
475 1383 587 1421 non
616 1358 1110 1440 appropinquaret,
1147 1380 1203 1425 et
1229 1371 1474 1426 nondum
1511 1373 1703 1426 ambu-

113 1456 273 1513 labat
307 1459 406 1513 Dei
456 1460 780 1529 praedicatio
820 1471 953 1516 tunc
981 1479 1108 1516 eum
1141 1464 1196 1517 in
1232 1479 1453 1519 omnem
1500 1474 1704 1520 terram

113 1547 295 1601 exivit
326 1563 497 1603 sonus
517 1550 638 1618 ejus
675 1548 911 1604 dicentis
942 1568 953 1602 :
984 1550 1355 1606 Paenitentiam
1399 1555 1560 1624 agite,
1608 1572 1704 1625 ap-

112 1639 447 1709 propinquat
498 1641 639 1692 enim
689 1656 912 1711 regnum
958 1640 1304 1709 caelorum“,
1350 1644 1572 1712 quando
1598 1661 1702 1699 vox

113 1730 345 1788 Domini
379 1729 519 1784 facta
554 1739 639 1785 est
670 1748 835 1801 super
865 1742 1060 1802 aquas,
1095 1734 1316 1802 quando
1356 1737 1564 1790 tonitru
1606 1752 1703 1791 vo-

1810 554 1933 608 quae
1982 548 2112 595 sunt
2152 538 2548 609 consequentia
2585 539 2853 595 historiae.
2886 541 3021 597 Nam
3077 559 3201 599 cum
3241 547 3387 604 Deus

1807 630 2042 686 dixisset
2069 631 2281 686 Adamo
2327 650 2339 685 :
2367 629 2494 696 Quis
2526 631 2617 685 tibi
2649 634 2973 687 renuntiavit
3000 636 3138 705 quod
3164 639 3236 691 sis
3286 656 3390 694 nu-

1808 723 1925 787 dus,
1958 724 2060 777 nisi
2079 724 2388 777 camedisses
2416 738 2478 776 ea:
2503 722 2643 792 ligno
2684 724 2821 793 quod
2851 725 2941 778 tibi
2952 726 3096 794 jussi
3130 745 3193 781 ne
3216 746 3387 784 come-

1806 814 2005 868 deres?
2043 815 2180 871 Vide
2230 814 2377 884 quod
2426 814 2599 869 Adam
2647 815 2759 869 Deo
2806 818 3105 887 respondet
3158 819 3387 878 dicens:

1804 904 2001 959 Mulier
2030 922 2192 975 quam
2228 904 2415 957 dedisti
2450 906 2575 957 mihi
2602 921 2824 970 mecum,
2857 906 2973 976 ipsa
3004 908 3131 961 mihi
3158 909 3297 962 dedit
3325 926 3388 964 ea:

1808 995 1972 1066 ligno,
2032 1006 2081 1050 et
2128 1000 2345 1053 comedi.
2399 997 2617 1053 Audisti
2658 999 2937 1068 quomodo
2981 1016 3091 1055 non
3141 1004 3390 1072 peccavit

1805 1091 2003 1157 Adam,
2036 1100 2097 1145 ut
2125 1091 2218 1160 qui
2252 1106 2360 1145 non
2389 1092 2558 1147 fuerit
2587 1090 2851 1162 deceptus
2871 1094 3018 1149 ?non
3042 1094 3341 1151 dicitenim
3371 1115 3386 1152 :

1805 1179 2020 1250 Decepit
2045 1198 2125 1235 me
2159 1183 2367 1236 mulier.
2394 1182 2515 1236 Non
2546 1182 2685 1237 dicit
2718 1200 2731 1236 :
2764 1184 2846 1237 Me
2875 1187 3270 1255 supplantavit,
3296 1194 3394 1242 aut

1804 1286 1870 1326 ea
1911 1272 2047 1325 mihi
2084 1272 2189 1327 luit
2223 1272 2432 1340 peccati
2465 1272 2813 1327 consiliatrix
2836 1315 2851 1339 ,
2877 1290 2945 1328 ne
2991 1274 3242 1331 conferat
3266 1277 3390 1332 “cul-

1805 1378 1930 1433 pam
1954 1364 2009 1417 in
2026 1380 2152 1418 eum
2177 1366 2271 1434 qui
2303 1365 2475 1435 ipsam
2498 1367 2550 1420 ei
2579 1365 2754 1420 dedit.
2787 1366 3172 1423 Poteratenim
3205 1384 3263 1424 se
3289 1369 3388 1424 de-

1803 1454 2253 1521 lendere,etDeo
2282 1458 2642 1528 respondere,
2672 1459 2863 1514 dicens
2893 1479 2905 1513 :
2931 1459 3098 1516 Recte
3116 1460 3386 1517 habebam

1803 1564 1929 1604 cum
1976 1550 2132 1619 prius
2171 1566 2350 1605 essem
2391 1552 2577 1616 solus;
2605 1551 2698 1606 sed
2722 1552 2965 1622 adjutrix
2996 1569 3160 1624 quam
3185 1552 3389 1611 dedisti

1802 1640 1943 1694 mihi
1982 1656 2092 1694 non
2131 1649 2254 1695 erat
2283 1641 2547 1712 adjutrix,
2573 1642 2668 1696 sed
2694 1642 2920 1697 inimica
2953 1653 3011 1697 et
3052 1644 3385 1699 insidiatrix.

1873 1732 2023 1787 Nihil
2056 1740 2241 1786 autem
2271 1732 2410 1786 dicit
2459 1743 2556 1788 aut
2590 1735 2796 1803 cogitat
2844 1736 3188 1806 hujusmodi.
3244 1736 3391 1793 Dicit

114 1820 203 1874 eis
233 1822 563 1891 evangelicae
589 1824 791 1877 factum
818 1832 900 1878 est
931 1824 984 1876 in
1021 1833 1141 1879 rota
1165 1825 1378 1889 mundi,
1408 1826 1699 1882 audierunt
1737 1815 1774 1869 Β
1805 1822 1991 1891 itaque
2023 1840 2035 1875 :
2061 1821 2253 1876 Mulier
2275 1839 2436 1894 quam
2460 1824 2649 1877 dedisti
2668 1824 2815 1890 mihi,
2838 1824 2903 1879 ad
2925 1841 3010 1879 me
3032 1816 3386 1892 servandum,

111 1925 312 1966 vocem
359 1913 576 1966 Domini
635 1913 875 1968 dicentis
908 1932 921 1967 :
954 1913 1084 1970 Oves
1132 1932 1261 1970 mea:
1307 1932 1481 1971 rocem
1530 1934 1703 1972 meum

112 2002 345 2058 audiunt
381 2005 445 2066 δ’,
502 2007 787 2058 audierunt
816 2021 991 2059 vocem
1029 2004 1244 2060 Domini
1289 2007 1613 2062 ambulantis
1646 2009 1701 2062 in

113 2094 371 2163 paradiso
405 2095 669 2150 Ecclesiae
698 2096 1063 2151 oleastrorum
1094 2103 1314 2167 (nempe
1343 2099 1610 2170 gentium)
1647 2110 1717 2171 et_

113 2185 416 2242 dicentis:
479 2188 657 2242 Venite
713 2189 785 2242 ad
841 2206 943 2254 me,
984 2207 1163 2244 omnes
1222 2194 1312 2261 qui
1366 2192 1699 2261 laboratis",

120 2277 569 2349 quandoquidem
620 2280 767 2351 ligna
813 2281 1067 2337 scinditis
1112 2285 1383 2339 montium
1424 2285 1491 2340 ad
1568 2285 1702 2341 deos

112 2367 312 2423 inanes
341 2370 769 2440 exsculpendos,
794 2380 850 2425 et
874 2373 945 2427 iis
981 2373 1199 2428 onerati
1232 2375 1370 2429 estis
1406 2383 1468 2430 ut
1491 2377 1703 2434 abeatis

113 2460 183 2513 ad
211 2463 411 2530 templa
440 2463 800 2527 exsecranda,
823 2473 878 2518 et
902 2480 1003 2534 ego
1034 2465 1102 2520 ab
1130 2466 1198 2520 iis
1219 2466 1479 2522 omnibus
1496 2484 1596 2524 vos
1627 2469 1702 2524 fa-

115 2548 263 2601 ciam
302 2548 607 2618 quiescere.
650 2550 719 2605 Et
752 2553 1058 2607 timuerunt
1102 2554 1395 2611 Dominum
1424 2559 1520 2627 qui
1548 2561 1704 2628 prius

116 2638 303 2707 ipsum
332 2656 443 2694 non
487 2642 779 2697 timebant.
819 2644 1169 2713 Timuerunt,
1203 2648 1336 2717 quia
1374 2665 1485 2703 non
1527 2651 1704 2706 babes

112 2729 253 2786 bant
293 2732 679 2789 indumentum
720 2737 998 2806 nuptiale;
1050 2739 1297 2794 nondum
1346 2741 1493 2795 enim
1523 2740 1702 2813 bapti-

117 2822 231 2875 zati
253 2833 410 2878 erant
436 2826 490 2878 in
519 2824 824 2894 Christum,
842 2838 901 2883 ut
919 2829 1197 2885 Christum
1228 2832 1540 2888 induerent.
1558 2833 1702 2890 Nudi

113 2925 297 2980 erant,
323 2917 475 2970 exuti
516 2919 689 2987 priori
717 2920 1041 2976 indumento
1071 2924 1507 2994 incorruptionis
1526 2934 1580 2980 et
1603 2927 1703 2979 im-

115 3006 492 3063 mortalitatis.
545 3008 649 3065 Sed
690 3013 913 3081 quando
977 3015 1278 3070 audierunt
1327 3033 1517 3072 vocem
1581 3020 1702 3088 ejus

113 3095 212 3165 qui
248 3098 449 3166 quzerit
472 3114 630 3153 ovem
650 3117 771 3170 quae
794 3104 1057 3170 perierat,
1076 3114 1132 3158 et
1167 3113 1542 3175 tegumentum
1564 3107 1697 3177 ligni

114 3186 247 3237 vita:
273 3185 584 3256 Christiqui
612 3187 750 3242 dicit
797 3204 894 3258 per
924 3190 1257 3260 PrOphetam
1299 3193 1367 3247 de
1393 3195 1554 3248 nobis
1589 3214 1600 3247 :
1631 3194 1696 3249 In

116 3275 345 3344 tegmine
365 3275 576 3331 alarum
606 3287 821 3333 tuarum
844 3290 1082 3353 proteges
1114 3283 1421 3349 nos“,cum
1441 3285 1696 3354 fuerimus

112 3364 172 3418 in
207 3382 415 3421 arcano
441 3368 614 3423 vultus
653 3373 751 3425 tui.
794 3370 861 3426 Et
900 3388 1026 3428 cum
1055 3374 1360 3444 accepisset
1403 3376 1697 3448 prodigum

114 3456 266 3513 hunc
298 3460 509 3515 nudum
540 3461 842 3529 hominem,
865 3465 959 3535 qui
989 3467 1336 3520 extrinsecus
1374 3467 1523 3523 intro
1546 3477 1698 3524 recte

112 3559 239 3604 erat
270 3551 575 3622 ingressus,
607 3570 736 3609 eum
790 3556 926 3611 texit
965 3556 1158 3612 dicens
1191 3577 1204 3610 :
1233 3559 1427 3628 Afferte
1465 3561 1698 3629 primaut

109 3639 308 3694 stolam
329 3642 372 3673 ⁸⁵
399 3657 564 3711 quam
592 3644 696 3699 iste
726 3644 941 3702 ferebat
956 3647 1135 3716 prius,
1167 3663 1366 3718 nempe
1404 3650 1698 3705 indumen-

112 3739 233 3783 tum
270 3731 726 3801 lneorruptionis,
773 3742 829 3790 et
874 3736 1087 3814 induite
1111 3753 1259 3791 eum.
1297 3724 1528 3806 Quando
1565 3757 1698 3814 ergo

112 3821 278 3876 audis
305 3820 374 3877 de
404 3822 644 3879 Domino
677 3825 790 3880 Deo
810 3807 1103 3897 praesente,
1127 3839 1184 3884 et
1204 3830 1423 3886 dicente
1450 3807 1693 3888 Adamn:

118 3912 213 3967 Ubi
249 3928 323 3977 es,
349 3915 404 3967 in
433 3906 640 3983 bonum
668 3916 916 3991 intellige
942 3920 1084 3975 hanc
1116 3922 1480 3987 vocationem.
1522 3921 1696 3991 Quem

112 4001 266 4055 enim
305 4006 506 4073 quaerit
546 4014 604 4060 et
636 4014 793 4062 vocat
823 4008 891 4062 ad
937 4025 995 4063 se
1022 4009 1186 4076 Deus,
1219 4020 1305 4066 est
1341 4012 1697 4081 perspicuum

114 4093 265 4162 quod
289 4096 499 4150 recedit
527 4098 750 4166 quidem
778 4116 808 4154 a
835 4100 1009 4167 male,
1043 4118 1167 4155 cum
1200 4103 1312 4157 Deo
1339 4111 1522 4158 autem
1542 4103 1696 4160 inve-

114 4178 290 4234 nitur.
348 4180 446 4237 Sin
484 4193 671 4241 autem
716 4203 840 4243 cum
886 4189 990 4255 ira,
1023 4199 1080 4245 et
1110 4192 1566 4248 excandescentia
1589 4236 1602 4258 ,
1637 4205 1697 4250 ut

114 4268 340 4338 quidam
373 4273 723 4344 existimant,
768 4279 914 4333 Deus
956 4281 1189 4335 accessit
1220 4280 1289 4335 ad
1327 4281 1597 4337 Adamum
1641 4293 1697 4339 et

114 4363 288 4419 Evam
328 4365 384 4420 in
423 4369 679 4436 paradiso
708 4370 779 4425 ad
818 4386 914 4427 eos
938 4371 1251 4440 puniendos
1270 4373 1692 4441 etcruciandos,

1812 1922 1868 1969 et
1902 1910 2278 1972 liberandum,
2300 1922 2356 1968 et
2375 1913 2812 1982 suscipiendum,
2828 1914 3041 1968 eamihi
3065 1914 3220 1970 dedit
3243 1931 3389 1972 mor--

1804 2009 1913 2056 tem
1946 2000 2016 2054 ab
2036 2003 2153 2069 ipsa
2187 2000 2513 2069 profectam,
2548 2000 2789 2055 fructum
2822 2001 2986 2072 ligni,
3021 2013 3387 2073 promptaque

1801 2104 1856 2149 et
1885 2093 2053 2147 alacri
2089 2092 2274 2146 animo
2303 2092 2539 2158 comedi,
2576 2093 2719 2148 nihil
2746 2093 2969 2162 penitus
2996 2094 3386 2150 contradicens

1800 2203 1985 2256 neque
2012 2202 2293 2241 recusans.
2323 2188 2626 2256 Propterea
2665 2187 2814 2242 enim
2844 2186 3017 2242 Adam
3041 2190 3243 2244 nullam
3286 2206 3384 2245 eo-

1802 2293 1924 2332 rum
1973 2277 2197 2347 penitus
2228 2276 2357 2331 facit
2392 2277 2763 2343 mentionem,
2796 2293 2922 2332 cum
2957 2278 3072 2334 Deo
3106 2279 3340 2350 loquens
3366 2321 3384 2345 ,

1802 2376 1865 2424 ut
1897 2372 1991 2439 qui
2029 2384 2210 2438 neque
2241 2375 2390 2423 esset
2439 2368 2793 2436 inobediens,
2832 2385 3014 2440 neque
3061 2386 3091 2425 a
3126 2380 3387 2441 serpente

1800 2459 2031 2513 omnino
2076 2459 2244 2513 ullam
2294 2459 2596 2529 accepisset
2624 2466 2627 2467 '
2654 2460 3054 2528 irruptionem,
3106 2477 3284 2533 neque
3317 2459 3385 2517 ad

1801 2566 1930 2606 eum
1969 2549 2197 2604 omnino
2219 2550 2567 2614 accessisset,
2588 2558 2649 2604 ut
2676 2566 2857 2620 neque
2895 2550 3168 2607 Christus.
3195 2552 3386 2623 Neque

1801 2660 1999 2700 rursus
2031 2646 2281 2700 cernitur
2322 2646 2471 2701 Deus
2508 2645 2563 2700 in
2600 2645 2694 2700 illa
2731 2646 2969 2714 terribili
3006 2649 3387 2702 exsecratione

1803 2737 2096 2806 serpentis,
2126 2737 2426 2807 quidquam
2450 2751 2578 2790 eum
2606 2752 2729 2790 esse
2755 2736 3083 2792 criminatus
3108 2738 3176 2792 de
3208 2737 3389 2792 homi-

1802 2842 1898 2891 ne,
1923 2837 2021 2881 aut
2056 2826 2124 2880 de
2150 2827 2361 2882 Adamo
2390 2827 2533 2896 apud
2555 2842 2684 2880 eum
2719 2827 2884 2882 ullam
2925 2828 3122 2883 fecisse
3154 2829 3388 2884 mentio-

1801 2933 1967 2982 nem;
1998 2918 2093 2973 sed
2125 2934 2253 2972 eum
2285 2935 2490 2988 susque
2520 2918 2700 2989 deque
2730 2932 3054 2974 exsecratur
3083 2920 3151 2975 de
3183 2922 3386 2977 mulie-

1803 3024 1884 3070 re,
1919 3017 1976 3063 et
2007 3010 2198 3080 abjieit
2228 3009 2474 3064 elliciens
2513 3017 2574 3064 ut
2620 3008 2843 3065 caderet
2878 3026 3007 3066 casu
3059 3027 3089 3065 a
3130 3028 3240 3081 quo
3272 3028 3383 3067 non

1804 3110 1993 3171 posset
2015 3103 2269 3167 excitari,
2305 3113 2361 3159 ct
2378 3112 2582 3157 aeterna
2608 3117 2734 3158 eum
2762 3102 3140 3157 condemnans
3162 3103 3385 3159 damna-

1802 3190 1953 3244 tione
1980 3230 1994 3255 ,
2033 3191 2297 3260 quoniam
2341 3191 2625 3245 mulierem
2666 3189 2967 3245 Ecclesium
3023 3192 3219 3251 solam,
3273 3206 3386 3247 non

1799 3290 1982 3337 autem
2011 3282 2281 3337 Adamum
2316 3282 2598 3337 Christum
2625 3281 2865 3351 decepit.
2895 3281 3050 3336 Nunc
3075 3284 3223 3337 enim
3245 3325 3258 3348 ,
3296 3283 3385 3338 in-

1799 3373 1941 3442 quit,
1976 3375 2114 3426 venit
2148 3374 2390 3443 princeps
2416 3372 2601 3427 mundi
2629 3372 2806 3442 hujus,
2844 3380 2892 3424 et
2927 3372 2982 3424 in
3018 3387 3100 3424 me
3129 3369 3265 3426 nihil
3303 3371 3387 3425 in—

1799 3466 2028 3519 venit“.
2079 3464 2237 3520 Unde
2279 3466 2445 3520 etiam
2494 3473 2667 3519 ratam
2731 3472 2788 3519 et
2844 3471 3127 3533 acceptam
3172 3463 3386 3519 habens

1798 3552 1946 3608 Deus
1971 3554 2212 3608 insontis
2238 3554 2430 3609 Adami
2456 3554 2873 3624 responsionem
2907 3554 2960 3609 in
2985 3554 3210 3626 ﬁguram
3225 3556 3384 3612 Chri-

1800 3644 1868 3699 sti
1890 3644 1983 3715 qui
2008 3660 2120 3699 non
2147 3645 2419 3715 peccavit,
2447 3662 2572 3702 cum
2598 3646 2828 3700 dixisset
2852 3664 2864 3698 :
2892 3645 3086 3700 Mulier
3114 3664 3277 3717 quam
3294 3647 3386 3701 de-

1800 3736 1922 3790 disti
1954 3752 2178 3801 mecum,
2198 3752 2261 3790 ea
2290 3738 2415 3791 milii
2448 3737 2590 3790 dedit
2616 3753 2677 3791 ex
2704 3737 2868 3806 ligno,
2907 3746 2957 3790 et
2984 3741 3206 3802 comedi,
3240 3740 3380 3794 nihil

1799 3826 2036 3896 amplius
2066 3842 2192 3881 eum
2232 3826 2558 3897 interrogat,
2590 3825 2686 3881 sed
2717 3827 2902 3879 statim
2938 3826 3005 3880 ad
3051 3843 3170 3881 eam
3202 3829 3379 3894 vadit,

1799 3915 1935 3972 dicit
1954 3911 2331 3970 enim-Moses:
2359 3914 2427 3969 Et
2445 3916 2493 3968 ei
2526 3916 2661 3968 dixit
2688 3914 2821 3968 Deus
2847 3932 2865 3968 :
2894 3914 3034 3980 Quid
3067 3917 3162 3969 hoc
3179 3918 3385 3986 fecisti?

1797 4007 1869 4063 Et
1927 4006 2059 4059 dixit
2118 4005 2351 4060 mulier:
2387 4003 2612 4076 Serpens
2645 4023 2726 4060 me
2786 4006 3014 4077 decepit,
3070 4018 3118 4061 et
3163 4011 3380 4066 comedi.

1797 4097 2089 4165 Quomodo
2122 4106 2305 4152 autem
2363 4097 2432 4152 de
2463 4096 2632 4152 Adam
2661 4113 2692 4152 a
2728 4099 2839 4152 Deo
2880 4107 3156 4162 accusata,
3186 4098 3255 4153 de
3290 4098 3385 4154 illo

1799 4207 1911 4246 non
1941 4189 2263 4259 respondet,
2294 4187 2388 4243 sed
2428 4188 2497 4242 de
2530 4188 2637 4243 se?
2688 4185 2885 4242 Annon
2915 4197 2999 4243 est
3025 4190 3382 4259 perspicuum

1799 4280 1947 4352 quod
1979 4279 2277 4335 ostendens
2298 4286 2587 4349 peccatum
2616 4294 2727 4333 non
2761 4279 2960 4334 cadere
2991 4281 3045 4334 in
3074 4280 3386 4336 Adamum?

1800 4372 2032 4443 perinde
2061 4362 2125 4426 ac
2150 4371 2195 4425 si
2230 4369 2446 4425 diceret
2472 4371 2585 4425 Deo
2615 4387 2628 4424 :
2662 4366 2833 4425 Adam
2860 4379 2944 4424 est
2979 4370 3265 4437 innocens,
3284 4389 3385 4444 ego

115 4457 411 4525 oportebat
439 4474 566 4513 eum
603 4461 788 4514 statim
820 4477 1047 4533 pergere
1078 4462 1145 4517 ad
1178 4475 1490 4533 serpentem
1519 4476 1575 4520 et
1599 4483 1699 4537 pu-
1732 4484 1773 4538 υ
1803 4464 1920 4519 sola
1966 4463 2081 4518 Deo
2111 4477 2237 4516 meo
2259 4477 2370 4516 non
2393 4460 2577 4517 obedii
2597 4503 2611 4527 ,
2642 4469 2699 4516 et
2742 4461 2877 4532 fregi
2912 4471 3070 4531 pacta
3114 4475 3385 4519 conventa

116 4546 240 4601 nire
262 4558 547 4619 auctorem
579 4550 875 4605 malorum.
902 4550 1206 4620 Oportebat
1236 4553 1524 4608 mulierem
1562 4555 1701 4609 insi-

118 4636 412 4694 diatricem
464 4640 570 4695 viri
611 4642 1015 4710 condemnare,
1047 4653 1103 4700 et
1137 4660 1205 4699 ex
1242 4645 1500 4714 paradiso
1523 4654 1704 4702 exter-

120 4733 372 4799 minare,
419 4744 476 4790 et
519 4738 888 4792 exsecrationi
945 4746 1002 4793 et
1052 4738 1217 4794 morti
1266 4740 1562 4811 subjicere.
1605 4740 1705 4796 Hic

118 4833 303 4879 autem
364 4825 427 4880 lit
503 4828 883 4897 contrarium;
944 4828 1167 4884 attende
1214 4829 1382 4884 enim.
1420 4829 1553 4884 Eam
1600 4846 1706 4887 nec

117 4922 463 4983 exsecratur,
481 4934 585 4974 nec
600 4919 949 4986 criminatur,
964 4936 1141 4991 neque
1159 4933 1334 4976 morte
1348 4923 1701 4990 condemnat;

121 5006 214 5060 sed
239 5016 297 5061 et
343 5018 586 5080 separat,
629 5021 685 5066 et
713 5013 936 5068 redimit
966 5014 1035 5068 ab
1064 5013 1390 5069 insidiatore
1425 5018 1547 5085 ejus
1585 5031 1704 5071 ser-

119 5108 319 5165 pente,
369 5101 420 5155 ei
457 5102 651 5158 dicens
681 5122 693 5156 :
721 5104 927 5160 Ponam
963 5107 1291 5173 inimicitias,
1323 5116 1378 5161 et
1400 5109 1570 5163 veluti
1618 5123 1704 5164 re-

119 5189 347 5255 pudium
367 5194 509 5247 inter
536 5204 585 5248 te
612 5204 660 5248 et
686 5197 981 5273 mulierem,
1005 5214 1127 5253 eam
1168 5215 1199 5254 a
1237 5208 1288 5254 te
1318 5190 1585 5264 liberans,
1646 5207 1704 5255 et

118 5276 327 5337 faciens
366 5294 427 5338 ut
446 5272 663 5341 eamihi
699 5272 975 5345 adhaereat
997 5291 1091 5360 qui
1121 5307 1244 5345 sum
1265 5291 1351 5345 \‘ir
1371 5294 1492 5363 ejus
1516 5302 1571 5347 et
1590 5292 1701 5347 Do-

122 5371 320 5437 minus,
358 5366 415 5430 et
441 5390 561 5432 eam
594 5379 833 5435 induens
859 5381 1066 5446 tunica,
1091 5398 1288 5452 nempe
1323 5399 1411 5437 me
1453 5384 1548 5452 qui
1571 5399 1692 5438 sum

122 5471 413 5521 contextus
442 5484 509 5522 ex
535 5469 810 5538 supernis.
841 5470 882 5523 A
904 5478 954 5525 le
988 5472 1135 5525 enim
1178 5470 1612 5539 lueratnudata,
1639 5485 1696 5528 et

121 5566 237 5608 eam
274 5559 504 5614 nomino
539 5561 743 5625 Vitam,
784 5570 845 5614 ut
878 5578 1001 5631 qute
1032 5579 1062 5616 a
1094 5572 1144 5617 te
1180 5563 1359 5618 fuerat
1389 5571 1566 5617 morte
1608 5563 1691 5618 af-

190 5671 445 5730 “.‘slattb.
481 5693 557 5741 Ill,
585 5678 639 5730 ‘2.
716 5680 759 5709 ι’
790 5677 946 5733 Joan.
1002 5694 1053 5735 x.
1106 5677 1193 5733 16.

116 5762 218 5808 xiv,
248 5743 338 5799 ΞΟ.

1273 5679 1315 5710 ⁸³
1341 5678 1530 5734 Matth.
1565 5695 1639 5745 xl,
1671 5679 1766 5739 28.

1805 4564 1984 4610 tecum
2023 4555 2180 4620 inita,
2205 4561 2260 4609 et
2297 4554 2477 4608 erravi
2505 4553 2648 4608 sicut
2675 4553 2796 4608 ovis
2821 4554 3160 4623 qme‘periit,
3188 4555 3384 4610 eli‘ecta
3441 4581 3459 4590 -

1802 4646 2117 4703 errabunda
2150 4661 2214 4702 ac
2244 4645 2377 4702 deos
2410 4647 2618 4711 colens,
2647 4655 2702 4702 et
2728 4661 2896 4716 super
2935 4655 3150 4701 montes
3180 4658 3235 4700 et
3274 4647 3386 4701 col—

1800 4739 1883 4798 les
1918 4738 2071 4794 nuda
2107 4752 2314 4810 vagans
2342 4753 2407 4793 ac
2430 4737 2672 4801 lluitans,
2708 4746 2764 4793 et
2802 4738 3010 4808 polluta
3034 4737 3273 4792 sordidis
3302 4754 3390 4792 sa-

1805 4830 2143 4887 criﬁciorum
2176 4830 2655 4900 inquinamentis?
2678 4830 2947 4897 Quoniam
2976 4830 3131 4885 val‘er
3154 4843 3386 4899 serpens

1808 4940 1895 4979 me
1946 4905 2211 4993 decepit,
2250 4918 2509 4991 tanquam
2566 4921 2875 4991 imperitam
2913 4921 3385 4976 adolescentulam

1806 5015 2172 5086 supplantans
2206 5023 2263 5069 et
2292 5014 2556 5069 aberrare
2592 5013 2821 5067 faciens.
2865 5013 2990 5068 Haec
3027 5029 3151 5081 cum
3184 5012 3387 5066 mulier

1805 5104 2203 5176 propemodum
2262 5103 2408 5173 apud
2461 5104 2635 5158 Deum
2689 5104 3065 5167 conﬁteretur,
3121 5118 3221 5173 per
3279 5101 3385 5159 hoc

1805 5195 1951 5265 quod
1975 5195 2111 5249 dixit
2144 5212 2156 5247 :
2193 5192 2418 5263 Serpens
2457 5210 2538 5247 me
2558 5194 2778 5264 decepit,
2811 5202 2870 5247 ut
2902 5209 3023 5262 quae
3058 5207 3213 5246 suam
3245 5190 3384 5245 indi-

1805 5297 1985 5342 casset
2042 5286 2450 5357 paenitentiam,
2515 5296 2571 5341 et
2638 5286 2689 5341 ei
2755 5297 2902 5341 esset
2962 5285 3383 5339 condonatum:

1810 5379 2005 5434 transit
2032 5379 2176 5433 Deus
2201 5378 2268 5432 ad
2295 5378 2498 5431 malum
2527 5377 2844 5440 draconem,
2881 5375 3219 5431 defectorem
3263 5390 3382 5430 scr-

1802 5481 2045 5543 pentem,
2081 5468 2205 5524 etei
2244 5469 2417 5524 dicit:
2443 5469 2551 5524 Cur
2586 5473 2681 5524 hoc
2719 5469 2931 5539 fecisti?
2960 5467 3065 5522 Sed
3109 5468 3238 5538 quia
3279 5468 3385 5523 hoc

1800 5563 1999 5628 fecisti,
2036 5570 2092 5616 et
2122 5579 2291 5619 ausus
2329 5578 2388 5618 es
2418 5563 2604 5618 statim
2650 5563 2905 5631 decipere
2938 5560 3103 5632 916
3138 5560 3383 5631 primum

1868 5680 1914 5714 “
1948 5681 2093 5737 Psal.
2179 5695 2302 5738 xvi,
2342 5679 2391 5738 8.
2517 5680 2584 5714 ’⁸⁸
2627 5680 2760 5735 Luc.
2811 5695 2896 5738 xv.
2943 5677 3034 5733 22.
3134 5680 3179 5711 ⁸⁸
3223 5677 3380 5734 Ioan.

2179 5695 2270 5735 xvi
2289 5721 2302 5747 ,
2342 5679 2391 5738 8.
