4042 6292
559 279 691 348 1631
1747 281 1808 338 S.
1847 277 2170 338 ANAS’I‘AS

2283 271 2606 334 SINAI'LE
3683 263 3864 327 1032

558 399 880 466 ﬁgmentum
913 406 1173 446 manumn
1222 405 1500 448 mearum.
1537 387 1684 458 quod
1714 389 1920 442 factum
1959 387 2137 442 estad
2167 394 2209 449 Α
2241 400 2508 457 ponantur
2545 385 2832 438 inimicitia:
2865 383 2932 437 ab
2952 381 3059 436 hoc
3081 390 3327 452 tempore
3356 382 3496 434 inter
3523 389 3573 434 te
3605 391 3656 434 et
3683 385 3862 438 inter

559 497 736 537 meam
772 481 1064 552 imaginem
1092 489 1148 535 ct
1174 478 1632 544 similitudinem;
1667 487 1724 531 tu
1757 493 1816 532 es
1849 491 2144 533 exsecran-
2242 477 2534 532 mulierem.
2561 475 2672 530 Cur
2693 476 2840 530 enim
2873 473 3018 528 facto
3059 473 3260 528 delicto
3289 483 3578 542 oporteret
3629 490 3858 542 posca

561 573 664 627 dus
697 573 767 627 ab
803 573 1060 627 omnibus
1093 571 1397 642 jumentis,
1441 577 1499 624 ct
1537 569 1606 624 ab
1649 570 1909 624 omnibus
1947 569 2144 626 bestiis
2243 568 2436 623 ulcisci
2465 584 2594 624 eum
2633 568 2729 637 qui
2781 567 2949 622 fecit?
2977 565 3083 622 Sed
3113 566 3201 621 bis
3238 567 3428 621 verbis
3478 583 3591 620 non
3639 566 3860 622 credit

560 680 683 734 qua:
716 673 845 718 sunt
873 679 1039 732 super
1059 673 1284 716 terram.
1318 662 1702 718 Exsecrandus
1723 678 1784 718 es
1811 671 1866 716 tu
1889 671 1946 716 et
1969 662 2140 728 solus,

2277 658 2487 722 udreus,
2517 657 2690 711 solam
2722 656 3015 710 attendens
3042 656 3299 710 litteram.
3336 655 3544 710 Deinde
3580 671 3699 710 non
3747 657 3857 710 vi-

563 755 658 810 scd
695 771 804 809 non
823 754 1036 817 Adam;
1073 764 1128 808 tu
1165 753 1337 817 solus,
1364 763 1559 808 etnon
1587 754 1810 808 mulier.
1853 755 1960 810 Sed
1983 764 2040 810 tu
2084 769 2144 810 es
2243 744 2342 800 des
2369 746 2469 816 (illi
2498 744 2650 816 dico)
2692 745 2972 800 terribiles
3019 744 3343 800 inimicitias
3395 746 3556 816 hujus
3607 746 3851 802 Christi

562 844 933 900 exsecrandus
967 843 1036 914 ab
1073 843 1332 898 omnibus
1372 846 1509 898 meis
1556 843 1826 899 creaturis
1864 861 1986 915 quae
2015 858 2146 900 sunt

2272 836 2434 891 ιιοτίε
2465 835 2749 900 Ecclesiae,
2781 850 2920 904 quas
2952 835 3116 890 habet
3146 835 3416 890 adversus
3457 846 3798 906 serpentem
3830 837 3860 890 ἲ

561 952 730 1006 super
766 946 1007 999 terram,
1051 951 1164 989 non
1209 935 1278 988 ab
1312 939 1382 989 its
1414 951 1536 1007 quae
1565 945 1696 991 sunt
1727 936 1782 990 in
1811 936 1972 991 cmlo.
2006 936 2143 990 Nam
2243 927 2365 984 Non
2385 929 2541 983 vides
2569 928 3138 998 imprcssionem,non
3153 929 3310 984 vides
3329 939 3634 993 certamen,
3655 930 3860 997 idque

560 1029 652 1097 qui
687 1029 741 1081 in
785 1027 880 1081 illo
924 1034 1076 1090 sunt,
1122 1026 1302 1095 angeli
1335 1027 1465 1089 mei,
1503 1035 1632 1081 sunt
1673 1026 1972 1091 benedicti,
2007 1041 2147 1095 quo—
2244 1037 2368 1078 cum
2407 1030 2464 1076 tu
2499 1021 2708 1091 primus
2735 1019 3232 1090 experiaris?Quid
3255 1022 3402 1075 enim
3433 1037 3537 1074 non
3572 1019 3866 1076 moliris?

565 1121 710 1174 niam
749 1136 834 1174 me
868 1119 1206 1174 benedicunt
1239 1119 1388 1174 missi
1417 1119 1485 1173 ad
1527 1135 1756 1174 munera
1787 1119 2144 1174 administra-
2245 1112 2403 1179 Quod
2437 1127 2612 1183 genus
2651 1127 2850 1182 pugnae
2876 1127 2988 1165 non
3017 1111 3258 1166 excitas?
3280 1113 3453 1178 Quam
3481 1121 3669 1168 autem
3709 1129 3863 1167 ma-

567 1211 725 1264 toria.
744 1210 826 1264 Tu
850 1211 997 1264 enim
1023 1211 1280 1280 sperasti,
1309 1211 1354 1265 si
1385 1219 1707 1280 peccassent
1727 1211 2002 1273 homines,
2026 1210 2145 1264 fieri
2249 1219 2378 1259 num
2437 1219 2549 1258 non
2577 1219 2758 1258 armas
2809 1213 2870 1258 ut
2899 1217 3021 1257 eam
3069 1202 3318 1256 obruaS?
3352 1202 3456 1256 Sed
3507 1211 3616 1258 stat
3643 1205 3867 1260 adhuc

563 1300 686 1354 loco
719 1316 912 1354 eorum
952 1315 1048 1354 rex
1085 1301 1330 1354 omnium
1355 1317 1478 1370 qua}
1526 1311 1658 1356 sunt
1711 1316 1879 1370 super
1915 1310 2142 1366 terram,
2249 1290 2423 1360 magis
2459 1287 2613 1343 ﬁrma
2641 1298 2698 1344 et
2725 1290 2943 1344 stabilis
2975 1309 2988 1344 ε
3021 1299 3078 1345 ει
3104 1291 3410 1359 procedens
3436 1291 3711 1346 adversus
3737 1309 3866 1347 en—

562 1391 753 1444 dicens
795 1407 808 1442 ε
847 1389 952 1443 Ero
1013 1389 1202 1444 85mm,
1263 1390 1638 1457 Altissimou;
1671 1391 1767 1444 sed
1813 1400 1906 1445 tua
1943 1405 2039 1460 spe
2085 1406 2148 1444 es
2248 1393 2360 1442 ses,
2383 1377 2664 1433 Christum
2684 1393 2792 1432 non
2810 1387 2974 1449 negat
2999 1395 3012 1431 :
3038 1378 3171 1432 Elin
3193 1381 3272 1433 his
3295 1379 3529 1434 omnibus
3545 1383 3864 1450 superaui-

563 1481 866 1536 l'rustratus
893 1498 904 1532 :
933 1481 1017 1535 eis
1043 1481 1192 1535 enim
1213 1481 1284 1535 do
1306 1497 1526 1535 onmem
1547 1491 1874 1552 potestatem
1897 1483 2146 1537 calcandi
2251 1470 2447 1534 mus".
2488 1481 2550 1525 ut
2597 1486 2720 1524 cum
2752 1469 2918 1524 Pallio
2947 1469 3220 1525 ἀίοίὶῐηυεο
3253 1469 3372 1524 Νοη
3402 1471 3552 1524 Vides
3579 1487 3766 1525 enses
3795 1479 3868 1526 et

563 1589 728 1642 supra
771 1581 1040 1642 serpentes
1078 1582 1134 1626 et
1175 1573 1376 1626 collum
1412 1581 1588 1626 tuum.
1630 1573 1835 1626 Deinde
1877 1589 2001 1626 cum
2033 1573 2148 1627 haec

2272 1561 2478 1632 :agittas
2510 1562 2750 1630 potentis
2776 1562 2874 1616 Dei
2903 1573 3116 1624 acutas,
3139 1578 3238 1632 per
3263 1578 3400 1632 quas
3419 1563 3686 1619 adversus
3716 1583 3868 1621 ser-

565 1661 818 1723 dixisset,
843 1661 1095 1730 praedicit
1117 1663 1168 1715 ei
1199 1662 1364 1715 etiam
1396 1661 1587 1716 vitium
1608 1672 1664 1717 et
1685 1664 1880 1716 malam
1907 1673 2148 1718 mentem

2272 1663 2472 1706 tentem
2528 1661 2636 1707 stat
2665 1663 2876 1710 armata
2927 1654 2984 1708 in
3019 1655 3140 1709 acie
3185 1664 3242 1710 et
3273 1657 3487 1725 przelio,
3541 1670 3868 1716 armatura

566 1755 732 1825 cujus
762 1756 911 1808 nulla
952 1767 1272 1822 tangeretur
1304 1755 1653 1825 poenitentia,
1685 1756 1898 1819 dicens,
1931 1771 2038 1810 non
2065 1755 2155 1826 ju.
2184 1725 2223 1780 Β
2255 1743 2498 1813 undique
2529 1745 2758 1809 munita,
2811 1755 2868 1800 et
2892 1746 3139 1801 accincta
3171 1748 3354 1817 gladio
3379 1751 3637 1819 spiritus,
3669 1754 3866 1822 galea

566 1846 750 1901 bendo
779 1847 872 1901 sed
908 1847 1293 1916 prophetando
1330 1865 1344 1902 :
1378 1846 1553 1918 Super
1601 1857 1778 1919 pectus
1809 1858 1868 1902 et
1917 1857 2152 1902 uentrem
2252 1835 2389 1904 Spei-
2422 1836 2590 1891 lorica
2618 1837 2830 1906 ﬁdei":
2870 1841 3064 1910 οῘΥΡθο
3087 1841 3386 1910 baptismi?
3423 1844 3533 1897 Νοη
3569 1846 3740 1900 Vides
3769 1851 3873 1901 in-

568 1947 718 1993 tuum
767 1939 872 1994 hoc
891 1949 998 2002 est,
1032 1939 1087 1992 in
1116 1939 1196 1992 ira
1220 1949 1276 1994 et
1297 1939 1583 2008 voluptate
1610 1948 1701 1993 tua
1723 1939 1984 2009 gradieris
2001 1939 2152 1993 nulla

2272 1926 2398 1981 ricta
2419 1936 2474 1982 et
2501 1927 2732 1985 infracta
2761 1947 2934 1996 arma,
2970 1933 3024 1986 in
3049 1934 3254 2002 quibus
3288 1938 3528 1989 conterit
3557 1947 3616 1991 et
3647 1939 3875 1996 aufert

569 2029 874 2084 movendus
906 2029 1251 2100 pmuilentia.
1279 2029 1349 2082 Et
1393 2039 1594 2082 terram
1641 2029 1878 2082 comedas
1913 2026 2153 2081 omnibus
2255 2028 2422 2088 caput
2449 2023 2724 2090 serpentis
2757 2023 2780 2076 ?
2810 2022 3042 2078 Crucem
3064 2065 3080 2090 ,
3114 2025 3370 2095 inquam,
3399 2044 3598 2098 corpus
3623 2042 3680 2085 et
3713 2048 3880 2086 san-

569 2122 746 2176 diebus
773 2125 888 2176 vim
923 2132 1060 2187 tuw;
1102 2121 1208 2175 hoc
1229 2129 1335 2186 est,
1363 2119 1604 2189 lapsusa
1631 2119 1841 2174 ccelesti
1884 2117 2155 2188 sapientia
2255 2111 2476 2180 guinem
2510 2111 2664 2175 Jesu.
2696 2123 2845 2178 vota,
2897 2131 3111 2186 preces,
3171 2117 3410 2189 vigilias,
3455 2129 3511 2174 et
3557 2121 3668 2175 alia
3718 2139 3879 2190 quae

569 2223 628 2267 et
647 2213 963 2282 cognitione
1011 2211 1220 2274 divina,
1273 2220 1570 2265 terrestres
1613 2225 1822 2279 ponens
1872 2225 2070 2265 sensus
2099 2215 2160 2262 et
2257 2199 2482 2254 mtiliti"
2509 2201 2777 2256 adversus
2805 2213 3144 2273 serpentem.
3173 2217 3226 2260 et
3267 2207 3535 2262 adversus
3552 2225 3680 2262 eum
3737 2223 3872 2267 stat

570 2305 881 2359 materiales
905 2343 920 2368 ,
957 2303 1355 2373 circumageris
1405 2317 1470 2356 ac
1514 2300 1794 2367 volveris;
1838 2307 1888 2352 et
1934 2299 2160 2353 inimici-
2257 2290 2312 2343 in
2339 2295 2480 2357 acie,
2509 2307 2579 2346 ne
2613 2293 2852 2363 amplius
2872 2296 2921 2350 ei
2955 2297 3508 2366 serviat?Quocirca,
3533 2301 3602 2354 de
3631 2315 3878 2361 cetero

571 2395 673 2448 tias
707 2412 903 2466 ponam
953 2396 1091 2448 inter
1139 2403 1187 2447 te
1218 2401 1270 2446 et
1322 2391 1601 2446 mulierem
1651 2406 1816 2460 quam
1865 2387 2154 2460 decepisti,
2257 2397 2382 2438 eum
2412 2397 2480 2438 eo
2511 2399 2708 2456 gerens
2730 2386 3071 2452 inimicitias,
3097 2399 3152 2443 et
3175 2405 3439 2446 conversa
3456 2393 3520 2446 ad
3543 2398 3878 2463 proprium

570 2500 770 2556 nempe
801 2502 976 2540 meam
1009 2484 1334 2540 Ecclesiam,
1363 2482 1580 2538 Gratias
1601 2482 1814 2547 agimus
1841 2489 1945 2535 tua;
1967 2479 2162 2536 inena-
2259 2475 2436 2529 virum
2463 2477 2681 2547 (nempe
2701 2477 3030 2551 Christum),
3051 2481 3298 2551 quotidie
3329 2483 3472 2538 bello
3498 2486 3810 2544 invaditur
3837 2507 3876 2545 a

492 2606 511 2612 ι
569 2575 670 2630 bili
697 2585 754 2630 et
796 2576 1154 2630 inenarrabili
1203 2576 1535 2637 clementia,
1591 2573 1813 2629 Christe
1864 2573 2031 2635 Deus,
2062 2573 2158 2642 qui
2261 2567 2596 2622 satellitibus
2625 2571 2940 2640 serpentis,
2981 2576 3423 2642 persecutionem
3455 2579 3683 2646 patitur.
3717 2597 3876 2634 ver-

572 2681 676 2722 nos
705 2667 972 2731 liberasti,
1005 2677 1060 2720 et
1087 2665 1353 2736 separasti
1392 2681 1422 2719 a
1455 2666 1720 2720 societate
1749 2673 1806 2718 et
1834 2663 2156 2730 dilectione,
2259 2659 2506 2722 beratur.
2557 2669 2882 2730 torquetur,
2943 2665 3246 2730 occiditur,
3299 2667 3572 2733 vincitur,
3630 2670 3878 2738 injuria

572 2767 631 2812 et
666 2758 906 2822 unione,
951 2765 1009 2811 et
1053 2755 1294 2810 amicitia
1336 2755 1561 2824 maligni
1607 2754 1816 2808 diaboli
1859 2754 2156 2822 serpentis.
2260 2747 2814 2816 allicitur,eSllt‘lenS.
2844 2751 2993 2806 "Uda
3023 2753 3306 2811 incedens.
3323 2758 3590 2820 saniem.
3617 2759 3878 2828 sitiens,

574 2845 657 2902 Tu
683 2861 744 2900 es
763 2847 908 2900 Deus
935 2845 1028 2914 qui
1059 2843 1194 2898 facis
1221 2845 1371 2897 solus
1405 2842 1680 2897 mirabilia
1713 2857 1909 2910 magna
1931 2842 1976 2873 ⁵⁸
2013 2859 2026 2894 :
2060 2842 2157 2911 qui
2258 2838 2452 2893 liberis
2481 2839 2672 2895 orbata
2703 2849 2759 2895 et
2805 2842 3154 2898 membratim
3195 2843 3503 2913 discerpta,
3543 2862 3672 2901 eum
3737 2867 3883 2905 ser-

573 2946 807 3009 proptcr
842 2946 990 2990 tuam
1028 2936 1082 2988 in
1116 2949 1375 3004 sponsam
1403 2941 1550 2988 tuam
1575 2931 1876 2987 Ecclesium
1913 2931 2157 2985 charita-
2261 2939 2424 2998 pente
2459 2941 2646 2986 autem
2671 2949 2854 3002 neque
2884 2933 3085 3000 fcedus,
3109 2950 3290 3008 neque
3314 2939 3612 2993 amicitiam
3632 2941 3882 2999 iniens.

575 3041 685 3084 tem
717 3029 950 3100 posuisti
979 3026 1456 3081 inimicitiasinter
1478 3024 2154 3088 nosetinimicumtuum,
2185 3043 2227 3097 ο
2261 3020 2368 3076 Sed
2443 3022 2664 3076 etiamsi
2733 3033 2988 3093 oporteat
3079 3026 3283 3081 millies
3340 3027 3526 3083 subire
3580 3041 3885 3100 mortem,

575 3131 774 3176 utnon
809 3119 1048 3190 ainplius
1073 3119 1125 3173 ei
1164 3118 1492 3182 serviamus,
1516 3117 1610 3172 sed
1641 3117 1738 3170 tibi
1773 3117 1875 3171 soli
1899 3116 2024 3171 vivo
2049 3117 2160 3170 Deo
2265 3123 2526 3180 prompto
2557 3123 2614 3168 et
2656 3114 2825 3168 alacri
2879 3115 3065 3170 animo
3093 3116 3344 3171 membra
3373 3133 3472 3173 sua
3525 3129 3581 3173 et
3630 3120 3891 3180 liberos

575 3227 710 3266 vero
735 3251 749 3276 ,
781 3211 875 3280 qui
923 3210 1064 3264 dicis
1100 3208 1411 3263 insidiatori
1457 3209 1622 3279 hujus
1662 3217 1768 3262 tuae
1805 3208 2056 3278 conjugis
2107 3215 2164 3262 et
2265 3203 2378 3273 igni
2415 3203 2602 3266 tradit.
2632 3213 2690 3260 et
2733 3205 2950 3275 gladiis.
3007 3215 3066 3262 et
3097 3208 3640 3280 t0rmentis..potius
3671 3226 3888 3282 quam

577 3317 792 3373 sponsa)
825 3301 1072 3355 mulieris
1109 3319 1121 3353 :
1157 3300 1474 3354 Inimicitias
1492 3315 1687 3369 ponam
1714 3300 1854 3352 inter
1885 3308 1934 3352 te
1955 3307 2003 3352 et
2026 3300 2164 3352 inter
2265 3311 2392 3350 cum
2429 3305 2686 3366 serpente
2717 3295 2898 3352 fmdus
2937 3300 3217 3368 percutiat
3249 3310 3306 3355 et
3332 3301 3591 3384 amicitia:
3619 3304 3891 3362 obsides

579 3388 870 3444 mulierem.
904 3387 1112 3442 Portam
1164 3389 1472 3442 inimicitias
1496 3405 1514 3442 :
1547 3403 1660 3441 rem
1691 3387 1953 3453 futuram,
1976 3396 2032 3442 et
2067 3402 2165 3458 po-
2263 3385 2314 3439 ei
2343 3394 2439 3440 aut
2468 3385 2562 3440 det
2589 3395 2684 3440 aut
2721 3387 2976 3458 accipiat.
3002 3388 3208 3444 Eorum
3226 3397 3411 3445 autem
3443 3406 3563 3461 quae
3591 3406 3763 3450 nunc
3789 3395 3894 3450 di-

579 3479 792 3532 nendas
821 3479 1142 3533 inimicitias
1172 3479 1450 3549 signiﬁcat
1477 3479 1613 3533 illud
1638 3521 1653 3544 ,
1684 3497 1914 3550 ponam,
1966 3497 2034 3535 eo
2065 3481 2162 3552 qui
2265 3487 2470 3532 cuntur
2522 3493 2627 3534 nos
2672 3487 2844 3535 testes
2890 3497 3085 3536 sumus
3110 3483 3206 3552 qui
3253 3483 3490 3538 Verbum
3540 3485 3837 3550 audimus
3871 3509 3888 3544 :

580 3568 717 3622 dicit
739 3568 1064 3623 ostendente
1099 3587 1112 3622 :
1141 3570 1256 3640 Ego
1277 3570 1332 3623 in
1361 3571 1676 3625 novissimis
1703 3571 2051 3640 temporibus
2068 3588 2166 3642 po-
2265 3584 2366 3640 pro
2398 3568 2504 3625 ﬁde
2555 3569 2724 3642 hujus
2750 3571 3000 3627 mulieris
3035 3571 3270 3638 Christi,
3307 3574 3554 3644 pericula
3593 3579 3892 3645 quotidie

580 3676 708 3716 nam
731 3660 1054 3716 inimicitias
1087 3661 1231 3716 inter
1269 3671 1322 3716 te
1354 3670 1412 3716 et
1461 3662 1788 3716 Ecclesium.
1839 3663 1975 3716 Nam
2016 3678 2166 3718 nunc

581 3753 806 3824 quidem
836 3755 1010 3811 amica
1037 3763 1121 3809 est
1149 3755 1247 3809 tibi
1279 3755 1478 3810 mulier
1499 3795 1514 3819 ,
1545 3772 1692 3810 nunc
1712 3764 1797 3810 est
1816 3756 1914 3811 tibi
1941 3758 2160 3826 conjux,

583 3861 740 3901 nunc
797 3861 919 3901 eam
969 3846 1204 3902 eﬂ’t-cisti
1253 3847 1566 3916 captivam,
1623 3863 1773 3902 nunc
1813 3847 1912 3902 tibi
1969 3849 2162 3916 servit,

579 3955 734 3996 nunc
779 3948 863 3994 est
902 3939 1003 3994 tibi
1042 3941 1333 4011 subjecta,
1373 3956 1524 3995 nunc
1571 3950 1623 3995 te
1661 3941 1795 3995 colit
1850 3941 2164 3997 sacriﬁcans

579 4033 724 4088 Iilios
761 4047 892 4088 suos
926 4043 982 4088 et
1020 4032 1160 4088 ﬁlias
1193 4049 1320 4088 suas
1345 4033 1444 4087 tibi
1469 4043 1526 4088 et
1550 4033 1659 4088 tuis
1696 4033 2024 4100 dzemoniis;
2065 4034 2162 4090 sed

2267 3753 2683 3808 inimicitiarum
2730 3766 2861 3811 sunt
2895 3757 2990 3825 qui
3019 3756 3073 3810 in
3104 3757 3340 3814 desertis
3384 3767 3441 3813 et
3475 3759 3789 3817 montibus
3825 3774 3894 3820 et

2267 3845 2546 3914 speluncis
2595 3845 2876 3902 decertant
2933 3848 3202 3904 adversus
3253 3859 3592 3920 serpentem.
3651 3849 3896 3911 Testes

2269 3934 2688 3990 inimicitiarum
2749 3937 2914 4007 hujus
2966 3939 3218 3994 mulieris
3264 3949 3396 3995 sunt
3443 3949 3729 4010 pastores,
3773 3946 3890 4013 qui

2266 4037 2386 4077 eam
2419 4024 2650 4093 pulchre
2677 4025 2876 4080 docent
2900 4027 3154 4095 quotidie
3183 4028 3370 4083 dicere
3397 4028 3722 4083 :Renuntio
3771 4031 3899 4087 Sa-

581 4140 651 4178 ne
681 4124 955 4194 glorieris,
987 4141 1169 4195 ncque
1187 4125 1456 4190 ell'craris,
1484 4142 1665 4195 neque
1683 4135 1976 4195 propterea
2013 4125 2166 4180 inso-

2272 4122 2409 4172 tanse
2442 4117 2587 4171 malo
2635 4117 2903 4188 serpenti,
2957 4127 3013 4174 et
3039 4121 3161 4190 ejus
3184 4120 3396 4183 cultui,
3444 4133 3500 4175 et
3534 4121 3654 4190 ejus
3676 4122 3890 4181 decc.

583 4215 778 4270 lescas.
803 4216 940 4270 Nam
971 4217 1122 4271 venit
1146 4217 1304 4281 hora,
1327 4227 1385 4272 et
1405 4233 1554 4270 nunc
1585 4227 1671 4270 est
1693 4216 1914 4287 quando
1943 4216 2164 4270 veniam

2272 4207 2465 4278 ptioni,
2495 4219 2554 4264 et
2581 4209 2910 4280 ejusidolis,
2937 4222 2994 4266 et
3022 4213 3142 4283 ejus
3187 4211 3562 4277 facultatibus,
3619 4222 3676 4266 et
3737 4217 3889 4287 ejus

583 4323 704 4361 eam
730 4307 962 4362 visitans
999 4308 1253 4372 meridie,
1297 4315 1354 4362 et
1397 4307 1596 4362 faciam
1641 4309 1763 4378 ejus
1793 4308 2078 4372 ultionem,
2109 4317 2168 4364 et

2272 4298 2652 4366 libaminibus,
2683 4308 2738 4355 et
2760 4303 2881 4369 ejus
2907 4303 3184 4358 servituti.
3223 4305 3408 4359 Testis
3430 4314 3516 4359 est
3547 4319 3578 4358 a
3608 4304 3738 4360 Deo
3765 4307 3886 4364 da-

585 4413 784 4468 ponam
810 4399 1130 4454 inimicitias
1151 4400 1427 4454 terribiles
1449 4410 1506 4453 et
1535 4373 1916 4468 implacabiles
1945 4399 2090 4452 inter
2113 4407 2166 4455 te
2200 4373 2241 4427 D
2272 4398 2452 4444 larum
2477 4392 3008 4464 inimicitiarumpiae
3034 4395 3199 4470 hujus
3223 4396 3474 4451 mulieris
3491 4411 3630 4466 quas
3653 4411 3886 4456 susce-

2267 3661 2556 3727 adeuntes,
2589 3665 2832 3734 serpenti
2875 3675 3059 3720 autem
3109 3682 3222 3720 non
3251 3667 3595 3722 obedientes.
3650 3667 3894 3728 Testes
3971 3659 3980 3670 ’

584 4501 641 4546 et
666 4489 956 4546 mulierem
999 4492 1326 4546 Ecclesiam.
1353 4491 1474 4546 Non
1499 4491 1720 4544 veniam
1771 4491 1920 4545 enim
1947 4498 2080 4544 tunc
2103 4491 2174 4544 ad

585 4581 900 4637 mittendum
947 4581 1092 4636 inter
1131 4592 1181 4636 te
1231 4594 1288 4638 et
1316 4597 1436 4636 eam
1485 4596 1696 4652 pacem,
1747 4581 1839 4634 sed
1869 4579 2109 4650 gladium
2126 4580 2171 4614 ⁴⁹

584 4675 996 4744 evangelicum,
1029 4673 1098 4728 ad
1131 4673 1492 4728 dividendum
1522 4671 1964 4741 etseparandum
1985 4682 2036 4726 te
2056 4687 2172 4726 ma-

587 4766 798 4838 lignum
830 4775 887 4820 et
919 4765 1233 4820 adulterum
1276 4765 1456 4819 virum
1497 4771 1814 4834 serpentem
1861 4779 1890 4817 a
1938 4764 2174 4820 muliere

587 4872 752 4926 quam
775 4873 805 4911 a
843 4872 930 4911 me
956 4857 1188 4927 rapuisti
1215 4875 1228 4910 :
1255 4865 1317 4910 ut
1354 4854 1578 4926 quando
1609 4869 1778 4924 super
1804 4869 1998 4910 omnes
2035 4854 2172 4908 alias

591 4947 878 5011 mulieres,
907 4963 1208 5019 synagogas
1236 4947 1556 5011 Persarum,
1593 4945 1878 5012 ludorum,
1904 4946 2171 5010 Arabum,

591 5037 992 5093 lsmaelitarum
1026 5046 1077 5092 te
1108 5037 1324 5102 dilexit,
1356 5039 1432 5093 ita
1461 5053 1624 5107 supra
1655 5051 1850 5092 omnes
1878 5044 1933 5090 te
1957 5035 2173 5090 oderit:

592 5131 678 5184 vel
703 5130 909 5200 potius,
941 5139 1002 5185 ut
1023 5132 1191 5186 semel
1222 5131 1424 5195 dicam,
1451 5145 1645 5185 omnes
1674 5139 1726 5185 te
1757 5129 2172 5201 oderint,(num

595 5221 732 5276 enim
765 5221 1072 5277 Judworum
1109 5221 1282 5277 solum
1345 5231 1419 5276 est
1451 5221 1591 5274 Deus
1615 5261 1631 5285 ,
1683 5236 1796 5274 non
1851 5222 2011 5272 etiam
2045 5235 2176 5290 gen-

597 5317 730 5369 tium
747 5315 792 5347 '°
807 5316 850 5387 ?)
889 5328 1167 5387 noctuque
1183 5315 1489 5387 etinterdiu
1513 5331 1574 5368 ea
1598 5313 1864 5368 adversus
1886 5321 1939 5367 te
1963 5322 2176 5366 armata

597 5412 654 5456 et
681 5407 943 5461 resistens
973 5417 1024 5463 te
1077 5408 1380 5463 interimat.
1419 5405 1477 5461 Si
1529 5405 1644 5460 haec
1693 5405 1772 5459 ita
1814 5418 1926 5458 non
1963 5402 2174 5474 signiti-

599 5505 748 5561 cant,
775 5499 1069 5567 oportebat
1097 5501 1270 5554 Deum
1297 5499 1370 5553 ita
1404 5498 1593 5552 dicere
1623 5495 1869 5566 serpenti
1905 5515 1917 5550 :
1959 5494 2030 5548 Et
2060 5511 2174 5548 ecce

674 5612 840 5682 ‘f'ylsa.
864 5629 970 5678 xiv,
995 5613 1080 5667 M.
1158 5616 1202 5646 “
1227 5617 1362 5671 Psnl.
1394 5634 1568 5682 LXXVI,
1596 5617 1679 5671 lii.

611 5677 653 5711 ⁸⁵
691 5680 891 5751 Epltt's.
927 5699 977 5747 ι,
1005 5685 1090 5737 εὖ.

1759 5618 1800 5648 ‘9
1823 5615 2011 5670 Matth.
2035 5632 2086 5682 τί,
2119 5615 2210 5668 δι.

2269 4479 2512 4553 pit_cum
2567 4490 2846 4550 serpente,
2880 4481 3154 4536 idolorum
3202 4483 3538 4547 destructio,
3595 4483 3884 4553 ipsorum

2271 4551 2604 4634 templorum
2641 4568 2876 4632 eversio,
2903 4577 3208 4624 statuarum
3232 4569 3516 4632 contritio,
3551 4551 3884 4628 columna-

2273 4674 2394 4712 rum
2421 4659 2646 4725 deletio,
2675 4661 2820 4729 apud
2852 4671 3046 4732 gentes
3082 4652 3325 4732 cognitio
3349 4663 3448 4717 Dci
3489 4662 3580 4732 qui
3605 4663 3714 4717 has
3761 4667 3880 4720 bo-

2271 4766 2372 4806 nas
2413 4751 2730 4808 inimicitias
2769 4753 3202 4822 praedestinavit.
3259 4754 3326 4808 Et
3367 4753 3511 4810 dixit
3547 4758 3824 4823 serpenti
3862 4778 3880 4813 :

2267 4843 2476 4898 Ponam
2503 4846 2807 4900 inimicitias
2831 4849 2968 4900 inter
2987 4855 3035 4899 te
3049 4855 3098 4900 et
3119 4846 3412 4901 mulierem.
3437 4847 3504 4902 Et
3532 4861 3710 4914 quare
3733 4865 3884 4904 mu-

2269 4933 2482 4997 lierem,
2513 4943 2570 4988 et
2613 4951 2720 4989 non
2759 4938 2946 5006 potius
2985 4937 3202 4990 virum?
3233 4936 3473 4991 Mulieris
3516 4938 3653 4990 enim
3687 4950 3883 5011 caput

2273 5029 2444 5080 estvir
2465 5027 2533 5090 ⁵³,
2565 5038 2621 5082 et
2641 5029 2820 5099 ipsum
2848 5031 2992 5099 (cum
3019 5030 3092 5084 sit
3123 5029 3408 5085 inimicum
3431 5029 3612 5100 caput)
3640 5029 3881 5089 bellum

2272 5135 2467 5189 gerere
2497 5137 2621 5176 cum
2661 5123 2840 5192 capite
2865 5123 3138 5193 serpentis
3168 5121 3430 5188 decebat;
3473 5122 3564 5178 sed
3596 5122 3750 5177 nihil
3784 5125 3883 5180 di-

2277 5211 2356 5267 cit
2391 5212 2688 5282 cjnsmodi,
2714 5217 2974 5284 quoniam
3008 5215 3150 5270 nihil
3173 5224 3254 5270 cst
3289 5229 3578 5271 commune
3604 5219 3877 5286 serpenti

2279 5325 2404 5364 cum
2445 5308 2722 5379 spirituali
2763 5309 2992 5373 Adamn,
3024 5324 3224 5378 nempe
3266 5309 3506 5364 Christo.
3557 5309 3706 5365 Dicit
3759 5312 3880 5368 ita-

2275 5419 2385 5474 que
2427 5421 2441 5458 :
2468 5403 2675 5458 Portam
2708 5403 3012 5456 inimicitias
3037 5403 3178 5456 inter
3205 5411 3256 5458 te
3275 5415 3326 5458 et
3348 5402 3640 5458 mulierem.
3667 5401 3734 5458 Si
3761 5421 3882 5462 ala-

2278 5503 2386 5548 tcm
2425 5495 2794 5564 corporaliter
2817 5493 3080 5564 intelligis
3102 5493 3198 5548 Dei
3221 5493 3390 5550 verba
3423 5493 3489 5550 ad
3516 5503 3880 5564 serpentem,

2287 5617 2332 5647 '°
2351 5615 2510 5672 Rom.
2546 5632 2627 5672 ιιι.
2655 5615 2742 5670 9.9.
2821 5616 2861 5645 "
2891 5615 3048 5669 Rom.
3081 5631 3194 5681 vnt,
3219 5613 3308 5668 57.
3386 5613 3474 5670 "1
3501 5612 3697 5672 Thess.
3723 5629 3790 5681 ν,
3817 5615 3876 5673 3.
