3942 6298
148 226 275 295 1033

1224 222 1307 283 1N
1346 214 1902 282 HEXAEMERON.
1931 238 2001 248 —
2029 213 2173 273 un.
2198 190 2320 273 'xr.

3275 191 3410 273 mat

143 339 269 407 vide
287 338 340 393 in
360 348 535 408 quam
561 336 735 391 multa
762 331 966 390 incidis
1001 328 1246 387 absurda
1269 330 1352 384 sic
1375 326 1716 397 intelligens.
1750 330 1792 387 Α
1824 320 1988 375 modo
2022 320 2091 374 ad
2145 319 2293 374 mille
2334 334 2509 375 annos
2539 318 2657 374 haec
2706 327 2855 373 recte
2900 317 3124 388 legens,
3164 319 3409 375 nondum

113 501 117 506 ν
147 433 207 487 Et
228 431 462 502 primum
490 428 740 500 quidem,
776 425 926 497 quod
956 424 1106 479 Deus
1130 421 1339 493 injuste
1363 433 1491 474 eum
1515 426 1601 472 est
1619 430 1718 471 ex-

148 533 398 580 secratus.
427 522 731 588 Nam,cum
759 519 975 574 ratione
1001 522 1220 572 careret
1251 521 1308 569 et
1330 509 1717 582 intelligentia,

149 615 340 671 invitus
378 613 482 669 fuit
536 614 975 668 instrumentum
1017 607 1253 673 diaboli;
1295 621 1400 660 nec
1428 602 1724 674 oportebat

149 707 296 763 irasci
337 709 707 776 instrumento
736 701 950 777 experti
972 700 1226 755 rationis.
1258 697 1539 761 Secundo,
1570 693 1724 766 quod

149 801 191 855 si
226 799 509 854 mulierem
531 798 703 853 solam
728 796 849 849 vult
868 792 1202 848 inimicitias
1232 804 1424 862 gerere
1446 803 1571 843 cum
1605 801 1724 840 ma-

149 890 304 961 ligno,
351 896 438 944 est
496 870 855 959 perspicuum
903 883 1055 955 quod
1095 883 1214 938 vult
1242 881 1425 936 virum
1454 895 1577 935 esse
1617 893 1728 933 ser-

149 984 320 1054 pentis
354 982 642 1039 dilectum.
670 980 882 1045 Tertio,
918 975 1067 1049 quod
1113 977 1161 1031 si
1202 975 1349 1031 inter
1379 973 1726 1045 corporalem

149 1083 449 1144 serpentem
490 1079 548 1126 et
585 1070 877 1126 carnalem
903 1077 1149 1123 nostram
1196 1065 1488 1120 mulierem
1537 1059 1727 1132 posuit

150 1162 285 1225 Deus
313 1164 661 1228 inimicitias,
682 1163 739 1216 in
778 1177 890 1216 uno
916 1161 1200 1215 momento
1231 1156 1499 1226 temporis
1525 1168 1729 1208 consu-

149 1265 357 1312 merent
396 1263 690 1325 serpentes
708 1268 907 1308 omnes
928 1250 1194 1306 mulieres
1214 1290 1229 1314 ,
1248 1255 1305 1304 et
1343 1246 1579 1301 maxime
1608 1258 1732 1315 qua:

148 1366 254 1404 non
283 1359 412 1404 sunt
446 1349 504 1403 in
529 1346 766 1402 urbibus
806 1345 938 1399 dum
968 1343 1273 1398 dormiunt.
1317 1339 1557 1406 Quarto,
1583 1336 1732 1407 quod

148 1442 395 1512 plurima:
432 1440 603 1495 etiam
657 1437 778 1492 alia:
814 1436 1007 1491 bestiae
1069 1443 1199 1490 sunt
1242 1432 1405 1487 nobis
1472 1428 1731 1485 inimicae.

147 1533 251 1589 Sed
295 1548 474 1602 neque
520 1541 727 1586 terram
755 1529 1008 1600 quotidie
1054 1522 1297 1582 comedit
1321 1539 1552 1595 serpens
1578 1564 1593 1588 ,
1633 1521 1739 1578 sed

147 1626 309 1680 etiam
346 1625 484 1679 alias
515 1636 673 1679 escas
709 1620 986 1676 carnium.
1030 1618 1136 1675 Sed
1176 1633 1358 1687 neque
1381 1618 1476 1688 qui
1507 1617 1612 1672 sub
1643 1617 1730 1671 in-

1821 410 2131 481 cognovisti
2161 422 2285 464 eam
2323 424 2445 480 qua:
2473 419 2557 463 est
2596 409 2651 463 in
2691 409 2825 478 ipsis
2854 408 3170 473 veritatem,
3195 423 3321 463 cum
3351 421 3412 465 tu

1822 517 1911 557 me
1938 502 2126 572 potius
2176 500 2411 556 deberes
2439 500 2498 554 in
2530 500 2618 553 his
2650 499 2985 563 illuminare,
3029 506 3091 554 ut
3142 500 3235 569 qui
3287 514 3351 555 ea
3383 516 3412 554 a

1822 594 1937 650 Deo
1970 593 2272 662 acceperis,
2303 601 2360 646 et
2396 592 2486 648 cui
2519 608 2585 646 ea
2620 599 2750 646 sunt
2806 589 3040 644 credita.
3077 590 3153 645 De
3188 597 3414 655 caetero,

1823 699 1854 739 a
1890 700 1976 738 me
2002 685 2097 753 qui
2129 699 2253 738 sum
2286 682 2555 737 barbarus
2576 690 2631 736 et
2654 682 2829 736 bestia
2854 682 3007 737 disce
3039 696 3261 737 sensum
3293 691 3415 736 tua-

1828 789 1952 828 rum
1976 774 2160 844 legum
2220 773 2399 842 Atque
2432 781 2492 827 ut
2523 772 2766 843 maligno
2812 772 3038 842 quidem
3066 772 3316 842 serpenti
3347 773 3421 826 sit

1826 862 2053 918 inimica
2089 871 2145 918 et
2160 863 2212 917 ei
2238 870 2350 916 neu
2377 862 2623 927 obediat,
2647 862 2867 916 mulieri
2896 871 2952 917 et
2980 861 3240 917 Ecclesiae
3264 858 3421 917 dedit

1828 955 2010 1020 Deus;
2044 954 2344 1010 observare
2380 962 2598 1017 autem,
2642 968 2739 1008 seu
2775 968 2901 1007 cum
2932 953 3152 1008 insidiis
3174 955 3297 1025 ejus
3323 967 3419 1009 ca-

1828 1057 1930 1118 put
1954 1054 2268 1111 conterere,
2292 1060 2409 1100 non
2447 1051 2628 1114 potest
2649 1045 2915 1100 Ecclesia.

1901 1138 1969 1193 Et
2017 1145 2313 1208 propterea
2368 1152 2399 1192 a
2443 1138 2680 1193 muliere
2738 1138 2807 1192 ad
2861 1139 3145 1194 hominem
3200 1137 3422 1209 (nempe

1829 1230 2134 1301 Christum)
2190 1230 2438 1286 traduxit
2484 1231 2629 1285 Deus
2671 1231 3004 1296 orationem,
3067 1230 3261 1286 dicens
3302 1244 3423 1285 ser-

1834 1326 1985 1399 penti
2008 1343 2021 1380 :
2041 1325 2159 1395 Ipse
2184 1324 2476 1379 observabit
2498 1335 2667 1393 caput
2691 1333 2862 1395 tuum,
2897 1333 2953 1380 te
2979 1334 3275 1380 conterens
3296 1339 3424 1379 cum

1836 1417 2059 1473 insidiis
2090 1434 2103 1471 :
2136 1425 2188 1469 et
2231 1425 2286 1469 tu
2314 1416 2610 1470 observabis
2643 1417 2757 1487 ejus
2786 1416 3118 1481 calcaneum,
3167 1416 3277 1470 hoc
3313 1425 3419 1481 est,

1835 1521 2084 1567 extrema
2139 1511 2312 1565 totius
2362 1509 2619 1579 corporis
2663 1509 2874 1564 Christi
2919 1510 3047 1583 (hoc
3108 1518 3296 1564 autem
3338 1518 3428 1564 est

1838 1604 2110 1674 Ecclesia)
2163 1605 2221 1658 in
2270 1603 2539 1659 extremis
2583 1603 2934 1673 teuiporibus
2976 1618 3098 1658 eam
3149 1603 3424 1658 crib‘rans.

148 1718 506 1791 telligentiam
562 1715 711 1771 cadit
760 1729 991 1784 serpens
1011 1754 1025 1779 ,
1068 1727 1197 1768 cum
1247 1712 1320 1767 sit
1347 1708 1722 1775 immortalis,
1754 1702 1799 1758 Β
1825 1695 2133 1791 Callian?”
2158 1702 2346 1791 ante"!
2376 1696 2498 1765 eius
2525 1701 2581 1749 θι
2606 1701 3073 1791 θξιτθῐηυωνμθει
3095 1694 3428 1791 Anticyris“

150 1818 345 1865 terram
375 1807 639 1870 comedit,
664 1806 924 1861 omnibus
954 1805 1154 1861 diebus
1197 1806 1325 1860 vitae
1377 1818 1490 1859 suae
1532 1802 1736 1857 missus

148 1903 205 1957 in
254 1902 432 1972 ignem
470 1909 761 1955 aeternum.
810 1899 888 1954 De
941 1898 1062 1967 ipso
1093 1905 1277 1952 tamen
1335 1905 1597 1967 serpente
1637 1893 1734 1963 qui

147 1992 295 2048 cadit
341 1991 445 2046 sub
499 1989 946 2059 intelligentiam,
978 1994 1034 2042 et
1084 1988 1152 2042 de
1192 1985 1440 2042 Ecclesia
1492 1986 1735 2056 intellige

148 2084 395 2139 divinum
441 2081 731 2151 eloquium
779 2076 934 2150 q'uod‘
959 2080 1097 2134 dicit
1130 2099 1144 2134 :
1185 2078 1394 2134 Ponam
1431 2080 1751 2157 inimicitias.

148 2179 288 2232 inter
321 2176 606 2231 diabolum
636 2185 685 2230 et
734 2175 1033 2231 mulierem.
1078 2176 1243 2230 Beata
1281 2180 1368 2228 est
1417 2187 1550 2242 ergo
1588 2172 1736 2227 inter

149 2269 416 2337 mulieres
437 2270 557 2324 sola
578 2269 696 2324 haec
726 2270 950 2324 mulier.
981 2267 1122 2325 Hinc
1162 2266 1311 2321 enim
1335 2264 1603 2321 discimus
1625 2279 1739 2321 ma-

148 2364 318 2427 gnum
356 2356 555 2426 dogma
595 2356 663 2410 de
683 2356 822 2425 ipsa,
847 2354 1018 2410 etiam
1046 2354 1182 2424 ipsis
1206 2353 1362 2408 caelis
1381 2352 1657 2407 excelsius
1682 2358 1742 2406 et

148 2448 523 2523 praestantius.
573 2446 865 2514 Quodnam
915 2456 1001 2503 est
1054 2447 1203 2501 hoc?
1236 2446 1371 2500 Dico
1421 2445 1569 2515 quod
1622 2445 1741 2500 sola

148 2558 272 2612 quae
300 2550 385 2596 est
413 2537 859 2597 Christianorum
891 2540 1139 2599 Ecclesia
1164 2538 1407 2603 Christi,
1439 2547 1527 2593 est
1560 2537 1741 2592 hostis

146 2641 208 2690 et
240 2633 464 2688 inimica
528 2633 804 2702 serpenti;
857 2632 1087 2701 reliquae
1142 2637 1335 2685 autem
1373 2644 1566 2687 omnes
1619 2640 1742 2699 quam

145 2723 378 2778 suntin
440 2722 651 2805 mundo
708 2723 1009 2793 religiones
1063 2729 1119 2777 et
1149 2722 1285 2795 lides
1325 2721 1572 2791 gentium
1609 2720 1744 2789 (tam

146 2810 468 2870 Judaaorum
492 2828 658 2884 quam
681 2810 1077 2891 Barbarorum)
1100 2821 1230 2880 sunt
1246 2812 1436 2867 amicae
1459 2814 1516 2866 et
1543 2820 1743 2869 contu-

148 2907 432 2971 bernaies,
460 2903 519 2962 et
544 2896 829 2977 conjugés,
851 2913 908 2961 et
932 2906 1173 2977 pr0priae
1203 2904 1411 2959 diaboli
1432 2902 1739 2973 serpentis:

146 3012 221 3053 ex
260 2980 328 3054 Cl)
359 2980 521 3063 natae,
555 3006 623 3053 et
647 3012 772 3068 qua:
802 3014 871 3052 ex
907 3011 977 3051 eo
1015 3003 1394 3067 conceperunt
1425 2995 1628 3055 malum
1653 3009 1743 3050 88·

146 3099 281 3146 men
310 3091 781 3151 exsecrandorum
820 3090 1161 3161 doginatum,
1208 3089 1347 3144 adeo
1383 3097 1445 3142 ut
1472 3080 1565 3142 eis
1598 3086 1744 3151 idem

146 3182 229 3239 sit
270 3193 513 3252 etpater
540 3191 598 3237 ct
624 3170 731 3246 vir,
764 3181 859 3252 qui
888 3182 1198 3237 intrbduxit
1231 3179 1625 3262 exsecranda!!!
1656 3172 1746 3263 sui

146 3276 303 3327 inter
331 3272 833 3347 se‘corruptioncm
877 3289 890 3325 :
924 3272 1030 3327 hoc
1057 3275 1221 3335 enim
1240 3272 1553 3343 signiﬁcant
1578 3273 1748 3327 etiam

145 3378 279 3433 quae
308 3363 579 3434 deinceps
610 3360 926 3433 sequuntur
953 3363 1050 3418 Dei
1080 3363 1250 3417 verba
1278 3362 1359 3416 ad
1402 3362 1584 3432 ipsum
1629 3378 1747 3417 ser-

144 3452 407 3526 pentem:
426 3455 714 3510 Nam‘cnm
742 3456 973 3511 dixisset
1003 3454 1244 3509 :Ptmam
1270 3455 1578 3510 inimicitias
1606 3455 1749 3509 inter

146 3556 205 3599 te.
235 3551 286 3597 et
315 3542 628 3616 mulierem,
659 3544 978 3616 subiunxit,
1008 3545 1202 3601 dicens
1237 3561 1251 3601 :
1279 3541 1353 3598 Et
1383 3545 1523 3597 inter
1568 3556 1744 3599 semen

142 3637 293 3708 ejus.
334 3614 502 3704 Atqui
556 3614 793 3691 debebat
829 3632 1017 3691 dicere
1048 3652 1068 3713 _:
1119 3635 1189 3690 Et
1221 3636 1358 3713 inter
1400 3637 1539 3706 fetus
1582 3638 1746 3713 ejus:

142 3727 196 3785 si
237 3727 306 3781 ad
344 3727 687 3797 corporalem
721 3710 1122 3798 serpentem'et
1147 3712 1437 3783 mulierem
1480 3710 1751 3800 corpora;

141 3821 268 3876 lem
301 3820 474 3899 solam
514 3828 702 3874 essent
746 3836 810 3875 ea
838 3828 989 3899 [quae
1030 3821 1318 3899 dicuntur.
1371 3821 1569 3887 Mulier
1599 3822 1748 3878 enim

142 3926 270 3966 non
311 3894 519 3983 emittit
557 3926 777 3977 semen;
811 3894 931 3965 sed
957 3925 1081 3965 cum
1111 3898 1427 3982 acceperit,
1469 3912 1615 3984 parit
1662 3913 1747 3969 fe-

144 4012 301 4059 tum.
335 4004 560 4059 Semina
612 4014 744 4075 ergo
794 4003 1060 4059 Ecclesiae
1104 3996 1366 4075 sunt‘pia
1410 4005 1667 4077 dogmata
1692 4014 1750 4063 et

142 4094 483 4170 disciplinae
504 4107 643 4166 quas
701 4096 995 4150 seminavit
1045 4095 1444 4166 ille‘agricola,
1499 4096 1689 4155 dicens
1731 4117 1746 4165 ;

141 4185 310 4241 Exiit
343 4182 434 4256 qui
461 4187 690 4241 seminat
719 4186 789 4242 ad
809 4172 1184 4242 seminandum
1196 4187 1265 4241 ἰ.
1291 4188 1507 4256 Bursus
1521 4182 1750 4261 serpen—

145 4276 229 4330 tis
255 4286 386 4330 sunt
408 4278 547 4331 mala
578 4277 789 4331 semina
820 4276 1089 4357 etirnpia,
1122 4276 1509 4337 hereticorum
1541 4279 1750 4339 zizania

1835 1788 2128 1861 praesentia
2155 1799 2281 1856 qum
2321 1787 2509 1841 futura
2543 1787 2715 1855 estin
2742 1786 3009 1843 extremis
3045 1786 3428 1857 temporibus;

1835 1883 1956 1952 ejus
1985 1880 2135 1936 enim
2170 1888 2392 1950 tempus
2420 1881 2689 1935 observat
2713 1877 2771 1935 et
2793 1886 3081 1950 exspectat
3103 1881 3285 1935 malus
3311 1895 3433 1936 ser-

1836 1989 1995 2046 pens,
2046 1989 2158 2043 quo
2200 1980 2390 2027 utetur
2431 1980 2694 2043 tanquam
2742 1973 3142 2040 instrumento,
3190 1973 3260 2027 ad
3295 1987 3431 2044 sup-

1835 2062 2197 2134 plantandum
2232 2078 2433 2118 rursus
2473 2079 2575 2133 per
2621 2062 2809 2118 cibum
2841 2063 3149 2120 Ecclesiam
3195 2081 3209 2118 :
3258 2064 3431 2136 idque

1837 2171 1965 2211 cum
2018 2166 2152 2209 tunc
2194 2156 2267 2210 sit
2316 2155 2502 2210 futura
2550 2154 2745 2219 fames,
2798 2155 2944 2210 sicut
2975 2155 3147 2211 etiam
3202 2155 3436 2211 tradidi-

1840 2262 1967 2301 mus
2006 2247 2062 2299 in
2108 2247 2256 2300 libro
2306 2245 2680 2316 praecedente.
2729 2245 2888 2313 Quod
2942 2255 3131 2301 autem
3177 2244 3437 2303 Christus

1840 2337 2012 2393 fuerit
2049 2344 2239 2391 custos
2279 2336 2565 2401 Ecclesiae,
2613 2349 2725 2391 nun
2772 2352 2913 2408 opus
2959 2338 3070 2392 erit
3113 2337 3184 2392 de
3233 2353 3302 2394 eo
3329 2339 3437 2394 alia

1840 2429 2037 2499 majori
2070 2428 2403 2500 probatione
2446 2442 2614 2499 quam
2659 2444 2725 2484 ea
2756 2429 2875 2483 sola
2902 2445 3025 2499 qum
3051 2426 3191 2484 dicit
3222 2430 3277 2483 in
3310 2442 3436 2502 per-

1843 2537 1979 2577 sona
2029 2521 2241 2577 Christi
2287 2540 2300 2576 :
2340 2522 2413 2577 Et
2448 2523 2649 2593 accepit
2689 2520 2949 2575 Dominus
2976 2521 3117 2576 Deus
3148 2523 3437 2591 Adamnm,

1843 2623 1893 2668 et
1947 2618 2119 2687 posuit
2172 2631 2293 2669 eum
2324 2616 2381 2668 in
2410 2614 2663 2685 paradiso
2722 2614 2793 2669 ad
2838 2631 2961 2669 eum
3005 2615 3337 2686 operandam
3390 2625 3439 2671 et

1842 2706 2264 2760 custodiendum.
2960 2762 2965 2769 ί
3110 2754 3115 2760 .

1914 2796 1982 2849 Ει
2013 2795 2140 2850 ideo
2174 2796 2362 2865 posuit
2384 2794 2643 2851 Christus
2675 2796 2990 2863 cherubim,
3033 2804 3092 2852 et
3129 2797 3439 2853 ﬂammeam

1844 2884 2219 2958 rhomphteam
2246 2889 2587 2954 versatilem,
2605 2902 2729 2958 qua:
2758 2885 2816 2942 in
2845 2888 3037 2944 orbem
3064 2886 3327 2945 custodit’
3336 2891 3440 2945 Ec-

1846 2980 2094 3047 clesiam,
2141 2996 2212 3036 ne
2245 2981 2395 3036 intro
2439 2981 2638 3037 subeat
2667 2991 2834 3052 caput
2858 2983 3150 3052 serpentis.
3186 2983 3443 3040 Fortasse

1847 3082 2033 3128 autem
2083 3089 2277 3129 rursus
2335 3075 2503 3130 etiam
2550 3090 2616 3130 ea
2660 3074 2728 3129 de
2776 3090 2965 3140 causa,
3010 3090 3043 3131 a
3089 3077 3326 3133 muliere
3372 3080 3441 3134 ad

1848 3164 2034 3220 virum
2089 3165 2347 3221 traduxit?
2385 3165 2686 3221 dictionem
2735 3167 2900 3231 Deus,
2959 3167 3153 3223 dicens
3195 3171 3442 3240 serpenti

1818 3258 1919 3337 ‘de
1965 3252 2194 3312 Christo
2227 3277 2240 3311 :
2272 3258 2391 3328 Ipse
2441 3259 2734 3339 observabit
2774 3272 2932 3330 caput
2967 3270 3116 3316 tuum
3152 3278 3170 3318 :
3215 3273 3444 3334 propter

1849 3367 2045 3408 vocem
2096 3354 2246 3407 illam
2293 3368 2416 3421 qn:e
2446 3361 2711 3423 utrosque
2744 3354 3034 3427 conjungit
3064 3355 3332 3412 societate
3359 3358 3445 3412 di-

1848 3457 1984 3498 cens
2017 3462 2031 3497 :
2062 3444 2132 3498 Et
2159 3452 2313 3497 erunt
2339 3449 2443 3498 duo
2474 3445 2531 3498 in
2572 3461 2734 3499 carne
2772 3462 2881 3499 una
2912 3444 2980 3511 “,
3014 3456 3077 3502 ut
3119 3464 3221 3519 per
3249 3464 3441 3507 vocem

1847 3532 2172 3589 femininatn
2223 3533 2388 3589 simul
2421 3549 2485 3588 ac
2527 3535 2747 3589 virilem
2778 3552 2883 3591 nos
2924 3536 3124 3593 doceat
3156 3537 3440 3597 Christum

1850 3632 1910 3680 et
1930 3617 2243 3679 Ecclesiam
2257 3639 2381 3678 esse
2410 3623 2760 3678 individuum
2787 3626 3052 3695 quiddam
3075 3626 3442 3699 ejusdemque

1851 3725 2088 3783 naturae,
2113 3714 2474 3788 ejusdemque
2496 3715 2701 3787 carnis,
2731 3727 2789 3772 et
2808 3720 3228 3788 concorporale,
3252 3729 3310 3775 et
3329 3720 3445 3775 sin-

1839 3807 2058 3891 gulare.
2091 3802 2370 3864 Conserva
2394 3807 2557 3890 mihi,
2582 3822 2616 3863 o
2640 3807 2822 3862 ﬁdelis
2842 3816 2899 3863 et
2920 3824 3077 3864 sacer
3098 3819 3295 3874 coetus,
3323 3811 3444 3867 haec

1853 3900 2078 3956 assidue
2130 3903 2190 3956 in
2234 3901 2524 3973 memoria,
2556 3912 2678 3970 quae
2708 3896 2853 3954 dicta
2891 3906 3023 3953 sunt
3065 3899 3338 3979 (inquam)
3372 3900 3444 3959 dc

1850 4007 1987 4048 voce
2029 3991 2223 4048 divina
2268 4006 2393 4062 quae
2419 3990 2555 4046 dicit
2583 3990 2829 4062 serpenti
2862 3989 3106 4046 :Ponam
3137 3992 3444 4049 inimicitias

1850 4086 1992 4139 inter
2036 4092 2084 4138 te
2124 4091 2175 4139 et
2219 4083 2497 4140 mulierem
2533 4094 2698 4138 unam
2737 4090 2793 4140 et
2816 4082 2989 4138 solam
3029 4100 3045 4138 :
3078 4091 3135 4140 et
3166 4083 3292 4140 ideo
3331 4095 3447 4142 non

1853 4178 2013 4246 dicit,
2039 4178 2329 4245 mulieres;
2376 4178 2638 4251 quoniam
2668 4168 2904 4237 caeteras
2930 4194 3125 4238 omnes
3165 4195 3288 4253 qua!
3314 4190 3449 4239 sunt

1856 4271 1916 4327 in
1967 4269 2187 4327 mundo
2214 4268 2374 4337 fides,
2405 4277 2610 4342 praeter
2642 4285 2810 4326 unam
2841 4280 2899 4326 et
2932 4269 3077 4327 hanc
3104 4271 3310 4330 Christi
3354 4290 3451 4330 sec

140 4376 211 4423 et
276 4367 717 4435 praedicationes.
779 4368 913 4436 Quae
967 4369 1194 4439 quidem
1242 4369 1451 4425 'videns
1500 4370 1759 4429 Christus
1788 4360 1972 4436 Diam
2026 4384 2255 4425 uxorem
2305 4377 2362 4425 et
2403 4367 2848 4429 Christianorum
2921 4364 3225 4425 Eeclesiam
3262 4411 3278 4436 ,
3320 4379 3452 4427 sunt

142 4453 530 4529 germinantia
576 4459 631 4512 in
664 4457 850 4537 (medio
870 4458 1137 4514 frumenti
1167 4460 1444 4526 ,'dicebat
1472 4479 1486 4514 :
1512 4462 1765 4520 Inimicus

1865 4463 2058 4518 amicae
2082 4461 2379 4533 serpentis.
2415 4460 2492 4516 De
2521 4471 2721 4541 caetero
2750 4468 2961 4528 autem,
2989 4454 3211 4533 quando
3239 4462 3453 4520 videris

141 4549 320 4601 homo
371 4546 480 4598 lucc
506 4534 883 4612 seminavit";
940 4547 1046 4602 hoc
1082 4555 1169 4603 est
1205 4550 1385 4604 malus
1417 4565 1670 4621 serpens,
1709 4562 1769 4610 et
1821 4599 1825 4602 .
1864 4550 2115 4621 reliquas
2157 4548 2424 4606 mulieres
2456 4559 2512 4605 et
2557 4534 2713 4615 fides,
2757 4550 3188 4623 Iudaeorumth
3224 4560 3282 4607 et
3314 4551 3450 4607 Bar-

143 4641 460 4705 propterea
490 4644 749 4707 tanquam
777 4634 994 4692 hostem
1023 4636 1287 4718 Ecclesiae
1315 4655 1443 4693 eum
1474 4642 1765 4712 alloquens
1804 4710 1813 4723 υ

144 4727 389 4781 dicebat
422 4744 436 4781 :
483 4728 685 4782 Ponam
721 4729 1027 4784 inimicitias
1048 4729 1188 4782 inter
1209 4737 1259 4782 te
1288 4738 1337 4782 et
1361 4730 1636 4785 mulierem
1657 4774 1671 4797 ,
1711 4742 1761 4787 et

141 4820 304 4871 inter
357 4834 536 4879 semen
585 4828 823 4873 tuum'et
870 4835 1050 4874 semen
1091 4821 1241 4890 ejus,
1297 4822 1410 4892 ipse
1465 4821 1760 4878 obseruabit

142 4917 348 4979 caput,
387 4920 437 4964 et
471 4920 528 4965 tu
568 4912 860 4967 observabis
897 4914 1011 4983 ejus
1038 4912 1372 4967 calcaneum.
1415 4900 1754 4989 lie-muliere

140 5002 405 5071 loquens
451 5012 509 5058 et
558 5006 679 5075 ejus
725 5005 957 5071 semine,
987 5005 1271 5075 quomodo
1311 5006 1379 5061 ad
1430 5008 1754 5065 masculum

142 5092 417 5147 traduxit
444 5098 754 5152 orationem
770 5104 790 5161 ‘,
820 5095 1015 5151 dicens
1051 5096 1213 5167 :Ipse
1246 5096 1539 5164 adservabit
1571 5092 1756 5170 caput,

142 5193 209 5238 et
271 5191 325 5235 tu
375 5185 670 5239 observabis
702 5185 1017 5241 calcaneum
1061 5187 1175 5258 ejus
1216 5189 1242 5243 7
1302 5186 1433 5258 Ejus
1469 5188 1495 5242 ?
1557 5189 1762 5260 Cujus,

157 5274 435 5344 nunquid
466 5276 755 5332 mulieris?
782 5274 980 5334 Absit!
1038 5279 1159 5347 Non
1212 5270 1382 5334 habet
1419 5280 1569 5335 enim
1614 5280 1763 5350 quod

143 5365 386 5420 dictum
433 5365 597 5436 917
624 5377 728 5433 est,
761 5383 1009 5424 sensum.
1046 5370 1325 5434 Dissecor,
1354 5381 1411 5426 et
1459 5371 1541 5427 tui
1568 5388 1764 5427 rursus

142 5464 368 5513 teneor
405 5448 775 5517 admiratione
818 5463 946 5534 (tibi
973 5462 1166 5519 ,ιυάωο
1205 5480 1398 5522 rursus
1441 5465 1592 5536 dico)
1624 5482 1763 5537 quo-

1860 4638 2126 4697 barorum
2176 4632 2529 4715 synagOgas,’
2564 4642 2899 4712 psallentes,
2952 4644 3275 4709 clamantes,
3328 4642 3454 4721 dies

1859 4726 2031 4790 l‘cstos
2054 4734 2754 4806 celebrantesnigilantes,
2779 4736 3115 4807 jejunantes,
3133 4732 3454 4791 sacriﬁcan—

1863 4834 1967 4893 tes,
2014 4829 2344 4907 adorantes,
2399 4829 2571 4883 Deum
2621 4828 3007 4890 nominantes,
3044 4826 3208 4882 {idem
3253 4815 3457 4899 praedi-

1860 4930 2072 4982 cantes.
2124 4906 2381 4993 dogmata
2435 4929 2765 4988 statuentes,
2826 4921 3144 4992 Scripturas
3182 4922 3451 4992 legentes,

1863 5010 2148 5089 Christum
2179 5020 2377 5089 autem
2432 5015 2608 5069 Deum
2654 5030 2849 5070 verum
2892 5031 2960 5070 ex
3006 5016 3118 5070 Deo
3151 5030 3286 5071 vero
3341 5028 3456 5070 non

1865 5101 2219 5169 confitentes,
2246 5113 2402 5160 certo
2436 5107 2578 5160 scias
2603 5105 2752 5177 quod
2774 5122 2854 5162 eae
2880 5110 3074 5162 omnes
3103 5114 3234 5164 sunt
3262 5100 3457 5162 amicae

1864 5192 2071 5248 diaboli
2121 5194 2343 5266 (nempe
2387 5188 2691 5267 serpentis)
2736 5205 2793 5254 et
2835 5198 2992 5253 nulla
3022 5182 3088 5254 ex
3133 5198 3203 5253 iis
3228 5206 3316 5255 est
3349 5198 3457 5253 ini-

1863 5286 2007 5341 mica
2049 5297 2107 5343 et
2139 5288 2209 5342 ab
2242 5304 2310 5343 eo
2349 5288 2556 5356 aliena,
2592 5289 2698 5347 nisi
2733 5290 2849 5360 ipsa
2894 5307 3070 5362 eaque
3105 5291 3221 5347 sola
3251 5289 3455 5347 Christi

1861 5376 2133 5447 Ecclesia,
2166 5389 2227 5437 et
2249 5382 2369 5453 ejus
2397 5397 2609 5437 semen.
2649 5382 2757 5439 Illae
2783 5384 2931 5438 enim
2958 5400 3153 5441 omnes
3176 5395 3307 5440 sunt
3339 5384 3456 5440 for-

1862 5472 2173 5529 nicationes
2200 5484 2255 5529 et
2285 5474 2576 5542 adulterae,
2607 5484 2663 5531 et
2694 5492 2761 5531 ex
2788 5477 3001 5541 semine
3024 5478 3305 5549 serpentis
3326 5490 3461 5534 con-

229 5651 287 5685 ”
330 5658 524 5715 Matth.
560 5678 676 5728 xm,
705 5663 771 5718 δέ
836 5664 1038 5720 I"‘ihid.
1065 5664 1157 5722 28.
1233 5667 1281 5699 ⁵⁸
1318 5668 1457 5724 lien.
1518 5684 1576 5736 ll,
1617 5669 1721 5740 24;
1768 5672 1958 5730 Matth.
1998 5692 2108 5744 nx,
2159 5678 2223 5744 5;
2261 5679 2444 5750 Ephcs
2519 5638 2574 5749 v,
2626 5680 2714 5736 Si.

494 5754 772 5818 Parant.
808 5757 925 5818 Gn.
961 5760 1314 5824 LXXXIX.

3067 5776 3144 5838 33
