3942 6298
537 199 673 269 1035

1735 200 1795 257 S.
1850 198 2251 259 ANAS'I‘ASII
2302 199 2626 262 SINAITE

3678 191 3816 255 1036

534 317 804 389 cipientes
852 322 912 371 et
953 316 1267 387 parientes,
1318 315 1553 369 fortasse
1609 321 1796 367 autem
1848 312 2119 368 habentes
2150 318 2192 374 Α
2223 312 2288 366 ad
2327 314 2521 383 ipsam,
2562 328 2727 383 quem
2777 321 2969 383 aperte
3020 311 3177 382 prius
3217 310 3516 387 descripsit
3560 326 3635 366 ac
3676 310 3820 382 ﬁgu-

534 411 702 464 etiam
734 408 1033 480 proprium»
1053 417 1111 463 et
1143 408 1394 464 innatum
1423 421 1613 462 semen
1657 412 1915 475 serpente
1959 404 2117 459 dete-

539 504 656 558 rius
688 520 700 555 :
738 502 829 556 ille
861 501 1010 556 enim
1035 509 1093 556 et
1121 499 1218 570 qui
1249 515 1375 556 cum
1403 513 1472 553 eo
1506 505 1636 553 sunt
1666 495 1946 552 daemones
1974 511 2118 566 saepe

537 594 773 651 confessi
801 602 933 649 sunt
959 600 1015 647 et
1057 591 1433 662 praedicarunt
1473 588 1758 644 Christum
1788 588 1988 642 Filium
2018 586 2116 641 Dei

536 686 814 743 altissimi.
851 684 1009 740 Unde
1043 683 1210 740 etiam
1241 683 1299 737 in
1338 681 1648 737 tentatione
1668 680 1724 735 ei
1753 680 1975 736 dicebat
2001 695 2121 735 ser-

477 785 483 790 '
537 792 673 847 pens
693 787 949 844 tanquam
966 773 1107 827 Filio
1126 772 1251 826 Dei:
1272 769 1367 825 Dic
1388 778 1446 822 ut
1471 769 1671 841 lapides
1696 784 1861 840 panes
1886 766 2115 836 ﬁant";

535 874 590 920 et
613 875 871 936 tanquam
898 863 1036 918 Filio
1069 862 1164 917 Dei
1193 861 1421 925 dicebat
1445 878 1458 912 :
1478 859 1656 930 Dejice
1680 869 1730 912 te
1754 861 1929 931 ipsum
1960 858 2117 912 deor-

533 973 650 1011 sum
693 956 738 987 “
763 971 831 1010 ex
872 954 1076 1025 templo
1110 963 1207 1008 :et
1238 962 1499 1022 tanquam
1537 952 1653 1007 Deo
1679 951 2119 1022 deprecabantur

534 1063 729 1104 omnes
769 1063 841 1103 ne
881 1063 980 1103 eos
1027 1046 1275 1101 mitteret
1324 1046 1380 1100 in
1430 1045 1710 1117 abyssum,
1763 1052 1821 1098 et
1856 1033 2117 1112 tanquam

533 1143 647 1210 Deo
692 1153 749 1198 et
790 1140 1028 1197 Domino
1070 1140 1318 1197 omnium
1346 1136 1571 1194 Christo
1615 1135 2021 1206 supplicabant,
2058 1142 2119 1188 ut

533 1237 617 1292 cis
654 1235 1007 1307 permitteret
1043 1234 1252 1287 intrare
1298 1232 1358 1285 in
1407 1246 1593 1302 porcos
1637 1230 1706 1295 ",
1750 1238 1809 1284 et
1852 1236 2116 1299 tanquam

533 1330 707 1385 Deum
736 1343 864 1383 eum
887 1326 1179 1398 adiurabat
1202 1324 1537 1381 daemonium
1568 1338 1639 1378 ne
1676 1322 1857 1393 ipsum
1890 1330 2117 1392 torque-

534 1433 641 1477 ret.
688 1419 834 1476 Nulli
885 1418 1036 1473 enim
1078 1419 1357 1489 justorum
1404 1415 1501 1485 qui
1543 1414 1769 1469 fuerunt
1817 1429 1849 1468 a
1891 1413 2114 1477 saeculo,

534 1515 685 1570 tales
720 1528 918 1585 preces
959 1519 1260 1567 trementes
1290 1509 1439 1565 eiiati
1484 1517 1615 1564 sunt
1656 1508 1958 1574 dmmones,
2008 1507 2117 1561 nisi

534 1606 638 1660 soli
685 1604 909 1661 Christo
942 1593 1076 1658 Deo.
1128 1600 1396 1657 Sciebant
1429 1601 1577 1655 enim
1620 1616 1688 1656 ex
1731 1587 1813 1654 iis'
1848 1614 1971 1669 quae
2018 1613 2121 1673 pae

534 1695 837 1759 tiebantur,
873 1692 1022 1765 quod
1069 1692 1138 1748 ad
1171 1706 1367 1748 eorum
1408 1690 1715 1761 perniciem
1745 1699 1801 1745 et
1830 1689 2116 1744 interitum
2152 1675 2191 1728 Β

533 1797 591 1844 et
632 1787 894 1844 draconis
928 1801 1122 1841 eorum
1157 1784 1448 1856 principis,
1497 1784 1653 1839 venit
1688 1782 1858 1854 judex
1892 1780 1960 1836 ad
1993 1796 2119 1835 mu-

532 1881 729 1937 lierem
763 1889 821 1935 et
867 1878 1151 1934 hominem
1194 1877 1290 1948 qui
1338 1885 1723 1947 peccaverant,
1772 1890 1886 1930 non
1906 1882 1985 1929 _ut
2025 1887 2121 1929 eos

532 1970 810 2048 iudicaret
835 1978 933 2025 aut
973 1976 1380 2034 exsecraretur,
1426 1966 1522 2022 sed
1558 1976 1621 2022 ut
1663 1973 1933 2031 servaret,
1978 1965 2122 2020 sicut

537 2064 655 2134 ipse
703 2061 962 2118 Servator
989 2060 1129 2117 dicit
1155 2078 1169 2114 :
1196 2059 1314 2116 Non
1351 2063 1469 2114 veni
1501 2067 1557 2112 ut
1576 2058 1814 2129 judicem
1845 2057 2118 2123 mundum,

535 2151 629 2206 sed
658 2160 713 2205 ut
737 2167 937 2207 servem
964 2148 1208 2209 ‘°..Venit
1238 2149 1378 2202 enim
1422 2146 1584 2203 Filias
1615 2145 1841 2200 hominis
1875 2144 1946 2198 ad
1974 2159 2123 2215 qum-

537 2241 763 2296 rendum
807 2249 856 2297 et
895 2241 1217 2295 servandum
1262 2238 1402 2310 quod
1444 2239 1675 2309 perierat
1713 2237 1789 2303 ⁶¹;
1837 2252 1942 2290 ηοη
1983 2238 2124 2289 enim

537 2337 680 2391 venit
720 2336 792 2390 ad
831 2335 1127 2400 vocandum
1162 2335 1363 2406 justas,
1395 2332 1483 2387 sed
1524 2339 1820 2403 peccatores
1851 2329 1922 2383 ad
1963 2329 2126 2400 pinni-

539 2429 763 2483 tentiam
789 2428 857 2495 ”,
891 2426 1155 2497 quoniam
1196 2440 1301 2479 non
1344 2439 1475 2495 opus
1515 2423 1709 2479 habent
1740 2422 1831 2492 qui
1856 2421 1979 2475 sani
1999 2426 2126 2473 sunt

539 2523 763 2587 medico,
793 2520 885 2575 sed
903 2522 993 2590 qui
1019 2519 1161 2575 male
1187 2534 1243 2574 se
1271 2519 1464 2573 habent
1505 2518 1574 2569 ⁸⁸.
1616 2515 1675 2571 Si
1724 2529 1857 2584 ergo
1900 2521 2127 2583 propter

540 2614 965 2683 benignitatem,
1010 2621 1067 2667 et
1108 2609 1482 2675 clementiam,
1514 2616 1572 2662 et
1597 2615 1953 2678 peccatorum
1988 2619 2126 2659 con-

542 2704 902 2759 donationem
935 2702 1093 2756 venit
1134 2700 1190 2754 in
1240 2700 1414 2754 vitam
1462 2698 1742 2762 Christus,
1778 2697 1961 2767 Agnus
2004 2694 2126 2759 Dei,

541 2795 633 2867 qui
683 2792 821 2847 tollit
856 2801 1077 2863 peccata
1126 2790 1313 2844 mundi
1349 2789 1390 2821 “
1430 2805 1445 2842 :
1478 2789 1600 2859 ejus
1639 2796 1825 2842 autem
1856 2786 2130 2840 adventus

542 2885 600 2938 in
643 2881 985 2955 paradisum,
1017 2881 1113 2952 qui
1143 2878 1249 2934 fuit
1279 2878 1350 2933 ad
1387 2893 1485 2933 eos
1526 2878 1621 2947 qui
1650 2885 1973 2947 peccarunt,
2008 2882 2130 2931 erat

541 2991 708 3032 verus
742 2984 904 3047 typus
938 2974 1059 3045 ejus
1100 2972 1374 3028 adventus
1408 2970 1477 3024 ad
1522 2969 1815 3024 mulierem
1862 2983 1986 3038 quae
2029 2966 2128 3023 de-

544 3056 700 3139 cepta
723 3068 922 3132 fuerat,
950 3065 1141 3130 Evam,
1168 3061 1495 3129 Ecclesiam,
1513 3071 1773 3117 naturam
1799 3060 2127 3127 humanam;

548 3156 821 3226 intelligat
850 3154 1087 3225 quilibet
1130 3152 1298 3207 homo
1324 3151 1532 3218 fidelis,
1564 3150 1710 3222 quod
1739 3165 1853 3205 non
1881 3149 1972 3204 ad
1996 3165 2130 3220 sup-

548 3245 777 3317 plicium
820 3244 1201 3323 irrogandum,
1218 3252 1410 3313 "neque
1437 3242 1505 3296 ad
1530 3256 1752 3313 pinnam
1780 3240 2127 3307 sumendam,

544 3351 727 3408 neque
766 3334 836 3390 ad
882 3332 1389 3397 exterminandum,
1427 3345 1606 3401 neque
1630 3330 1698 3385 ad
1730 3327 2129 3403 exsecrandum
2186 3392 2193 3395 _
2224 3396 2229 3399 _

548 3438 681 3486 tunc
733 3428 887 3484 venit
930 3426 1078 3482 Deus
1109 3425 1178 3481 ad
1218 3425 1489 3480 Adamum
1527 3431 1584 3478 et
1617 3423 1807 3478 Evam.
1839 3421 1959 3477 Ovis
1983 3422 2132 3478 enim

553 3540 671 3594 qua:
709 3523 941 3594 perierat
977 3520 1021 3552 ⁸³
1062 3528 1183 3574 erat
1214 3519 1495 3588 exemplar
1537 3515 1758 3593 Adami,
1784 3531 1966 3587 neque
2005 3530 2133 3571 cum

553 3617 636 3670 ira
689 3616 865 3685 ipsam
928 3613 1182 3685 qumsivit
1232 3613 1428 3668 Pastor
1480 3611 1683 3676 bonus,
1747 3611 1851 3683 sed,
1893 3609 2132 3680 gestavit

548 3706 823 3763 humeris:
843 3714 901 3762 et
920 3704 1143 3776 dragma
1167 3719 1291 3775 quae
1310 3702 1592 3759 ceciderat
1612 3718 1680 3759 ex
1699 3702 1914 3766 decem,
1932 3716 2133 3772 nempe

548 3799 681 3863 Eva,
728 3805 847 3852 erat
875 3795 1148 3857 Ecclesia,
1177 3809 1363 3866 neque
1394 3810 1519 3848 cum
1555 3792 1640 3849 ira
1682 3793 1944 3865 quaesivit
1968 3802 2027 3849 et
2050 3794 2136 3849 in-

547 3891 702 3947 venit
731 3905 852 3946 eam
899 3888 998 3945 Dei
1038 3887 1354 3959 benignitas
1382 3905 1395 3940 :
1426 3894 1484 3942 et
1515 3886 1682 3967 homo
1723 3886 1829 3957 qui,
1854 3886 2052 3942 incidit
2076 3886 2132 3942 in

544 3982 815 4049 latrones,
863 3981 971 4037 fuit
995 3980 1374 4052 protOplastus
1399 3978 1603 4045 Adam;
1635 3993 1817 4048 neque
1842 3993 1969 4033 cum
2007 3977 2137 4034 ullis

548 4078 717 4134 minis
759 4092 887 4133 eum
921 4074 1137 4131 curavit
1158 4085 1217 4130 et
1259 4073 1495 4146 gestavit
1526 4073 1776 4128 humeris
1800 4072 1845 4105 °°
1869 4112 1885 4137 ,
1935 4072 2025 4139 uti,
2049 4073 2137 4128 Je-

549 4180 648 4222 sus
697 4181 939 4221 crucem.
987 4166 1160 4220 Porro
1186 4173 1372 4219 autem
1406 4163 1590 4219 bonus
1615 4177 1838 4234 quoque
1866 4162 2007 4218 latro
2040 4177 2139 4217 ex-

549 4257 826 4329 primebat
871 4256 1185 4313 evidentem
1216 4265 1407 4328 typum
1438 4255 1659 4322 Adami,
1705 4242 1763 4310 et
1795 4253 2002 4308 donum
2037 4270 2135 4325 pa-

2221 405 2364 458 ravit
2410 404 2508 460 Dei
2563 405 2836 460 adventus
2883 404 2937 459 in
2980 404 3243 474 paradiso
3291 403 3349 458 in
3402 404 3504 458 illo
3550 405 3816 459 meridie.

2219 495 2347 552 Haec
2392 498 2710 554 necessario
2757 513 2879 552 sum
2917 497 3199 567 praefatus,
3229 506 3288 551 et
3313 496 3613 567 praamunii
3663 496 3819 551 audi-

2221 596 2396 643 torem
2428 604 2498 644 ne
2529 604 2676 660 aegre
2704 589 2867 655 ferat,
2898 599 2995 642 aut
3027 601 3098 643 ne
3125 596 3286 658 putet
3312 587 3511 641 audire
3539 587 3733 641 aliena
3764 588 3816 641 in

2220 681 2289 736 iis
2309 697 2449 752 quas
2462 681 2668 736 dicturi
2704 695 2898 736 sumus
2918 674 3489 751 centemplationibus
3521 679 3665 732 dum
3695 695 3818 749 age-

2218 788 2344 829 mus
2390 773 2460 828 de
2504 773 2707 843 pmnis,
2758 781 2819 826 ut
2854 788 2979 843 quin
3004 774 3117 827 sint
3156 787 3337 836 novae,
3366 772 3596 833 alienat.
3646 779 3707 825 et
3732 772 3815 824 in-

2218 864 2533 919 credibiles.
2563 864 2683 919 Non
2708 872 2891 919 cessat
2911 864 3063 918 enim
3096 878 3340 932 unquam
3363 863 3547 916 sancti
3571 862 3817 932 Spiritus

2218 956 2395 1026 gratia
2439 970 2643 1010 ornare
2681 964 2738 1010 et
2768 970 3041 1010 coronare
3065 954 3387 1025 paradisum
3412 947 3694 1009 Ecclesia:
3724 971 3817 1009 no-

2217 1047 2303 1103 vis
2343 1046 2576 1102 ﬂoribus
2608 1045 3019 1116 intelligentiis.
3042 1046 3178 1100 Nam
3206 1046 3352 1100 sicut
3369 1047 3489 1116 jam
3511 1047 3633 1101 dixi
3661 1056 3818 1101 ante:

2218 1139 2373 1195 mille
2407 1145 2616 1194 exortae
2660 1146 2792 1192 sunt
2829 1138 3072 1193 haereses
3106 1154 3231 1207 qua:
3265 1138 3569 1192 audierant
3592 1139 3819 1209 quidem

2219 1233 2290 1287 de
2317 1231 2577 1302 paradiso
2608 1240 2666 1285 et
2696 1232 3078 1301 protoplastis,
3119 1218 3259 1284 nihil
3290 1239 3482 1285 autem
3528 1232 3817 1300 spirituale

2220 1320 2277 1375 in
2309 1320 2392 1375 eis
2433 1319 2845 1375 intellexerant.
2890 1321 3028 1374 Nam
3067 1319 3405 1375 Samaritani
3453 1320 3718 1390 quidem,
3756 1339 3819 1375 es

2218 1428 2287 1468 eo
2320 1412 2467 1483 quod
2497 1411 2637 1467 dixit
2667 1430 2680 1465 :
2712 1411 2877 1466 Terra
2914 1428 2988 1476 es,
3022 1419 3071 1465 et
3104 1412 3162 1465 in
3188 1420 3390 1465 terram
3422 1414 3714 1465 reverteris
3737 1414 3814 1459 στι

2218 1505 2470 1560 arbitrati
2509 1511 2684 1558 totum
2716 1503 2998 1558 hominem
3028 1519 3152 1560 esse
3194 1504 3493 1559 mortalem
3524 1512 3821 1575 propterea

2219 1594 2368 1667 quod
2407 1596 2479 1650 sit
2528 1596 2810 1652 terrestris
2853 1596 3034 1650 anima
3074 1612 3299 1667 quoque
3351 1612 3483 1651 cum
3542 1611 3817 1667 corpore,

2223 1696 2501 1759 negarunt
2540 1687 3028 1759 resurrectionem.
3067 1684 3340 1758 Origenes
3369 1697 3567 1741 autem
3606 1686 3821 1751 infelix,

2222 1792 2350 1832 cum
2374 1775 2564 1832 nescio
2588 1777 2868 1847 quomodo
2886 1777 3168 1832 diceretur
3189 1794 3313 1835 esse
3336 1779 3591 1849 sapiens,
3619 1773 3825 1835 stultus

2222 1867 2402 1922 factus
2440 1872 2558 1931 est,
2598 1867 2972 1938 prostibulum
3007 1867 3180 1923 fuisse
3216 1870 3599 1938 pronuntians
3644 1871 3823 1925 locum

2225 1959 2685 2029 incorruptionis,
2747 1961 2955 2015 coitum
3014 1961 3271 2016 mulieris
3326 1976 3452 2018 esse
3513 1963 3824 2020 decernens

2227 2053 2519 2124 pulchrum
2551 2053 2795 2111 fructum
2846 2055 2981 2127 ligni
3030 2055 3441 2111 inobedientiae.

2297 2184 2632 2242 Manichteus
2679 2196 2865 2242 autem
2893 2186 3231 2243 existimavit
3258 2187 3403 2243 duas
3430 2203 3563 2245 esse
3601 2196 3823 2244 contra-

2226 2277 2338 2331 rias
2388 2284 2696 2346 potestates
2729 2277 3065 2343 divinitatis,
3098 2288 3417 2350 serpentem
3442 2290 3504 2335 et
3536 2281 3823 2351 Opiﬁeetn,

2226 2384 2349 2438 qum
2399 2367 2456 2423 in
2513 2368 2631 2423 acie
2670 2368 2816 2423 inter
2849 2384 2908 2424 se
2947 2368 3290 2426 decertarint
3339 2372 3399 2426 in
3429 2372 3743 2442 paradiso:
3773 2387 3823 2431 et

2227 2460 2436 2516 bonum
2480 2460 2705 2530 quidem
2738 2461 2911 2537 Deum
2936 2477 3065 2539 esse
3113 2471 3423 2519 creatorem
3463 2466 3700 2530 animae,
3732 2471 3824 2536 qui

2224 2561 2312 2608 est
2336 2552 2504 2608 etiam
2544 2552 2713 2613 homo
2746 2553 2813 2608 ad
2854 2553 2952 2609 Dei
3002 2553 3333 2625 imaginem;
3379 2557 3603 2611 malum
3646 2568 3824 2613 autem

2229 2644 2405 2709 Deum
2429 2659 2550 2700 esse
2576 2645 2896 2723 etIectorem
2942 2647 3214 2716 corporis,
3246 2648 3398 2717 quod
3442 2649 3666 2704 bellum
3695 2652 3829 2720 gerit

2230 2737 2496 2793 adversus
2530 2739 2803 2797 animam.
2834 2740 2908 2793 De
2941 2755 3055 2809 quo
3089 2741 3256 2796 etiam
3291 2743 3575 2812 scripturn
3606 2752 3718 2808 est,
3754 2745 3831 2798 in-

2231 2830 2353 2901 quit
2383 2849 2397 2884 :
2429 2831 2499 2886 Et
2526 2831 2683 2901 ﬁnxit
2708 2832 2852 2886 Deus
2888 2833 3154 2888 hominem
3178 2835 3303 2907 limo
3328 2846 3551 2907 accepto
3583 2853 3613 2890 e
3670 2844 3828 2891 terra.

2234 2922 2472 2978 Hteresis
2513 2933 2699 2978 autem
2726 2940 2850 2993 qua:
2870 2920 3080 2980 dicitur
3108 2926 3556 2995 Encratitarum,
3588 2929 3833 2985 abstinet

2157 3010 2202 3073 C
2234 3031 2266 3071 a
2308 3015 2521 3085 nuptiis
2567 3025 2624 3071 et
2677 3017 2953 3083 muliere,
2991 3028 3251 3088 tanquam
3286 3034 3320 3072 a
3348 3035 3409 3073 re
3434 3021 3587 3075 mala
3615 3034 3677 3077 et
3705 3024 3837 3078 insi-

2233 3108 2418 3175 diosa;
2464 3108 2945 3165 similiter'etiam
2994 3111 3364 3169 ab'arborum
3412 3103 3728 3180 fructibus,
3781 3124 3836 3170 ut

2235 3201 2332 3270 qui
2371 3200 2485 3255 sint
2531 3202 2739 3270 peccati
2782 3201 3107 3269 efﬁcientes,
3141 3215 3369 3274 propter
3397 3207 3665 3281 arborem
3718 3224 3835 3279 quae

2237 3290 2443 3348 dicitur
2485 3291 2901 3348 inobedientiaa.

2304 3427 2421 3509 Nec
2456 3427 2563 3482 hoc
2613 3429 2815 3494 solum,
2853 3428 2949 3485 sed
2996 3430 3166 3485 etiam
3211 3432 3440 3501 plurimi
3480 3444 3553 3488 ex
3585 3435 3833 3490 Ecclesia

2235 3511 2641 3572 convertuntur
2679 3519 2747 3573 ad
2795 3520 2992 3589 impias
3019 3521 3088 3575 de
3140 3522 3683 3595 Deocogitationes,
3716 3543 3833 3582 cer-

2235 3609 2501 3677 poraliter
2551 3619 2609 3665 et
2665 3625 2849 3687 crasse
2898 3614 3192 3671 audientes
3245 3598 3474 3686 eaquae
3512 3618 3663 3674 facta
3706 3629 3832 3674 sunt

2236 3702 2293 3781 in
2340 3704 2653 3777 paradiso._
2679 3705 2737 3760 Si
2780 3698 2933 3761 enim
2968 3709 3317 3777 praesciebat,
3354 3709 3650 3780 inquiunt,
3689 3712 3832 3767 Deus

2238 3793 2294 3848 id
2335 3795 2485 3866 quod
2527 3805 2895 3861 eventurum,
2919 3799 3038 3869 ipse
3090 3809 3191 3855 est-
3215 3804 3341 3872 ejus
3371 3812 3605 3869 auctor;
3644 3786 3709 3859 iit
3740 3806 3829 3875 qni

2236 3887 2486 3955 serpenti
2512 3884 2855 3942 concesserit
2874 3890 3057 3944 statim
3077 3902 3439 3962 corrumpere
3466 3898 3833 3964 primocrer

2237 3981 2354 4030 tum
2404 3991 2544 4046 opus
2575 3993 2839 4031 manuum
2873 3979 2993 4033 Dei.
3034 3980 3191 4046 Quid.
3220 3982 3369 4036 enim
3394 3996 3545 4054 Opus
3568 3996 3694 4039 erat
3722 4002 3832 4040 om-

2237 4068 2487 4137 nino,»ut
2530 4069 2623 4124 ille
2657 4068 2874 4125 daemon
2910 4071 3076 4126 simul
3106 4088 3232 4127 eum
3271 4076 3356 4129 eis
3378 4075 3618 4146 degeret
3644 4081 3705 4133 in
3738 4095 3832 4149 pe-

2237 4158 2465 4239 radiso?
2494 4158 2728 4226 Quidam
2774 4170 2957 4237 autem
3013 4163 3331 4219 inciderunt
3370 4167 3546 4221 etiam
3594 4168 3650 4221 in
3700 4170 3832 4223 alias

2239 4249 2619 4306 absurdiores
2653 4252 3056 4321 cogitationes,
3109 4271 3278 4325 quas,
3334 4272 3405 4313 ne
3472 4259 3831 4315 oﬁ‘endantur

552 4351 723 4406 radisi
746 4349 910 4406 nobis
941 4348 1197 4405 Christus
1225 4364 1324 4419 per
1347 4349 1528 4419 ipsum
1559 4347 1801 4418 aperuit.
1837 4346 1913 4401 De
1937 4336 2213 4412 caeteros];
2242 4341 2635 4412 simpliciores,
2686 4359 2799 4399 non
2846 4354 2932 4399 est
2962 4362 3191 4403 necesse
3230 4350 3436 4406 dicere.
3476 4352 3640 4410 Unde
3664 4357 3830 4409 etiam

552 4444 666 4499 noli
689 4442 800 4500 non
834 4442 1083 4509 credere,
1105 4441 1256 4511 quod
1279 4441 1444 4496 etiam
1466 4441 1734 4496 adversus
1767 4439 2140 4510 protoplastos

552 4536 649 4606 qui
698 4543 1026 4605 peccarunt,
1075 4543 1210 4588 tunc
1264 4532 1410 4588 Deus
1458 4531 1689 4586 multam
1730 4531 1980 4586 ostendit
2030 4531 2141 4585 cle-

552 4627 817 4682 mentiam
871 4626 926 4680 in
974 4626 1157 4696 pannis
1202 4640 1325 4697 quae
1351 4624 1421 4680 ab
1460 4625 1583 4695 ipso
1615 4624 1884 4679 adversus
1915 4638 2012 4678 eos
2032 4622 2140 4699 de-

554 4719 950 4784 cernebantur,
986 4719 1042 4773 in
1085 4718 1287 4789 quibus
1335 4718 1506 4772 verba
1555 4716 1779 4787 quidem
1835 4715 2139 4771 adumbra-

559 4813 635 4866 vit
663 4814 839 4868 instar
886 4812 1252 4883 quarumdam
1293 4811 1737 4866 exsecrationum
1766 4808 1834 4864 ad
1870 4817 2138 4877 terrorem

555 4907 803 4962 scelesta:
846 4906 1027 4975 gentis
1069 4904 1410 4972 Judaeorum,
1462 4903 1685 4975 quando
1737 4903 1913 4974 legem
1973 4917 2142 4973 expo-

558 4998 740 5054 nebaL

630 5091 707 5146 Ea
737 5090 944 5155 autem,
976 5090 1332 5160 prtedicendo
1357 5107 1469 5145 non
1499 5090 1783 5161 puniendo
1819 5099 1948 5146 sunt
1976 5090 2148 5152 inter-

561 5190 900 5253 pretata,'ut
934 5182 1245 5237 referantur
1271 5182 1339 5237 ad
1372 5182 1643 5238 Adatnum
1677 5190 1732 5235 et
1758 5182 1950 5247 Evam,
1979 5180 2048 5236 de
2080 5181 2149 5236 iis

562 5289 686 5344 qua:
730 5282 891 5328 erant
924 5282 1192 5328 eventura
1244 5274 1529 5340 Ecclesiaa,
1577 5273 1801 5343 quando
1846 5274 1900 5328 in
1951 5289 2146 5329 errore

561 5365 793 5445 degebat
821 5366 968 5436 apud
1003 5367 1322 5436 serpentem
1351 5376 1478 5420 ante
1525 5367 1820 5420 adventum
1852 5365 1948 5420 Dei
1980 5365 2145 5420 Verbi

672 5566 718 5596 ⁵⁷
762 5565 951 5619 Matth.
996 5582 1069 5626 tu,
1126 5566 1178 5619 '5.

1256 5567 1302 5597 ⁵⁸
1344 5566 1481 5618 ibid.
1525 5568 1578 5620 6.
1658 5568 1703 5598 δ’
1747 5567 1937 5621 Matth.
1982 5583 2093 5627 \‘tlt.
2149 5568 2238 5623 3|.

600 5650 654 5699 v,
696 5637 784 5688 5’2.
864 5636 907 5665 ⁸⁵⁸
950 5636 1112 5687 Marc.
1158 5653 1212 5695 It,
1242 5638 1325 5690 l7.
1386 5640 1430 5666 “
1464 5637 1620 5689 .loan.
1666 5653 1703 5700 ι,
1743 5638 1833 5691 99.
1911 5641 1956 5670 ⁸⁵
1998 5638 2132 5692 Luc.
2177 5656 2264 5701 xv,
2311 5639 2364 5694 6.

2240 4446 2336 4491 eas
2370 4437 2593 4492 solvens
2641 4454 2874 4508 magnus
2908 4439 2998 4495 ille
3025 4441 3355 4515 Ambrosius
3383 4446 3568 4502 audiit
3616 4464 3683 4503 ea
3715 4466 3833 4520 qua:

2239 4529 2503 4585 dicuntur
2529 4529 2597 4585 de
2630 4530 3005 4605 inobedientia
3050 4544 3108 4589 et
3161 4537 3437 4606 paradiso,
3474 4551 3529 4593 et
3558 4541 3752 4611 lignis.
3779 4555 3831 4597 et

2239 4620 2439 4691 pmnis,
2474 4629 2531 4676 et
2554 4632 2755 4691 morte,
2784 4641 2893 4680 non
2950 4642 3073 4682 esse
3131 4637 3388 4699 tanquam
3440 4648 3509 4707 es
3559 4644 3831 4702 potestate

2241 4715 2530 4779 daemonis,
2575 4717 2672 4771 sed
2726 4733 2851 4774 esse
2902 4716 3163 4791 tanquam
3208 4716 3274 4778 ex
3321 4726 3552 4795 mystica
3596 4727 3829 4796 quadarn

2243 4808 2684 4878 dispensatione.
2737 4811 2815 4865 De
2860 4820 3062 4869 caetero
3100 4810 3319 4870 autem“
3341 4826 3564 4888 tempus
3592 4828 3679 4874 est
3708 4836 3834 4874 eon-

2200 4930 2203 4931 ν
2244 4901 2494 4957 siderare
2538 4902 2707 4957 verba
2754 4920 2887 4971 quae
2924 4920 2954 4959 a
3005 4906 3119 4961 Deo
3161 4907 3310 4962 dicta
3358 4920 3491 4963 sunt
3524 4908 3749 4967 mulieri
3780 4920 3833 4964 et

2238 4993 2478 5052 Adamo.
2508 4993 2641 5060 Quae
2662 4997 2889 5065 quidem
2917 4999 3173 5054 nonnulli
3198 5000 3531 5056 existimant
3556 5017 3680 5057 esse
3714 5019 3835 5057 seno

2246 5088 2453 5142 tentias
2496 5098 2552 5143 et
2588 5089 3083 5147 condemnationes
3126 5093 3604 5147 cxsecrationum.
3648 5094 3831 5149 Prius-

2243 5198 2409 5251 quam
2436 5191 2712 5237 autem‘ea
2735 5182 3054 5259 dissolvam,
3082 5180 3334 5240 auditori
3382 5200 3591 5240 revoco
3617 5187 3673 5239 in
3720 5200 3831 5238 me-

2246 5277 2503 5342 moriam,
2533 5277 2683 5346 quod
2728 5274 2876 5347 apud
2898 5293 3024 5333 eum
3050 5277 3121 5333 de
3146 5272 3350 5348 quinto
3375 5278 3466 5333 die
3494 5279 3825 5335 disserente:

2246 5369 2489 5423 diximus
2517 5369 2585 5424 de
2618 5369 3009 5425 benedictione
3030 5370 3269 5440 piscium
3294 5371 3436 5427 facta
3467 5388 3499 5426 a
3518 5372 3665 5438 Deo;
3688 5370 3829 5442 quod

2348 5536 2396 5601 λ’
2434 5570 2593 5625 Joan.
2632 5587 2725 5632 xu,
2767 5573 2855 5625 47.
2935 5575 2977 5603 “
3020 5572 3213 5627 Matth.
3256 5589 3405 5635 xvm,
3452 5575 3537 5628 Η.
3618 5574 3664 5605 ⁶’
3702 5574 3827 5629 an.

2447 5640 2493 5672 ⁶⁶
2533 5641 2667 5695 an.
2706 5659 2761 5704 κ,
2799 5643 2868 5695 50
2905 5657 3062 5714 seqq.
3139 5644 3184 5675 "
3226 5642 3366 5699 Gen.
3411 5659 3490 5706 tn,
3540 5645 3626 5700 I9.
