3942 6298
224 211 357 278 1037

1309 211 1390 272 IN
1430 170 1974 274 numnsnox.
2005 240 2071 251 -—
2101 217 2252 277 LIB.
2296 216 2400 275 x1.

3340 207 3476 276 1038

220 337 448 398 propter
500 332 813 395 serpentem
847 333 911 383 et.
946 323 1380 379 exsecrationem
1430 340 1527 381 seu
1561 325 1793 381 maledi—
1822 330 1869 386 Α
1895 324 2282 395 fuitdeceptus
2315 325 2524 406 saucita
2553 333 2683 381 sunt
2714 325 3021 397 asperrima
3043 332 3102 380 et
3126 323 3475 396 gravissima,

219 420 459 475 ctionem
503 416 672 487 918
726 432 891 487 quam
943 425 1065 471 erat
1118 417 1356 481 laturus,
1408 433 1474 474 ea
1518 419 1586 474 de
1630 435 1793 477 causa

219 510 523 565 animantia
577 525 689 563 non
734 508 1006 578 impertiit
1054 508 1172 577 pari
1218 506 1626 565 benedictione.

288 601 410 656 Non
441 601 589 656 enim
613 601 860 657 invenies
886 600 940 654 in
969 609 1083 655 tota
1110 600 1399 670 Scriptura
1427 602 1582 672 legis,
1613 602 1794 671 aliqua

217 707 287 747 ex
336 708 435 747 ore
491 691 589 745 Dei
647 690 818 745 fuisse
865 690 1180 755 benedicta,
1240 698 1298 744 et
1351 707 1544 746 rursus
1594 708 1624 745 a
1682 693 1796 747 Deo

217 782 390 836 fuisse
439 782 683 851 subjecta
728 781 1127 845 exsecrationi;
1173 789 1231 836 et
1281 780 1387 835 hoc
1439 782 1795 852 perspicuum

216 888 286 928 ex
317 872 489 928 Cham
528 872 639 927 lilio
663 872 797 927 Noe.
828 872 964 927 Nam
994 887 1119 926 cum
1156 871 1202 926 is
1233 886 1291 937 se
1320 870 1509 941 inique
1536 873 1797 941 gessisset

217 964 276 1019 in
312 966 612 1020 nudationc
644 965 837 1035 patris,
868 976 927 1020 et
965 974 1257 1035 postquam
1295 982 1325 1021 e
1361 982 1556 1020 somno
1588 967 1798 1022 excita-

216 1066 310 1111 tus
350 1058 466 1112 Noe
501 1059 819 1128 agnovisset
871 1058 967 1112 lilii
1017 1057 1210 1113 Chami
1264 1058 1634 1129 iniquitatem,
1685 1075 1798 1114 non

216 1164 387 1204 ausus
417 1158 501 1204 est
529 1150 644 1204 Noe
666 1151 940 1207 exsecrari
973 1150 1169 1214 ﬁliuni,
1200 1153 1463 1221 quoniam
1496 1151 1599 1206 fuit
1626 1167 1654 1206 a
1684 1152 1798 1208 Deo

217 1237 547 1293 benedictus
591 1248 715 1309 post
767 1238 1038 1293 diluvium
1078 1256 1216 1294 ~cum
1255 1240 1471 1295 duobus
1522 1244 1642 1311 ejus
1679 1242 1794 1298 ira-

217 1330 421 1384 tribus.
475 1332 846 1396 Quamobrem
891 1346 1002 1384 non
1037 1315 1173 1385 dicit
1212 1349 1227 1384 :
1258 1331 1564 1386 Maledicta:
1603 1332 1790 1398 Citam,

216 1423 313 1476 sed
361 1421 671 1476 maledictus
720 1420 979 1476 Chanaan
1012 1424 1054 1501 ff“
1076 1465 1089 1485 ,
1123 1432 1443 1477 exsecratus
1475 1439 1573 1479 eos
1600 1425 1695 1494 qui
1727 1441 1795 1481 ex

216 1514 342 1582 ipso
388 1521 548 1568 erant
594 1512 885 1576 nascituri,
937 1521 993 1567 et
1044 1529 1154 1568 non
1192 1514 1385 1569 Cham.
1434 1514 1561 1569 Htec
1610 1525 1792 1570 autem

216 1604 346 1658 dico
388 1604 652 1658 resistens
684 1605 836 1673 prius
882 1604 1178 1659 nominatis
1213 1605 1550 1671 haeresibus;
1584 1606 1651 1660 de
1691 1624 1795 1664 ete-

1896 417 1957 476 in
2005 419 2300 489 punitione
2347 427 2532 474 autem
2570 419 2705 474 Eva:
2736 418 3122 484 insidiatricis,
3181 432 3296 472 non
3346 427 3477 472 sunt

1896 511 2124 565 omnino
2169 511 2381 573 sancita
2406 528 2420 564 :
2452 526 2563 565 non
2589 512 2897 567 exsecratio
2921 520 3081 566 terrae
3109 510 3164 565 in
3193 509 3316 581 ejus
3344 523 3480 579 ope-

1896 600 2074 667 ribus,
2106 618 2217 657 non
2249 603 2411 657 cibus
2438 603 2688 657 dolorem
2717 611 3044 673 perpetuum
3075 600 3334 665 aﬂ‘erens,
3365 615 3477 655 non

1897 706 2026 746 esus
2072 692 2278 757 herbae,
2321 708 2434 747 non
2478 694 2774 762 productio
2827 694 3131 763 spinarum,
3181 707 3294 750 non
3322 701 3479 747 ortus

1898 783 2256 850 tributorum,
2303 799 2418 839 non
2467 784 2700 840 sudores
2754 785 2964 848 vultus,
2993 800 3107 839 non
3146 782 3392 840 reversio
3420 782 3478 837 in

1897 882 2124 940 terram,
2165 891 2276 930 non
2328 891 2500 942 mors,
2549 891 2661 932 non
2707 877 2908 945 ejectio
2945 892 3015 931 ex
3054 875 3332 946 paradiso,
3364 889 3476 930 non

1896 966 2200 1037 prohibitio
2222 967 2354 1038 ligni
2378 969 2503 1023 vitae
2524 984 2669 1032 ,non
2688 969 2836 1022 circa
2859 969 3032 1037 ipsam
3061 966 3311 1022 custodia
3343 966 3478 1022 clte-
3510 1024 3513 1025 ν

1896 1060 2245 1125 rubinorum,
2267 1077 2380 1116 non
2425 1071 2625 1117 contra
2665 1075 2786 1115 eam
2810 1060 3127 1130 rbomphtea
3150 1058 3427 1113 versatilis
3454 1057 3479 1111 ἲ

1896 1148 2033 1203 Nam
2065 1149 2161 1217 qui
2205 1148 2262 1203 in
2313 1148 2458 1202 idem
2490 1155 2776 1219 peccatum
2825 1146 3156 1209 inciderant,
3200 1145 3480 1201 debebant

1896 1240 2120 1299 easdem
2153 1249 2210 1296 et
2236 1256 2400 1311 pares
2429 1256 2620 1311 ptenas
2654 1241 2864 1305 subire,
2893 1248 2952 1295 et
2976 1239 3161 1294 multo
3186 1237 3359 1309 magis
3385 1236 3479 1293 de-

1896 1333 2112 1402 ceptrix
2146 1334 2367 1388 mulier.
2400 1333 2456 1388 Si
2490 1342 2677 1389 autem
2706 1333 2843 1387 mihi
2872 1331 3009 1386 dicit
3042 1329 3288 1395 auditor,
3329 1327 3477 1400 quod

1896 1441 2023 1480 cum
2062 1425 2263 1481 mulier
2319 1433 2468 1480 esset
2518 1425 2648 1487 vita:
2693 1424 2845 1480 socia
2874 1432 2932 1478 et
2965 1424 3188 1493 coniux,
3218 1428 3276 1476 et
3308 1421 3478 1477 coha-

1896 1516 2080 1572 bitans
2111 1532 2238 1571 cum
2278 1515 2512 1580 Adamo,
2565 1525 2687 1571 erat
2718 1515 2946 1569 omnino
2990 1513 3141 1569 socia
3187 1526 3477 1583 poenarum

1895 1618 1955 1665 et
1986 1610 2364 1664 calamitatum
2418 1608 2601 1664 mariti
2647 1625 2659 1662 :
2712 1624 2824 1662 non
2869 1615 3017 1662 recte
3063 1611 3254 1661 censet
3293 1604 3340 1658 is
3383 1604 3477 1673 qui

219 1705 342 1750 tero
381 1698 481 1764 pro
510 1694 713 1750 Christi
765 1712 984 1765 quoque
1032 1696 1278 1751 Ecclesia
1323 1712 1442 1750 eam
1488 1697 1794 1753 defendens
1827 1705 1866 1761 Β
1896 1701 2015 1756 haec
2060 1701 2214 1756 dicit.
2257 1701 2390 1755 Nam
2429 1700 2475 1754 si
2523 1700 2630 1755 hoc
2672 1698 2749 1753 ita
2800 1696 3050 1761 haberet,
3084 1693 3217 1766 quid
3252 1694 3479 1749 omnino

219 1786 338 1840 haec
379 1785 527 1851 dico;
560 1785 628 1840 ad
653 1786 752 1839 hor
788 1796 848 1839 ut
874 1801 996 1840 eam
1032 1787 1322 1842 ostendam
1347 1786 1623 1855 Judaaoet
1663 1789 1795 1844 Bar-

221 1878 373 1940 baro,
430 1879 500 1932 ab
543 1879 690 1933 omni
739 1878 832 1933 Dei
874 1881 1256 1934 exsecratione
1294 1894 1415 1933 esse
1467 1881 1700 1935 liberam
1742 1889 1798 1936 et

218 1969 289 2023 ab
313 1968 695 2039 indignatione
725 1969 983 2024 alienam.
1015 1968 1156 2035 Quid
1179 1969 1326 2024 enim
1351 1967 1486 2023 dicit
1513 1968 1798 2039 Scriptura

219 2062 288 2116 de
319 2062 549 2116 muliere
572 2070 696 2131 post
718 2063 1151 2117 exsecrationem
1184 2062 1493 2131 serpentis?
1516 2061 1656 2115 Dixit
1690 2063 1799 2118 sci-

218 2155 351 2208 licet
382 2154 518 2207 Deus
549 2153 944 2223 :Multiplicans
972 2152 1330 2222 multiplicabo
1371 2152 1576 2207 dolores
1604 2163 1718 2208 tuos
1749 2164 1799 2210 et

222 2247 443 2317 gemitus
475 2255 624 2307 tuos;
655 2248 710 2299 in
765 2238 1033 2299 doloribus
1088 2247 1263 2316 paries
1319 2244 1478 2313 ﬁlios,
1522 2257 1570 2301 et
1618 2249 1688 2302 ad
1716 2250 1797 2302 vi-

220 2353 341 2389 rum
373 2344 521 2390 tuum
556 2339 820 2390 conversio
854 2344 968 2401 tua,
1017 2346 1067 2390 et
1110 2339 1218 2407 ipse
1276 2337 1367 2390 tibi
1417 2338 1793 2394 dominabitur.

218 2426 291 2482 Ut
329 2437 518 2481 autem
563 2428 1004 2498 contemplemur
1045 2428 1347 2483 dilucidius
1381 2419 1640 2499 mysteria
1672 2447 1797 2499 qua:

219 2529 348 2575 sunt
387 2522 441 2576 in
491 2521 560 2575 iis
584 2536 706 2590 quze
726 2519 985 2574 videntur
1014 2535 1135 2575 esse
1175 2535 1371 2589 poenae,
1401 2522 1798 2592 conjungamus

218 2614 384 2667 etiam
410 2629 531 2689 qua:
555 2612 701 2667 dicta
728 2620 857 2687 sunt
889 2612 1122 2666 Adamn.
1160 2612 1296 2666 Nam
1326 2612 1631 2687 eiquoque
1663 2612 1797 2666 dicit

218 2703 366 2760 Deus
391 2722 402 2755 :
435 2702 698 2768 Quoniam
728 2704 973 2757 audivisti
1000 2719 1217 2756 uxorem
1249 2710 1418 2766 tuam,
1455 2712 1506 2755 et
1531 2704 1798 2771 comedisti

218 2811 285 2848 ea:
319 2794 461 2865 ligno
498 2810 562 2848 ea:
613 2813 713 2866 quo
730 2795 872 2866 jussi
919 2796 1011 2849 tibi
1041 2812 1106 2849 ne
1151 2796 1465 2857 comederes,
1515 2792 1796 2851 maledicta

220 2894 297 2938 est
345 2895 488 2939 terra
522 2888 577 2939 in
593 2888 838 2957 ~operibus
866 2888 964 2941 tuis
994 2889 1086 2942 :in
1119 2885 1381 2941 laboribus
1406 2889 1644 2941 comedes
1677 2904 1797 2942 eam

219 2976 458 3030 omnibus
504 2976 679 3030 diebus
716 2979 837 3030 vita!
871 2985 977 3031 tute
1013 2994 1029 3031 :
1067 2979 1249 3046 spinas
1306 2985 1355 3030 et
1412 2977 1628 3031 tribulos
1669 2995 1796 3048 pro-

1896 1800 2043 1847 esset
2067 1807 2208 1861 opus
2235 1792 2504 1848 adversus
2526 1806 2624 1846 eos
2644 1789 3009 1845 dissimilibus
3041 1789 3242 1859 poenis,
3274 1795 3331 1842 et
3358 1803 3480 1857 qua:

1897 1885 2103 1940 habent
2155 1901 2405 1957 magnam
2469 1884 2844 1940 dili‘erentiam
2902 1892 2961 1937 et
3015 1874 3481 1951 repugnantiam?

1895 1974 2187 2044 Oporteret
2213 1975 2359 2030 enim
2390 1989 2540 2037 eum,
2564 1973 2710 2029 sicut
2736 1972 2847 2027 illic
2870 1972 2926 2026 in
2949 1970 3222 2040 principio
3257 1968 3480 2039 quando

1896 2065 2026 2119 fecit
2051 2080 2170 2129 eos,
2198 2065 2363 2120 simul
2382 2065 2465 2119 eis
2491 2064 2645 2119 dedit
2673 2079 2829 2119 esum
2858 2061 3088 2117 seminis
3116 2075 3241 2115 cum
3267 2059 3475 2114 brutis:

1897 2157 1972 2212 ita
2014 2157 2181 2212 etiam
2213 2157 2305 2212 hic
2339 2173 2560 2227 quoque
2594 2155 2966 2211 communiter
2999 2154 3131 2208 dare
3167 2167 3379 2222 pinnas,
3425 2159 3479 2205 et

1897 2248 2082 2303 dicere
2117 2266 2131 2302 :
2171 2268 2189 2299 ί
2217 2248 2509 2304 Maledicta
2560 2256 2711 2323 terra
2746 2247 2804 2301 in
2849 2245 3114 2317 operi-bus
3149 2243 3372 2308 vestris,
3421 2243 3477 2297 in

1896 2340 2182 2395 doloribus
2216 2340 2521 2397 comedetis
2569 2356 2712 2405 eam,
2759 2339 2947 2410 spinas
2987 2346 3043 2394 et
3079 2338 3321 2393 tribulos
3351 2350 3479 2406 pro-

1896 2432 2063 2487 ducet
2103 2432 2282 2495 vobis,
2328 2440 2386 2487 et
2415 2432 2720 2488 comedetis
2756 2430 2985 2486 herbam
3020 2430 3136 2501 agri
3182 2429 3239 2484 in
3272 2427 3478 2483 sudore

1895 2525 2083 2579 vultus
2120 2524 2312 2591 vestri,
2346 2524 2521 2580 donec
2540 2523 2896 2595 revertemini
2925 2523 2987 2578 in
3016 2532 3244 2584 terram,
3274 2537 3343 2576 ex
3370 2535 3477 2591 qua

1896 2612 2103 2680 sumpti
2128 2613 2300 2678 estis;
2337 2631 2355 2663 ι
2390 2611 2486 2667 sed
2515 2613 2655 2668 nihil
2692 2600 2799 2669 tale
2845 2612 2981 2666 facit
3009 2620 3107 2666 aut
3143 2610 3282 2667 dicit
3308 2612 3475 2666 Deus.

1896 2702 2052 2758 Unde
2075 2719 2200 2759 cum
2227 2704 2456 2760 dixisset
2478 2704 2724 2769 mulieri,
2748 2704 2813 2759 In
2833 2704 3100 2758 doloribus
3121 2705 3296 2774 paries
3316 2701 3475 2772 ﬁlios,

1896 2790 2034 2845 nihil
2074 2792 2179 2846 tale
2219 2791 2356 2846 dicit
2385 2792 2618 2846 homini.
2648 2792 2716 2846 Et
2749 2808 2849 2862 per
2876 2791 3193 2846 universam
3226 2789 3478 2861 Scriptu-

1896 2897 2011 2935 ram
2054 2891 2240 2951 patres
2282 2883 2575 2946 nominans
2623 2883 2927 2954 genitores,
2965 2883 3061 2938 sed
3104 2898 3215 2937 non
3250 2891 3477 2945 matres,

1897 2984 2089 3027 rursus
2124 2972 2259 3028 dicit
2294 2973 2410 3027 ﬂeri
2445 2973 2696 3029 mulieris
2723 2973 3142 3028 conversionem
3173 2972 3243 3028 ad
3272 2973 3476 3033 virum.

215 3067 369 3117 ducet
395 3065 506 3125 tibi,
541 3075 590 3117 et
616 3066 848 3119 comedes
874 3062 1086 3121 herbam
1127 3067 1246 3136 agri
1276 3083 1293 3120 :
1324 3068 1380 3120 in
1403 3067 1594 3120 sudore
1624 3067 1796 3122 vultus
1824 3060 1865 3115 ϐ
1906 3066 2277 3120 reversionem
2309 3073 2495 3121 autem
2518 3066 2623 3120 viri
2657 3067 2713 3120 in
2736 3074 2960 3121 terram.
2984 3066 3051 3120 Et
3075 3081 3268 3120 rursus
3296 3066 3477 3119 virum

219 3156 297 3208 tui
338 3156 573 3210 comedes
609 3173 799 3223 panem
820 3166 983 3210 tuum.
1017 3158 1179 3210 donec
1211 3159 1493 3210 revertaris
1514 3159 1571 3210 in
1600 3168 1800 3213 terram

222 3261 288 3298 ea:
324 3264 428 3316 qua
467 3257 710 3318 sumptus
747 3265 822 3312 es,
879 3249 1133 3320 quoniam
1166 3257 1310 3302 terra
1344 3264 1396 3302 es
1428 3258 1475 3302 et
1504 3249 1561 3303 in
1602 3257 1801 3303 terram

224 3340 518 3394 reverteris.
568 3339 797 3395 Alienus
845 3350 900 3395 et
954 3356 1173 3394 onmem
1221 3355 1444 3395 sensum
1484 3340 1800 3396 ouinimode

221 3442 491 3497 superans
528 3440 615 3485 est
663 3431 835 3505 isqui
882 3431 1000 3505 vult
1030 3431 1147 3485 haec
1190 3430 1500 3498 intelligere
1535 3444 1800 3505 corpora-

218 3518 370 3584 liter,
407 3531 465 3575 et
500 3519 562 3573 in
584 3520 684 3574 has
711 3502 803 3574 hic
852 3502 1059 3573 incidet
1101 3518 1493 3573 absur‘ditates.
1540 3502 1672 3589 Dico
1699 3533 1801 3571 au-

218 3620 379 3666 tem:
437 3612 715 3681 quomodo
752 3614 1069 3680 serpentem
1139 3610 1362 3679 quidem
1408 3595 1800 3669 exsecraturus

219 3701 386 3764 Deus,
416 3701 470 3755 ei
516 3702 679 3755 atl'ert
705 3716 927 3756 causam
955 3715 1067 3754 sua:
1093 3700 1514 3765 exsecrationis,
1560 3710 1684 3770 quae
1714 3708 1800 3755 est

218 3790 474 3861 deceptio
504 3788 789 3857 mulieris;
815 3792 1073 3845 similiter
1099 3791 1263 3845 etiam
1307 3791 1575 3846 Adamum
1615 3792 1798 3846 incre-

212 3897 357 3951 pans
374 3884 425 3938 ei
451 3881 715 3944 ostendit,
746 3882 939 3937 dicens
966 3881 1257 3947 :Quouiam
1280 3883 1526 3937 audivisti
1547 3866 1798 3946 uxorem;

214 3974 487 4029 adversus
541 3975 832 4029 mulierem
875 3985 1084 4038 autem,
1116 3976 1171 4029 in
1220 3990 1381 4045 paena
1426 3976 1637 4029 nullum
1677 3991 1798 4029 om-

213 4067 350 4122 nino
393 4076 679 4137 peccatum
731 4076 828 4140 aut
876 4082 1098 4122 causam
1143 4067 1304 4122 all'ert
1354 4058 1501 4122 Deus
1552 4078 1797 4137 :nempe

211 4176 328 4215 non
371 4161 706 4216 mentionem
756 4161 1053 4230 serpentis,
1091 4176 1201 4235 non
1251 4175 1450 4214 nomen
1499 4158 1633 4221 cibi,
1681 4174 1792 4213 non

212 4250 350 4321 ligni
398 4250 791 4306 inobedientia'
840 4266 1019 4322 neque
1049 4251 1212 4305 aliam
1252 4250 1505 4320 quamvis
1547 4263 1789 4305 causam.

211 4344 284 4398 Et
325 4353 409 4397 est
458 4340 788 4400 miraculum
836 4353 1062 4417 stupore
1109 4345 1336 4416 dignum
1380 4332 1529 4413 quod
1565 4356 1797 4413 serpens

112 4472 159 4520 ᾗ
211 4432 438 4500 quidem
485 4433 579 4502 qui
608 4433 829 4503 decepit
865 4433 1174 4497 mulierem,
1210 4433 1497 4506 subjectus
1530 4433 1637 4487 fuit
1669 4440 1778 4488 tam

209 4524 369 4593 gravi
411 4532 468 4578 et
494 4525 711 4583 acerbae
733 4533 788 4579 et
829 4541 1116 4596 nunquam
1146 4525 1497 4582 condonabili
1521 4539 1785 4581 exsecra-

213 4614 351 4667 tioni
399 4614 453 4669 in
499 4625 799 4682 aeternum;
845 4632 967 4687 quze
1012 4625 1197 4671 autem
1251 4616 1474 4686 decepit
1516 4631 1644 4673 eum
1694 4614 1792 4685 qui

210 4704 391 4760 factus
426 4700 529 4760 est“
554 4707 621 4759 ad
655 4708 748 4762 Dei
786 4709 1078 4778 imaginem
1133 4716 1191 4762 et
1217 4707 1638 4763 similitudinem
1667 4708 1793 4778 (ho-

211 4799 417 4853 minem
439 4799 634 4864 Adam,
660 4800 976 4870 inquaml,a
1001 4801 1111 4855 Deo
1136 4801 1340 4855 nullam
1366 4801 1794 4870 accepitcontu-

208 4892 430 4945 meliam
469 4908 483 4945 :
527 4908 651 4946 nam
687 4892 1071 4960 corporalibus
1112 4892 1334 4964 quidem
1371 4892 1587 4962 legibus
1616 4893 1794 4963 major

205 4990 295 5035 est
322 4983 486 5051 culpa
523 4982 646 5051 ejus
678 4983 772 5052 qui
809 4983 1030 5054 decepit
1056 5000 1263 5055 regem,
1288 4999 1454 5055 qnam
1489 4984 1584 5055 qui
1616 4985 1783 5040 dece-

210 5070 293 5140 pit
319 5072 625 5126 mulierem.
650 5072 805 5141 Quod
824 5073 973 5130 enim
997 5089 1251 5145 serpens,
1270 5088 1454 5145 neque
1478 5083 1564 5129 est
1593 5088 1781 5139 ausus,

209 5176 390 5231 neque
416 5178 726 5232 aggressus,
746 5168 931 5233 neque
970 5163 1154 5235 potuit
1199 5181 1215 5219 :
1264 5165 1370 5221 hoc
1413 5165 1615 5219 mulier
1657 5163 1793 5220 fecit

206 5252 491 5333 adversus!
520 5243 715 5308 virum.
771 5253 903 5321 Qua!
954 5263 1086 5310 sunt
1135 5263 1323 5311 autem
1365 5256 1517 5310 omni
1559 5265 1790 5326 stupore

205 5342 369 5412 plena
403 5344 518 5399 huic
549 5353 677 5398 sunt
708 5363 721 5398 :
746 5346 1026 5415 quomodo
1048 5362 1172 5402 cum
1203 5346 1643 5417 sapiensChristi
1675 5348 1788 5402 lin-

204 5438 312 5504 εἰπε
349 5435 554 5490 Paulus
578 5430 781 5492 dicat:
819 5437 994 5492 Adam
1033 5455 1138 5514 non
1182 5453 1259 5493 est
1285 5441 1551 5511 deceptus,
1592 5440 1787 5495 mulier

207 5535 385 5578 autent
435 5528 532 5595 fuit
570 5528 784 5598 decepta
819 5530 887 5594 ",
927 5530 981 5583 in
1032 5545 1194 5599 poena
1239 5532 1464 5601 quidem
1521 5533 1640 5603 ejus
1687 5532 1781 5603 qui

282 5665 325 5693 ⁸⁸
365 5663 503 5717 Cen.
544 5680 618 5726 ix,
653 5666 741 5724 25.
799 5667 841 5699 ⁸⁵
882 5666 902 5720 l
944 5667 1086 5721 Tim.
1127 5685 1184 5730 lt,
1232 5670 1315 5724 Μ.

1898 3156 2191 3212 nominans
2224 3167 2450 3221 terram,
2491 3173 2599 3212 non
2632 3158 2883 3212 nominat
2932 3156 3243 3211 mulierem.
3289 3156 3479 3226 Neque

1898 3261 2032 3302 vero
2080 3246 2198 3300 ﬁeri
2244 3255 2428 3317 potest
2456 3257 2517 3300 ut
2541 3242 2852 3316 appelletur
2873 3256 3044 3311 terra,
3065 3261 3189 3301 cum
3224 3244 3297 3301 sit
3327 3253 3480 3301 costa

1898 3337 2138 3392 viventis
2179 3344 2235 3392 et
2302 3338 2432 3415 vita.
2483 3337 2622 3393 Cum
2675 3352 2806 3408 ergo
2849 3337 2905 3393 in
2954 3336 3255 3408 propositis
3301 3335 3481 3410 poenis

1898 3435 2051 3504 tanta
2085 3427 2158 3485 sit
2207 3428 2541 3497 perplexitas
2597 3437 2653 3483 et
2707 3428 3004 3495 dubitatio,
3055 3432 3169 3500 jam
3221 3429 3316 3485 diu
3362 3429 3481 3486 hac

1899 3532 1987 3571 me
2032 3526 2420 3587 persequente,
2464 3520 2610 3574 latus
2667 3535 2852 3575 meum
2926 3536 3091 3575 manu
3156 3520 3482 3590 frequenter

1897 3607 2094 3676 pungit
2133 3607 2357 3663 divinus
2402 3608 2699 3678 Apostolus
2726 3625 2924 3665 rursus
2969 3610 3204 3666 dicens:
3240 3611 3364 3667 Hac
3390 3612 3479 3665 in-

1900 3697 2077 3767 tellige
2109 3698 2173 3751 de
2209 3697 2415 3754 Christo
2447 3710 2494 3753 et
2520 3699 2756 3755 Ecclesia
2779 3743 2793 3768 ,
2820 3701 2909 3755 cui
2940 3700 3087 3756 Deus
3119 3704 3174 3757 in
3205 3698 3481 3773 principio

1897 3788 2149 3859 praedicit
2195 3791 2541 3860 prophetiae,
2598 3807 2707 3846 non
2748 3801 2933 3846 autem
2975 3794 3261 3858 iracunde,
3314 3794 3479 3851 dece-

1898 3880 2140 3951 ptionem
2165 3896 2290 3952 quae
2303 3891 2387 3936 est
2404 3881 2455 3937 ei
2482 3890 2681 3937 eventu
2691 3898 2747 3936 ra
2771 3899 2785 3935 :
2803 3892 2861 3937 et
2878 3882 3079 3938 deinde
3095 3883 3483 3955 castigationes

1897 3982 1954 4028 et
1982 3971 2307 4029 alllictiones
2336 3991 2459 4045 quae
2483 3973 2533 4031 ei
2565 3974 2831 4031 eveniunt
2852 3992 2951 4046 per
2972 3975 3379 4046 deceptionem,
3409 3977 3476 4032 ad

1897 4066 2017 4137 ejus
2039 4066 2354 4130 utilitatem,
2392 4074 2450 4121 et
2486 4065 2687 4123 deinde
2708 4054 2976 4138 'optimam
3012 4084 3111 4141 per
3157 4068 3483 4126 aﬂlictiones

1898 4156 1965 4212 ad
1996 4158 2168 4219 Deum
2200 4158 2624 4213 conversionem
2659 4167 2717 4214 et
2755 4160 3012 4214 salutem.
3049 4160 3185 4216 Nam
3220 4171 3480 4232 tanquam

1900 4264 1992 4302 rex
2029 4249 2303 4318 quispiam
2339 4264 2463 4303 cum
2516 4264 2613 4303 sua
2659 4252 2893 4323 conjuge
2926 4268 3049 4323 quae
3095 4260 3346 4322 stuprum
3398 4263 3484 4309 est

1896 4339 2224 4404 admissura,
2256 4339 2502 4396 modeste
2527 4343 2934 4413 quodammodo
2967 4354 3025 4400 et
3047 4344 3483 4401 misericorditer

1897 4416 2203 4496 disserens,
2234 4429 2403 4487 Evam
2452 4433 2754 4504 alloquitur
2788 4433 2983 4492 dicens
3017 4456 3028 4492 :
3064 4437 3232 4499 Audi.
3254 4440 3479 4508 mulier,

1894 4534 2020 4591 qua:
2047 4533 2077 4575 a
2114 4536 2222 4585 me,
2251 4521 2383 4588 Deo',
2414 4522 2517 4578 tibi
2543 4538 2653 4581 non
2683 4526 2803 4581 sine
2832 4525 3024 4585 dolore
3049 4529 3480 4597 annuntiantur,

1893 4622 1950 4669 et
1979 4618 2101 4686 qum
2122 4613 2220 4691 tibi
2241 4622 2538 4685 protestor.
2568 4615 2650 4671 Tu
2687 4633 2776 4674 me
2805 4633 2868 4674 es
2901 4629 3187 4699 spretura,
3240 4622 3333 4695 qui
3357 4636 3479 4679 sum

1888 4707 2161 4767 Dominus
2183 4709 2327 4765 Deus
2349 4717 2477 4766 tuus
2500 4718 2588 4767 :et
2608 4712 2816 4768 malum
2838 4726 3154 4785 serpentem
3179 4713 3479 4769 adoratum

1892 4809 1949 4856 et
1977 4803 2211 4857 cultura.
2234 4800 2345 4873 Ego
2363 4812 2546 4859 autem
2565 4806 2985 4862 conversionem
3001 4814 3060 4862 et
3074 4806 3309 4862 salutem
3328 4813 3478 4862 tuam

1895 4909 2180 4964 quaerens,
2229 4893 2604 4965 multiplicans
2650 4897 3034 4969 multiplicabo
3087 4898 3311 4954 dolores
3350 4906 3478 4954 tuos

1896 4992 1954 5040 et
1994 4983 2320 5040 alnictiones
2372 4994 2496 5042 tuas
2527 4994 2582 5041 et
2609 4989 2850 5058 gemitus
2887 4997 3013 5044 tuos
3046 4996 3103 5044 et
3136 4988 3479 5045 calamitates

1897 5083 2023 5130 tuas
2053 5093 2067 5129 :
2100 5090 2249 5131 nunc
2277 5075 2501 5146 quidem
2539 5079 2635 5134 tibi
2670 5078 2915 5135 inferens
2950 5078 3247 5144 diluvium,
3271 5076 3475 5134 deinde

1893 5176 2102 5237 pestem
2127 5183 2192 5223 ac
2240 5166 2476 5232 famem.
2515 5179 2925 5228 terraemotum.
2965 5172 3211 5242 pluviam
3245 5170 3387 5244 ignis
3416 5180 3474 5226 et

1890 5259 2217 5328 sulphuris,
2246 5260 2455 5330 pluvias»
2481 5260 2849 5318 defectionem
2906 5278 3005 5333 per
3058 5278 3121 5319 os
3160 5263 3472 5336 prophetae.

1890 5350 2136 5421 pericula
2183 5365 2251 5406 ex
2294 5350 2455 5417 mari,
2484 5351 2733 5424 pericula
2766 5367 2833 5409 ex
2866 5353 3052 5420 bellis,
3093 5368 3160 5410 ex
3188 5354 3470 5426 gentibus,
3494 5348 3529 5393 κ

1889 5454 1957 5494 ex
1990 5438 2493 5509 persecutionilms,
2537 5451 2595 5498 et
2631 5457 2796 5499 omne
2840 5458 3017 5516 genus
3062 5444 3474 5502 calamitatibus

1890 5541 1946 5589 et
1977 5533 2370 5589 aﬂlictionibus
2413 5543 2470 5590 et
2515 5535 2824 5593 doloribus.
2871 5536 3246 5606 Quamobrem
3285 5537 3343 5595 in
3387 5537 3472 5594 his
