4042 6292
507 211 642 277 1039

1709 225 1770 287 S.
1810 223 2209 285 ANASTASIl
2264 219 2592 288 SINAITE

3661 227 3792 294 1040

503 329 796 389 doloribus
825 327 1012 399 paries
1039 329 1214 386 malos
1257 329 1420 396 ﬁlios,
1453 331 1760 390 etilcientes
1795 334 2007 404 peccati
2043 339 2099 387 et
2127 338 2173 392 Α
2201 335 2402 392 mulier
2429 351 2554 408 quae
2581 337 2806 393 dicebat
2835 337 2976 395 Osee
3007 335 3294 409 propheta
3322 356 3335 392 :
3363 335 3454 392 Ibo
3480 347 3528 392 et
3558 348 3794 394 revertar

508 421 870 496 impudicitia:
893 431 950 478 et
993 422 1304 494 iniquitatis
1356 432 1412 480 et
1440 423 1784 482 idololatrize.
1816 427 1924 483 Sed
1948 428 2096 484 bono

507 525 630 574 esto
666 517 890 582 animo,
924 531 1110 588 neque
1148 517 1390 572 animam
1423 517 1798 588 despondeas,
1839 535 1946 575 nec
1995 519 2096 574 de-

506 623 722 679 speres,
773 622 956 680 neque
1011 610 1216 664 bonam
1253 623 1409 678 spem
1454 610 1754 666 contrahas
1785 630 1798 665 :
1831 612 2098 682 quoniam

508 709 634 771 post
667 702 794 758 illos
816 702 1022 758 multos
1041 717 1183 772 quos
1207 719 1313 774 ego
1344 703 1446 758 tibi
1487 703 1664 758 abiero
1685 703 1910 761 dolores
1928 745 1943 766 .
1975 714 2100 776 post

507 796 717 850 multos
763 795 1005 867 gemitus
1047 810 1190 866 quos
1233 796 1301 851 ad
1349 809 1437 852 me
1485 797 1730 863 emittes,
1772 807 1898 868 post
1929 799 2099 854 casti-

507 887 760 957 gationes
809 895 867 943 et
898 887 1102 954 famem
1129 903 1196 944 ac
1227 891 1642 954 necessitatem,
1674 883 1946 945 annuntio
1995 888 2098 944 tibi

506 979 768 1049 gaudium
816 995 1077 1052 magnum
1123 983 1274 1053 quod
1321 982 1432 1038 erit
1486 982 1640 1037 omni
1698 984 1904 1054 popqu
1952 992 2094 1038 tuo:

507 1079 802 1142 postquam
853 1071 953 1126 tibi
992 1071 1161 1128 fuerit
1206 1072 1463 1144 adempta
1509 1073 1692 1128 omnis
1733 1073 1819 1128 via
1860 1081 1918 1129 et
1958 1073 2100 1128 ratio

509 1163 738 1218 humani
791 1164 1005 1229 auxilii,
1053 1164 1124 1219 ad
1159 1165 1340 1220 virum
1383 1173 1540 1221 tuum
1573 1165 1922 1236 spiritualem
1947 1165 2098 1221 Ada-

512 1267 662 1305 mnm
692 1255 910 1324 (nempe
933 1253 1242 1326 Christum)
1273 1255 1384 1310 erit
1405 1256 1696 1311 conversio
1735 1264 1850 1320 tua,
1897 1263 1954 1310 et
1981 1255 2100 1326 ipse

514 1345 612 1400 tibi
648 1345 1029 1402 dominabitur
1075 1363 1104 1402 a
1139 1348 1276 1403 mari
1318 1364 1494 1420 usque
1524 1348 1594 1404 ad
1625 1365 1800 1416 mare,
1839 1357 1948 1405 eta
1993 1349 2100 1404 ilu-

511 1439 758 1494 minibus
787 1451 964 1510 usque
991 1440 1059 1495 ad
1088 1437 1226 1496 lines
1255 1440 1406 1496 orbis
1437 1449 1600 1496 terra:
1630 1441 1916 1505 Ecclesiae,
1949 1441 2096 1506 Eva),

513 1531 640 1586 vitae
678 1541 785 1587 tua:
829 1548 953 1602 qua:
1002 1529 1212 1588 dicitur
1255 1533 1478 1589 mulier.
1529 1533 1921 1589 Benedicimus
1973 1532 2096 1598 tibi,

509 1623 752 1689 Christe,
785 1625 882 1696 qui
927 1625 1134 1681 Vocasti
1183 1641 1304 1693 nos,
1357 1635 1414 1682 et
1460 1627 1530 1681 ab
1581 1641 1774 1682 errore
1804 1625 1987 1682 fecisti
2029 1625 2098 1680 ad

2205 427 2276 480 ad
2311 429 2486 482 virum
2530 443 2705 482 meum
2745 429 3001 497 priorem,
3057 431 3312 500 quoniam
3355 438 3482 483 tunc
3514 428 3645 482 mihi
3679 435 3794 481 erat

2202 513 2389 573 melius
2421 535 2584 590 quam
2615 533 2756 574 nunc
2783 520 2852 573 ".
2885 519 2955 575 Et
2979 527 3274 590 propterea
3317 519 3451 574 dicit
3483 520 3635 574 Deus
3663 517 3796 574 huic

2199 609 2460 666 Ecclesia:
2487 625 2612 681 qua:
2668 610 2879 667 dicitur
2908 610 3110 666 mulier
3157 629 3170 664 :
3211 607 3278 664 Et
3319 611 3390 664 ad
3419 612 3600 665 vitam
3645 618 3792 664 tuum

2200 703 2464 757 conversio
2511 712 2628 766 tua,
2681 709 2734 757 et
2777 705 2888 776 ipse
2923 703 3017 757 tibi
3053 703 3433 758 dominabitur.

2273 793 2416 850 Hine
2455 782 2720 850 discimus
2775 803 3010 866 propter
3055 808 3178 850 eam
3222 808 3389 864 quam
3425 791 3483 846 in
3529 791 3795 846 extremis

2201 887 2548 958 temporibus
2609 885 2781 943 habet
2827 887 2976 942 Deus
3001 887 3056 942 in
3078 886 3370 942 mulierem
3397 926 3413 951 ,
3456 884 3794 939 dominatio-

2207 994 2369 1035 nem:
2391 977 2540 1050 quod
2562 994 2689 1034 cum
2714 977 2956 1050 primum
2977 977 3250 1047 plantavit
3269 977 3416 1032 Deus
3441 977 3782 1046 paradisum,

2204 1081 2394 1144 typum
2424 1071 2702 1136 Ecclesiae,
2754 1071 3062 1127 nominavit
3091 1071 3382 1140 Scriptura
3427 1069 3604 1124 Deum
3665 1087 3680 1122 :
3726 1075 3784 1124 et
3825 1089 3830 1149 ξ

2203 1161 2436 1228 addens,
2457 1163 2778 1218 Dominum.
2804 1162 2927 1219 Non
2956 1161 3106 1218 enim
3162 1163 3416 1220 invenies
3445 1163 3630 1232 ipsum
3663 1171 3791 1218 ante
3825 1188 3829 1194 -

2203 1257 2520 1328 paradisum
2540 1255 2817 1312 nominari
2839 1255 3134 1312 Dominum
3157 1266 3214 1312 et
3233 1258 3404 1312 Deum
3432 1275 3444 1308 :
3470 1255 3568 1310 sed
3589 1256 3789 1318 solum,

2203 1349 2398 1406 Deum.
2451 1349 2509 1406 Si
2550 1359 2734 1404 autem
2764 1347 2834 1404 ab
2885 1349 3010 1407 aliis
3063 1349 3132 1404 ad
3165 1350 3302 1405 alias
3335 1349 3609 1420 gradatim
3645 1359 3795 1404 tran-

2201 1443 2476 1498 seendens
2515 1441 3040 1508 demonstrationes,
3090 1458 3200 1498 non
3251 1445 3563 1500 satietatem
3623 1443 3796 1498 aﬂ'ero

2201 1536 2396 1592 lectori
2424 1536 2596 1591 multa
2625 1535 2861 1592 dicens:
2897 1537 2950 1592 ei
3004 1535 3294 1592 ostendam
3349 1535 3512 1592 falsas
3573 1550 3796 1606 quoque

2205 1625 2598 1683 similitudines
2630 1642 2696 1682 ac
2733 1627 2999 1698 paritates
3053 1627 3266 1681 erroris
3321 1627 3580 1682 mulieris
3607 1635 3664 1682 et
3697 1619 3800 1685 Ec-

511 1729 614 1768 Ims
655 1730 686 1769 a
747 1723 799 1770 te
853 1715 1296 1772 conversionem.
1351 1716 1666 1772 Adoramus
1713 1725 1768 1772 te
1802 1718 1899 1789 qui
1929 1717 2106 1773 domi-
2135 1712 2179 1771 Β
2206 1719 2409 1780 clesite.
2445 1721 2691 1778 Primum
2719 1723 2868 1778 enim
2895 1721 3178 1794 quomodo
3201 1722 3404 1778 mulier
3440 1721 3496 1776 in
3533 1719 3799 1790 paradiso

511 1816 678 1862 natus
710 1823 772 1862 es
803 1807 986 1875 nobis,
1023 1818 1293 1879 tanquam
1335 1809 1626 1866 Dominum
1657 1810 2100 1866 dominantium:

423 1956 466 1978 ,5
511 1916 581 1955 ne
622 1901 740 1971 ipsa
784 1908 881 1956 tua
928 1903 1132 1974 conjux
1161 1902 1364 1958 mulier
1400 1911 1458 1959 et
1507 1917 1712 1974 sponsa
1755 1905 2106 1976 opprimatur

431 1987 450 1999 ”
511 1993 799 2050 dominatu
859 1994 991 2050 mali
1046 1995 1347 2065 serpentis.
1409 1995 1486 2051 De
1540 2005 1742 2052 caetero
1798 1997 1996 2068 psallat
2048 2007 2105 2054 et

509 2101 706 2158 magna
730 2101 865 2143 voce
878 2087 1214 2144 clamethaac
1237 2087 1352 2143 vita
1371 2088 1573 2145 mulier
1596 2103 1722 2145 eum
1749 2089 1844 2145 illa
1867 2090 2104 2146 muliere

509 2193 632 2246 quae
688 2185 774 2232 est
821 2191 953 2233 vere
1001 2178 1117 2234 vita
1161 2185 1218 2234 et
1263 2191 1386 2249 qua:
1430 2179 1602 2234 vitam
1655 2177 1797 2246 fert,
1849 2189 1907 2236 et
1955 2181 2105 2252 parit

509 2269 701 2336 vitam,
731 2269 922 2326 dicens
955 2289 968 2325 :
1000 2269 1314 2344 Magni/ient
1351 2275 1535 2328 anima
1576 2288 1697 2327 mea
1725 2287 1854 2328 eum
1888 2273 1984 2343 qui
2019 2281 2105 2330 est

509 2361 648 2417 milii
699 2362 1041 2431 dominatus,
1082 2363 1206 2436 qum
1246 2381 1368 2422 sum
1409 2366 1661 2422 Ecclesia
1703 2383 1772 2422 ex
1801 2367 2100 2438 gentibus:

487 2451 582 2537 ‘Et
630 2455 916 2510 exsultavit
945 2458 1165 2528 spiritus
1217 2475 1363 2514 meus
1420 2461 1476 2514 in
1535 2458 1644 2514 Deo
1693 2457 1923 2514 salutari
1967 2475 2102 2514 meo.

511 2543 649 2610 Quia
691 2549 918 2618 respexit
955 2548 1316 2606 humilitatem
1365 2551 1577 2607 ancilla:
1625 2565 1754 2608 sate.
1793 2551 1928 2608 Ecce
1963 2553 2105 2607 enim

510 2641 699 2696 abhinc
743 2641 954 2696 beatam
987 2661 1071 2698 me
1102 2643 1274 2698 dicent
1308 2659 1489 2700 omnes
1530 2647 1916 2716 generationes.
1962 2645 2106 2711 Quo—

511 2732 660 2784 niam
699 2731 821 2800 {erit
849 2736 1144 2800 potentiam
1168 2735 1225 2788 in
1255 2719 1468 2790 brachio
1503 2737 1642 2791 Filio
1671 2753 1792 2801 suo,
1819 2745 1870 2790 et
1899 2737 2103 2808 disper-

509 2823 578 2876 sit
621 2823 868 2892 superbos
922 2823 1146 2880 Iudaeos
1180 2841 1243 2879 ea:
1293 2827 1446 2880 corde
1504 2830 1692 2882 mentis
1749 2845 1882 2893 saw,
1945 2837 2006 2884 et
2049 2831 2104 2884 in

519 2912 692 2968 altum
739 2913 928 2968 extulit
967 2927 1072 2970 nos
1119 2915 1364 2971 humiles.
1405 2917 1712 2974 Esarientes
1763 2935 1930 2975 canes
1973 2935 2106 2992 gen,

2205 1833 2236 1872 a
2260 1824 2516 1887 serpente
2541 1815 2792 1881 seducta,
2818 1831 2980 1886 passa
3009 1823 3093 1870 est
3119 1830 3220 1886 per
3229 1815 3436 1893 pculos
3467 1828 3596 1868 cum
3623 1812 3798 1867 vidis-

2206 1919 2290 1966 set
2327 1907 2476 1980 quod
2505 1909 2716 1979 lignum
2775 1905 2986 1963 bonum
3023 1917 3110 1964 est
3153 1907 3224 1964 ad
3269 1905 3702 1972 comedendum,
3743 1912 3799 1960 et

2205 2011 2420 2074 gratum
2445 2001 2623 2058 oculis
2649 2000 2717 2056 ad
2753 2001 3082 2066 videndum,
3121 2008 3178 2057 et
3223 2001 3534 2070 speciosum
3560 1997 3630 2053 ad
3654 2011 3792 2054 con-

2205 2091 2564 2147 siderandum
2587 2107 2603 2158 ;
2628 2089 2877 2147 secundo
2904 2099 3094 2147 autem
3134 2089 3332 2146 affecta
3378 2098 3464 2145 est
3496 2087 3799 2145 all'eetione

2204 2198 2304 2254 per
2354 2192 2672 2240 contactum
2727 2197 2924 2238 manus
2968 2183 3150 2238 fructu
3203 2189 3476 2252 accepto;
3524 2189 3595 2236 et.
3631 2179 3800 2236 tertio

2207 2288 2404 2330 rursus
2433 2290 2532 2345 per
2581 2289 2738 2330 esum
2773 2291 2786 2328 :
2813 2273 2894 2329 sic
2925 2274 3064 2334 mihi
3093 2273 3354 2344 deinceps
3379 2273 3448 2328 ab
3495 2288 3562 2328 ea
3593 2270 3802 2328 accede

2205 2367 2272 2424 ad
2305 2366 2633 2422 catholicam
2675 2365 2963 2421 hominum
2995 2365 3322 2430 Eeclesiam,
3360 2373 3418 2420 et
3449 2363 3673 2420 videbis
3711 2380 3802 2419 ea-

2205 2453 2331 2515 dem
2355 2474 2577 2530 quoque
2609 2459 2658 2514 ei
2695 2458 2748 2513 in
2776 2459 2975 2528 primis
3006 2459 3300 2515 accidisse.
3336 2456 3473 2512 Nam
3506 2472 3638 2512 cum
3677 2457 3803 2512 dua:

2205 2563 2340 2610 tunc
2361 2561 2549 2608 essent
2575 2552 2966 2624 generationes
2994 2551 3285 2606 hominum
3327 2551 3382 2604 in
3412 2549 3697 2620 principio
3744 2549 3801 2623 in

2205 2647 2435 2712 mundo,
2472 2647 2569 2716 qui
2593 2643 2652 2700 in
2677 2645 2958 2716 propriam
3001 2655 3060 2700 et
3109 2651 3418 2714 separatam
3469 2641 3802 2714 refereban-

2207 2749 2298 2794 tur
2347 2739 2745 2810 genealogiam,
2793 2745 3070 2808 erantque
3123 2735 3496 2807 prmﬁguratio
3555 2734 3844 2790 duorum'

2203 2830 2534 2902 populorum
2570 2836 2661 2904 :et
2690 2829 2783 2885 alii
2809 2829 3036 2902 quidem
3085 2829 3154 2884 ab
3178 2829 3436 2912 Atlamok
3461 2827 3554 2883 alii
3605 2841 3744 2882 vero
3769 2841 3802 2881 a

2204 2923 2338 2979 Cain
2364 2922 2638 2994 parricida
2667 2922 3046 2994 procedebant
3070 2921 3202 2994 {qui
3234 2922 3305 2978 ab
3333 2923 3547 2978 Adamn
3567 2923 3802 2992 quidem

515 3008 654 3060 tium
701 3007 1038 3077 populorum
1084 3007 1328 3080 implevit
1382 3009 1530 3064 bonis
1578 3011 1738 3078 panis
1767 3012 1916 3077 Viue,
1947 3022 1997 3066 et
2024 3013 2105 3067 di-
2129 3057 2173 3117 ϐ
2207 3014 2604 3086 procedebant,
2631 3017 2688 3070 in
2727 3015 2958 3086 ﬁguram
3004 3015 3196 3086 populi
3251 3013 3460 3074 Christi
3511 3015 3805 3070 habebant

512 3107 638 3155 vites
671 3101 724 3154 in
761 3100 1053 3157 sacriﬁciis
1100 3111 1156 3157 et
1194 3101 1556 3158 libaminibus
1585 3103 1784 3158 dimisit
1821 3105 2009 3159 inanes
2033 3105 2099 3171 ⁷⁸,

512 3209 581 3247 ne
617 3193 854 3262 amplius
880 3193 936 3248 in
965 3195 1050 3250 eis
1073 3195 1260 3250 colant
1291 3203 1350 3250 et
1384 3195 1621 3252 adorent
1653 3198 1861 3268 templo
1891 3197 2100 3256 diruto.

517 3285 883 3342 Excandescit
917 3297 976 3342 et
1023 3287 1366 3358 discerpitur
1410 3288 1530 3344 haec
1575 3288 1811 3346 audiens
1857 3290 2102 3357 Iudaeus,

514 3387 570 3434 et
591 3395 702 3434 non
723 3385 930 3450 potest
967 3379 1104 3434 falsa
1143 3381 1466 3446 ostendere.
1503 3380 1562 3436 Si
1591 3389 1775 3436 autem
1806 3398 1916 3438 non
1945 3383 2018 3438 ita
2047 3400 2106 3440 se

517 3472 684 3528 habet
757 3487 948 3528 rerum
999 3472 1226 3539 veritas,
1291 3467 1762 3546 quemadmodum
1815 3475 1871 3532 in
1919 3477 2108 3532 verbis

515 3565 616 3620 Dei
668 3563 738 3620 ad
780 3566 1078 3621 mulierem
1141 3566 1489 3636 interpretati
1535 3583 1766 3624 sumus:
1813 3567 1961 3624 dicat
2005 3569 2105 3630 Ju-

515 3661 689 3724 daeus,
737 3657 856 3722 ubi,
899 3675 1025 3716 cum
1060 3660 1358 3716 avertisset
1387 3661 1500 3718 Eva
1554 3671 1651 3716 aut
1681 3674 1936 3733 separata
1968 3661 2106 3718 fuis-

515 3760 600 3806 set
634 3751 704 3804 ah
745 3745 978 3816 Adamo,
1027 3749 1171 3808 dixit
1215 3753 1266 3808 ei
1299 3747 1446 3808 Deus
1487 3753 1610 3808 :Ad
1648 3755 1822 3810 virum
1859 3763 2006 3808 tamn
2032 3763 2110 3808 cst

516 3845 784 3899 conversio
818 3851 911 3899 tua
935 3843 960 3898 ?
985 3842 1056 3899 Et
1098 3859 1340 3924 quonam
1387 3842 1438 3899 ei
1471 3843 1792 3902 dominante
1847 3847 1982 3901 dicit
2013 3847 2064 3901 ei
2093 3865 2105 3900 :

518 3933 611 3988 Vir
651 3935 743 3990 tibi
791 3935 1198 3990 dominabitur?
1241 3943 1507 4007 tanquam
1547 3937 1758 3992 scilicet
1808 3937 1858 3991 ei
1907 3937 2108 4006 aliquis

517 4025 842 4081 insultasset
891 4036 950 4082 et
995 4026 1050 4082 ei
1107 4035 1259 4082 esset
1307 4025 1611 4084 dominata.
1660 4027 1796 4082 Nam
1849 4027 2110 4083 omnibus

517 4117 696 4172 modis
753 4118 1002 4174 cernitur
1049 4117 1169 4176 inec
1213 4119 1416 4174 mulier
1453 4137 1483 4174 a
1534 4120 1658 4175 viro
1713 4127 1990 4190 separata,
2051 4127 2110 4174 et

517 4211 721 4265 deinde
770 4211 840 4265 ad
887 4226 1014 4266 eum
1048 4227 1244 4267 rursus
1289 4228 1576 4267 conversa.
1613 4212 1749 4267 Nam
1794 4213 1890 4282 qui
1917 4227 2108 4267 rever-

519 4301 677 4368 titur,
721 4311 807 4358 est
837 4303 1198 4374 perspicuum
1242 4305 1393 4374 quod
1438 4304 1572 4358 illuc
1610 4305 1911 4359 revertitur
1961 4305 2108 4360 unde

2207 3109 2503 3179 quamdam
2570 3109 2807 3182 gratiam
2861 3111 3036 3166 sancti
3097 3108 3341 3176 Spiritus
3387 3109 3444 3162 in
3478 3109 3638 3164 vultu
3675 3125 3800 3167 sun.

2206 3220 2329 3274 quae
2357 3219 2454 3258 eos
2487 3202 2815 3258 ostendebat
2842 3212 2900 3258 et
2953 3203 3305 3273 separabata
3347 3203 3552 3273 populo
3578 3201 3748 3260 Caini
3783 3221 3794 3254 :

2207 3303 2263 3376 et
2295 3295 2528 3351 maxime
2550 3295 2683 3351 Setli
2719 3311 2884 3366 quem
2919 3297 3115 3366 genuit
3159 3295 3333 3376 Adam
3362 3295 3430 3350 ad
3471 3311 3632 3350 suam
3674 3311 3806 3365 spe-

2207 3371 2346 3444 ciem
2371 3399 2428 3444 et
2458 3389 2776 3458 imaginem,
2804 3397 2866 3444 ut
2891 3388 3028 3444 dicit
3067 3371 3374 3459 Scriptura.
3421 3385 3803 3455 Quamobrem

2208 3480 2464 3534 homines
2489 3479 2768 3549 quierant
2792 3479 2848 3533 in
2885 3479 2980 3534 illo
3007 3490 3275 3550 tempore,
3301 3464 3456 3532 illum
3482 3478 3662 3532 Deum
3710 3493 3808 3548 ap-

2209 3571 2512 3648 pellabant.
2545 3570 2648 3638 Qui
2676 3578 2861 3625 autem
2883 3570 3257 3634 nascebantur
3280 3585 3350 3624 ex
3379 3569 3593 3648 semine
3618 3568 3804 3634 Caini,

2210 3663 2266 3717 in
2299 3645 2485 3735 typum
2507 3663 2699 3733 populi
2728 3663 2972 3727 lsraelis,
2997 3675 3154 3717 erant
3181 3661 3435 3732 hospites
3457 3672 3513 3716 et
3535 3645 3708 3735 alieni
3735 3661 3806 3717 ab

2211 3755 2304 3810 illa
2336 3742 2522 3826 gratia
2540 3765 2597 3810 ct
2617 3753 3022 3810 illuminatione
3045 3769 3168 3824 qua:
3187 3763 3307 3811 erat
3337 3752 3393 3807 in
3420 3745 3599 3818 vultu,
3626 3752 3805 3824 utqui

2209 3848 2480 3918 originem
2507 3846 2802 3902 duxissent
2833 3863 2862 3902 a
2890 3846 3186 3916 parricida.
3213 3845 3585 3916 Quamobrem
3615 3846 3689 3900 iis
3707 3845 3807 3916 qui

2209 3947 2369 3994 erant
2391 3954 2460 3994 ex
2482 3938 2693 3994 semine
2716 3938 2890 3993 Adam
2927 3937 3041 4010 (qui
3071 3945 3193 3993 erat
3218 3945 3382 4010 typus
3419 3937 3682 4003 Cbristil,
3709 3937 3807 4008 qui

2210 4013 2644 4084 nominabantur
2669 4027 2767 4083 ﬁlii
2813 4027 2935 4093 Dei,
2979 4027 3016 4081 ii
3047 4027 3142 4098 qui
3169 4035 3332 4082 erant
3353 4032 3428 4082 'ex
3466 4025 3626 4090 Cain,
3662 4028 3810 4082 invi-

2211 4121 2414 4176 debant
2459 4129 2686 4190 propter
2719 4119 3077 4190 splendorem
3127 4119 3221 4188 qui
3276 4119 3361 4174 eis
3413 4119 3705 4178 eminebat
3751 4119 3809 4174 in

2213 4217 2388 4271 vultu.
2417 4213 2458 4268 li
2483 4229 2614 4286 ergo
2634 4209 2731 4284 qui
2756 4212 3087 4270 dicebantur
3113 4211 3216 4280 ﬁlii
3243 4197 3356 4277 Dei,
3386 4221 3448 4266 ut
3493 4212 3591 4281 qui
3616 4221 3810 4266 essent

2213 4309 2308 4362 ﬁlii
2345 4307 2473 4362 Eva:
2495 4321 2524 4361 a
2549 4314 2746 4385 matre,
2772 4319 2880 4385 per
2926 4299 3120 4358 oculos
3150 4304 3385 4374 primam
3436 4311 3812 4372 susceperunt

514 4397 670 4467 prius
713 4397 946 4454 exierat.
994 4397 1127 4451 Milli
1155 4397 1304 4453 enim
1353 4399 1532 4468 cogita
1558 4397 1906 4453 individuam
1944 4398 2110 4452 unio—
2139 4377 2602 4456 Dall'ectioneni:
2635 4380 2835 4464 deinde
2886 4397 3156 4459 alteram,
3201 4411 3299 4466 per
3351 4395 3555 4450 tactum
3591 4406 3653 4448 et
3704 4411 3808 4465 gu-

513 4505 642 4544 nem
673 4487 778 4544 viri
818 4500 875 4544 et
905 4487 1176 4554 mulieris,
1213 4487 1362 4559 quod
1389 4496 1475 4543 est
1501 4502 1726 4558 corpus,
1767 4487 2103 4553 membrum,

512 4589 569 4636 et
613 4593 766 4638 costa
799 4583 940 4654 ejus.
973 4581 1346 4649 Quamobrem
1374 4582 1444 4636 de
1470 4596 1537 4636 ea
1583 4596 1805 4651 quoque
1839 4579 2104 4660 dicebat:

517 4674 624 4728 iloc
655 4691 794 4730 nunc
821 4692 877 4730 os
907 4691 971 4731 ex
1000 4675 1200 4729 ossibus
1234 4675 1382 4740 meis,
1410 4683 1460 4729 et
1491 4691 1618 4728 caro
1651 4661 1716 4728 ea
1752 4691 1913 4729 carne
1943 4691 2058 4731 mea
2089 4693 2108 4740 ;

514 4767 883 4838 quamobrem
913 4780 1107 4822 sumus
1128 4767 1240 4824 duo
1273 4767 1330 4822 in
1355 4782 1576 4824 carnem
1605 4781 1790 4822 unam.
1819 4769 2110 4834 Quomodo

512 4875 645 4931 ergo
691 4876 814 4914 cum
854 4876 961 4914 una
1009 4875 1142 4916 caro
1179 4859 1252 4916 sit
1283 4860 1664 4944 conglutinata
1706 4870 1763 4917 et
1812 4877 1984 4916 unum
2017 4877 2103 4929 os,

513 4955 625 5010 duo
671 4957 783 5012 sint
829 4955 1138 5022 individue,
1177 4957 1322 5014 Deus
1351 4972 1502 5014 nunc
1532 4958 1682 5018 dicit
1726 4959 1992 5014 mulieri:
2025 4959 2108 5014 Ad

515 5049 684 5102 virum
731 5055 883 5102 tuum
929 5049 1030 5104 erit
1065 5035 1330 5105 conversio
1357 5057 1471 5116 tua,
1507 5059 1556 5104 et
1591 5051 1702 5122 ipse
1746 5052 1823 5104 tui
1858 5050 2106 5105 damma-

515 5139 700 5194 bitur?
735 5140 1024 5208 Quomodo
1061 5156 1126 5198 os
1154 5152 1212 5198 et
1245 5158 1374 5198 caro
1400 5157 1526 5197 eum
1558 5143 1630 5196 sit
1651 5143 1793 5212 ejus,
1831 5142 1897 5197 ad
1927 5142 2107 5213 ipsum

516 5232 900 5289 convertitur?
925 5234 1070 5306 Ergo
1093 5250 1193 5306 per
1232 5234 1418 5290 omnia
1443 5250 1566 5306 qua:
1596 5235 1744 5290 dicta
1781 5243 1911 5289 sunt
1940 5235 2109 5290 disci-

517 5338 640 5377 mus
669 5323 819 5394 qnod
859 5333 1015 5380 extra
1064 5314 1248 5380 virum
1294 5341 1458 5381 suum
1503 5325 1777 5381 abscessit
1807 5325 2111 5390 mulier,et

515 5412 718 5469 deinde
761 5431 985 5472 reversa
1031 5426 1116 5473 est
1158 5416 1227 5472 ad
1279 5418 1484 5488 ipsum,
1527 5425 1584 5472 et
1627 5433 1824 5472 rursus
1855 5417 1997 5472 facta
2023 5425 2111 5471 est

517 5503 637 5572 ejus
681 5517 831 5562 costa
871 5518 928 5562 et
967 5509 1170 5564 mulier
1199 5515 1251 5564 et
1285 5525 1432 5565 caro.
1479 5509 1601 5580 Ipsa
1645 5509 1813 5580 919
1839 5521 1924 5564 est
1960 5509 2109 5564 enim

591 5684 636 5715 ⁷⁸
691 5683 824 5738 Luc.
862 5702 900 5751 ι,
945 5688 1010 5742 47
1044 5688 1134 5743 55.
1209 5688 1251 5718 ⁷¹
1296 5687 1431 5743 Osce
1474 5707 1530 5754 tt,
1563 5691 1614 5744 7.

955 5811 980 5838 κ

1695 5691 1738 5720 τ’
1770 5689 1908 5744 ch.
1944 5706 2013 5756 νι,
2041 5690 2098 5748 2.

1730 5780 1763 5794 ᾳ

2209 4499 2376 4546 ειιιιιι.
2401 4489 2688 4557 Quomodo
2714 4485 2860 4542 cnim
2891 4487 2958 4541 de
2989 4503 3052 4541 ea
3102 4487 3310 4541 dictum
3337 4495 3423 4541 est
3457 4487 3609 4557 quod
3664 4487 3809 4552 vidit

2203 4581 2416 4658 lignum
2448 4582 2654 4637 bonum
2691 4578 2762 4634 ad
2791 4579 3218 4644 comedendum,
3261 4565 3317 4634 et
3365 4579 3544 4634 oculis
3579 4591 3809 4650 gratum

2211 4674 2278 4728 ad
2305 4673 2625 4738 videndum,
2655 4682 2712 4729 et
2734 4672 3030 4743 pulchrum
3085 4671 3154 4726 ad
3195 4671 3693 4739 considerandum,
3734 4673 3808 4728 ita

2208 4767 2376 4822 etiam
2410 4766 2680 4835 scriptum
2711 4745 2796 4821 est
2833 4765 2903 4820 de
2940 4756 3068 4818 ﬁliis
3094 4765 3215 4834 ejus
3250 4782 3263 4819 :
3294 4763 3363 4818 Et
3407 4765 3656 4820 viderunt
3706 4765 3810 4834 ﬁlii

2210 4859 2326 4925 Dei,
2362 4859 2467 4912 hoc
2492 4867 2597 4924 est,
2629 4845 2726 4928 qui
2781 4857 3052 4928 originem
3096 4843 3378 4911 duxerunt
3419 4857 3489 4910 ab
3537 4857 3758 4912 Adamo
3787 4898 3804 4924 ,

2211 4953 2354 5022 ﬁlias
2397 4952 2694 5014 hominum,
2718 4965 2919 5020 nempe
2969 4965 3164 5004 eorum
3191 4949 3288 5020 qui
3331 4949 3810 5008 dcscenderunta

2208 5044 2382 5102 Caino
2409 5086 2424 5108 ,
2455 5045 2594 5116 quod
2631 5045 2740 5098 sint
2773 5042 3026 5113 pulchrae,
3071 5051 3121 5096 et
3159 5053 3474 5114 acceperunt
3537 5059 3629 5100 eos
3673 5061 3810 5100 uxo-

2213 5155 2294 5196 res
2314 5140 2382 5190 ".
2417 5138 2564 5194 Ecce
2587 5135 2944 5218 aliectionem
2970 5135 3122 5190 visus
3145 5144 3203 5189 ct
3246 5143 3446 5193 tactus.
3475 5135 3680 5192 Postea
3711 5152 3811 5191 au-

2213 5241 2321 5302 tem
2363 5231 2726 5285 comederunt
2784 5228 2990 5282 malum
3018 5227 3290 5292 fructum,
3347 5243 3554 5299 nempe
3609 5243 3810 5284 carnes

2211 5323 2610 5379 sacriﬁciorum
2643 5321 3070 5378 daemoniorum.
3124 5320 3232 5376 Sed
3265 5321 3385 5377 haec
3411 5322 3643 5393 quidem
3675 5331 3808 5378 sunt

2212 5415 2599 5470 inobedienlia
2655 5422 2865 5469 natura:
2919 5413 3192 5470 mulieris.
3254 5413 3538 5484 Deinceps
3587 5415 3808 5484 primus

2210 5510 2328 5580 ejus
2359 5507 2518 5562 dolor
2548 5516 2604 5562 et
2635 5506 2872 5578 gemitus
2899 5505 3000 5560 fuit
3030 5505 3204 5561 totius
3231 5505 3424 5560 mundi
3465 5505 3808 5563 inundatio:
