3942 6298
262 342 394 407 lilii

1359 344 1441 406 IN
1468 345 2028 407 .HEXAEMERON.
2068 346 2303 405 --LIB.
2342 346 2445 405 Χῖ.

3400 342 3534 404 1042

252 470 314 519 et
340 469 465 532 post
500 458 647 512 illam
674 456 896 512 dolores
947 465 1001 511 et
1031 456 1270 527 gemitus
1311 438 1406 526 qui
1445 472 1568 511 eam
1599 457 1841 517 adducc-
1873 462 1909 523 Α
1944 455 2045 516 (οἰδ.
2091 471 2216 511 cum
2244 454 2522 513 deberent
2586 454 2770 527 potius
2817 454 2941 510 exui
2995 454 3049 521 in
3101 453 3532 516 examinatione.

259 553 393 607 bant
451 549 520 605 ad
583 547 989 618 pmnitcntiam.
1042 547 1341 616 Propterea
1395 561 1528 617 ergo
1593 562 1697 600 nec
1744 561 1847 615 po-

260 645 401 699 situs
451 641 675 712 quidem
719 647 804 694 est
858 639 914 694 in
959 646 1217 708 serpente
1262 638 1420 692 dolor
1449 654 1549 693 nec
1584 639 1844 709 gemitus,

258 733 407 805 quod
466 733 512 787 is
560 731 712 789 nulla
774 729 903 786 duci
946 731 1123 803 possit
1185 719 1533 800 poenitentia.
1585 729 1693 785 Sed
1750 744 1848 783 ne-

259 842 368 896 que
403 825 459 880 in
485 840 553 881 eo
584 824 733 883 dicta
761 837 846 880 est
864 825 1153 889 conversio,
1183 825 1329 878 sicut
1356 824 1412 876 in
1446 822 1678 878 muliere
1703 840 1719 890 ;
1747 837 1845 876 ne-

260 934 371 990 que
414 934 609 981 rursus
639 918 696 971 in
738 917 964 977 homine
1017 917 1199 973 dictus
1229 926 1315 972 est
1343 916 1622 988 gemitus;
1664 930 1846 986 neque

259 1010 409 1065 enim
451 1007 782 1078 paenitentia
813 1004 1022 1080 indiget
1048 1006 1221 1061 Adam
1251 1001 1578 1077 spiritualis,
1630 1016 1691 1061 ut
1749 1004 1845 1075 qui

260 1117 374 1157 non
410 1100 480 1157 sit
509 1101 795 1173 deceptus.
824 1099 980 1157 Unde
1012 1115 1115 1154 nec
1144 1100 1203 1153 in
1248 1114 1317 1153 eo
1382 1099 1564 1170 posita
1601 1107 1687 1154 est
1714 1113 1848 1152 con-

262 1195 470 1260 versio,
500 1209 681 1264 neque
710 1194 859 1251 enim
908 1191 1014 1251 fuit
1067 1207 1307 1261 unquam
1354 1191 1652 1260 deceptus.
1707 1189 1847 1243 Hinc

261 1288 412 1345 enim
452 1302 632 1357 neque
663 1285 868 1355 aliquis
901 1285 951 1339 ei
976 1283 1183 1345 dicitur
1207 1278 1481 1338 dominari
1534 1282 1679 1337 sicut
1727 1296 1848 1334 mu-

256 1380 409 1444 lieri,
436 1395 562 1435 cum
599 1378 720 1448 ipse
748 1378 821 1432 sit
875 1377 1133 1437 Dominus
1176 1375 1576 1431 Dominantium
1607 1373 1672 1427 ⁷³.
1707 1372 1847 1428 Vide

260 1479 446 1525 autem
464 1470 742 1540 quomodo
774 1452 875 1525 nee
904 1466 1185 1525 hominem
1216 1465 1441 1537 subiicit
1490 1465 1542 1521 ei
1575 1479 1698 1535 quae
1744 1479 1847 1535 pro

260 1561 382 1629 ipsa
405 1568 490 1615 est
512 1576 709 1630 preme,
736 1560 914 1615 donec
948 1560 1068 1631 eius
1100 1559 1169 1614 ad
1198 1558 1384 1629 ipsum
1420 1555 1555 1612 fecit
1603 1572 1843 1612 conver-

259 1652 498 1717 sionem,
531 1653 760 1707 dicens:
789 1652 858 1707 Et
903 1652 973 1706 ad
1001 1653 1176 1709 virum
1235 1660 1384 1707 tuum
1415 1651 1681 1707 conversio
1728 1659 1843 1708 tua.

260 1754 311 1798 et
334 1747 446 1816 ipse
484 1745 575 1800 tibi
607 1744 989 1800 dominabitur.
1035 1744 1307 1812 Quoniam
1355 1751 1703 1816 ergo'sermo
1746 1743 1845 1799 Dei

256 1849 348 1893 est
368 1854 629 1910 operans,
663 1846 923 1907 tanquam
950 1852 1017 1892 ca
1044 1851 1334 1903 conversa,
1378 1845 1435 1892 et
1464 1836 1695 1907 proprio
1722 1835 1845 1891 viro

257 1931 310 1986 ei
342 1931 500 1991 unito
533 1946 635 2000 per
662 1932 926 2011 unionem
958 1931 1014 1985 in
1050 1930 1329 2002 hypostasi
1368 1936 1529 2000 :post
1578 1929 1844 1985 unionem

256 2039 388 2079 eum
408 2025 595 2081 statim
634 2024 849 2081 inducit
870 2015 1014 2080 Deus
1053 2024 1295 2097 proipsa
1328 2022 1654 2095 patientem.
1700 2021 1846 2077 Dicit

254 2117 406 2173 enim
458 2128 864 2188 consequenter
912 2136 925 2171 ε
969 2117 1040 2173 Et
1091 2118 1224 2174 dixit
1252 2117 1464 2179 Adamn
1508 2135 1521 2171 :
1579 2115 1844 2193 Quoniam

255 2211 505 2267 audivisti
534 2225 708 2265 vocem
752 2210 930 2265 uxoris
960 2217 1066 2265 tua:
1098 2218 1148 2263 et
1202 2208 1470 2265 comedisti
1507 2224 1571 2269 ea;
1597 2208 1738 2283 ligno
1782 2209 1846 2271 de

248 2318 360 2369 quo
382 2301 495 2359 ἐολθ
513 2301 605 2358 tibi
614 2302 754 2372 jussi
778 2318 843 2359 ue
864 2301 1181 2367 comedens,
1207 2301 1492 2359 maledicta
1515 2310 1592 2355 est
1622 2302 1844 2383 terra/in

255 2393 521 2465 operibus.
561 2393 629 2449 In
666 2393 936 2453 laboribus
957 2410 1077 2448 eam
1118 2394 1358 2453 comede:
1382 2394 1628 2450 omnibus
1661 2393 1843 2449 diebus

252 2489 377 2542 vita:
394 2494 501 2541 tute
532 2503 550 2541 :
574 2488 756 2556 spinas
788 2494 840 2540 et
873 2486 1093 2541 tribulos
1112 2485 1363 2557 producet
1392 2484 1505 2550 tibi,
1533 2493 1586 2541 et
1606 2486 1843 2547 comede:

252 2595 448 2649 panem
468 2585 645 2645 tuum,
671 2579 831 2635 donec
854 2579 1137 2639 revertaris
1166 2579 1221 2633 in
1246 2587 1448 2633 terram
1472 2594 1536 2632 ea:
1565 2595 1668 2648 qua
1690 2595 1843 2633 sum-

253 2676 378 2741 ptus
399 2686 474 2737 es,
528 2673 780 2741 quoniam
827 2680 971 2726 terra
1018 2687 1094 2745 es,
1130 2681 1179 2726 et
1224 2672 1277 2727 in
1310 2679 1515 2729 terram
1544 2672 1838 2732 reverteris.

184 2748 191 2759 ’
254 2761 384 2818 ΗΞ.θο
417 2777 542 2819 cum
577 2777 609 2816 a
634 2763 750 2829 Deo
799 2763 1106 2823 audivisset
1155 2762 1354 2829 Adam,
1393 2762 1579 2825 statim
1622 2762 1844 2823 vocavit

254 2870 458 2910 nomen
487 2856 677 2921 uxoris
708 2871 823 2912 sua
844 2857 1045 2912 Vitam.
1080 2855 1353 2925 Quoan
1376 2872 1444 2913 ea
1504 2865 1601 2921 est,
1637 2854 1839 2927 inquit,

255 2952 431 2998 mater
452 2945 690 3005 omnium
704 2947 1008 3005 viventium.
1043 2946 1186 3019 Quid
1209 2946 1373 3011 diuis,
1410 2946 1675 3005 o'bomo?
1710 2946 1843 3007 Ter-

255 3037 453 3092 ribiles
479 3053 512 3093 a
550 3039 664 3099 Deo
710 3039 1140 3109 criminationes
1182 3047 1313 3094 sunt
1365 3040 1421 3095 in
1465 3048 1517 3093 te
1552 3040 1839 3101 intentam

1950 555 2322 616 congruenter
2355 547 2537 603 ordini
2594 548 2933 620 iudiciorum
2967 546 3194 603 mundi?
3242 545 3536 612 Quomodo

1948 639 1995 693 si
2027 655 2153 694 reus
2183 648 2324 710 astat
2375 641 2544 695 Adam
2600 642 2685 710 (ut
2734 641 2831 710 qui
2864 641 3132 710 deceptus
3190 655 3223 694 a
3279 639 3534 705 muliere)

1947 731 2347 787 condemnatus
2371 733 2426 786 in
2460 732 2576 803 ipsa
2601 733 3034 797 examinatione,
3069 732 3248 787 Vitam
3280 729 3539 784 nomina-

1946 823 2026 877 vit
2079 823 2727 890 mulierem?Quomodo
2782 826 2948 880 homo
2997 823 3115 895 qui,
3160 830 3220 876 ut
3272 829 3332 875 tu
3372 820 3536 880 dicis,

1946 915 2124 970 factus
2154 913 2260 969 fuit
2284 915 2387 969 sub
2410 916 2733 982 maledicto,
2762 917 2944 986 potuit
2990 932 3086 986 per
3113 914 3382 985 Spiritum
3413 928 3539 967 san-

1944 1013 2097 1060 ctum
2137 1004 2471 1075 prophetare
2506 1004 2562 1059 in
2604 1005 2722 1075 ipsa
2755 1006 2892 1063 hora
2945 1004 3376 1068 maledictionis,
3415 1018 3538 1071 qua:

1948 1093 2131 1149 futura
2159 1104 2320 1149 erant
2342 1103 2467 1165 post
2490 1095 2680 1161 nescio
2710 1102 2847 1165 quot
2892 1095 3065 1151 millia
3099 1109 3396 1159 annorum,
3448 1091 3536 1147 di—

1946 1202 2078 1242 cens
2107 1187 2175 1243 de
2201 1188 2433 1243 muliere
2455 1206 2467 1241 :
2492 1187 2619 1258 Ipsa
2636 1189 2735 1245 erit
2757 1195 2929 1241 mater
2950 1188 3186 1253 omnium
3209 1187 3493 1245 viventium
3513 1184 3538 1236 .9

1947 1277 2235 1345 Quomodo
2257 1289 2442 1334 autem
2476 1293 2673 1333 rursus
2702 1285 2997 1347 postquam
3023 1290 3122 1330 eos
3154 1272 3356 1337 induit,
3390 1274 3536 1329 Deus

1947 1373 2218 1428 Adamum
2266 1372 2620 1433 subsannaus
2646 1378 2704 1425 et
2730 1369 2927 1424 dicens
2954 1386 2969 1422 :
2996 1367 3132 1422 Ecce
3162 1357 3333 1421 Adam
3366 1365 3534 1436 [actus

1948 1474 2022 1521 est
2039 1466 2173 1520 sicut
2201 1481 2418 1520 unusex
2450 1464 2620 1529 nobis,
2642 1478 2756 1517 non
2783 1461 2951 1517 simul
2976 1459 3145 1515 etiam
3184 1456 3392 1530 probro
3425 1455 3539 1510 alli-

1947 1560 2023 1615 cit
2042 1558 2337 1614 mulierem
2366 1573 2490 1627 quae
2514 1562 2633 1611 erat
2661 1554 2835 1627 magis
2866 1554 2925 1609 in
2942 1554 3106 1622 culpa
3130 1567 3297 1622 quam
3318 1548 3491 1605 Adam
3514 1548 3538 1600 ?

1944 1655 2058 1711 Sed
2084 1670 2189 1710 nec
2215 1669 2337 1708 eam
2370 1651 2534 1706 simul
2571 1664 2696 1705 cum
2724 1649 2844 1720 ipso
2873 1646 3136 1704 amandat
3157 1660 3224 1700 ex
3256 1641 3535 1714 paradiso,

1950 1765 2130 1819 neque
2161 1748 2212 1803 ei
2242 1746 2380 1802 dicit
2414 1743 2727 1801 :Maledicta
2744 1751 2821 1797 est
2844 1750 2988 1797 terra
3010 1743 3066 1801 in
3127 1739 3369 1811 cperibus
3398 1738 3535 1789 tuis:

1948 1842 2094 1913 quod
2107 1826 2329 1910 quidem
2353 1838 2404 1893 ei
2422 1839 2596 1909 magis
2609 1837 2902 1907 oportebat
2920 1835 3108 1890 dicere
3125 1848 3288 1901 quam
3303 1831 3534 1886 Adamo.

2020 1935 2164 2005 Ergo
2189 1933 2243 1991 si-
2268 1930 2452 1989 ﬁdelis
2474 1929 2623 2001 apud
2668 1940 2723 1985 te
2781 1927 3060 1990 videatur,
3117 1925 3211 1996 qui
3248 1922 3537 1979 ChriStum

1949 2029 2115 2089 habet
2160 2027 2216 2081 in
2262 2041 2327 2081 se
2362 2025 2687 2094 loquentem
2725 2020 3159 2081 Paulus‘dicens
3190 2017 3400 2081 :Adam
3432 2030 3537 2070 non

1948 2119 2389 2191 estdeeeptus",
2442 2124 2529 2173 est
2571 2114 2928 2186 perspicuum
2979 2110 3129 2181 quod
3184 2125 3288 2164 nec
3322 2108 3427 2161 fuit
3481 2106 3535 2160 in

1942 2228 2074 2268 eum
2098 2212 2309 2269 crimen
2341 2210 2697 2265 intentatum.
2725 2206 2825 2265 Sin
2853 2211 3038 2260 autem
3076 2203 3183 2257 fuit
3212 2201 3425 2256 crimen
3451 2198 3536 2252 in-

1942 2310 2247 2365 tentatum,
2277 2301 2476 2373 injuria
2504 2300 2734 2358 omnino
2759 2297 2867 2356 fuit
2889 2296 3123 2355 allectus
3153 2294 3225 2351 ob
3252 2293 3401 2347 illam
3420 2292 3533 2349 eri-

1944 2395 2328 2455 niinationem.
2367 2393 2425 2450 Si
2455 2402 2645 2448 autem
2669 2389 2913 2457 nutriuit
2936 2387 3140 2458 injuria
3160 2385 3416 2448 affectus,
3449 2395 3534 2437 est

1942 2489 2301 2559 perspicuum
2325 2486 2471 2558 quod
2501 2500 2606 2540 nec
2637 2483 2743 2539 fuit
2789 2479 3144 2539 maledictus.
3200 2476 3310 2539 Sed
3362 2493 3533 2540 uxore

1941 2600 2043 2640 sua
2069 2583 2139 2637 ad
2171 2583 2351 2653 ipsum
2370 2594 2612 2644 reversa,
2632 2578 2749 2648 ipse
2776 2592 2888 2631 non
2923 2576 3192 2643 deceptus
3214 2572 3379 2643 (sicut
3404 2569 3533 2631 mii—

1945 2677 2048 2731 lies
2075 2678 2188 2746 jam
2234 2672 2497 2741 diximus)
2525 2671 2581 2725 in
2610 2685 2671 2725 se
2712 2668 2965 2737 suscepit
2998 2681 3240 2737 pmnam.
3298 2663 3359 2723 Et
3395 2678 3533 2731 quo-

1946 2768 2095 2824 niam
2132 2766 2427 2823 universus
2459 2758 2666 2817 nostrae
2697 2760 2974 2818 orationis
2989 2774 3196 2827 scopus
3223 2765 3308 2811 est
3331 2754 3533 2809 adver-

1936 2876 2041 2919 sus
2075 2859 2317 2920 Judaios,
2342 2857 2414 2912 ad
2441 2853 2847 2911 obstruendum
2870 2867 2968 2908 ora
3004 2850 3227 2908 illorum
3264 2845 3533 2910 dicentia,

1939 2954 2093 3025 quod
2121 2953 2167 3007 si
2197 2951 2455 3007 Christus
2508 2948 2613 3001 fuit
2645 2945 2992 3005 maledicum.
3052 2950 3112 2999 et
3142 2941 3194 2996 in
3250 2937 3534 2994 Christum

1944 3043 2298 3100 maledictum
2323 3047 2507 3110 sperat
2546 3036 2845 3093 multitudo
2892 3033 3342 3091 Christianorum
3369 3047 3381 3082 :
3410 3043 3534 3084 om—

254 3139 486 3200 propter
524 3122 861 3197 mulierem,~
887 3131 1429 3195 et'exseerationes,
1455 3139 1512 3186 et
1548 3144 1751 3200 poenae,
1783 3140 1841 3186 et

1945 3139 2077 3193 nino
2099 3149 2325 3190 necesse
2362 3141 2577 3187 estnos
2624 3129 2793 3185 etiam
2830 3144 2899 3185 ex
2926 3127 3267 3185 documento
3298 3121 3537 3194 prophe-

252 3224 567 3290 sententiee,
610 3232 668 3287 ot
695 3239 879 3295 mors,
904 3232 960 3296 et
982 3222 1401 3288 exterminatio,
1422 3231 1481 3277 et
1510 3222 1753 3288 dolores,
1783 3231 1841 3277 et

252 3329 455 3384 prensa,
474 3325 535 3377 et
564 3308 859 3379 tribuli.et
880 3316 1139 3379 sudores,
1164 3317 1367 3381 etiree,
1400 3323 1457 3370 et
1491 3331 1841 3386 quaecunque

248 3412 387 3461 sunt
417 3406 606 3476 gravia
633 3424 647 3459 :
677 3415 740 3461 et
760 3423 883 3462 eam
911 3422 1036 3475 quae
1066 3405 1168 3460 tibi
1196 3407 1448 3473 omnium
1486 3406 1685 3467 horum
1735 3404 1843 3461 fuit

250 3515 418 3556 causa
463 3502 646 3559 Vitam
690 3502 981 3571 appellas!
1016 3518 1145 3557 eam
1193 3518 1325 3573 ergo
1366 3500 1555 3571 potius
1615 3499 1840 3563 nomina

246 3600 514 3654 mortem,
543 3591 968 3654 insidiatricem,
995 3593 1383 3662 proditricem,
1407 3599 1464 3646 et
1482 3591 1653 3655 totius
1680 3607 1843 3653 mun-

248 3681 310 3735 di
340 3682 661 3737 scandalum
694 3675 767 3737 ἐἰ
796 3684 1144 3754 naufragium
1179 3702 1192 3737 :
1226 3691 1287 3739 ut
1342 3699 1466 3754 qua:
1522 3699 1630 3745 non
1660 3682 1843 3739 feren-

255 3772 452 3827 dorum
487 3775 756 3829 malorum
790 3775 863 3831 sit
902 3776 1111 3831 mundo
1144 3776 1512 3841 conciliatrix,
1542 3784 1603 3832 ut
1625 3792 1749 3846 quas
1769 3777 1844 3831 sit

251 3868 516 3923 omnibus
546 3867 824 3933 insidiata,
857 3876 1060 3938 utquaa
1104 3885 1298 3925 etnnes
1330 3869 1580 3933 adiecerit
1610 3869 1839 3943 injuria,

248 3971 315 4015 ut
337 3977 460 4030 qua:
478 3962 747 4016 omnibus
773 3963 1061 4017 interitum
1087 3962 1356 4029 attulerit,
1382 3971 1441 4019 et
1469 3978 1666 4027 omnes
1711 3979 1843 4033 per-

252 4053 482 4109 diderit.
504 4053 679 4119 Siste,
710 4053 910 4123 inquit,
956 4053 1125 4110 homo
1175 4053 1269 4124 qui
1310 4055 1429 4113 hmo
1476 4055 1617 4111 diois
1651 4074 1664 4109 :
1703 4055 1842 4110 Deus

250 4152 325 4196 est
369 4145 458 4214 qui
495 4143 783 4213 justi/ient,
828 4145 945 4215 quis
996 4154 1077 4198 est
1120 4146 1210 4214 qui
1260 4144 1637 4205 condemnet"
1667 4146 1690 4198 ?
1720 4145 1842 4200 Non

249 4235 401 4290 enim
448 4236 565 4290 fuit
625 4237 873 4291 hominis
934 4236 1156 4307 adju-tor
1223 4238 1345 4307 ejus
1401 4237 1695 4303 inimicus,
1744 4248 1845 4293 ne—

254 4340 365 4394 que
400 4325 511 4380 erit
538 4342 806 4393 unquam.
844 4326 925 4381 De
959 4337 1261 4385 caeterone
1287 4326 1436 4388 nuda
1469 4328 1636 4387 verba
1664 4337 1845 4387 attem-

251 4420 371 4484 das,
413 4417 507 4473 sed
543 4418 782 4488 aspicias
807 4418 875 4473 ad
918 4433 1115 4477 rerum.
1146 4427 1424 4479 naturam.
1472 4418 1610 4479 Nam
1638 4419 1685 4483 si
1719 4420 1840 4477 haec

1937 3229 2058 3285 tico
2103 3226 2400 3282 ostendere
2448 3223 2660 3289 iudico,
2721 3221 2872 3292 quod
2904 3236 3008 3292 pro
3055 3218 3307 3279 Ecclesia
3334 3231 3535 3287 passus

1939 3328 2027 3374 est
2058 3317 2333 3380 Christus,
2375 3330 2488 3370 non
2519 3324 2707 3370 autem
2734 3329 2842 3384 pro
2868 3313 2985 3370 suis
3010 3310 3277 3383 peccatis.
3327 3307 3535 3371 Scribit

1940 3412 2165 3483 quidem
2191 3418 2345 3467 certe
2361 3410 2536 3467 isaias
2549 3409 2797 3464 clamans
2821 3406 3091 3463 aduersus
3101 3402 3418 3467 Iudaeorum
3449 3402 3536 3461 in-

1941 3505 2328 3561 credulitatem
2348 3519 2362 3554 :
2383 3501 2628 3564 Domine,
2647 3502 2765 3571 quis
2781 3498 3003 3559 credidit
3021 3497 3234 3555 aeditui
3261 3501 3463 3561 nostro,
3484 3502 3535 3555 et

1942 3597 2212 3652 brachium
2227 3594 2463 3657 Domini,
2484 3590 2975 3661 nempeChristus,
3002 3590 3089 3643 cui
3102 3595 3184 3649 est
3204 3586 3490 3647 revelatum
3510 3584 3536 3638 2

1943 3676 2335 3746 Ληητιηιὲαηίκδ
2364 3700 2547 3738 coram
2569 3686 2706 3753 ipso,
2738 3690 2998 3752 tanquam
3042 3687 3250 3750 pateret
3273 3686 3533 3749 tanquam

1941 3780 2099 3834 radix
2125 3781 2181 3832 in
2201 3786 2346 3830 terra
2378 3776 2578 3830 sitienti
2607 3784 2698 3829 :et
2726 3772 2953 3827 vidimus
2976 3772 3180 3840 ipsum,
3202 3777 3258 3830 βε
3297 3782 3404 3823 non
3436 3768 3535 3825 lut-

1938 3872 2093 3926 bebat
2130 3871 2352 3941 speciem
2385 3884 2480 3921 nec
2526 3862 3127 3937 puleltritudinemned
3170 3863 3367 3932 species
3419 3860 3532 3930 ejus

1938 3964 2211 4025 indecora,
2243 3959 2491 4028 deﬁciens
2531 3965 2726 4029 prreter
2751 3956 2889 4025 ﬁlios
2923 3955 3192 4017 hominum
3214 3953 3281 4008 ⁷⁷.
3314 3952 3375 4007 1η
3404 3966 3533 4022 pas-

1940 4056 2097 4113 sione
2135 4054 2322 4109 crucis
2348 4067 2480 4109 eum
2498 4067 2614 4108 non
2650 4049 2858 4106 habere
2904 4047 3146 4118 speciem
3177 4061 3360 4116 neque
3407 4045 3535 4116 pul-

1938 4148 2320 4204 chritudinem
2348 4145 2629 4207 audimus,
2659 4142 2925 4214 quoniam
2958 4141 3158 4201 malam
3209 4138 3532 4209 pulchritu-

1936 4242 2127 4297 dinem
2150 4241 2299 4296 illius
2327 4239 2461 4311 ligni
2488 4238 2639 4309 quod
2669 4236 2888 4305 aspexit
2909 4233 3115 4291 mulier
3143 4231 3442 4303 pulchrum
3466 4230 3532 4295 ad

1939 4331 2242 4395 videndum
2267 4338 2324 4384 et
2355 4329 2642 4398 pulchoam
2671 4326 2883 4383 habens
2902 4322 3172 4393 speciem,
3192 4322 3359 4385 .Jesus
3385 4321 3535 4386 dele-

1943 4424 2024 4479 .vit
2053 4422 2305 4477 informa
2342 4421 2567 4491 propria
2607 4435 2706 4489 per
2730 4417 2938 4487 lignum
2968 4415 3177 4479 erucis,
3213 4414 3360 4484 quod
3413 4429 3535 4473 sus-

251 4512 479 4581 quidem
526 4510 849 4566 dicerentur
892 4510 964 4566 de
991 4511 1139 4599 nuda
1172 4511 1425 4574 muliere,
1458 4512 1622 4581 iustae
1642 4519 1837 4571 essent
1868 4494 1913 4549 D
1941 4516 2087 4587 cepit
2118 4530 2219 4588 pro
2262 4513 2539 4585 spirituali
2587 4528 2689 4571 sua
2718 4508 2997 4573 _E6016$i.ao
3039 4507 3341 4577 Subiunxit
3380 4506 3532 4573 enim

252 4615 364 4660 true
408 4604 872 4675 reprehensiones
909 4622 922 4657 :
969 4620 1097 4660 cum
1141 4614 1329 4659 autem
1378 4604 1542 4660 nobis
1586 4603 1733 4660 adsit
1781 4614 1840 4661 et

251 4698 517 4766 scquatut‘
561 4697 966 4767 inseparabilis,
1024 4697 1081 4751 in
1130 4697 1370 4767 eoquod
1418 4697 1555 4752 dicit
1583 4696 1652 4753 de
1697 4696 1843 4752 Ada-

252 4802 344 4843 mo
377 4795 434 4842 et
482 4784 616 4854 Eva,
650 4789 1057 4844 sacratissimns
1099 4789 1326 4854 Paulus,
1383 4798 1443 4844 et
1471 4805 1671 4860 magna
1696 4805 1838 4845 voce

253 4881 455 4936 clamet
481 4898 494 4934 :
535 4881 843 4953 Mysterium
876 4884 971 4936 hoc
997 4897 1250 4952 magnum
1275 4890 1372 4947 est,
1391 4898 1485 4954 ego
1516 4889 1698 4939 autem
1723 4883 1839 4943 dico

252 4975 309 5027 in
337 4972 545 5029 Christo
563 4982 613 5028 et
638 4973 880 5029 Ecclesia
901 4976 986 5039 τις
1027 4974 1256 5029 omnino
1280 4990 1510 5032 necesse
1536 4983 1623 5031 est
1646 4984 1710 5031 ut
1734 4992 1838 5033 nos

251 5079 431 5135 usque
457 5062 527 5120 ad
555 5079 724 5118 unum
752 5065 865 5118 iota
913 5073 970 5119 et
994 5080 1177 5119 unum-
1206 5065 1441 5134 apicem,
1483 5066 1673 5121 omnia
1714 5080 1838 5136 quae

253 5158 457 5227 scripta
483 5167 613 5213 sunt
634 5157 704 5212 de
733 5157 1082 5227 Protoplasto
1123 5156 1336 5213 Adamn
1394 5167 1455 5213 et
1474 5159 1610 5224 Eva,
1667 5160 1837 5216 intel-

251 5248 488 5320 ligamus
507 5250 575 5305 de
600 5246 837 5305 Christo
859 5257 917 5303 et
944 5250 1216 5306 Ecclesia.
1245 5249 1303 5305 Si
1338 5259 1529 5306 autem
1560 5266 1837 5325 repugnas

255 5341 325 5398 iis
351 5359 475 5413 quae
500 5341 650 5398 dicta
670 5352 833 5399 sunt:
862 5342 953 5398 die
974 5343 1134 5409 mihi,
1158 5359 1367 5414 quieso,
1399 5345 1681 5416 quomodo
1701 5346 1836 5401 nudi

255 5449 284 5488 a
315 5434 658 5506 subligaculo
688 5436 741 5490 in
769 5434 1176 5490 examinatione
1215 5436 1450 5508 ingressi
1482 5439 1835 5509 protoplasti,

256 5525 558 5596 injudicio,
590 5542 621 5582 a
653 5527 766 5584 Deo
795 5526 976 5582 induti
1012 5534 1143 5582 sunt
1168 5536 1226 5583 et
1253 5528 1383 5584 tecti
1408 5528 1660 5599 pelliceis
1686 5530 1837 5585 turri:-

1937 4609 2209 4681 propheta
2237 4607 2307 4662 de
2330 4622 2400 4662 eo
2436 4605 2632 4661 dicens
2665 4623 2678 4659 :

2005 4710 2308 4783 Ignominia
2346 4716 2422 4762 est
2446 4707 2662 4778 affectus
2692 4714 2741 4758 et
2786 4719 2891 4757 non
2945 4708 3021 4754 est
3054 4707 3371 4771 reputatae;
3428 4698 3531 4757 hoc

1936 4813 2022 4859 est
2056 4820 2069 4857 :
2103 4802 2148 4857 Α
2174 4803 2286 4857 Deo
2318 4799 2559 4855 traditus
2597 4797 2705 4852 fuit
2726 4805 2965 4866 propter
3006 4808 3131 4859 nos,
3162 4800 3221 4849 et
3250 4791 3533 4862 subjectus

1936 4892 2043 4947 fuit
2069 4906 2244 4962 preme
2266 4897 2495 4960 propter
2525 4887 2842 4949 mulierem,
2863 4896 2926 4939 et
2972 4898 3085 4941 non
3110 4890 3404 4953 reputatus
3426 4881 3532 4941 fuit

1943 4984 2057 5055 pati
2085 4989 2314 5054 propter
2327 4996 2410 5037 se.
2433 4980 2554 5047 Ipse
2574 4980 2738 5043 enim,
2771 4976 2975 5047 inquit,
3004 4973 3115 5031 fert
3144 4982 3372 5044 peccata
3434 4991 3533 5031 no-

1944 5085 2081 5143 stra,
2129 5084 2188 5131 et
2218 5089 2318 5145 pro
2358 5073 2524 5149 nobis
2570 5072 2726 5128 dolet
2774 5068 3058 5125 audiens:
3122 5066 3409 5127 Maledicta
3457 5074 3534 5123 est

1938 5166 2257 5231 terrm-hoc
2285 5173 2391 5232 est,
2420 5173 2647 5221 terrena
2677 5174 2771 5219 tua
2823 5163 2957 5227 vita,
3009 5160 3154 5231 apud
3181 5159 3407 5219 Budaeus
3437 5159 3533 5227 qui

1936 5256 2022 5311 sic
2044 5255 2295 5327 iudicant
2325 5256 2381 5311 in
2411 5254 2678 5325 Operibus
2708 5253 2822 5309 tuis
2866 5250 3271 5309 ineﬂ‘abilibns.
3304 5247 3536 5307 Maledi-

1938 5356 2093 5403 ctum
2146 5347 2297 5402 enim
2328 5346 2649 5401 nominatus
2677 5361 2739 5400 es
2793 5361 2823 5401 a
2861 5345 3012 5400 Diosc
3055 5344 3280 5401 dicente
3315 5359 3329 5396 :
3369 5339 3537 5396 Hale-

1932 5442 2111 5497 (εἰσίω
2142 5449 2216 5495 est
2231 5441 2402 5494 omnis
2437 5440 2528 5508 qui
2580 5437 2773 5507 pendet
2812 5440 2871 5492 in
2920 5438 3065 5509 ligno
3102 5437 3173 5491 ⁷³.
3211 5436 3283 5490 Et
3306 5433 3485 5490 δυᾶεηί
3518 5452 3534 5489 :

1942 5530 2233 5586 λιθία-ΙτΜο
2291 5536 2367 5583 est
2414 5528 2746 5592 utoledictus,
2797 5530 3052 5600 quoniam
3101 5526 3394 5585 Sabbatuus
3428 5542 3533 5580 non

325 5726 371 5759 ⁷³
393 5725 583 5799 l_T_im.
614 5743 689 5789 vr,
724 5727 806 5799 lii.
883 5727 928 5759 ⁷⁵
960 5727 1119 5783 Rom.
1149 5744 1261 5794 xm,
1285 5728 1373 5793 5'5,
1408 5729 1496 5783 3i.
1574 5730 1620 5761 ⁷⁸
1654 5728 1834 5799 Ephcs

1963 5728 2050 5783 δὲ.
2121 5730 2165 5761 ⁷⁸
2188 5730 2205 5784 l
2226 5729 2367 5784 Tim.
2395 5748 2453 5797 ιι,
2491 5732 2571 5787 Η.
2628 5732 2672 5764 ⁷⁷
2701 5732 2803 5788 lsa.
2835 5747 2945 5798 Lm,
2974 5732 3084 5788 l-‘5.
3161 5732 3207 5765 ⁷⁸
3237 5732 3394 5787 Deut.
3420 5743 3543 5793 xxi,

259 5796 363 5859 2'5;
394 5796 569 5852 Galat.
605 5813 683 5862 Ill,
729 5797 816 5850 15.
