4042 6292
489 333 624 400 1οἱ3

1701 340 1760 404 S.
1805 342 2205 406 ANASTASII
2243 347 2567 410 SlNAIT.‘E

3611 341 3741 410 10M

486 446 710 504 ειιεεοάἕι
751 447 820 502 ⁷⁸.
854 445 918 503 In
947 447 1214 534 doloribus
1250 447 1422 518 ipsam
1480 447 1648 519 920
1671 449 1906 504 comedas
1929 467 1947 504 :
1973 451 2060 506 vi-
2094 467 2131 519 Α
2161 469 2393 513 sacratus
2413 467 2488 512 cst
2511 458 2764 514 Dominus
2787 455 2978 513 Deus“
3007 473 3237 530 :ncmpe
3259 455 3314 513 in
3339 471 3503 528 pcena
3527 455 3741 515 Adami.

484 541 706 605 delicet,
747 539 870 596 sine
903 551 1130 610 peccato
1155 540 1325 594 vives.
1369 538 1424 595 Si
1462 539 1611 593 enim
1665 539 1882 594 viveres
1939 556 2064 595 eum

487 639 734 702 peccato,
765 631 1006 686 mundus
1055 639 1107 685 te
1160 641 1421 701 tanquam
1463 629 1749 700 proprium
1781 629 2062 702 diligeret,

485 734 668 780 etnon
692 723 945 780 molestia
984 722 1246 778 alliceret.

555 815 682 872 {hec
701 826 886 874 autem
925 817 1087 871 nobis
1113 815 1466 872 audientibus
1510 817 1579 870 ab
1619 816 1737 886 ipso
1784 815 1898 870 Deo
1929 833 2064 872 con-

485 909 702 972 donari,
745 908 1127 980 reputavimus
1148 923 1275 962 eum
1293 920 1413 981 esse
1453 908 1714 962 inlabore
1733 917 1788 963 et
1806 909 1960 978 plaga
2008 918 2064 964 et

486 1000 541 1056 in
595 1000 913 1066 aﬂlictione,
959 1011 1221 1068 tanquam
1275 999 1368 1068 qui
1422 1005 1640 1068 paruam
1691 999 1960 1054 subiisset
2009 1009 2067 1054 et

483 1099 719 1148 mortem
762 1107 861 1162 pro
887 1093 1004 1147 suis
1031 1090 1288 1161 peccatis.
1328 1089 1446 1160 Ipse
1482 1099 1661 1144 autem
1702 1091 1823 1162 fuit,
1861 1093 2062 1163 inquit,

482 1183 794 1239 uulneratus
819 1192 1031 1254 propter
1060 1184 1369 1253 iniquitates
1394 1191 1624 1246 nostras,
1649 1199 1848 1254 nempe
1868 1201 2062 1240 eorum

480 1275 578 1344 qui
602 1289 794 1328 sumus
811 1289 880 1329 ex
913 1273 1143 1328 muliere
1160 1273 1426 1336 Ecclesia,
1453 1284 1501 1327 et
1545 1277 1820 1345 wgrotavit
1852 1285 2068 1346 propter

481 1377 696 1438 peccata
729 1375 932 1422 nostra.
959 1363 1250 1436 Disciplina
1271 1367 1414 1437 pacis
1432 1365 1576 1421 nobis
1601 1383 1759 1438 super
1777 1369 1982 1436 ipsum;
2005 1366 2069 1422 li-

480 1474 604 1512 uore
626 1458 739 1529 ejus
767 1473 860 1512 nos
875 1457 1054 1512 sanati
1076 1473 1280 1511 sumus.
1299 1455 1418 1526 Ipse
1433 1458 1572 1510 enim
1594 1459 1824 1526 portavit
1852 1466 2067 1526 peccata

481 1550 794 1610 multorum,
829 1559 876 1604 et
907 1558 1124 1622 propter
1147 1557 1361 1620 peccata
1397 1558 1582 1604 nostra
1623 1551 1724 1620 fuit
1747 1551 1977 1605 traditus
1994 1549 2064 1605 ⁸⁸.

481 1642 666 1698 Habes
693 1641 992 1713 perfectam
1030 1651 1088 1696 et
1124 1640 1471 1697 manifestam
1513 1643 1962 1712 supputationem
2012 1653 2070 1698 et

481 1732 1016 1789 demonstrationem
1049 1730 1196 1801 quod
1217 1747 1316 1802 pro
1351 1731 1592 1801 peccatis
1614 1731 1863 1787 mulieris
1913 1733 2070 1787 audit

2167 548 2400 619 Egressu
2421 548 2642 620 quidem
2669 559 2816 604 certe
2843 549 2956 606 Noe
2987 544 3199 604 et'filiis
3231 544 3354 619 ejus
3379 562 3447 603 ex
3469 563 3602 602 arca
3625 557 3745 618 post

2167 641 2458 706 diluvium,
2499 643 2582 696 eis
2635 643 2972 712 apertiorem
3009 640 3364 696 conﬁrmavit
3392 638 3744 696 benedictio—

2167 749 2291 789 nem
2345 751 2451 802 qua
2487 735 2768 790 benedixit
2806 715 3292 804 protoplastosset
3334 741 3524 802 postea
3560 732 3738 787 dixit:

2167 825 2418 896 Cogitans
2457 842 2560 878 non
2597 825 2852 891 adiiciam
2891 823 3120 894 amplius
3149 824 3412 878 exsecrari
3442 833 3650 876 terram
3677 823 3742 877 ⁸¹.

2167 919 2247 972 Tu
2280 927 2462 972 autem
2489 933 2614 972 cum
2643 916 2885 972 audieris
2905 917 3052 987 quod
3087 931 3261 986 usque
3303 915 3369 970 ad
3392 931 3582 969 arcam
3621 915 3748 970 uni-

2166 1026 2324 1066 versa
2357 1019 2499 1074 terra
2533 1010 2638 1066 fuit
2694 1011 2798 1065 sub
2837 1010 3154 1070 maledicto,
3198 1009 3339 1064 nihil
3395 1008 3550 1063 aliud
3585 1017 3748 1078 putes

2166 1119 2289 1160 esse
2345 1103 2450 1157 nisi
2506 1102 2720 1158 Christi
2749 1102 3076 1174 Ecclesium.
3140 1101 3196 1156 in
3243 1115 3352 1170 qua
3391 1099 3748 1154 conﬁrmavit

2167 1194 2334 1250 etiam
2389 1195 2536 1250 Deus
2585 1204 2642 1250 et
2699 1192 2988 1249 renovavit
3041 1203 3288 1247 veterem
3341 1189 3588 1244 hominis
3649 1189 3748 1243 be-

2168 1286 2586 1348 nedictionem,
2641 1283 2909 1354 quoniam
2983 1290 3110 1353 post
3173 1279 3446 1334 diluvium
3528 1278 3584 1332 in
3649 1279 3750 1332 in-

2167 1377 2540 1434 numerabiles
2595 1377 2922 1432 aﬂlictiones
2990 1383 3046 1430 et
3099 1373 3494 1444 castigationes
3549 1387 3582 1426 a
3640 1370 3750 1426 Deo

2167 1471 2327 1541 pulsa
2382 1469 2588 1525 cecidit
2641 1469 2934 1524 hominum
2998 1473 3196 1521 natura
3259 1458 3356 1520 'cui
3418 1461 3752 1518 dominaba-

2170 1571 2261 1616 tur
2306 1560 2581 1630 impietas.
2607 1559 2684 1613 Ex
2706 1559 2812 1612 hac
2844 1572 2975 1611 vero
2995 1555 3156 1610 nobis
3178 1553 3462 1625 proposita
3507 1551 3602 1606 Dei
3624 1565 3750 1604 cum

2168 1652 2380 1708 Adamo
2431 1651 2821 1716 collocutione,
2864 1663 2968 1702 nos
3012 1647 3279 1702 docemur
3335 1644 3512 1698 multo
3571 1641 3752 1712 magis

2171 1746 2536 1818 spiritualiter
2554 1744 2748 1800 audire
2776 1751 2832 1798 et
2868 1739 3181 1810 intelligere
3233 1751 3355 1807 quae
3387 1735 3656 1790 dicuntur
3683 1732 3750 1787 de

480 1826 653 1882 Adam
685 1825 871 1880 omnia
892 1839 1017 1895 qua?
1040 1832 1172 1879 sum
1201 1823 1254 1878 ίη
1284 1839 1446 1894 P‘Pna
1489 1825 1797 1895 Ρνοβοείιθθ
1829 1840 1956 1879 cum
1994 1825 2068 1880 είι
2102 1821 2140 1875 Β
2171 1836 2423 1906 paradiso
2447 1843 2502 1891 et
2529 1833 2694 1906 lignis
2753 1843 2809 1888 et
2837 1831 3024 1887 fructu
3073 1844 3238 1900 quem
3277 1825 3519 1883 comedit
3549 1824 3753 1880 mulier
3821 1850 3824 1858 -

483 1921 601 1990 ipse
624 1919 744 1980 sine
768 1929 994 1990 peccato
1035 1917 1090 1974 in
1114 1924 1302 1988 typum
1331 1916 1560 1972 Christi.
1585 1915 1704 1972 Jam
1751 1917 2066 1981 videamus,

482 2014 528 2068 si
577 2011 862 2074 videatur,
889 2009 1356 2080 quemadmodum
1378 2011 1545 2064 etiam
1587 2009 1704 2080 ipsa
1725 2010 1872 2064 nuda
1903 2010 2070 2066 verba

483 2121 661 2176 paenae
689 2120 813 2176 quae
838 2105 1122 2169 dicuntur,
1149 2103 1360 2158 nullam
1384 2103 1627 2158 habeant
1659 2103 1756 2158 Dei
1795 2105 1938 2172 apud
1971 2104 2072 2157 ho-

483 2197 664 2252 mines
693 2196 1131 2250 exsecrationem
1161 2209 1258 2250 seu
1289 2193 1754 2248 maledictionem.
1778 2193 1898 2247 Non
1921 2193 2070 2247 enim

483 2287 624 2343 dixit
659 2284 712 2340 ei
753 2285 898 2340 sicut
957 2283 1200 2354 serpenti
1234 2292 1292 2338 et
1330 2281 1504 2338 Caino
1551 2299 1565 2334 :
1597 2279 1909 2335 Malcdietus
1972 2287 2072 2346 tu;

483 2377 580 2432 sed
601 2375 886 2432 Maledicta
910 2383 1056 2429 terra
1084 2375 1141 2428 in
1161 2371 1404 2444 aperibus
1429 2372 1554 2426 tuist
1605 2370 1670 2426 In
1692 2371 1956 2441 operibus,
1979 2371 2070 2426 in-

483 2471 624 2540 quit,
687 2471 812 2534 tuis,
845 2483 970 2539 quae
1001 2481 1063 2522 es
1116 2470 1547 2534 compactnrus:
1579 2471 1784 2518 terram
1823 2461 2068 2518 adorans

483 2573 541 2620 et
569 2563 857 2634 lapideset
878 2568 1086 2616 statuas
1109 2567 1172 2614 et
1199 2559 1320 2628 ejus
1375 2571 1548 2628 aquas
1601 2563 1659 2610 et
1683 2554 1866 2625 ignem
1926 2555 2070 2625 ejus,

484 2665 545 2710 tu
587 2671 712 2711 eam
745 2653 916 2708 facies
975 2650 1350 2708 maledictam.
1411 2647 1478 2703 In
1524 2645 1791 2700 doloribus
1837 2645 2074 2702 comedes

488 2766 629 2813 eam,
663 2762 752 2802 me
805 2745 1102 2800 inducente
1131 2741 1444 2797 siccitatem
1499 2748 1558 2794 et
1603 2737 1977 2802 sterilitatem,
2019 2745 2076 2792 et

485 2855 632 2912 saepe
662 2839 861 2894 famem
883 2836 950 2892 ad
981 2844 1132 2890 tuam
1153 2834 1578 2906 castigationem
1608 2840 1665 2891 et
1694 2829 2072 2897 amictionem,

485 2931 763 3006 quomodo
793 2930 962 2985 etiam
1019 2926 1130 2983 dixi
1159 2925 1382 2982 mulieri
1413 2943 1428 2979 :
1473 2921 1840 2994 Multiplicabo
1865 2921 2075 2977 dolores

487 3035 605 3080 tuos
638 3029 688 3078 et
716 3025 943 3094 gemitus
973 3029 1090 3075 tuos
1124 3037 1141 3075 :
1169 3020 1352 3090 spinas
1381 3025 1432 3071 et
1453 3015 1678 3086 tribulos
1704 3015 1957 3086 producet
1981 3013 2074 3068 tibi

487 3127 656 3181 terra,
697 3125 751 3171 et
780 3115 1020 3170 comedet
1076 3112 1292 3169 herbam
1326 3111 1464 3180 agri,
1499 3117 1692 3179 utpote
1719 3107 1868 3179 quod
1927 3115 2073 3163 terra

486 3210 561 3266 sit
590 3209 798 3266 inculta
831 3217 890 3263 et
925 3207 1145 3262 deserta
1171 3213 1402 3274 propter
1423 3201 1736 3258 siccitatem
1773 3209 1832 3256 et
1864 3200 2076 3256 sterili-

489 3308 679 3356 tatem.
709 3299 775 3354 In
793 3298 992 3353 sudore
1013 3305 1064 3350 et
1098 3295 1279 3371 labore
1303 3293 1480 3350 uultus
1511 3294 1588 3348 tui
1617 3293 1850 3348 comedet
1888 3307 2076 3347 rarum

488 3401 546 3450 et
570 3391 830 3462 exiguum
858 3405 1051 3460 panem
1081 3394 1256 3452 tuum,
1286 3387 1449 3440 donec
1483 3386 1767 3440 revertaris
1787 3386 1844 3440 in
1879 3395 2078 3440 terram

489 3503 557 3541 ea;
579 3503 684 3556 qua
713 3491 954 3555 sumptus
983 3498 1038 3537 es
1059 3524 1074 3550 ,
1116 3480 1370 3552 quoniam
1417 3486 1566 3533 terra
1611 3495 1664 3532 es
1695 3485 1745 3532 et
1788 3479 1845 3532 in
1875 3485 2078 3532 terram

489 3577 790 3632 reverteris.
837 3573 967 3630 Huic
1003 3573 1229 3645 quidem
1294 3579 1386 3628 est
1430 3571 1835 3626 convenienter
1878 3563 2079 3624 littera

488 3667 892 3738 contemplatio
911 3682 1107 3722 eorum
1135 3681 1260 3736 qua:
1284 3673 1418 3720 sunt
1443 3664 1750 3734 proposita.
1773 3662 1909 3718 Nam
1934 3662 2080 3716 sicut

491 3765 688 3819 dicunt
707 3759 1140 3831 historiographi
1167 3757 1464 3814 mundanae
1483 3755 1682 3826 prisca:
1700 3755 2038 3810 narrationis
2061 3770 2074 3809 :

485 3856 746 3922 dolores,
796 3855 991 3918 fames,
1027 3853 1326 3916 siccitates,
1363 3849 1610 3922 penuriae
1641 3857 1699 3904 et
1731 3848 2076 3912 sterilitates,

488 3949 905 4022 persuadebunt
949 3947 1062 4002 illis
1108 3944 1354 4016 antiquis
1390 3954 1452 4000 ut
1507 3949 1932 3998 exsecrarentur
1962 3945 2079 3994 ter-

489 4057 631 4098 ram.
678 4041 837 4098 Unde
890 4039 1059 4095 etiam
1099 4039 1242 4094 fame
1293 4045 1610 4107 pereuntes,
1653 4033 1918 4089 dicebant
1958 4045 2080 4088 esse

489 4145 698 4190 terram
724 4148 756 4188 a
784 4133 900 4186 Deo
943 4129 1296 4186 maledictam
1336 4127 1661 4198 :qnomodo
1689 4125 1858 4181 etiam
1902 4123 2080 4179 bene—

489 4227 720 4290 dictam,
750 4241 875 4280 cum
904 4223 1156 4280 cernitur
1191 4220 1414 4286 fertilis,
1443 4235 1566 4276 eam
1594 4219 1850 4274 nominat
1898 4215 2082 4271 homi-

489 4335 626 4374 num
655 4316 1022 4376 consuetudu.
1051 4313 1159 4370 Sed
1183 4327 1366 4382 neque
1383 4309 1626 4366 sationis
1643 4315 1768 4372 erat
1799 4306 1946 4377 apud
1979 4318 2079 4362 eos

491 4413 678 4486 aliqua
707 4411 1072 4484 experientia.
1113 4409 1318 4464 Dicunt
1356 4407 1506 4462 enim
1561 4419 1759 4460 rursus
1797 4401 2076 4464 historici,

2167 1935 2225 1982 et
2255 1928 2441 1983 homo.
2475 1927 2611 1982 Nam
2639 1941 2765 1980 cum
2796 1923 2912 1979 illic
2930 1921 3164 1977 dixisset
3199 1921 3346 1975 Deus
3377 1936 3390 1972 :
3417 1916 3532 1983 Quo
3574 1925 3758 1972 autem

2165 2022 2253 2076 'die
2281 2037 2344 2074 ea:
2370 2036 2430 2074 eo
2457 2020 2714 2083 comedcs,
2739 2025 2906 2072 morte
2931 2017 3172 2070 morieris
3203 2031 3220 2068 :
3243 2011 3522 2084 quomodo
3547 2010 3659 2065 hoc
3697 2010 3759 2064 in

2169 2114 2348 2186 pannis
2373 2128 2484 2168 non
2519 2102 2696 2167 solum
2735 2112 2820 2166 eis
2868 2109 3114 2170 sustulit,
3169 2107 3265 2162 sed
3308 2106 3393 2161 eis
3441 2103 3536 2159 dat
3585 2103 3757 2156 vitam

2171 2206 2470 2263 multorum
2499 2219 2796 2268 annorum,
2824 2200 3046 2258 mulieri
3077 2199 3300 2270 quidem
3322 2198 3518 2252 dicens
3547 2209 3672 2250 eam
3701 2194 3760 2248 in

2170 2298 2458 2354 doloribus
2483 2297 2625 2352 filios
2650 2296 2980 2367 parituram,
3013 2292 3222 2348 Adamo
3260 2301 3468 2356 autem,
3509 2287 3574 2342 1η
3611 2284 3764 2340 dolo-

2171 2391 2314 2446 ribus
2345 2390 2578 2444 comedes
2612 2398 2814 2443 terram
2863 2385 3100 2441 omnibus
3129 2384 3307 2438 diebus
3331 2384 3452 2438 vitas
3494 2391 3620 2435 tum.
3651 2378 3759 2445 Qui

2171 2493 2491 2538 autemnon
2529 2481 2950 2544 convenienter,
3004 2475 3499 2538 nobisineﬂ'abili,
3537 2473 3758 2528 cuidam

2174 2575 2272 2631 Dei
2289 2571 2688 2644 dispensationi
2708 2570 3024 2642 intelligunt
3040 2566 3408 2638 spiritualiter
3433 2563 3622 2617 omnia
3638 2577 3762 2632 qua!

2174 2667 2438 2724 dicuntur
2486 2666 2556 2722 de
2608 2664 2869 2737 paradiso
2913 2668 3238 2734 :coguntur
3293 2657 3523 2713 omnino
3577 2653 3763 2709 facere

2174 2769 2486 2830 serpentem
2513 2766 2798 2813 auctorem
2822 2764 2879 2811 et
2907 2753 3325 2810 conciliatorem
3351 2757 3407 2804 et
3435 2745 3761 2802 eﬁ'ectorem

2175 2852 2453 2906 universae
2491 2847 3010 2904 nostraa'hominnm
3040 2841 3434 2914 generationis,
3469 2846 3528 2893 et
3564 2835 3762 2890 mundi

2176 2940 2612 3004 constitutionis,
2645 2954 2746 3010 per
2769 2938 2960 2993 datum
3016 2934 3236 2991 mulieri
3291 2930 3612 2988 consilium.
3650 2927 3763 2983 Sed

2176 3050 2287 3090 non
2311 3033 2386 3090 ita
2410 3032 2573 3088 docet
2600 3019 3156 3086 chorus'sanctorum
3185 3025 3412 3080 Patrum
3446 3039 3459 3076 :
3493 3021 3588 3076 sed
3612 3019 3763 3090 quod

2179 3127 2348 3184 etiam
2379 3125 2588 3194 absque
2637 3131 2900 3192 serpente
2924 3128 2980 3175 et
3008 3099 3159 3190 ligno
3185 3124 3242 3174 et
3268 3116 3418 3179 cibo,
3449 3117 3520 3170 e'x
3549 3113 3643 3167 illa
3673 3111 3766 3166 di-

2177 3219 2306 3274 vina
2335 3231 2473 3272 voce
2499 3232 2624 3286 quae
2671 3213 2820 3268 dicta
2845 3219 2934 3266 est
2978 3207 3337 3282 prot0plastis
3369 3223 3383 3259 :
3417 3203 3674 3266 Crescite,
3715 3208 3769 3254 et

2179 3307 2632 3379 multiplicamini,
2665 3311 2716 3358 et
2763 3299 2960 3374 replete
2991 3309 3226 3364 terram;
3259 3297 3512 3352 futurum
3545 3299 3670 3348 erat
3702 3297 3772 3345 ut

2179 3403 2512 3460 consisteret
2537 3413 2712 3472 genus
2745 3397 3050 3452 humanum
3077 3407 3178 3463 per
3221 3389 3502 3446 carnalem
3535 3398 3771 3456 genera-

2180 3493 2388 3550 tionem
2417 3489 2764 3546 dissimiliter
2789 3501 2952 3557 quam
2990 3481 3163 3538 creati
3190 3487 3353 3536 erant
3394 3474 3594 3546 angeli.
3629 3473 3770 3528 Pro—

2185 3585 2274 3641 cul
2307 3585 2457 3640 enim
2489 3599 2520 3636 a
2551 3581 2717 3636 nobis
2741 3577 2967 3634 recedat
2993 3573 3282 3643 Origenes,
3313 3579 3394 3650 et
3429 3573 3619 3650 mysta:
3643 3563 3774 3626 Ori-_-

2180 3676 2357 3750 genis,
2386 3673 2602 3730 animas
2649 3677 2872 3726 nostras
2897 3667 3056 3736 prius
3088 3677 3212 3718 esse
3255 3645 3472 3714 visione
3501 3645 3772 3710 fabulose

2182 3749 2692 3840 apprehendentes.
2720 3762 2858 3816 Nam
2890 3749 3015 3814 cu'm
3057 3755 3149 3810 ille
3180 3762 3345 3808 natus
3372 3757 3544 3811 esset,
3571 3755 3631 3802 et
3669 3761 3775 3802 ex-

2181 3862 2434 3924 stitisset,
2463 3866 2520 3914 et
2540 3856 2607 3913 ad
2653 3853 3022 3912 identitatem,
3055 3855 3120 3902 ut
3149 3845 3226 3900 ita
3262 3843 3467 3903 dicam,
3523 3839 3777 3894 venisset

2181 3971 2309 4012 cum
2353 3951 2540 4007 tunica
2573 3948 2802 4019 pellicea
2841 3962 2855 3998 :
2891 3941 3085 3998 nescio
3123 3935 3273 3991 unde
3301 3941 3489 3988 motus
3529 3939 3584 3986 et
3619 3929 3776 3984 unde

2183 4043 2290 4098 hoc
2331 4052 2552 4106 nactus,
2577 4038 2774 4108 dogma
2827 4028 3140 4092 constituit,
3176 4023 3448 4080 Adamnm
3484 4028 3544 4075 et
3581 4019 3762 4076 Evam

2183 4135 2356 4190 fuisse
2386 4132 2537 4203 (ante
2571 4127 2814 4196 tunicas)
2843 4123 3024 4180 undas
3075 4125 3293 4175 mentes
3356 4115 3416 4169 in
3443 4127 3588 4182 quas
3613 4109 3779 4165 nullo

2181 4223 2348 4280 modo
2373 4221 2598 4278 caderet
2619 4217 2904 4279 interitus,
2943 4223 3001 4269 et
3027 4226 3149 4283 qua:
3185 4223 3297 4264 non
3328 4213 3518 4263 essent
3541 4216 3781 4272 capaces

2183 4315 2382 4371 mortis
2425 4321 2482 4368 et
2525 4311 2718 4366 ﬂuxus
2737 4317 2795 4363 et
2824 4305 2937 4362 cibi
2966 4311 3024 4360 et
3057 4309 3224 4372 potus
3253 4307 3312 4355 et
3344 4293 3550 4352 somni.
3601 4293 3782 4361 Cujus

2183 4403 2557 4476 prodigiosum
2593 4397 2863 4455 insaniam
2898 4401 3153 4450 evertens
3184 4385 3638 4459 sapientissimus
3660 4383 3776 4438 Meo

489 4474 641 4578 (ιιιδὰ
676 4474 890 4576 primus
949 4502 1230 4559 Abraham
1261 4498 1532 4556 frumenti
1567 4511 1758 4554 semen
1812 4510 1913 4566 per
1956 4509 2082 4549 ara-
2111 4509 2156 4565 ι)
2185 4474 2432 4559 thodius,
2468 4509 2579 4548 non
2609 4505 2776 4546 unam
2820 4497 2918 4543 aut
2973 4486 3226 4544 alteram.
3261 4479 3360 4536 sed
3393 4477 3568 4534 etiam
3620 4474 3779 4578 deci-

490 4610 640 4654 trnnt
669 4595 964 4652 seminavit
996 4595 1053 4650 in
1076 4602 1226 4648 terra
1259 4610 1272 4646 :
1308 4589 1488 4648 nobis.
1518 4597 1580 4644 ut
1609 4587 1832 4657 opinor,
1863 4585 2078 4658 εἰκυίας

490 4707 624 4746 cans
653 4685 967 4760 patriarcha
997 4699 1100 4756 per
1133 4681 1470 4750 exemplum,
1499 4677 1654 4749 quod
1683 4689 1752 4732 ex
1801 4677 1925 4748 ejus
1994 4690 2084 4730 se-

491 4785 644 4841 mine
673 4781 955 4838 videbitnr
984 4774 1229 4834 catlestis
1258 4773 1422 4844 panis
1446 4771 1703 4828 Christus
1727 4769 1782 4825 in
1813 4777 1961 4826 terra
2007 4768 2080 4824 ad

491 4892 652 4934 esum
674 4883 733 4932 et
747 4873 986 4930 salutem
1009 4869 1316 4930 hominum,
1337 4862 1562 4936 quando
1578 4871 1724 4920 terra
1747 4859 2081 4918 Abrahami.

491 4983 574 5026 cie
601 4967 786 5024 Mariae
813 4964 1062 5034 Deiparae
1079 4959 1324 5031 pluviam
1349 4956 1591 5026 excipiet
1629 4955 1934 5012 cmlestem.
1968 4952 2082 5009 Tea-

493 5068 676 5118 statur
707 5067 895 5115 autem
917 5053 1154 5112 Lameclt
1175 5064 1400 5124 quoque
1438 5058 1594 5120 pater
1621 5047 1761 5113 Noe,
1801 5045 1950 5118 quod
1972 5061 2084 5101 non

495 5153 781 5210 hominem
817 5151 968 5207 Deus
999 5157 1086 5206 est
1109 5151 1451 5207 exsecratus,
1479 5141 1576 5198 sed
1605 5141 1828 5203 famem.
1859 5147 1924 5194 ut
1946 5138 2084 5202 dixi,

496 5253 557 5300 et
590 5242 942 5314 corporalem
978 5239 1346 5296 aﬂlictionem.
1372 5240 1512 5288 tunc
1535 5231 1726 5287 intulit
1773 5230 1886 5286 illis
1915 5243 2088 5300 gene—

499 5333 837 5390 rationibus.
868 5331 1004 5388 Nam
1038 5343 1166 5385 cum
1199 5329 1318 5398 ipse
1339 5330 1662 5399 generasset
1687 5320 1884 5385 ﬁlium,
1910 5319 2046 5375 dicit
2071 5337 2086 5372 :

502 5426 805 5482 Nominaut't
824 5441 1014 5480 nomen
1041 5425 1158 5495 ejus
1179 5421 1310 5486 Noe,
1342 5419 1480 5492 quod
1503 5419 1888 5488 interpretatur
1911 5409 2090 5478 Quies,

505 5519 682 5573 dicens
721 5537 739 5574 :
764 5517 942 5573 Faciet
973 5533 1071 5570 nos
1110 5516 1377 5585 quiescere
1413 5511 1478 5566 ab
1513 5508 1759 5580 operibus
1790 5506 2092 5571 nostris,“

509 5612 773 5674 latoribus
795 5626 1054 5665 manuum
1104 5615 1432 5670 nostrarum,
1467 5614 1518 5658 et
1543 5621 1577 5659 a
1612 5612 1759 5656 terra
1807 5615 1970 5670 quam
1999 5613 2093 5651 ea:-

579 5793 623 5826 ¹“
662 5791 820 5851 Joan.
857 5789 1020 5854 ΗΛΘ..
1099 5788 1143 5816 “’
1181 5786 1286 5842 lsa.
1329 5801 1438 5848 LIII,
1467 5783 1520 5848 ες,
1559 5783 1638 5840 lit.
1713 5781 1754 5814 ‘"
1783 5779 1920 5837 Gen.
1951 5777 2108 5844 “29.

2182 4599 2332 4642 mam
2347 4583 2511 4638 nobis
2533 4580 2696 4636 affert
2715 4576 3020 4646 Scriptum
3033 4571 3444 4643 probationem,
3459 4563 3774 4621 ostenden-

2189 4682 2300 4730 tem
2345 4670 2496 4743 quod
2550 4669 2696 4724 Dens
2748 4667 2816 4722 ab
2845 4664 3006 4719 initio
3065 4675 3194 4716 vere
3233 4659 3366 4714 fecit
3414 4653 3706 4743 hominem
3743 4668 3778 4708 a

2188 4773 2334 4820 terra
2365 4742 2618 4834 genitum
2645 4765 2702 4813 et
2731 4762 3072 4819 terrestrem,
3094 4747 3372 4822 quomodo
3405 4745 3578 4800 etiam
3605 4742 3775 4798 nobis

2188 4855 2439 4926 loquitur
2465 4868 2566 4922 per
2589 4865 2655 4906 os
2681 4848 2861 4912 Pauli,
2885 4847 3080 4902 dicens
3107 4861 3118 4896 :
3150 4843 3362 4898 Primus
3385 4838 3605 4894 Adame
3628 4845 3779 4890 terra

2191 4947 2488 5010 terrestris;
2512 4943 2753 5013 primum
2809 4939 2960 4995 enim
3005 4945 3091 4993 est
3131 4942 3433 4997 terrestre,
3459 4927 3662 4984 deinde
3683 4941 3787 4996 per

2188 5039 2474 5096 Christum
2505 5035 2920 5106 spirituale-:~ut
2941 5033 3080 5087 sicut
3114 5027 3444 5102 portavimus
3486 5022 3786 5092 imaginem

2187 5133 2480 5196 terrestris,
2544 5136 2813 5202 portemus
2867 5125 3034 5180 etiam
3096 5121 3388 5199 imaginem
3441 5112 3668 5171 caelestis
3707 5111 3783 5163 ⁸³.

2191 5226 2332 5282 Nam
2382 5223 2429 5280 si
2463 5237 2564 5293 per
2621 5215 3080 5278 icobedientiam,
3109 5210 3315 5282 inquit,
3373 5208 3565 5277 lapsus
3613 5203 3786 5277 homo

2193 5316 2300 5372 fuit
2325 5319 2730 5372 transmutatns
2779 5317 2840 5364 et
2872 5307 2929 5362 in
2959 5303 3204 5366 essentia
3237 5301 3508 5356 alteratus
3563 5295 3650 5367 (ut
3683 5293 3787 5364 qui

2193 5407 2344 5466 aliud
2386 5407 2456 5463 ab
2501 5406 2614 5461 alio
2653 5417 2858 5473 corpus
2891 5399 3111 5457 exuerit
3165 5405 3224 5452 et
3253 5389 3548 5461 induerit),
3601 5389 3662 5443 in
3717 5402 3791 5442 eo

2191 5502 2300 5557 fuit
2326 5517 2357 5556 a
2386 5499 2500 5556 Deo
2522 5496 2754 5562 adfectus
2785 5492 2987 5565 injuria
3022 5508 3038 5542 :
3065 5486 3362 5559 oportebat
3383 5483 3532 5539 enim
3567 5480 3786 5538 damo-

2197 5609 2296 5650 nes
2349 5605 2573 5662 quoque
2615 5587 2710 5660 qui
2753 5586 2920 5656 longe
2964 5584 3092 5655 plus
3127 5578 3496 5649 deliquerant,
3533 5573 3644 5628 hoc
3671 5569 3789 5642 pati

2188 5775 2232 5805 “
2269 5772 2401 5834 Gen.
2425 5786 2538 5830 vm,
2564 5771 2654 5828 2|.
2675 5767 2720 5798 "
2751 5766 2920 5822 lCnr.
2947 5781 3034 5830 xv,
3063 5764 3148 5819 47.
