4042 6292
351 331 492 401 1045

1442 320 1523 385 1N
1565 314 2117 385 HEXAEMERON.
2152 337 2222 349 -
2250 312 2396 373 LIB.
2438 310 2542 371 XI.

3489 305 3623 370 10i6

344 429 482 501 ante
513 438 833 505 hominem;
869 447 927 493 et
959 451 1027 491 ex
1053 443 1250 489 natura
1288 433 1582 488 immortali
1606 438 1945 501 oxpertequc
1974 436 2013 488 Α
2048 431 2250 477 tatem:
2290 430 2385 476 aut
2413 420 2465 475 si
2496 430 2690 474 rursus
2711 418 2955 489 tetigerit
2991 418 3044 472 id
3073 418 3218 488 quod
3243 429 3325 472 est
3346 418 3622 480 deterius.

346 532 601 591 materiae
641 539 698 587 et
734 530 790 585 in
819 543 984 600 quam
1018 543 1126 583 non
1164 525 1314 582 cadit
1343 526 1642 589 interitus;
1678 520 1940 575 inducere

346 640 593 698 corpora
614 622 874 678 uun'tal‘ia
898 631 956 676 et
981 621 1127 675 ﬂuxa
1155 627 1213 674 et
1239 619 1294 672 in
1321 633 1444 688 qua:
1470 617 1699 672 caderet
1744 610 1940 696 interi-

351 728 471 774 tus.
505 716 828 777 Secundum
856 729 1053 768 rursus
1093 711 1230 765 dicit
1260 710 1442 774 Pater,
1476 706 1623 778 quod
1648 704 1943 761 diversitas

348 811 551 882 ﬁgura:
575 808 904 879 genitalium
951 803 1329 859 membrorum
1355 799 1550 855 Adami
1591 807 1646 854 ct
1671 796 1820 869 Erae,
1851 808 1940 850 os-

352 903 542 959 tendit
575 899 725 971 qnod
755 914 821 954 ea
867 897 980 952 illis
1037 896 1181 950 facta
1209 894 1427 949 inierant
1480 892 1851 947 instrumenta
1873 886 1943 942 ad

250 1014 279 1051 ν.
352 994 736 1067 procreandos
756 1002 818 1046 et
867 988 1222 1045 seminandus
1247 986 1410 1041 ﬁlios.
1464 984 1737 1045 Tertium,
1794 978 1944 1051 quod

352 1087 569 1144 dixerit
597 1085 885 1154 Scriptura
918 1083 1108 1138 statim
1144 1095 1273 1136 cum
1313 1080 1432 1149 ipsa
1471 1077 1754 1133 creatione
1792 1071 1946 1127 :Ma-

350 1180 564 1236 scutum
588 1189 639 1233 et
672 1178 925 1250 feminam
956 1176 1075 1245 fecit
1098 1190 1201 1228 eos.
1229 1173 1289 1228 In
1318 1180 1516 1226 natura
1540 1170 1782 1225 increata
1807 1175 1862 1250 et
1888 1166 1945 1220 in

353 1284 529 1341 quam
578 1283 693 1323 non
723 1244 963 1321 caderet,
1004 1263 1289 1326 interitus,
1322 1261 1452 1331 quis
1496 1269 1618 1316 erat
1657 1273 1792 1313 usus
1825 1244 1946 1312 ma-

357 1362 505 1419 sculi
538 1369 599 1416 et
620 1358 884 1415 feminae?
923 1357 1216 1423 Quartum,
1260 1353 1543 1425 quodper
1568 1352 1650 1408 eis
1676 1351 1882 1406 dictam
1915 1364 1948 1403 a

357 1457 476 1511 Deo
496 1450 960 1525 benedictionem
999 1465 1012 1501 :
1043 1446 1293 1512 Crescite,
1326 1454 1376 1499 et
1418 1442 1869 1513 multiplicamini,
1898 1449 1947 1494 et

360 1542 563 1612 replete
589 1549 811 1603 terram,
836 1535 1155 1592 ostenditur
1178 1534 1373 1589 eorum
1406 1533 1644 1589 ﬁliorum
1693 1547 1948 1602 procrea-

359 1632 443 1687 tio
470 1647 568 1702 per
591 1634 773 1686 satum
797 1635 856 1683 et
880 1626 1161 1699 carnalem
1200 1636 1444 1696 partum.
1473 1624 1766 1692 Quintum,
1799 1622 1947 1693 quod

356 1731 494 1779 ante
515 1724 733 1792 lapsum
764 1721 910 1775 Deus
930 1717 1209 1773 mandarit
1237 1726 1299 1773 ut
1326 1717 1461 1787 ipsis
1507 1725 1563 1771 et
1585 1716 1857 1787 jumentis
1882 1722 1950 1769 ’et

2042 515 2202 586 921
2256 513 2558 584 perlectam
2590 511 2787 567 subeat
2817 520 3088 576 mortem;
3120 510 3269 581 quod
3318 510 3485 564 etiam
3545 514 3625 564 ia-

2044 619 2195 662 ctum
2217 615 2303 661 cst
2330 605 2730 660 com'enienter
2756 603 2878 658 voci
2911 618 3033 673 quae
3063 603 3114 657 ei
3138 601 3278 656 dixit
3305 618 3318 655 :
3346 600 3511 655 Terra
3549 616 3626 664 es,

2044 708 2095 754 et
2126 703 2183 759 in
2206 709 2408 753 terram
2432 699 2729 759 reverteris.
3130 680 3133 687 ’

2115 791 2225 847 Sed
2248 790 2317 847 de
2336 790 2440 845 hac
2469 777 2661 843 divina
2690 787 2966 843 sententia
3015 786 3082 842 de
3114 794 3315 841 caetero
3350 784 3513 840 nobis
3534 798 3629 838 oc-

2045 883 2225 940 currit
2256 885 2311 937 in
2341 882 2636 952 prteseutia
2682 880 2983 937 dicendum
3012 879 3278 934 adversus
3331 875 3631 932 Samaria-

2044 990 2202 1030 num.
2241 972 2393 1027 lianc
2423 972 2572 1027 enim
2599 971 2764 1026 nobis
2783 969 3029 1024 divinam
3049 983 3245 1024 vocem
3270 982 3478 1036 susque
3526 966 3628 1022 de-

2047 1081 2156 1136 que
2180 1064 2371 1135 objicit
2390 1064 2456 1119 ad
2485 1062 2788 1134 negandum
2822 1071 2880 1118 et
2909 1059 3237 1117 abolendam
3274 1068 3628 1114 mortuorum

2050 1158 2546 1221 resurrectionem,
2580 1170 2701 1226 qua:
2723 1154 2860 1210 dicit
2879 1152 3132 1208 Adamo:
3167 1151 3331 1206 Terra
3370 1166 3445 1216 es,
3478 1157 3529 1204 et
3572 1150 3631 1204 in

2050 1263 2252 1307 terram
2280 1251 2575 1305 reverteris.
2611 1247 2895 1305 Adversus
2928 1261 3096 1318 quem
3117 1245 3206 1316 (ut
3244 1244 3414 1299 etiam
3448 1242 3629 1299 dicam

2049 1343 2417 1414 corporalius)
2457 1340 2594 1396 illud
2641 1346 2767 1394 ante
2830 1338 2937 1393 alia
2990 1344 3211 1407 oportet
3267 1334 3630 1401 contendere,

2049 1434 2335 1504 quodnon
2366 1441 2446 1486 csl
2478 1432 2690 1502 integre
2713 1446 2781 1485 ex
2830 1439 2979 1484 terra
3016 1447 3028 1481 :
3056 1429 3153 1486 sed
3194 1428 3381 1498 aliqua
3405 1425 3634 1498 quidem

2052 1542 2180 1596 pars
2210 1542 2277 1580 ex
2305 1533 2475 1583 terra.
2501 1523 2685 1593 aliqua
2745 1530 3071 1599 autemnon
3101 1537 3170 1577 ex
3203 1531 3374 1587 terra,
3416 1519 3516 1575 sed
3564 1534 3635 1576 ex

2052 1620 2166 1675 Deo
2218 1634 2318 1686 per
2369 1616 2831 1693 insnﬁlationem.
2896 1615 3133 1685 Propter
3192 1615 3342 1684 quod
3395 1613 3632 1669 animam

2052 1726 2280 1781 queque,
2299 1711 2582 1764 viventem
2611 1708 2833 1764 vocavit
2860 1708 3019 1763 illum
3049 1709 3234 1773 Deus;
3265 1715 3321 1761 ct
3341 1707 3637 1778 oportebat

355 1814 691 1869 volucribus
713 1811 1027 1867 communis
1057 1820 1359 1867 essetesus
1387 1809 1683 1865 seminum.
1721 1808 1946 1865 Sextum
1981 1785 2022 1839 Β
2057 1802 2227 1874 (sicut
2278 1801 2622 1858 etiamidicit
2673 1800 2903 1872 quidam
2961 1816 3030 1855 ex
3086 1798 3355 1871 externis)
3395 1798 3634 1870 quodex

358 1921 565 1962 rursus
606 1903 744 1959 dicit
788 1902 1051 1973 magister
1082 1920 1097 1957 :
1138 1902 1200 1958 Si
1241 1918 1396 1957 omne
1423 1900 1563 1973 quod
1590 1902 1757 1956 intrat
1785 1901 1842 1955 in
1869 1917 1947 1966 os,

354 1999 506 2053 vada
528 1998 586 2052 in
614 2012 876 2051 secessum
905 1996 1048 2061 “'3',
1075 2005 1139 2048 ut
1160 2002 1247 2049 est
1278 2010 1383 2049 vox
1404 1993 1647 2058 Domini,
1674 1993 1791 2048 ﬁeri
1839 2009 1949 2047 non

357 2099 554 2162 posset
585 2096 646 2143 ut
674 2103 802 2144 cum
852 2088 959 2158 ipsi
992 2087 1363 2143 communiter
1400 2095 1590 2141 essent
1647 2085 1950 2156 participes

354 2197 494 2238 esus
516 2181 810 2245 seminum,
830 2179 929 2250 qui
945 2187 1031 2235 est
1055 2179 1314 2250 proprius
1336 2177 1622 2250 iumentis,
1647 2193 1757 2232 non
1785 2177 1949 2231 etiam

364 2288 561 2345 parem
588 2282 645 2328 et
670 2272 743 2327 ab
775 2272 1010 2326 interitu
1038 2286 1151 2327 non
1180 2272 1351 2327 alieni
1378 2270 1593 2325 ferrent
1651 2269 1951 2327 necessita-

360 2376 499 2422 tem.
540 2364 852 2435 Septimum
876 2363 1035 2433 quod
1061 2374 1118 2419 et
1138 2363 1317 2418 somni
1339 2379 1622 2428 excessus,
1655 2373 1711 2417 ct
1739 2362 1952 2418 excisio

357 2466 560 2524 costae,
587 2470 721 2512 sunt
747 2455 954 2512 indicia
987 2463 1045 2510 et
1066 2465 1394 2526 argumenta
1432 2456 1620 2511 carnis
1646 2453 1953 2509 materialis

356 2561 421 2606 et
453 2565 486 2604 e
529 2558 676 2604 terra
718 2547 936 2618 genitae,
990 2554 1053 2600 ut
1093 2563 1217 2617 qua:
1242 2549 1428 2607 locum
1476 2563 1587 2603 non
1626 2548 1866 2603 habeant
1893 2546 1951 2601 in

362 2636 668 2697 immortali
709 2633 1247 2700 natura.-Octavum,
1272 2638 1319 2691 si
1354 2639 1837 2706 expersmaterize
1896 2647 1954 2692 et

364 2733 734 2800 incorporeus
774 2736 894 2783 erat
941 2728 1115 2783 homo
1152 2738 1280 2783 ante
1307 2714 1766 2794 inobedientiam,
1814 2744 1954 2799 quo-

348 2821 539 2877 modo
553 2819 692 2874 dicit
712 2817 781 2873 de
803 2826 957 2873 costa
987 2833 1057 2873 ex
1079 2834 1150 2877 eo
1181 2829 1405 2890 sumpta
1439 2837 1454 2874 :
1481 2818 1592 2875 Hoc
1616 2837 1756 2875 nunc
1798 2837 1853 2874 os
1887 2836 1953 2874 ea:

360 2910 566 2966 ossibus
630 2910 780 2974 meis,
833 2917 883 2962 et
911 2925 1037 2963 caro
1078 2926 1142 2964 ex
1190 2927 1351 2965 carne
1404 2912 1562 2966 mea?
1591 2912 1847 2977 Nonum,
1903 2913 1949 2968 si

361 2998 609 3054 Christus
639 2997 847 3051 dicitur
868 2998 1122 3067 primitias
1146 2997 1194 3030 ⁸⁸
1218 3008 1269 3052 et
1308 3001 1686 3072 primogenitae
1711 3018 1773 3069 ea;
1805 3020 1948 3057 mor-

2057 1902 2203 1949 terra
2242 1901 2347 1957 est,
2399 1893 2455 1947 in
2483 1902 2712 1955 terram,
2740 1891 2889 1960 quod
2916 1899 3105 1945 autem
3159 1906 3228 1945 ex
3256 1890 3370 1946 Deo
3416 1897 3521 1955 est,
3566 1891 3637 1945 ad

2053 1985 2226 2040 Deum
2260 1984 2467 2039 reverti
2513 2001 2525 2036 :
2561 1983 3014 2053 quandoquidem
3062 1997 3168 2037 nec
3215 1981 3330 2053 ipsa
3375 1987 3635 2038 universa

2051 2077 2302 2146 corporis
2343 2075 2586 2132 essentia
2621 2084 2708 2131 est
2737 2076 2951 2145 integre
2977 2073 3357 2139 ex,terra,scd
3390 2090 3459 2130 ex
3486 2075 3636 2146 igne,

2052 2177 2110 2225 et
2137 2186 2208 2225 ex
2221 2185 2381 2239 ,aere,
2414 2177 2471 2224 et
2493 2184 2659 2240 aqua.
2692 2168 2788 2224 Sin
2814 2177 2999 2223 autem
3020 2168 3189 2223 homo
3213 2168 3537 2238 cstintcgrc
3570 2178 3637 2222 ex

2054 2271 2220 2328 terra,
2245 2263 2388 2318 nihil
2412 2262 2599 2318 differt
2622 2278 2654 2318 a
2686 2277 2815 2317 vase
2852 2261 3027 2326 ﬁctili,
3056 2269 3112 2317 et
3142 2263 3255 2332 jam
3300 2269 3489 2333 posset
3515 2258 3641 2331 qui-

2054 2354 2191 2410 libet
2219 2353 2419 2424 ﬁgulus
2449 2352 2660 2433 ﬁngere
2680 2353 2958 2408 homines.
2995 2351 3102 2409 Sed
3136 2366 3320 2422 neque
3343 2352 3524 2408 factus
3548 2360 3637 2406 est

2052 2447 2199 2504 alius
2228 2446 2397 2502 homo
2427 2462 2497 2502 ex
2529 2444 2676 2501 terra
2698 2446 2807 2501 nisi
2835 2446 2989 2502 solus
3008 2445 3183 2500 Adam
3222 2461 3235 2497 :
3259 2453 3318 2499 et
3345 2443 3639 2515 oportebat

2020 2584 2025 2588 .
2052 2537 2111 2593 in
2137 2539 2319 2609 ipsum
2356 2537 2537 2592 solum
2560 2537 2712 2592 ferre
2728 2537 2933 2591 mortis
2952 2535 3311 2599 sententiam,
3345 2543 3403 2589 et
3440 2549 3555 2588 non
3582 2532 3638 2586 in

2054 2630 2228 2684 ullum
2256 2630 2447 2685 alium.
2476 2628 2856 2685 Omnesenim
2890 2630 2995 2683 nos
3024 2627 3283 2682 homines
3337 2641 3532 2682 sumus
3571 2641 3640 2681 ex

2053 2721 2415 2786 hominibus,
2443 2729 2649 2781 etnon
2694 2736 2766 2775 ex
2802 2730 2955 2775 terra
2989 2736 3013 2771 :.
3054 2726 3112 2775 et
3140 2717 3381 2775 maxime
3412 2718 3521 2773 hoc
3569 2717 3642 2774 de

2053 2815 2284 2870 muliere
2312 2814 2423 2869 dici
2448 2830 2562 2868 non
2588 2812 2756 2867 habet
2784 2812 2990 2877 locum,
3010 2810 3279 2881 quoniam
3301 2810 3446 2866 facta
3467 2818 3553 2865 est
3572 2826 3643 2865 ex

2051 2909 2226 2964 latere
2250 2908 2379 2977 vita:
2399 2905 2464 2978 υ.
2499 2904 2628 2977 viri]
2654 2922 2668 2958 :
2699 2914 2757 2960 et
2780 2913 3064 2975 oporteret
3087 2904 3141 2960 ei
3165 2903 3388 2961 dicere:
3413 2902 3569 2960 Costa
3586 2919 3641 2957 rs

2052 3003 2299 3064 hominis,
2318 3009 2366 3055 et
2382 3002 2453 3056 ad
2477 3008 2680 3055 costam
2702 2998 3130 3067 reverteris.,Sed
3154 3014 3337 3070 neque
3363 2999 3638 3063 volucres,

360 3090 473 3145 tuis
511 3090 556 3122 ⁸⁷
582 3098 667 3159 (ut
695 3090 791 3160 qui
830 3090 1045 3159 primus
1076 3090 1294 3147 scilicet
1321 3093 1676 3149 suscitaverit
1718 3097 1953 3151 sanetis-s
1977 3125 2023 3183 ο
2055 3093 2102 3149 si
2135 3103 2461 3164 spectentur
2481 3093 2652 3153 verba
2675 3090 3033 3156 Samaritani.
3054 3091 3319 3162 ειιὺὶθοιω
3336 3098 3468 3145 ειιιιι
3488 3104 3641 3145 mor“

360 3179 572 3235 simum
600 3194 764 3233 suum
818 3194 1021 3247 corpus
1073 3179 1142 3234 ab
1203 3179 1437 3235 interitu
1484 3182 1731 3237 alienum
1760 3192 1817 3238 et
1842 3184 1953 3238 im-

363 3270 646 3341 mortale),
676 3272 958 3340 quomodo
1000 3269 1121 3324 ﬁeri
1151 3281 1336 3341 potest
1371 3283 1451 3340 ut,
1480 3284 1779 3345 antequam
1808 3285 1956 3333 esset

362 3363 796 3435 primogenitus,
826 3362 1010 3418 factus
1053 3363 1127 3418 sit
1152 3363 1322 3421 homo
1373 3382 1429 3423 a.
1456 3367 1570 3422 Deo
1600 3346 1656 3423 in
1701 3368 1957 3425 incorru-

364 3457 562 3528 ptione
583 3455 768 3528 carnis
796 3464 853 3510 et
878 3455 935 3508 in
961 3455 1419 3529 immortalitate?
1444 3460 1731 3525 Decimum
1765 3470 1954 3516 autem

362 3551 438 3605 ad
479 3550 628 3620 ipsos
677 3549 1216 3606 demonstrationem
1246 3551 1380 3612 facit
1433 3552 1529 3611 ille
1558 3553 1755 3620 Pater,
1804 3553 1955 3609 illam

364 3643 681 3698 Servatoris
730 3659 923 3701 vocem
963 3643 1034 3699 ad
1092 3639 1427 3709 Sadducaaos
1466 3661 1590 3715 quae
1616 3644 1771 3714 dicit,
1804 3645 1957 3716 quod

364 3730 464 3799 qui
494 3731 644 3801 digni
669 3732 844 3787 habiti
879 3735 1091 3791 fuerint
1124 3734 1261 3789 illud
1311 3735 1573 3803 saeculum
1605 3733 1851 3804 assequi,
1897 3742 1959 3788 et

364 3821 520 3876 illam
580 3838 649 3878 ex
699 3827 939 3881 mortuis
1010 3826 1501 3891 resurrectionem,
1540 3844 1954 3898 neque.uxorcs

359 3915 589 3979 ducunt,
621 3931 731 3979 nec
762 3917 963 3971 nubunt
989 3918 1054 3973 ⁸⁸.
1102 3918 1295 3988 Neque
1347 3915 1497 3972 enim
1530 3919 1770 3988 amplius
1814 3920 1955 3974 mori

362 4016 625 4077 possunt.
656 4007 712 4063 Si
741 4024 875 4080 ergo
901 4026 1012 4064 non
1041 4009 1451 4080 possuntmori
1479 4000 1752 4067 cum'sin‘t
1787 4012 1843 4065 in
1870 4013 1955 4066 in-

362 4101 748 4171 corruptione,
778 4102 824 4156 si
860 4100 1087 4172 quidem
1131 4102 1415 4157 fabulatur
1464 4101 1752 4173 Origenes,
1808 4105 1955 4173 quod

368 4197 882 4267 resurgimus-tales
904 4205 1104 4253 natura
1118 4197 1392 4268 corporis,
1416 4196 1597 4267 qualis
1629 4204 1751 4252 erat
1781 4197 1953 4251 Adam

363 4299 497 4345 ante
522 4290 1044 4361 transgressionem.

440 4379 550 4451 Sed
588 4381 957 4437 'manit'estum
989 4390 1075 4438 est
1117 4381 1413 4453 Origenem
1450 4396 1652 4452 negare
1703 4398 1956 4438 resurre-

2058 3185 2120 3250 U,
2158 3201 2341 3255 neque
2369 3186 2550 3256 pisces
2579 3202 2593 3239 :
2629 3200 2743 3239 non
2773 3184 2925 3239 enim
2947 3183 3062 3239 nati
3085 3191 3214 3239 sunt
3242 3199 3312 3239 ex
3346 3193 3515 3247 terra,
3543 3182 3640 3239 sed

2054 3292 2131 3333 ex.
2151 3276 2333 3346 aquis.
2367 3275 2658 3343 Quomodo
2682 3284 2877 3331 autem
2912 3291 3040 3331 cum
3069 3274 3131 3329 in
3153 3284 3429 3346 praecepto
3465 3274 3643 3330 dixis-

2056 3379 2144 3425 set
2177 3371 2326 3426 Deus
2344 3369 2559 3453 bomlni
2587 3387 2600 3423 :
2631 3367 2752 3435 Qua
2799 3380 2978 3426 autem
2997 3370 3083 3425 die
3130 3367 3459 3424 comederitis
3483 3383 3549 3422 ea:
3570 3365 3641 3422 li-

2028 3458 2031 3461 ’
2056 3463 2748 3533 gnocogaoscendiboaum
2764 3470 2823 3516 et
2849 3464 3072 3527 malum,
3100 3470 3267 3517 morte
3301 3462 3599 3531 moriemini
3618 3477 3642 3517 :

2056 3554 2149 3608 hic
2177 3553 2236 3608 in
2268 3553 2450 3624 pomis
2479 3553 2712 3611 omnino
2741 3570 2855 3608 non
2891 3553 3206 3611 nominavit
3253 3562 3510 3618 mortem,
3536 3552 3641 3609 sed

2058 3646 2687 3713 reversionem,.dicens
2712 3663 2728 3699 :
2752 3645 2916 3701 Terra
2946 3664 3027 3711 es,
3068 3655 3125 3701 et
3148 3647 3199 3700 in
3222 3656 3421 3701 terram
3465 3660 3643 3701 rever-

2057 3741 2205 3794 teris.
2245 3740 2287 3795 T
2295 3757 2328 3795 ιι
2350 3740 2530 3796 solum
2566 3738 2783 3794 redibis
2804 3749 2862 3795 et
2882 3740 3196 3794 reverteris
3226 3738 3281 3793 in
3326 3749 3550 3804 terram,
3581 3748 3641 3794 tu

2056 3833 2235 3897 solus,
2256 3848 2370 3888 non
2395 3824 2564 3905 eiiam
2595 3832 2820 3889 mulier.
2854 3831 3131 3898 Quoniam
3170 3847 3306 3903 ergo
3330 3846 3449 3889 non
3500 3831 3642 3889 dixit

2057 3927 2205 3982 Deus
2236 3943 2251 3981 :
2285 3924 2456 3981 Terra
2488 3925 2644 3988 estis,
2674 3933 2729 3980 et
2763 3925 2817 3979 in
2872 3934 3019 3979 terra
3065 3924 3416 3980 revertemini
3447 3942 3462 3977 :
3499 3940 3641 3996 quo-

2020 4064 2025 4065 κ
2058 4020 2226 4075 modo
2258 4019 2379 4074 illic
2406 4018 2780 4074 communiter
2816 4017 3081 4088 praecepit
3110 4035 3123 4070 :
3154 4016 3331 4072 Nolite
3351 4020 3639 4083 concedere,

2059 4110 2456 4175 nemoriamini
2480 4110 2510 4164 2
2546 4111 2615 4165 Et
2646 4110 3028 4166 rursusdixit
3060 4111 3487 4166 communiter:
3521 4111 3641 4166 Ma-

2055 4203 2265 4273 scalam
2282 4211 2334 4258 et
2366 4201 2621 4273 feminam
2660 4203 2781 4274 fecit
2822 4219 2931 4269 eos,
2956 4215 3017 4258 et
3041 4203 3416 4259 communiter
3463 4202 3645 4260 domi-

2024 4348 2029 4351 Α
2056 4296 2211 4357 nium
2236 4295 2489 4363 omnium
2530 4294 2687 4355 dedit
2716 4293 2820 4359 eis,
2855 4293 3231 4353 communiter
3270 4309 3454 4351 escam
3486 4294 3642 4365 prio-

2057 4402 2201 4451 rem,
2246 4395 2305 4441 et
2340 4385 2716 4446 communiter
2763 4384 3214 4457 vitaaodegendse
3257 4385 3530 4443 rationem
3582 4386 3639 4442 in

360 4471 611 4527 ctionem
640 4472 844 4539 carnis,
872 4480 930 4527 et
968 4472 1096 4528 ideo
1117 4473 1298 4528 nudas
1325 4487 1390 4528 ac
1419 4473 1565 4529 solas
1589 4487 1711 4528 esse
1741 4473 1955 4531 animas
1974 4468 2031 4537 ,Β
2050 4480 2328 4551 paradiso
2355 4497 2369 4533 :
2410 4479 2785 4539 communiter
2835 4478 3205 4551 comederunt
3250 4494 3321 4532 ex
3373 4478 3544 4549 ligno,
3583 4487 3641 4535 et

360 4576 469 4618 n08
493 4571 551 4617 ei
578 4562 881 4631 Mantum,
898 4566 1122 4634 quando
1143 4565 1327 4627 factus
1350 4565 1478 4635 fuit,
1510 4566 1681 4637 impie
1730 4566 1953 4621 fabular
2020 4608 2027 4613 -
2057 4567 3056 4641 communiter,visumreceperunt,:
3088 4570 3467 4627 communiter
3490 4570 3639 4633 fece-

363 4666 482 4719 tur,
516 4664 580 4710 ut
621 4672 745 4727 qua:
806 4666 999 4745 essent
1031 4668 1162 4715 ante
1196 4674 1419 4728 corpus.
1470 4661 1652 4728 Atque
1679 4658 1774 4729 qui
1814 4658 1954 4714 dicit
2058 4670 2193 4716 runt
2247 4662 2611 4733 subligacula,
2656 4659 3030 4717 communiter
3063 4659 3389 4717 audierunt
3444 4674 3639 4716 vocem

359 4746 610 4817 quidem,
634 4749 712 4803 ait
746 4748 871 4820 ipse
888 4749 1227 4817 Methodius,
1258 4750 1662 4823 protoplaswm
1689 4749 1951 4809 Ιιεὼιιίεεθ
2058 4756 2156 4812 Dei
2213 4754 2631 4815 deambulantis
2680 4755 2833 4812 sicut
2860 4754 2932 4809 de
2980 4770 3048 4811 eo
3088 4753 3244 4824 prius
3286 4752 3548 4819 diximus,
3581 4765 3640 4810 et

357 4855 570 4911 corpus
603 4842 818 4898 ﬁrmius
845 4858 913 4898 ac
936 4844 1098 4915 longe
1126 4846 1349 4910 melius,
1380 4844 1529 4914 quod
1568 4845 1822 4913 ordinem
1853 4846 1952 4900 ha-
2054 4848 2434 4903 communiter
2456 4847 2783 4912 timuerunt,
2805 4854 2862 4902 et
2888 4846 3056 4902 simul
3083 4845 3429 4903 delituerant
3451 4861 3640 4917 :opor-

360 4933 537 4988 behat
564 4935 955 5003 intermedium
976 4938 1125 4993 inter
1150 4937 1440 4992 interitum
1478 4947 1537 4997 et
1582 4937 1955 5009 incorruptio-
2058 4939 2213 5000 tebat
2236 4940 2413 4997 etiam
2443 4954 2543 4997 eos
2568 4940 2665 5009 qui
2692 4938 2880 4995 omnia
2909 4938 3285 4999 communiter
3302 4936 3558 4994 fecerunt
3582 4947 3642 4995 et

355 5043 513 5092 nem,
548 5045 648 5085 seu
684 5031 1041 5093 remotiorem
1072 5032 1142 5087 ab
1161 5031 1427 5095 interitu,
1456 5032 1504 5087 is
1530 5033 1763 5091 minime
1787 5033 1951 5109 aber-
2032 5032 2215 5103 ,passi.
2236 5038 2388 5095 sunt,
2428 5042 2783 5097 communem
2813 5041 2872 5088 et
2898 5031 3151 5089 eamdem
3190 5046 3222 5086 a
3243 5030 3639 5103 Deo-accipere

357 5119 591 5174 raverit.
624 5118 798 5177 Nobis
841 5123 991 5178 enim
1020 5123 1129 5180 hoc
1174 5123 1468 5179 conﬁrmat
1510 5125 1954 5194 sapientissimus
2054 5124 2386 5187 sententiam
2408 5138 2534 5194 quae
2555 5123 2695 5178 dicit
2727 5124 2942 5180 homini
2970 5124 3138 5196 eique
3172 5124 3277 5181 soli
3307 5141 3322 5179 :
3370 5121 3534 5179 Terra
3560 5139 3635 5189 es,

357 5210 649 5277 Salomon,
672 5212 868 5269 dicens
908 5231 922 5268 :
943 5214 1172 5285 Propter
1199 5217 1649 5286 incorruptionem
1673 5217 1793 5288 fecit
1814 5216 1953 5271 Deus

354 5302 628 5374 hominem
653 5301 701 5334 ⁸⁸
738 5323 753 5358 :
787 5305 893 5361 hoc
924 5319 1034 5373 est,
1055 5307 1451 5385 intertiiedium
1482 5309 1629 5364 inter
1666 5308 1954 5365 inﬂuxibiv-

353 5394 576 5451 litatem
610 5403 668 5450 et
713 5395 950 5465 ﬂuxum,
996 5409 1070 5455 ut
1112 5411 1210 5457 aut
1235 5401 1306 5469 (si
1353 5400 1409 5456 id
1441 5401 1591 5470 quod
1638 5410 1729 5471 ost
1749 5403 1952 5463 melius

352 5485 618 5555 elegerit,
639 5497 700 5542 ut
729 5487 950 5555 videtur
994 5488 1164 5546 etiam
1187 5489 1459 5561 Gregorio
1490 5491 1794 5562 Theologo)
1825 5508 1951 5563 pros

355 5577 526 5636 cedat
546 5579 616 5636 ad
646 5581 954 5653 perfectam
1008 5582 1479 5653 incorruptionem
1538 5595 1597 5643 et
1624 5585 1949 5644 immortali-

2030 5227 2103 5279 ,ει
2132 5220 2188 5275 in
2225 5229 2432 5272 terram
2454 5218 2749 5273 reverteris.
2775 5218 2880 5273 llic
2904 5218 3080 5283 enim),
3126 5218 3175 5275 si
3204 5216 3347 5279 mihi.
3372 5232 3486 5274 non
3510 5232 3641 5274 suc-

2030 5317 2280 5373 censeat
2302 5307 2691 5365 Samaritanus
2715 5316 2779 5364 et
2803 5307 3193 5374 Judaeusrnon
3221 5309 3468 5380 loquitur
3491 5307 3639 5365 Deus

2054 5402 2124 5458 de
2151 5417 2262 5457 una
2299 5400 2520 5466 eadem,
2549 5400 2650 5456 sed
2676 5399 2746 5456 de
2765 5400 3006 5459 duabus.
3026 5402 3144 5459 Non
3172 5402 3322 5458 enim
3352 5410 3485 5459 tunc
3498 5399 3639 5456 dixit

2054 5494 2307 5549 homini:
2338 5494 2423 5549 Ea:
2462 5502 2718 5572 terrales,
2767 5500 2817 5547 et
2843 5494 2901 5547 in
2933 5501 3134 5549 terram
3166 5494 3442 5550 reverteris
3466 5508 3486 5547 .'
3513 5493 3636 5555 sed.

2055 5589 2216 5644 Terra
2237 5604 2314 5655 es,
2339 5597 2389 5642 et
2418 5590 2474 5643 in
2506 5598 2702 5643 terram
2737 5587 3034 5652 reverteris,
3064 5585 3227 5641 aliam
3253 5595 3310 5641 et
3334 5585 3497 5641 aliam
3527 5593 3642 5642 ter-

430 5768 551 5805 ⁸³οέ
572 5772 764 5828 Matth.
791 5787 879 5834 xv,
917 5754 1005 5824 l7:
1069 5771 1120 5802 ³⁸
1149 5771 1170 5826 ι
1201 5770 1329 5826 Cor.
1356 5786 1442 5837 xv,
1470 5772 1557 5826 20.
1635 5773 1677 5803 ⁸⁷
1708 5770 1937 5828 Gulussa

2048 5773 2129 5828 18.
2209 5774 2255 5807 ⁸⁸
2283 5773 2419 5829 Luc.
2453 5789 2543 5839 xx,
2570 5771 2657 5827 55.
2737 5772 2781 5803 ⁸³
2809 5771 2938 5843 Sap.
2976 5785 3016 5838 ι,
3054 5769 3139 5826 IL
