3942 6298
197 258 333 326 1085

1240 272 1324 334 ΙΝ
1367 274 1893 338 HEXAEMERON
1948 279 2261 338 Llli.XlI.

3297 275 3447 341 1066

189 384 632 453 ἁποστραφεϊσαν
672 383 836 438 αὐτὸν
886 385 1234 458 Ἐκκλησίαν.
1286 388 1414 443 Ζῶι·
1448 392 1557 460 γάρ
1591 393 1750 447 ἐστιν

1867 395 1934 448 ad
1983 396 2230 449 omnium
2283 394 2472 460 vitam,
2523 410 2689 464 seque
2747 395 2927 465 ipsum
2972 395 3187 449 vocavit
3242 397 3449 467 lignum

184 477 218 528 ὀ
247 474 429 543 λόγος
469 473 577 528 τοῦ
600 476 749 529 Θεοῦ
786 476 887 530 καί
917 477 1166 548 ἐνεργὴς
1202 480 1479 551 ὑπάρχει,
1525 485 1621 538 καὶ
1671 502 1764 538 το-

184 563 448 631 μώτερος
476 565 630 634 ὑπὲρ
653 563 863 622 πᾶσαν
882 568 1187 638 μάχαιραν
1203 571 1512 644 δίστομον,
1533 576 1608 640 ὥς
1629 595 1761 649 φησι

182 653 413 719 Παῦλος.
448 657 660 729 Ὥσπερ
690 660 798 732 γὰρ
825 662 854 714 ὁ
885 661 1013 725 Υίὸς
1040 664 1158 727 ὁδὸς
1187 665 1319 734 ἡμῖν
1353 667 1470 720 ἐστι
1503 668 1640 738 πρὸς
1672 670 1763 723 τὸν

181 741 423 816 Πατέρα,
480 746 675 816 λέγων·
722 749 870 819 Ἐγώ
921 753 1036 821 ειμι
1086 755 1126 822 ἡ
1162 753 1321 820 ὁδὸς,
1373 755 1547 817 οὕτως
1596 761 1689 813 καὶ
1727 764 1761 833 ή

191 834 488 907 Ἐκκλησία
532 838 650 903 ὁδὸς
679 841 824 912 ζωῆς
869 843 1003 913 ἡμῖν
1035 845 1153 898 ἐστι
1184 847 1321 916 πρὸς
1345 849 1439 902 τὸν
1474 850 1623 918 Υίὸν,
1671 852 1761 906 λέο

178 940 365 993 γοντα·
406 928 545 998 Ἐγώ
564 931 680 1000 ειμι
713 928 846 999 ζωή.
881 934 992 987 Καὶ
1021 934 1109 989 διὰ
1146 936 1307 991 τοῦτο
1328 938 1474 1010 ζωὴν
1506 940 1761 1012 ὠνόμασε

178 1016 273 1069 καὶ
300 1017 399 1086 τὴν
427 1019 591 1072 αὑτοῦ
629 1025 884 1091 γυναῖκα,
916 1023 993 1089 ὼς
1023 1024 1092 1079 τὰ
1134 1027 1249 1091 ζῶα
1292 1030 1441 1101 ἡμᾶς
1470 1029 1761 1096 ζωοποιοῦν

180 1122 300 1193 σαν,
330 1109 425 1161 καὶ
453 1110 756 1177 ὁδηγοῦσαν
780 1114 921 1185 πρὸς
953 1114 1054 1185 τὴν
1094 1116 1313 1172 πάντων
1348 1120 1493 1193 ζωήν
1516 1138 1531 1153 ο
1578 1122 1660 1177 διὸ
1701 1125 1762 1178 τὸ

179 1191 336 1256 ξύλον
369 1197 564 1252 ἑαυτὸν
596 1199 698 1269 τῆς
731 1201 897 1273 ζωῆς,
942 1204 1087 1258 τοῦτ’
1122 1207 1240 1260 ἐστι
1271 1208 1369 1278 τῆς
1411 1191 1758 1281 Ἐκκλησίας,

176 1282 378 1350 ταύτης
409 1286 561 1357 αὐτῷ
600 1288 862 1360 ἀρθείσης
909 1291 1015 1345 ὑπὸ
1049 1294 1144 1348 τοῦ
1189 1297 1418 1369 Πατρὸς,
1452 1300 1548 1354 καὶ⁹
1578 1318 1765 1355 συνενα-

174 1373 426 1443 δυθείσης
450 1377 544 1429 τὸν
584 1379 651 1430 ἐκ
687 1377 844 1443 ζώων
899 1382 992 1433 τοῦ
1045 1386 1378 1455 παραδείσου
1427 1388 1752 1460 δερμάτινον

173 1466 403 1533 χιτῶνα,
436 1467 606 1521 Ὅταν
642 1468 743 1539 μὲν
785 1467 881 1524 οὖν
912 1474 941 1524 ὁ
981 1474 1216 1543 Χριστὸς
1249 1480 1392 1532 οίκεῖ
1416 1482 1475 1534 ἐν
1498 1483 1652 1551 ἡμῖν,
1685 1484 1760 1548 ὡς

173 1556 389 1621 Παῦλος
419 1557 538 1629 βοᾷ,
620 1560 945 1632 δερμάτινον
979 1568 1186 1635 χιτῶνα
1223 1569 1503 1625 ἐνδύεται⁶
1536 1576 1662 1628 ὅταν
1702 1577 1759 1630 δὲ

171 1645 338 1698 πάλιν
361 1647 458 1716 τὴν
476 1648 776 1720 λεγομένην
802 1653 950 1723 ζωὴν
972 1659 1206 1722 γυναῖκα
1226 1659 1395 1713 αὑτοῦ
1430 1662 1758 1735 Ἐκκλησίαν

1868 485 2076 551 νίιωήά
2110 496 2216 551 est,
2248 484 2653 557 Ecclesiaequa:
2684 470 2812 540 illia
2843 486 3006 541 Patre
3040 486 3332 555 conjuncta
3365 498 3451 543 est

1865 588 1920 632 et
1948 587 2155 649 aptata,
2186 588 2241 635 et
2267 580 2528 634 amictum
2564 578 2714 633 illum
2750 578 2987 648 denique
3018 593 3086 632 ex
3118 579 3450 635 animalibus

1867 669 2107 738 paradisi
2161 670 2443 739 pelliceam
2495 669 2737 725 tunicam
2783 669 2944 723 dixit.
2997 666 3231 734 Quando
3284 671 3451 739 igitur

1863 760 2118 816 Christus
2156 761 2365 816 habitat
2394 761 2450 816 in
2482 761 2665 827 nobis,
2704 770 2763 815 ut
2792 761 2996 815 clamat
3024 759 3252 826 Paulus,
3295 761 3451 832 pelli-

1864 864 2016 905 ceam
2069 851 2312 907 tunicam
2360 852 2555 906 induit.
2596 850 2829 917 Quando
2860 861 3042 905 autem
3080 867 3274 906 rursus
3315 867 3440 905 mu-

1866 941 2055 997 lierem
2095 955 2253 998 suam
2288 958 2413 1015 quae
2458 942 2569 998 vita
2621 942 2846 1009 dicitur,
2895 941 3198 998 Ecclesiam
3246 941 3446 1008 induit,

1863 1034 2022 1103 quasi
2048 1035 2250 1105 duplex
2286 1034 2561 1107 quoddam
2594 1033 3034 1100 tabernaculum,
3066 1034 3191 1089 inde
3221 1033 3446 1104 quidem

1865 1125 2156 1181 habentem
2180 1140 2402 1183 sacrum
2431 1124 3206 1197 propitiatorium,animatam
3225 1141 3447 1181 carnem

1862 1218 2004 1289 Agui
2035 1218 2536 1275 circumferentem.
2571 1220 2700 1275 Inde
2727 1234 2861 1275 vero
2889 1218 3004 1291 (26)
3040 1219 3251 1274 cultum
3283 1236 3447 1276 mun-

1862 1310 2066 1366 danum
2132 1312 2356 1367 attende
2408 1320 2469 1366 ut
2520 1310 2726 1368 Paulus
2778 1327 2847 1367 ea
2895 1312 3057 1382 plane
3111 1312 3338 1378 doceat,
3392 1322 3450 1367 ut

1862 1403 2055 1472 legalia
2092 1403 2182 1458 illa
2227 1404 2279 1458 in
2321 1401 2626 1458 Ecclesiam
2670 1404 2922 1459 traducat
2973 1413 3027 1458 et
3061 1403 3264 1459 referat
3306 1413 3449 1458 etut

1862 1501 2068 1548 statuat
2124 1492 2360 1562 primum
2423 1503 2475 1547 et
2533 1495 2834 1550 secundum
2891 1495 3280 1558 velamentum,
3330 1504 3445 1548 tum

1861 1585 2024 1638 etiam
2066 1584 2342 1656 quomodo
2389 1586 2630 1656 primum
2669 1586 2801 1640 illud
2835 1594 2889 1640 et
2914 1587 3158 1642 exterius
3194 1587 3450 1641 taberna-

1863 1676 2047 1731 culum
2095 1677 2361 1739 stabiliat,
2399 1676 2609 1733 habens
2640 1678 3063 1747 justilicationes
3102 1679 3352 1742 culturae,
3394 1688 3452 1733 et

169 1737 360 1808 ὥσπερ
389 1740 510 1793 τινὰ
540 1741 793 1812 δίσκηνον
824 1743 1026 1816 θεάσῃς
1045 1747 1208 1818 (ἓῦψ
1247 1750 1369 1805 ὅθεν
1408 1752 1506 1822 μὲν
1530 1754 1750 1825 ἔχουσαν

1865 1769 2063 1823 deinde
2102 1769 2238 1841 (26')
2276 1780 2398 1840 post
2424 1770 2725 1825 secundum
2763 1771 3164 1835 velamentum,
3214 1770 3449 1826 alterum

170 1829 233 1880 τὸ
282 1830 426 1900 ἱερὸν
475 1832 814 1904 ἱλαστήριον,
850 1835 1095 1908 ἔμψυχον
1129 1842 1311 1915 σάρκα
1355 1848 1758 1918 περιφέρουσαν

167 1920 270 1991 τὴν
301 1921 395 1975 τοῦ
440 1924 658 1994 ’Δμνοῦ.
711 1926 818 1980 Τοῦ
861 1927 1060 1993 ἔξωθεν
1093 1931 1150 1984 δὲ
1190 1935 1252 1986 τὸ
1282 1935 1437 2003 ἅγιον
1468 1944 1754 2009 κοσμικὸν,

88 2048 97 2049 κ
168 2012 426 2079 ἐννόησον
460 2013 667 2067 Παῦλον
693 2016 835 2069 αὐτὰ
860 2017 1184 2073 διδάσκοντα
1207 2025 1417 2091 σαφῶς,
1449 2030 1543 2081 καὶ
1563 2032 1628 2082 τὰ
1662 2031 1754 2084 τοῦ

167 2099 336 2169 νόμου
384 2104 463 2165 εἰς
511 2103 613 2174 τὴν
659 2104 989 2176 Ἐκκλησίαν
1042 2110 1405 2180 ἀναφέροντα,
1456 2117 1551 2169 καὶ
1600 2136 1756 2190 περι-

170 2191 375 2245 στάντα
410 2193 510 2262 μὲν
543 2196 604 2247 τὸ
634 2197 902 2269 πρότερον
935 2201 1333 2276 καταπέτασμα
1356 2222 1369 2235 °
1416 2208 1617 2276 ὁμοίως
1660 2214 1757 2264 καὶ

167 2282 230 2334 τὸ
267 2281 540 2353 δεύτερον,
570 2284 759 2357 ὥσπερ
794 2288 849 2341 δὲ
883 2289 1043 2344 πάλιν
1072 2293 1170 2360 τὴν
1206 2294 1431 2366 πρώτην
1484 2300 1575 2351 καὶ
1618 2301 1754 2367 ἐξω-

167 2372 334 2442 τέραν
382 2374 588 2446 σκηνὴν
635 2375 864 2447 ἔχουσαν
911 2378 1259 2448 δικαιώματα
1302 2386 1587 2455 λατρείας,
1637 2386 1755 2441 εἶτα

171 2464 311 2532 μετὰ
337 2465 398 2517 τὸ
437 2465 692 2537 δεύτερον
724 2470 1127 2541 καταπέτασμα
1157 2471 1390 2542 ήλοῦντα
1418 2474 1589 2546 ἄλλην
1620 2496 1756 2550 σκη-

169 2552 463 2625 τὴνἈγίαν
494 2556 603 2609 τῶν
630 2558 802 2626 ἁγίων
826 2576 839 2590 ο
874 2560 1124 2615 λείπεται
1158 2564 1336 2618 τοίνυν
1361 2565 1441 2636 τῷ
1473 2567 1616 2641 λόγῳ
1644 2570 1754 2623 λοι-

168 2648 291 2706 πὰν,
331 2648 466 2718 πρὸς
498 2647 558 2700 τὸ
595 2650 772 2718 πέρας
824 2650 921 2703 τοῦ
963 2652 1167 2722 δρόμου
1194 2656 1557 2730 ἐπειγομένῳ,
1591 2661 1756 2715 διότι-

168 2752 276 2805 περ
303 2738 361 2789 οὐ
389 2738 518 2808 περὶ
552 2741 872 2811 σωματικῆς
903 2744 1048 2813 ζωῆς
1081 2744 1299 2813 λέγεται
1329 2747 1433 2801 ὑπὸ
1461 2750 1596 2804 Θεοῦ
1626 2755 1755 2824 περὶ

166 2829 455 2899 ἀνθρώπου
504 2830 583 2897 τὸ,
633 2833 729 2900 Μή
776 2848 920 2888 ποτε
958 2836 1194 2907 ἑκτείνῃ
1254 2840 1369 2908 τὴν
1424 2845 1597 2914 xsi'pa
1651 2848 1751 2901 καὶ

164 2921 322 2992 λάϐῃ
364 2923 472 2977 τοῦ
503 2922 693 2987 ξύλου
738 2925 848 2994 τῆς
891 2927 1042 2997 ζὶυῆς
1071 2932 1167 2983 καὶ
1198 2932 1383 3002 φάγῃ,
1430 2938 1559 3007 περὶ
1587 2956 1753 2992 ’πνευ-⁸

168 3018 409 3084 ματικῆς
439 3033 583 3081 τινος
622 3017 881 3087 βρώσεως
919 3023 1012 3073 καὶ
1047 3022 1192 3093 ζωῆς
1237 3026 1552 3081 ἀναστέλλει
1585 3033 1750 3085 αὐτὸν

164 3108 308 3174 τότε,
340 3109 415 3171 ti);
461 3112 627 3181 μήπω
660 3112 885 3183 χωροῦν,
910 3116 1076 3167 αὐτοῦ
1113 3118 1351 3189 ταύτης·
1389 3122 1455 3173 δι’
1492 3124 1558 3192 ἣν
1590 3124 1750 3193 ἔμελ·
1779 3108 1820 3139 h

163 3201 256 3254 λεν
300 3203 745 3274 εἰδωλολατρείαν
794 3200 1092 3276 ὗπομένειν
1121 3210 1178 3259 ἐν
1226 3214 1291 3280 τῇ
1327 3216 1424 3281 τῆς
1469 3215 1751 3269 εἰδωλολα-

163 3294 350 3363 τρείας
385 3295 581 3368 πλάνῃ.
630 3295 695 3346 Τί
731 3295 837 3366 γὰρ
870 3298 1138 3352 ἀθάνατον
1169 3301 1331 3354 αὐτὸν
1376 3306 1517 3355 κατα
1572 3305 1750 3373 σάρκα

163 3381 441 3450 διαμεῖναι
504 3384 647 3437 κατὰ
701 3384 802 3454 τὴν
854 3385 962 3437 τῶν
1014 3386 1287 3457 δαιμόνων
1337 3391 1639 3446 ἀθανασίαν
1693 3396 1751 3445 ὲν

161 3473 390 3545 ἀσεϐείᾳ
441 3476 662 3544 (divam;
698 3479 899 3548 μᾶλλον
939 3478 1050 3550 γὰρ
1080 3480 1472 3554 ὀλεθριώτερον
1505 3487 1657 3555 αὐτῷ
1690 3488 1751 3539 τὸ

163 3567 399 3637 πρᾶγμα
427 3570 744 3638 ηὑρίσκετο,
793 3571 870 3642 μὴ
917 3572 1255 3643 παυσαμένῳ
1307 3575 1407 3643 τῆς
1450 3576 1746 3647 ἁμαρτίαὲν

161 3658 260 3710 καὶ
287 3660 375 3711 διὰ
408 3659 567 3712 τοῦτο
609 3660 875 3729 μειζόνως
905 3662 1259 3733 κολαζομένῳ
1289 3681 1302 3694 ⁸
1337 3667 1535 3721 οὐκοῦν
1561 3669 1749 3741 ὥσπερ

161 3750 285 3801 ἐκεῖ
334 3749 699 3820 ἀπεδείξαμεν
744 3755 827 3807 ὅτι
877 3755 939 3807 οὐ
988 3755 1116 3824 περὶ
1159 3759 1473 3825 σωματικοῦ
1515 3761 1746 3816 θανάτου

160 3837 318 3894 εἶπεν
339 3843 367 3894 ὁ
391 3841 540 3907 Θεός·
562 3837 645 3915 τῌ
669 3845 722 3897 δ’
738 3845 814 3898 ἂν
842 3846 1033 3916 ἡμέρᾳ
1056 3846 1288 3916 φάγητε
1311 3852 1412 3904 ἀπ’
1438 3855 1624 3910 αὐτοῦ
1642 3860 1747 3909 0a-

158 3932 320 3999 νάτῳ
343 3934 767 4002 ἀποθανεῖσθε,
790 3939 883 3990 καὶ
915 3938 976 3991 τὸ
1010 3941 1169 3994 πάλιν
1198 3944 1393 3996 εἰπεῖν’
1414 3945 1509 3996 Ἑν
1525 3947 1748 4013 λύπαις

158 4022 307 4095 τέξῃ
331 4024 532 4078 τέκνα·
565 4026 709 4079 οὕτω
734 4032 830 4082 καὶ
861 4031 1094 4085 ἐνταῦθα
1114 4035 1220 4103 χρὴ
1249 4037 1392 4087 νοεῖν
1422 4035 1516 4089 καὶ
1548 4039 1742 4103 εἰπεῖν,

173 4115 264 4169 Ἐν
309 4116 510 4178 λύπαις
543 4118 675 4191 τέξῃ
707 4120 903 4187 τέκνα,
953 4123 1097 4177 οὕτω
1146 4126 1241 4179 καὶ
1286 4125 1520 4181 ἐνταῦθα
1570 4130 1628 4181 ὲν
1676 4136 1741 4203 τῇ

172 4207 491 4280 Ἐκκλησία,
542 4209 671 4263 ποία
713 4210 916 4282 βρῶσίς
945 4214 1093 4267 ἐστιν
1134 4215 1296 4287 αὕτη,
1324 4217 1385 4283 ἐξ
1420 4214 1487 4290 ἦς
1514 4222 1543 4274 ὁ
1575 4238 1743 4290 μετα-

158 4299 455 4370 λαμϐάνων
486 4301 712 4372 ζήσεται
738 4307 821 4367 εἰς
844 4306 935 4358 τὸν
975 4307 1163 4361 αἰῶνα.
1191 4305 1323 4363 υἷδα
1356 4311 1438 4364 ὄτι
1471 4314 1673 4378 πάντες
1694 4319 1743 4369 οἱ

1862 1860 1993 1915 illud
2044 1861 2462 1917 tabernaculum
2521 1862 2648 1932 figat
2708 1863 2859 1932 quod
2910 1863 3114 1919 dicitur
3175 1861 3445 1919 Sanctum

1860 1963 2201 2007 sanctorum.
2251 1954 2411 2009 Nunc
2449 1955 2615 2025 igitur
2659 1954 2997 2010 destinatum
3040 1957 3177 2010 mihi
3221 1972 3449 2011 cursum

1859 2043 2138 2097 emetienti
2202 2044 2473 2113 reliquum
2526 2053 2613 2099 est
2669 2053 2729 2099 ut
2776 2046 3064 2100 ostendam
3123 2061 3448 2117 corpoream

1859 2136 2023 2189 vitam
2060 2151 2170 2191 non
2201 2136 2534 2192 intellexisse
2562 2136 2753 2201 Deum,
2776 2151 2899 2192 cum
2933 2137 3069 2192 dixit
3101 2139 3169 2193 de
3198 2138 3446 2200 homine.

1867 2227 1949 2281 Ne
1988 2227 2127 2297 forte
2172 2229 2352 2282 mittat
2406 2245 2623 2283 manum
2670 2245 2846 2294 suam,
2878 2241 2925 2282 et
2961 2240 3137 2284 sumat
3174 2232 3335 2284 etiam
3384 2231 3449 2283 de

1858 2313 2002 2385 ligno
2040 2320 2182 2382 vitm,
2215 2327 2263 2369 et
2308 2319 2570 2378 comedat.
2611 2329 2663 2371 et
2706 2320 2845 2372 vivat
2878 2320 2934 2373 in
2975 2329 3229 2374 retentum
3264 2328 3312 2380 ο.
3351 2324 3449 2377 sed

1858 2407 2202 2477 spiritualem
2257 2410 2551 2479 quamdam
2612 2412 3096 2467 manducalionem
3144 2421 3200 2467 et
3242 2412 3445 2478 vitam,

1861 2509 1991 2554 tunc
2019 2499 2162 2552 enim
2212 2501 2364 2553 illum
2396 2499 2579 2555 differt
2628 2511 2683 2555 et
2723 2502 2965 2567 cohibet,
3013 2502 3170 2571 quasi
3203 2503 3444 2558 nondum

1856 2591 1976 2659 ejus
2007 2591 2121 2663 (9.7)
2163 2607 2333 2661 capax
2375 2592 2445 2647 sit
2484 2608 2583 2661 per
2620 2608 2785 2663 quam
2818 2591 3063 2647 futurum
3116 2602 3234 2648 erat
3277 2604 3335 2647 ut
3387 2593 3442 2647 in

1858 2681 2181 2735 idololatriae
2214 2696 2401 2736 errore
2426 2682 2701 2737 exsistens
2730 2684 2785 2736 in
2811 2698 2875 2736 ea
2918 2694 3273 2751 perseveraret
3305 2680 3440 2755 (28).

1858 2772 1995 2835 Quid
2038 2772 2183 2826 enim
2216 2788 2473 2843 magnum
2507 2784 2561 2828 et
2577 2774 2856 2844 egregium
2884 2774 3009 2841 fttit,
3040 2773 3193 2829 illum
3220 2774 3446 2829 immor-

1857 2865 2016 2918 talem
2052 2866 2358 2920 secundum
2406 2881 2625 2921 carnem
2665 2867 2820 2936 juxta
2863 2868 3169 2922 daemonum
3219 2865 3446 2920 immor-

1857 2954 2119 3008 talitatem
2162 2969 2488 3025 permanere
2535 2955 2590 3009 in
2628 2956 2908 3026 impietate
2951 2956 3268 3011 viventem?
3296 2958 3441 3027 quod

1856 3047 1930 3100 illi
1969 3048 2133 3119 etiam
2177 3048 2545 3115 perniciosius
2598 3048 2793 3103 fuisset
2840 3065 2869 3102 a
2908 3058 3132 3119 peccato
3169 3065 3276 3103 non
3319 3064 3443 3104 ces-

1856 3138 2018 3199 santi,
2072 3146 2126 3192 et
2188 3138 2309 3192 ideo
2357 3140 2528 3192 multo
2574 3140 2877 3210 majoribus
2933 3141 3109 3210 poenis
3169 3141 3439 3205 exercito;

1855 3230 2114 3297 proinde,
2169 3239 2227 3283 nt
2258 3245 2425 3298 supra
2460 3232 2807 3285 ostendimus
2839 3272 2853 3294 ,
2892 3247 2998 3285 non
3057 3234 3123 3285 de.
3175 3248 3440 3300 corporea

1856 3334 2030 3375 met-te
2060 3322 2267 3377 dixisse
2307 3324 2496 3386 Deum,
2538 3321 2656 3388 Qua
2681 3324 2764 3377 die
2798 3325 2861 3379 de
2892 3324 2988 3379 illo
3022 3325 3438 3390 munducabitis,

1853 3424 2019 3465 morte
2050 3416 2412 3479 moriemiuip,
2440 3428 2491 3469 ct
2532 3417 2680 3484 quod
2718 3418 2915 3471 iterum
2948 3417 3121 3472 dixit:
3161 3415 3226 3471 In
3258 3419 3441 3471 dolore

1849 3501 2023 3567 paries
2052 3501 2193 3571 ﬁlios
2212 3512 2261 3564 tt,
2288 3505 2369 3557 sic
2401 3514 2453 3557 et
2481 3505 2567 3557 hic
2598 3506 2762 3558 etiam
2800 3506 3214 3576 intelligendum
3245 3523 3294 3561 e-
3314 3517 3350 3569 t,
3381 3508 3436 3560 ltt

1850 3592 2041 3646 dolore
2074 3594 2257 3662 paries
2287 3595 2452 3658 filios,
2487 3596 2558 3648 ita
2595 3606 2649 3650 et
2684 3598 2770 3651 hic
2802 3597 2854 3651 in
2884 3597 3125 3653 Ecclesia
3162 3600 3343 3668 qualis
3369 3602 3442 3654 sit

1852 3682 2201 3738 manducatio
2238 3685 2329 3739 illa
2369 3688 2528 3755 cujus
2561 3689 2839 3759 particeps
2867 3685 3027 3745 ’τίνοι
3065 3692 3117 3745 in
3147 3674 3436 3746 mteruuni.

1851 3774 2041 3832 Sentio
2072 3778 2296 3848 quidem
2334 3796 2429 3833 vos
2451 3795 2647 3836 omnes
2680 3784 2773 3851 qui
2808 3783 2952 3838 istud
2989 3786 3282 3840 audivistis
3307 3802 3442 3840 cun-

1852 3869 2007 3924 tiuuo
2067 3872 2338 3939 cogitasse
2418 3874 2484 3926 de
2562 3873 2981 3944 participatione
3048 3878 3436 3949 mysteriorum

1848 3962 2097 4031 corporis
2151 3961 2377 4018 Christi.
2433 3962 2574 4029 Quid
2610 3964 2800 4034 igitur,
2849 3982 3060 4035 quzeso,
3126 3983 3321 4022 omnes
3382 3968 3436 4021 iu

1848 4052 2094 4109 Ecclesia
2136 4056 2523 4127 participantes
2571 4058 2771 4113 habent
2799 4059 2967 4112 vitam
3013 4068 3296 4119 aeternam,
3344 4074 3440 4113 ne-

1847 4160 1954 4213 qtte
2005 4159 2199 4200 eorum
2250 4148 2396 4203 ullus
2450 4149 2503 4203 in
2558 4164 2775 4219 pomum
2832 4158 3090 4205 asternam
3147 4153 3438 4206 deveniet?

1845 4234 2010 4303 Atqui
2027 4233 2329 4292 Corinthiis
2352 4240 2737 4309 mysteriorum
2764 4241 3219 4310 participantibus
3248 4242 3434 4298 statim

1845 4340 1907 4379 ea
1951 4326 2067 4395 ipsa
2102 4328 2446 4398 participatio
2498 4331 2551 4385 iu
2587 4322 2817 4388 mortem
2860 4335 3045 4399 cessit,
3083 4336 3215 4406 quin
3263 4337 3429 4392 etiam

158 4392 495 4457 ἀκούσαντες
525 4394 621 4447 τοῦ
653 4394 937 4466 λεχθέντος
971 4400 1218 4469 ῥήματος
1262 4402 1466 4467 εὐθέως
1499 4408 1579 4469 εἰς
1643 4408 1741 4477 τὴν

1858 4427 2049 4472 hortum
2080 4432 2199 4475 erat
2226 4421 2275 4476 ei
2308 4422 2353 4477 si
2388 4432 2549 4479 natus
2581 4440 2690 4478 non
2726 4424 2915 4482 fuisset
2949 4427 3114 4482 homo
3145 4427 3233 4482 ille
3260 4426 3434 4483 Judas

159 4480 273 4534 τῶν
316 4483 630 4556 μυστηρίων
666 4485 763 4539 τοῦ
795 4484 1049 4557 σώματος
1082 4489 1179 4543 τοῦ
1213 4492 1452 4563 Χριστοῦ
1503 4498 1740 4569 μετάλη-

155 4570 252 4640 ψιν
281 4572 471 4627 τοῦτον
497 4577 779 4648 ἐνοήσατε.
812 4579 878 4632 Τί
907 4575 1023 4646 οὖν,
1062 4582 1187 4635 εἰπέ
1214 4601 1326 4654 μοι,
1360 4586 1562 4652 πάντες
1603 4592 1653 4643 οί
1683 4594 1741 4646 ὲν

155 4667 226 4735 τῇ
249 4665 547 4737 Ἐκκλησία
578 4670 1092 4740 μεταλαμϐάνοντες
1112 4672 1293 4745 ἔχουσι
1324 4676 1469 4750 ζωὴν
1497 4681 1736 4750 αἰώνιον⁹

157 4759 256 4811 καί
283 4758 459 4822 οὐδεὶς
494 4760 702 4815 τούτων
726 4761 1087 4816 ἀπελεύσεται
1116 4767 1194 4828 εἰς
1230 4767 1455 4821 κόλασιν
1485 4773 1737 4841 αίώνιονς

158 4851 379 4922 Καίπερ
428 4853 545 4905 ἐκεῖ
584 4855 699 4917 τοῖς
740 4855 1049 4926 Κορινθίοις
1114 4862 1591 4932 μεταλαμϐάνουσι
1631 4871 1741 4922 τὼν

163 4943 504 5015 μυστηρίων,
532 4945 735 5010 εὐθέως
769 4947 866 5000 ἀπ’
904 4949 1156 5003 ἐντεῦθεν
1188 4952 1285 5023 ἧδη
1317 4954 1479 5019 εὐθὺς
1510 4957 1739 5024 θάνατος

234 5065 258 5091 ο
289 5059 429 5114 Gen.
461 5076 543 5124 ιιι,
574 5061 664 5115 9.2.
744 5073 770 5112 ι»
806 5061 944 5119 Gen.
980 5066 1158 5131 ".17.
1238 5078 1263 5117 ει
1301 5068 1437 5125 Gen.
1466 5090 1549 5136 III.
1582 5076 1669 5131 16-

1849 4509 1944 4577 qui
2002 4510 2071 4564 ab
2130 4510 2536 4569 immortalibus
2595 4517 2852 4574 manibus
2906 4517 3111 4574 Christi
3160 4521 3436 4591 particeps

1852 4600 2025 4652 factus
2058 4610 2161 4656 est.
2198 4599 2374 4667 Quam
2410 4604 2561 4658 multi
2587 4607 2750 4660 etiam
2777 4608 2828 4660 in
2851 4606 3084 4663 desertis
3110 4608 3203 4677 qui
3238 4610 3435 4679 privati

1853 4693 2276 4748 manducatione
2309 4696 2466 4765 panis
2506 4697 2701 4763 divini,
2735 4699 3019 4769 possident
3049 4711 3231 4754 tamen
3271 4712 3436 4755 aeter-

1852 4800 1976 4839 nam
2027 4786 2216 4852 vitam,
2281 4802 2459 4858 neque
2516 4790 2568 4842 in
2619 4789 2892 4859 judicium
2950 4792 3197 4857 veniunt,
3255 4792 3347 4848 sed
3404 4809 3435 4847 e

1851 4886 2022 4932 tnui-te
2048 4877 2101 4931 in
2140 4879 2308 4933 vitam
2341 4882 2732 4947 transiverunt,
2780 4884 2882 4953 ipsi
2915 4884 3144 4938 omnino
3178 4886 3338 4955 panis
3377 4894 3435 4938 et

1847 4983 2047 5037 corpus
2093 4967 2186 5023 Dei
2228 4974 2472 5042 sanguis,
2509 4983 2566 5027 et
2593 4973 2808 5039 domus,
2843 4976 3108 5044 templum
3141 4987 3195 5031 et
3232 4977 3425 5044 altare,

1678 5174 1907 5233 NOTAE.

231 5267 364 5339 (25⁸)
434 5271 604 5350 Quasi
670 5276 865 5350 duplea:
919 5282 1215 5350 quoddam
1306 5290 1727 5350 tabernaculum.

160 5339 525 5424 Ὠφξῖξρπιγά
550 5339 806 5424 δίσκηχὸν
835 5339 1193 5424 Elaeensium
1223 5339 1445 5422 θεάάέιξζ

375 5408 508 5503 Inde
530 5408 887 5503 veroA'G-rmce
919 5408 1249 5503 τοῦξξῶθεν
1272 5428 1329 5480 δέ
1347 5408 1649 5503 ,Ἣέζςηίυειι
1674 5436 1734 5486 τὸ

157 5477 486 5561 ἐξωθενήδ-έρ
516 5484 849 5561 Διιοιλιωιίιιε
911 5477 1207 5561 supplenda
1268 5477 1369 5551 {vi};

157 5548 317 5636 ﬁsci");
362 5548 1028 5636 'Egm03v_8&_:tnirnatam'
1056 5578 1275 5620 carnem
1304 5548 1443 5636 Agni
1476 5548 1580 5625 Πξῖ
1622 5548 1732 5626 cii-1

158 5619 575 5677 eumferentem.
612 5622 741 5679 lude
767 5642 917 5684 vero.

254 5689 369 5762 26')
389 5689 460 5745 Et
483 5693 692 5749 deinde.
723 5696 822 5752 Ms.
859 5702 953 5752 Δεῖ
983 5700 1053 5754 τὰ
1088 5704 1230 5771 μετὰ
1258 5707 1317 5759 τὸ
1341 5707 1594 5781 δεύτερον
1631 5730 1731 5767 κα-

409 5786 680 5848 ΡΑΤιιοι..
727 5795 845 5855 Gn.
884 5795 1213 5859 LXXXIX.

1843 5300 2170 5373 ταπέτασμα
2201 5302 2460 5373 ηλοῦντα,
2489 5303 2718 5373 etr.,ubi
2744 5306 2878 5360 illud
2904 5305 2988 5358 δεῖ
3014 5304 3085 5360 τὰ
3113 5322 3241 5362 vere
3271 5308 3431 5364 adul-

1845 5371 2097 5446 terinum
2121 5371 2231 5446 est,
2257 5377 2495 5446 rescribe
2521 5372 2663 5446 είτα,
2691 5376 2909 5446 deinde,
2945 5384 3153 5446 postea.

1913 5442 2024 5521 (Ξῖ)
2057 5440 2226 5521 Quasi
2253 5442 2488 5521 nqndum
2522 5445 2659 5521 ejus.
2716 5444 2830 5521 δίε.-
2882 5440 2960 5510 tbi
3015 5449 3182 5518 μήπω
3216 5448 3429 5521 χωροῦν

1841 5509 2018 5585 abaog
2039 5512 2265 5585 ταύτας,
2307 5512 2422 5583 lege
2459 5509 2887 5585 xw'poﬁviatt’ndv,
2923 5509 3031 5571 etc:

1914 5580 2027 5660 (28)
2062 5580 2128 5660 l_n
2179 5599 2242 5660 ςα
2279 5580 2653 5651 ρειῖιευῐνιὶνει.
2681 5584 2784 5644 Ms.
2813 5586 3050 5657 εμελπεν
3105 5588 3425 5660 ὑπομένειν,

1842 5651 2052 5721 corrige
2080 5652 2329 5724 ἔμελλεν,
2367 5662 2473 5711 etc.

2858 5812 2940 5878 ΒΕ
