3942 6298
476 232 607 297 ῘΟἹῙ

1678 235 1737 293 S.
1778 233 2177 293 ANASTASII
2203 233 2529 293 SlNAITAi

3622 235 3771 296 10?}

476 349 625 402 dere.
657 344 787 399 Nam
818 362 915 417 pro
937 349 1146 418 possedi
1170 348 1432 403 hominem
1461 363 1551 415 per
1581 345 1884 412 Dominum,
1916 362 2056 403 unus

2168 346 2268 400 τῶν
2318 346 2671 419 ἐρμηνευτῶν
2730 348 2780 400 οί
2859 348 2988 419 περὶ
3062 347 3363 419 Σύμμαχον
3423 349 3767 418 θαυμασιως

472 439 697 510 scripsit
728 441 938 508 possedi
959 441 1221 495 hominem
1259 459 1378 496 cum
1415 441 1660 507 Domino,
1719 443 1766 494 id
1794 453 1917 505 est,
1959 443 2053 495 ho-

474 531 672 585 minem
703 533 1003 586 adunalum
1046 532 1299 598 Domino,
1330 548 1525 603 nempe
1560 533 1835 588 hominem
1872 533 2049 603 ipsum

471 623 635 676 simul
666 635 720 677 et
751 622 941 678 Deum.
974 622 1127 679 Alter
1152 639 1284 679 vero
1320 625 1612 695 interpres,
1634 623 1842 693 possedi
1880 623 2052 677 Itami-

472 730 589 767 nem
615 714 922 779 Dominum,
958 716 1115 786 quasi
1160 717 1394 782 diceres,
1450 716 1730 772 hominem
1768 715 1962 783 Deum,
1993 725 2051 771 ut

470 815 525 859 et
559 806 799 860 'l'homas
836 806 974 861 dixit
1009 807 1081 868 ei,
1122 806 1340 862 Domine
1371 810 1462 871 mi,
1494 819 1542 862 et
1571 809 1710 863 Deus
1741 809 1812 862 mi
1844 808 1893 863 δ.

2159 438 2494 492 ἐκδεδὼκασι
2520 438 2620 510 τὴν
2648 440 2908 512 τοιαύτην
2950 440 3158 509 φωνήν.
3209 441 3355 493 Ἀντί
3386 443 3503 512 γάρ
3536 442 3644 494 τοῦ
3684 447 3766 495 εξ-

2161 533 2304 583 πεῖν·
2338 532 2730 600 Ἔκτησάμην
2746 532 3067 600 ἄνθρωπον
3107 533 3207 586 διὰ
3236 533 3347 586 τοῦ
3383 535 3569 595 Θεοῦ,
3605 538 3637 587 ὁ
3666 538 3765 603 μὲν

2159 622 2332 676 εἶπεν
2363 624 2755 694 Ἑκτησάμην
2809 626 3130 694 ἄνθρωπον
3177 626 3303 681 σὺν
3355 629 3584 694 Κυρίῳ,
3612 628 3765 679 τοῦτ’

2159 718 2306 772 ἐστιν
2373 718 2662 789 ἄνθρωπον
2720 721 3001 791 ἡνωμένον
3050 721 3130 790 τῷ
3193 722 3407 792 Κυρίῳ,
3457 722 3605 776 Θεὸν
3635 724 3763 775 εντα

2157 808 2296 878 ὁμοῦ
2338 826 2399 861 τε
2450 809 2615 866 αὐτὸν
2668 812 2765 864 καὶ
2814 811 3123 883 ἄνθρωπον.
3171 813 3230 865 Ὀ
3258 812 3315 865 δὲ
3355 814 3553 883 ἕτερος
3595 815 3764 867 πάλιν

470 895 581 949 τῶν
632 897 1003 966 ἐρμηνευτῶν,
1048 897 1427 969 Ἑκτησὰμην
1485 899 1801 968 ἄνθρωπον
1857 901 2095 967 Κύριον,
2137 899 2399 970 ἔγραψεν,
2432 901 2521 954 ἵνα
2577 901 2744 972 εἴπῃς
2798 902 3091 974 ἄνθρωπον
3134 902 3269 956 Θεὸν
3319 904 3473 957 καθὰ
3511 907 3614 957 καὶ
3644 905 3762 957 Θω-

475 989 580 1060 μᾶς
606 984 731 1042 εἷπε
783 989 923 1061 πρὸς
976 991 1162 1057 αὐτὸν,
1211 993 1274 1046 '0
1313 993 1527 1062 Κύριός
1551 1010 1688 1061 μου,
1717 992 1816 1046 καὶ
1848 996 1880 1046 ὁ
1912 995 2057 1058 Θεός
2087 1009 2229 1062 μου.

544 1101 834 1157 Benedicta
896 1112 955 1158 tu
1012 1103 1066 1157 in
1107 1115 1386 1173 posterum
1429 1106 1567 1159 inter
1608 1106 1888 1168 mulieres,
1939 1104 2054 1158 sola

472 1195 604 1260 vita,
630 1203 685 1249 et
715 1196 955 1265 genitrix
981 1196 1125 1260 vitae,
1154 1208 1329 1251 mater
1356 1196 1619 1257 lidelium,
1640 1195 1871 1250 illustris
1899 1194 2057 1248 Chri-

473 1285 545 1339 sti
582 1294 753 1338 mater
776 1284 1049 1351 Ecclesia,
1099 1286 1302 1355 conjux
1332 1285 1635 1355 spiritualis
1682 1285 1813 1340 Adze
1847 1283 1968 1349 Dei,
2003 1293 2058 1337 et

475 1374 798 1430 benedictus
826 1376 1041 1430 fructus
1075 1376 1283 1430 ventris
1311 1378 1410 1442 lui,
1444 1375 1740 1429 multitudo
1772 1375 2052 1428 nationum

2228 1103 2584 1172 Εὐλογημένη
2608 1102 2800 1156 λοιπὸν
2830 1104 2894 1157 σὺ
2925 1105 2984 1157 ἐν
3009 1105 3285 1172 γυναιξὶν,
3315 1106 3459 1174 μόνη
3494 1104 3641 1175 ζωὴ,
3668 1108 3761 1158 καὶ

2155 1194 2435 1266 ζωητόκος
2473 1197 2660 1266 μήτηρ
2686 1195 2797 1249 τῶν
2835 1197 3069 1261 πιστῶν,
3096 1198 3377 1265 πολύφατε
3408 1198 3600 1268 μῆτερ
3629 1200 3761 1269 Χρι-

2158 1287 2284 1340 στοῦ
2320 1287 2640 1357 Ἐκκλησία,
2672 1289 2703 1357 ἡ
2740 1285 2978 1356 σῦζυγος
3005 1288 3098 1341 τοῦ
3145 1289 3532 1359 πνευματικοῦ
3582 1291 3759 1360 ’Δδὰμ

2154 1377 2248 1431 τοῦ
2267 1377 2404 1431 Θεοῦ
2429 1393 2442 1406 ’
2471 1378 2566 1430 καὶ
2592 1377 2961 1448 εὐλογημένος
2991 1380 3021 1432 ὁ
3041 1379 3257 1449 καρπὸς
3271 1379 3372 1448 τῆς
3399 1377 3623 1441 κοιλίας
3642 1396 3758 1446 σου,

475 1467 801 1532 viventium,
844 1478 900 1521 tu
932 1463 1084 1522 enim
1121 1468 1241 1523 sola
1281 1467 1581 1538 possedisti
1638 1467 1916 1520 hominem
1962 1480 2056 1534 per

2168 1470 2341 1533 5λαὸς
2374 1470 2485 1522 τῶν
2522 1469 2743 1535 ζώντων
2797 1470 2967 1523 ἐθνῶν
2999 1487 3011 1499 ·
3044 1474 3109 1524 σὺ
3158 1471 3267 1539 γὰρ
3323 1471 3423 1523 καὶ
3481 1473 3629 1543 μόνη
3665 1474 3759 1524 ἐκ-

476 1556 674 1622 Deum,
707 1574 902 1628 nempe
932 1558 1172 1612 Verbum
1222 1559 1343 1613 sine
1387 1558 1619 1620 semine,
1656 1574 1751 1626 per
1784 1571 1843 1612 se
1878 1557 2058 1611 subsi-

476 1657 648 1715 stens,
672 1651 892 1719 quando
918 1651 1176 1719 cognovit
1203 1651 1483 1705 mulierem
1510 1664 1690 1711 suam,
1719 1663 1882 1719 quam
1907 1647 2059 1718 prius

482 1745 729 1797 condidit
769 1744 881 1813 (52)
926 1744 1081 1812 quasi
1130 1744 1370 1813 ignotam
1415 1743 1520 1797 sibi
1578 1752 1632 1796 et
1669 1757 1791 1797 sese
1844 1742 1899 1795 in
1932 1756 2056 1796 eum

478 1835 704 1890 minime
758 1846 1193 1891 convertentem.
1229 1836 1308 1891 Tu
1346 1846 1499 1891 costa
1530 1845 1583 1889 et
1616 1849 1741 1904 pars
1783 1833 1913 1888 Αιιω
1942 1833 2055 1896 Dei,

477 1944 602 1982 cum
635 1928 891 1999 quaelibet
925 1928 1029 1983 alia
1056 1928 1191 1985 ﬁdes
1220 1929 1289 1983 ab
1322 1943 1390 1983 eo
1418 1937 1678 1983 extranea
1722 1926 1793 1982 sit
1824 1935 1878 1980 et
1904 1941 2059 1996 pere-

481 2022 663 2093 grina.
697 2022 773 2076 Te
820 2023 1112 2078 aediﬁcavit
1150 2023 1253 2078 sibi
1299 2023 1354 2076 in
1396 2024 1621 2077 domum
1658 2031 1713 2075 et
1751 2022 2056 2088 mulierem,

477 2114 712 2183 reliquis
762 2116 1025 2170 omnibus
1061 2114 1388 2169 mulieribus
1426 2115 1525 2168 tibi
1564 2114 1929 2169 dissimilibus
1966 2129 2054 2168 ec-

478 2204 682 2271 clesiis,
716 2221 838 2275 quae
888 2208 942 2261 in
982 2207 1119 2261 orbe
1167 2214 1315 2273 sunt,
1351 2206 1584 2268 relictis,
1626 2206 1680 2259 in
1732 2221 1918 2260 errore
1945 2221 2060 2259 ma-

479 2297 755 2352 ueulibus.
789 2298 870 2353 Tu
902 2299 1016 2356 sola
1064 2314 1126 2353 os
1169 2315 1234 2353 ex
1271 2300 1490 2355 ossibus
1536 2299 1725 2354 solidae
1754 2298 2060 2355 divinitatis

476 2390 622 2460 ejus,
660 2399 716 2445 ct
748 2406 878 2447 caro
903 2408 969 2446 ex
1005 2408 1170 2447 carne
1202 2392 1562 2446 humanitatis
1590 2391 1709 2461 ejus
1741 2391 1794 2445 in
1825 2406 1932 2460 qua
1963 2391 2062 2445 ab-

479 2484 694 2537 scondit
738 2484 1077 2539 divinitatem
1105 2498 1262 2555 suam
1297 2482 1773 2548 incummiuutam,
1796 2497 1860 2535 os
1910 2482 2054 2536 enim

480 2594 586 2633 non
624 2581 1031 2633 comminuetur
1057 2594 1122 2632 ex
1155 2593 1242 2633 co.
1294 2579 1376 2631 Tu
1412 2577 1528 2631 sola
1559 2592 1589 2630 a
1625 2575 1743 2630 viro
1777 2587 1869 2630 tuo
1908 2590 2063 2629 acce-

479 2677 569 2735 pta
590 2667 657 2721 ab
680 2684 743 2721 eo
762 2666 1064 2735 concepisti
1086 2674 1140 2720 et
1171 2665 1455 2735 peperisti,
1474 2665 1734 2731 nullaque
1756 2666 1880 2725 alia,
1901 2663 2059 2733 quasi

479 2758 664 2810 omnia
698 2758 803 2810 alia
828 2758 1082 2826 qtuelibet
1114 2757 1250 2811 lides
1281 2772 1345 2809 ex
1380 2756 1497 2809 viro
1528 2772 1628 2810 suo
1660 2766 1910 2824 serpente
1934 2770 2062 2809 con-

2157 1565 2311 1634 τήσω
2341 1562 2628 1632 ἄνθρωπον
2657 1562 2899 1633 ἄσπορον
2927 1563 3018 1617 διὰ
3058 1563 3153 1615 τοῦ
3199 1563 3359 1631 Θεοῦ,
3384 1564 3590 1632 Λόγον,
3630 1567 3760 1617 ὐπο-

2161 1653 2360 1705 στάντα
2418 1652 2486 1705 δι’
2514 1652 2714 1706 ἐαυτοῦ
2741 1693 2756 1714 ,
2794 1652 2962 1724 ἡνίκα
3012 1646 3216 1721 ἐγνωσε
3253 1653 3353 1723 τὴν
3380 1658 3633 1721 γυναῖκα
3665 1657 3759 1706 αὖ·

2157 1744 2253 1798 τοῦ
2280 1745 2348 1815 ἢν
2378 1743 2441 1797 τὸ
2465 1746 2596 1810 πρὶν
2626 1745 2840 1798 ἔκτισεν
2870 1746 2946 1808 ῶς
2987 1745 3291 1813 ἁγνοοῦσαν
3326 1748 3423 1798 καὶ
3444 1747 3608 1800 οὔπω
3640 1750 3760 1799 ἐπι.

2161 1838 2503 1906 στρέφουσαν
2536 1837 2675 1907 πρὸς
2705 1838 2889 1891 αὐτόν.
2921 1840 2994 1892 Σὺ
3046 1838 3283 1911 πλευρὰ,
3314 1840 3413 1892 καὶ
3456 1840 3637 1911 μέρος
3666 1841 3758 1891 τοῦ

2172 1928 2341 1997 ’Δδὰμ
2368 1928 2525 1993 Θεοῦ,
2554 1928 2663 1981 τῶν
2684 1929 2891 1981 λοιπῶν
2925 1930 3118 1983 πασῶν
3148 1931 3410 1995 πίστεων,
3443 1930 3622 1993 ξένων
3665 1932 3759 1982 αὐ-

2158 2018 2252 2073 τοῦ
2286 2021 2383 2074 καὶ
2413 2020 2731 2089 ἀλλοφύλων
2777 2020 2956 2075 οὐσῶν
3010 2022 3067 2074 σὲ
3097 2022 3458 2093 ᾠκοδόμησεν
3522 2024 3607 2085 είς
3636 2024 3759 2075 ἐαυ-

2158 2112 2253 2165 τοῦ
2307 2108 2456 2165 οἷκον
2517 2114 2612 2167 καὶ
2669 2115 2902 2180 γυναῖκα
2955 2113 3064 2165 τῶν
3089 2113 3297 2167 λοιπῶν
3334 2114 3624 2181 γυναικῶν
3651 2115 3757 2167 τῶν

2159 2203 2502 2275 Ἐκκλησιῶν
2530 2204 2638 2256 τῶν
2665 2205 2724 2258 ἐν
2766 2205 2956 2274 κόσμῳ
2998 2203 3107 2257 τῶν
3144 2203 3218 2275 μὴ
3265 2204 3538 2257 τοιούτων
3587 2223 3758 2258 κατα-

2159 2295 2530 2365 λελειμμένων
2587 2295 2861 2365 μεινασῶν
2918 2299 2983 2366 τῇ
3039 2295 3238 2366 πλάνη.
3321 2296 3395 2348 Σὺ
3458 2296 3561 2349 καὶ
3618 2296 3758 2363 μόνη

2160 2387 2353 2441 ὀστοῦν
2385 2390 2452 2440 ἐκ
2479 2388 2586 2441 τῶν
2612 2388 2818 2440 ὀστέων
2845 2388 2944 2456 τῆς
2978 2389 3216 2458 στερρᾶς
3247 2386 3515 2457 θεότητος
3566 2389 3754 2451 αὐτοῦ,

2167 2478 2260 2529 καὶ
2289 2476 2426 2545 σὰρξ
2455 2477 2519 2528 ἐκ
2539 2476 2637 2544 τῆς
2673 2476 2877 2546 σαρκὸς
2904 2476 3004 2544 τῆς
3037 2476 3466 2545 ὰνθρωπὸτητος
3493 2477 3669 2531 αὐτοῦ
3700 2481 3759 2530 ἐν

2162 2563 2197 2639 ᾖ
2228 2568 2429 2637 ἔκρυψε
2456 2567 2555 2636 τὴν
2592 2566 2828 2636 θεότητα
2845 2566 3013 2619 αὐτοῦ
3043 2567 3410 2637 ἁσῦντριπτον
3431 2585 3444 2597 ·
3468 2568 3532 2620 τὸ
3563 2571 3755 2621 ὀστοῦν

2161 2662 2272 2731 γὰρ
2301 2659 2467 2713 αὐτοῦ
2496 2660 2556 2712 οὐ
2595 2660 3047 2732 συντριϐήσεται.
3080 2661 3153 2714 Σύ
3190 2663 3288 2715 καὶ
3339 2663 3478 2733 μόνη
3546 2666 3617 2716 ἐκ
3659 2664 3753 2716 τοῦ

2164 2750 2359 2820 ἀνδρός
2393 2767 2492 2803 σου
2526 2749 2793 2821 ἐλήφθης,
2830 2751 2927 2804 καὶ
2979 2751 3272 2817 συνέλαὸες
3303 2753 3399 2807 καὶ
3455 2754 3652 2818 ἔτεκες
3698 2755 3753 2819 ἐξ

480 2849 649 2916 cipiat
696 2857 857 2916 atque
910 2847 1102 2916 pariat.
1150 2845 1250 2899 Tui
1291 2861 1481 2899 amore
1531 2856 1816 2914 correptus
1854 2854 2062 2899 amator

2168 2841 2352 2906 αὐτοῦ,
2379 2841 2475 2894 καὶ
2505 2840 2638 2911 ἄλλη
2670 2839 3012 2911 οὐδεμία,ῶς
3042 2843 3150 2896 τῶν
3180 2845 3419 2897 πίστεων
3442 2847 3508 2898 ἐκ
3532 2845 3631 2897 τοῦ
3660 2845 3754 2898 άνο

480 2925 895 2993 ιιιιιςὺῦίιειςοηι
938 2937 1250 2992 Judmorum
1296 2938 1580 3006 populum,
1625 2944 1681 2990 ct
1716 2952 1907 2990 eorum
1943 2952 2059 2989 ma-

480 3039 617 3083 trem
678 3031 982 3084 adulteram
1019 3044 1335 3100 synagogeu
1386 3028 1604 3096 reliquit
1637 3028 1844 3096 tibique
1882 3028 2063 3081 adher-

480 3124 575 3186 sit,
613 3134 664 3177 et
697 3124 1074 3193 agglutinatus
1103 3131 1186 3175 est
1222 3119 1437 3174 mulieri
1477 3133 1590 3173 suae
1623 3120 1851 3171 omnino
1876 3117 2060 3171 incor-

483 3227 680 3284 ruptae,
730 3216 972 3284 fattique
1002 3217 1139 3269 estis
1204 3214 1258 3267 in
1308 3228 1472 3266 unam
1507 3227 1754 3275 carnem,
1806 3211 1859 3264 in
1895 3228 2061 3265 unum

479 3320 709 3375 corpus.
766 3307 819 3361 iu
853 3323 1022 3360 unum
1064 3315 1315 3361 sanctum
1353 3320 1578 3374 corpus,
1624 3305 1678 3357 in
1708 3320 1875 3358 unum
1907 3304 2062 3359 Chri-

487 3408 655 3461 stum,
697 3398 752 3451 in
792 3413 954 3451 uuam
988 3396 1172 3462 ﬁdem,
1210 3397 1264 3450 in
1305 3412 1476 3450 unum
1525 3411 1768 3466 gregem,
1803 3396 1858 3449 in
1896 3411 2064 3449 unum

483 3495 784 3552 pastorem,
841 3485 1067 3555 reliquis
1116 3486 1378 3539 onmihus
1430 3485 1687 3555 gregibus
1739 3493 1796 3538 et
1852 3483 2067 3553 populis

489 3580 693 3633 multos
721 3590 972 3648 pastores
1002 3590 1054 3633 et
1077 3578 1411 3648 impostores
1446 3578 1795 3632 habentibus.
1826 3574 1902 3631 Te
1923 3576 2069 3630 Deus

488 3681 674 3742 utpote
692 3681 973 3727 venustam
998 3672 1063 3726 ad
1084 3670 1282 3725 Filium
1315 3684 1475 3725 suum
1498 3668 1784 3722 mulierem
1814 3666 2066 3727 adduxit.

487 3780 610 3818 cum
649 3765 870 3834 reliqum
901 3780 1094 3820 omnes
1137 3765 1417 3828 mulieres,
1458 3764 1618 3834 quasi
1653 3763 1972 3817 meretrices
2014 3770 2069 3815 et

486 3856 765 3918 adulterae,
818 3853 966 3909 l'oras
994 3864 1261 3925 vagentur
1297 3862 1352 3909 et
1392 3852 1773 3923 inquinentur.
1807 3850 1926 3904 Tibi
1964 3851 2067 3904 soli

487 3947 882 4016 evangelizavit
919 3947 1129 4012 dicens,
1174 3956 1226 4001 te
1266 3947 1333 4001 ad
1368 3946 1547 4000 virum
1596 3956 1749 3999 tuum
1785 3944 2066 3998 Christum

382 4050 389 4057 ·
488 4050 814 4089 conversum
861 4036 958 4099 iri;
1008 4038 1167 4106 quasi
1218 4037 1448 4107 reliqua:
1489 4049 1780 4105 synagoga:
1810 4034 2070 4089 eummi-

489 4127 636 4177 nime
683 4127 981 4194 respiciant
1025 4137 1078 4180 et
1122 4127 1188 4181 ad
1220 4143 1344 4181 eum
1396 4127 1623 4180 minime
1659 4132 2065 4178 convertantur.

2163 2932 2288 3003 δρὸς
2322 2931 2503 2983 αὐτῶν
2528 2931 2706 3000 ὄφεως
2736 2931 3236 3002 συλλαμϐανουσῶν
3275 2935 3372 2987 καὶ
3415 2935 3748 2987 τικτουσῶν.

2166 3025 2268 3079 Σοῦ
2307 3025 2559 3095 ἐρασθεὶς
2590 3026 2619 3076 ὁ
2649 3024 2740 3086 σὸς
2796 3024 3035 3094 ἐραστὴς
3078 3024 3289 3095 Ἰησοῦς
3348 3026 3622 3079 κατέλιπε
3660 3028 3749 3077 τον

2167 3116 2430 3185 πολέμιον
2453 3115 2581 3169 λαὸν
2630 3115 2926 3182 Ἰουδαίων,
2961 3117 3055 3169 καὶ
3085 3117 3185 3188 τὴν
3220 3116 3751 3189 μοιχαλέὅα’μητέρα

2167 3205 2335 3258 αὐτοῦ
2372 3204 2705 3273 Συναγωγὴν
2727 3246 2742 3270 ,
2774 3203 2867 3257 καὶ
2923 3204 3060 3275 πρὸς
3086 3205 3148 3257 σὲ
3194 3204 3489 3275 ἐκολλήθη,
3520 3205 3663 3276 πρὸς
3692 3207 3751 3256 ch

2166 3296 2265 3364 τὴν
2298 3296 2644 3364 πανάφθορον
2671 3297 2910 3363 γυναῖκα
2943 3294 3134 3359 αὐτοῦ,
3161 3295 3258 3348 καὶ
3286 3296 3555 3363 γεγόνατε
3586 3296 3641 3348 oi
3662 3294 3753 3346 δύο

2166 3390 2247 3449 είς
2279 3390 2457 3455 σάρκα
2488 3386 2641 3455 μίαν,
2677 3387 2759 3448 είς
2796 3384 2975 3456 ψυχὴν
3003 3385 3155 3456 μίαν,
3189 3387 3272 3449 εἰς
3333 3385 3568 3454 καρδίαν
3602 3386 3749 3454 μίαν.

2170 3481 2243 3543 είς
2276 3480 2333 3532 ἓν
2370 3480 2528 3548 σῶμα
2559 3522 2573 3544 ,
2602 3482 2683 3541 είς
2741 3478 2799 3530 ἓν
2828 3478 2985 3547 ἅγιον
3038 3478 3220 3547 σῶμα,
3251 3480 3332 3541 εἰς
3364 3478 3462 3530 ἕνα
3494 3477 3748 3548 Χριστὸν.

2169 3573 2248 3634 εἰς
2284 3573 2415 3637 μίαν
2444 3572 2750 3635 πίστιν,είς
2795 3571 2922 3640 μίαν
2960 3570 3219 3640 ποίμνην,
3245 3571 3326 3631 είς
3359 3570 3459 3623 ἕνα
3482 3569 3710 3639 ποιμένα
3729 3584 3742 3596 ο

2168 3665 2277 3717 τῶν
2307 3663 2512 3716 λοιπῶν
2541 3662 2729 3715 πασῶν
2781 3661 2994 3729 ἀγελῶν
3026 3661 3119 3715 καὶ
3167 3661 3313 3715 λαῶν
3360 3662 3595 3724 πολλοὺς
3630 3678 3747 3713 ποι-

2174 3758 2340 3827 μένας
2372 3754 2467 3808 καὶ
2519 3754 2758 3816 πλάνους
2814 3754 3047 3823 ἐχόντων
3078 3795 3095 3819 ,
3146 3755 3356 3823 ἤγαγεν
3403 3754 3433 3805 ὁ
3487 3753 3624 3816 Θεὸς
3675 3753 3747 3814 ῶς

2171 3842 2380 3912 ὡραίαν
2412 3840 2548 3911 πρὸς
2579 3840 2669 3894 τὸν
2712 3841 2749 3892 Υ
2757 3840 2835 3893 ίδν
2891 3840 3056 3893 αὐτοῦ
3089 3843 3171 3903 είς
3200 3844 3439 3905 γυναῖκα
3460 3881 3477 3902 ,
3508 3843 3617 3894 τῶν
3647 3844 3751 3893 λοε-

2172 3935 2290 3988 πῶν
2327 3934 2514 3987 πασῶν
2545 3933 2824 4001 γυναικῶν
2853 3932 2928 3996 ὡς
2957 3933 3245 4004 πορνάδων
3279 3935 3375 3987 καὶ⁵
3431 3934 3748 4005 μοιχαλίδωι

2172 4027 2277 4091 ἔξω
2319 4025 2674 4097 ρεμϐομένων
2698 4027 2797 4079 καὶ
2818 4025 3222 4096 μολυνομὲνων.
3250 4026 3341 4078 Σοὶ
3372 4029 3468 4079 καὶ
3502 4028 3638 4097 μόνῃ
3661 4027 3749 4078 ες.-

2173 4119 2525 4189 ηγγελίσατο,
2560 4118 2735 4186 λέγων
2758 4118 2840 4170 ὅτι
2875 4118 3011 4187 πρὸς
3042 4119 3136 4169 τὸν
3176 4118 3348 4188 ἄνδρα
3387 4134 3483 4169 σου
3522 4119 3748 4188 Χριστὸν

488 4218 665 4281 Quare
685 4217 960 4271 benedicta
981 4219 1176 4272 iterum
1205 4220 1346 4272 inter
1372 4217 1629 4271 mulieres
1654 4225 1705 4268 tu
1724 4216 1862 4281 sola,
1879 4232 1911 4266 υ
1930 4215 2062 4266 mul-

2178 4209 2336 4262 ἔσται
2362 4211 2394 4281 ἠ
2429 4209 2751 4280 ἀποστροφὴ
2790 4224 2906 4275 σου,
2937 4209 3011 4272 ῶς
3038 4209 3146 4261 τῶν
3175 4207 3382 4259 λοιπῶν
3415 4210 3746 4276 συναγωγῶν

488 4311 559 4361 tis
611 4310 830 4363 coronis
867 4311 1140 4375 redimita,
1173 4312 1379 4365 multos
1434 4310 1573 4365 illius
1620 4311 1781 4362 enixa
1810 4316 1863 4361 cl
1895 4308 2063 4359 multa

489 4399 611 4454 luce
643 4400 856 4467 lulgeus
884 4401 1125 4457 Ecclesia
1155 4403 1244 4457 Dei
1274 4403 1502 4464 (ΖΙιιοίηιί,
1535 4411 1589 4456 tu
1625 4403 1739 4455 sola
1775 4402 1917 4455 inter
1939 4415 2061 4452 mu-

492 4492 651 4545 lieres
677 4492 983 4555 hencdicta,
1021 4495 1168 4548 nulla
1203 4495 1329 4559 alia,
1366 4504 1421 4547 tu
1453 4480 1597 4548 eni'm
1629 4493 1743 4546 sola
1775 4508 1803 4545 a
1836 4491 2065 4544 Domino

491 4595 585 4637 tuo
637 4583 962 4648 dominaris,
996 4586 1220 4654 reliquis
1252 4587 1476 4639 omnino
1509 4585 1722 4653 pupulis
1754 4585 1856 4637 sub
1890 4583 2064 4650 impe-

493 4674 579 4728 rio
623 4673 881 4729 draconis
922 4677 1295 4730 manentibus.
1329 4675 1409 4728 Tu
1452 4676 1625 4729 hostis
1661 4684 1712 4728 et
1762 4682 2111 4744 propugua-’

492 4768 597 4819 trix
628 4766 743 4833 (55)
777 4767 1002 4833 invicta,
1038 4777 1093 4822 et
1120 4767 1454 4823 interfectrix
1488 4768 1777 4836 serpentis,
1814 4782 1939 4820 eum
1982 4783 2069 4819 re-

492 4856 642 4927 liqua
687 4860 896 4926 quaevis
927 4858 1032 4912 alia
1068 4859 1200 4913 ﬁdes
1251 4860 1300 4914 ei
1345 4860 1517 4913 amica
1556 4861 1627 4913 sit
1656 4858 1873 4928 propria
1903 4866 1957 4911 et
1984 4858 2070 4910 di-

494 4950 655 5004 lecta.
685 4949 763 5004 Te
794 4951 969 5006 solam
1013 4951 1180 5005 vitam
1228 4952 1445 5007 vocavit
1476 4952 1640 5005 vitam
1669 4950 1928 5005 ferentem
1963 4965 2074 5003 ma-

492 5051 634 5099 trem
674 5053 924 5099 nostrum
983 5045 1231 5103 omnium
1283 5061 1379 5117 per
1430 5026 1863 5108 te'viventium,
1916 5038 2072 5114 quasi

571 5176 601 5219 δ
632 5175 792 5234 Joan.
824 5194 917 5247 xx,
943 5178 1034 5234 28.

2182 4305 2259 4374 μὴ
2287 4303 2733 4373 ὲπιστρεφουσῶν
2759 4318 2890 4354 ποτε
2916 4300 3051 4369 πρὸς
3080 4301 3235 4365 Θεὸν,
3264 4301 3345 4353 διὸ
3389 4302 3748 4370 εὐλογημένη,

2180 4396 2344 4451 πάλιν
2380 4396 2547 4462 λέγω,
2576 4394 2639 4446 σὺ
2662 4397 2721 4447 ἐν
2747 4392 2985 4461 γυναιξὶ,
3020 4393 3084 4446 σὺ
3115 4393 3276 4461 μόνη,
3303 4386 3348 4445 ὦ
3380 4393 3747 4461 πολυστέφανε

2180 4492 2277 4543 καὶ
2308 4488 2603 4540 πολύτεκνε
2657 4485 2753 4539 καὶ
2787 4484 3075 4555 πολύφωτε
3115 4484 3251 4537 Θεοῦ
3289 4484 3587 4554 Ἐκκλησία
3618 4487 3748 4555 Xpt-

2180 4579 2335 4644 στοῦ,
2375 4581 2439 4632 σὺ
2472 4578 2611 4649 μόνη
2641 4576 2985 4646 εὐλογημένη
3010 4575 3067 4627 ἐν
3094 4575 3315 4642 γυναιξί
3335 4591 3350 4606 ο
3383 4576 3419 4645 ἡ
3443 4574 3584 4647 ἄλλη
3609 4576 3751 4628 οὐδε-

2182 4673 2281 4742 μία
2307 4687 2321 4701 ο
2356 4671 2437 4724 ὃτι
2467 4671 2531 4723 σὺ
2575 4670 2709 4739 μόνη
2740 4668 2846 4721 ὐπὸ
2878 4667 3082 4738 Κυρίου
3109 4667 3218 4719 τῶν
3257 4667 3473 4737 κυρίων
3498 4668 3750 4739 tmpus}-

2178 4763 2314 4831 θης,
2352 4762 2572 4815 πάντων
2624 4760 2732 4812 τῶν
2780 4759 2953 4813 ἄλλων
3008 4758 3153 4811 λαῶν
3203 4760 3310 4811 ὐπὸ
3339 4758 3433 4811 τοῦ
3462 4759 3753 4827 δράκοντος

2179 4853 2606 4925 κυριευομένων.
2650 4852 2721 4905 Σὺ
2751 4848 2802 4904 εἴ
2829 4850 2998 4921 ἐχθρὰ
3018 4851 3111 4902 καὶ
3150 4850 3296 4919 μάχη
3333 4849 3435 4914 τῆς
3464 4849 3751 4917 ἁκαταγῶ·

2180 4961 2360 5005 νιστος
2388 4944 2485 4996 καὶ
2522 4943 2818 5013 άναιρέτης
2842 4940 2936 4995 τοῦ
2962 4939 3162 5010 ὄφεως,
3200 4939 3392 4992 πασῶν
3431 4939 3545 4992 τῶν
3583 4939 3753 4992 ἄλλων

2181 5039 2421 5090 πίστεων
2451 5036 2619 5105 φίλων
2645 5038 2738 5089 καὶ
2764 5035 2911 5088 ίδίων
2940 5034 3034 5087 καὶ
3059 5032 3363 5103 ἀγαπητῶν
3386 5032 3541 5103 αὐτῷ
3559 5033 3751 5093 οὐσῶν,

2010 5315 2240 5371 NOTAE.

567 5521 683 5588 (32)
720 5522 890 5586 Quom
908 5522 1052 5589 prius
1084 5523 1341 5579 condidit.
1373 5522 1450 5579 Ita
1482 5526 1628 5579 hunc
1657 5524 1836 5579 locum
1862 5526 2074 5579 correxi

505 5593 706 5665 quisic
743 5594 795 5644 in
828 5608 931 5665 ms.
958 5591 1025 5665 ἢν
1051 5594 1113 5665 τὸ
1145 5595 1277 5665 πρὶν
1318 5597 1352 5665 ἡ
1377 5594 1556 5658 κτίσις
1591 5594 1667 5657 ὡς
1733 5594 2034 5662 ἀγνοοῦσαν
2057 5613 2069 5627 ·

506 5662 649 5717 unde
675 5670 820 5715 certe
853 5662 925 5713 nil
954 5662 1078 5717 elici
1106 5662 1349 5734 unquam
1369 5675 1545 5735 potest
1574 5684 1585 5720 :
1621 5667 1738 5736 lego
1772 5666 1838 5736 ἢν
1868 5666 1924 5716 τὸ
1949 5668 2074 5734 πρῖν

2180 5523 2896 5661 Ex(figi-lvii?{datamquetria:.
2918 5587 3082 5646 Fmde
3107 5587 3211 5646 Ms.
3251 5586 3403 5660 μάχη
3431 5584 3531 5657 τῆς
3553 5600 3567 5612 ·
3595 5583 3750 5640 unica

2183 5680 2315 5719 voce
2344 5663 2632 5733 legendum
2663 5663 2937 5734 μαχητής.
