3942 6298
146 316 301 382 ιιιδι

1335 312 1614 389 ORATIO
1655 316 1734 375 IN
1771 316 2131 377 rstLuUM
2169 310 2269 376 v1.

3282 319 3415 390 1082

135 421 255 474 τίοι
295 432 396 490 μου
427 413 523 472 τοῦ
562 415 831 487 ἀφεθῆναί
864 432 932 488 με
956 431 969 445 ·
1016 416 1099 469 ὅτι
1137 414 1217 487 (6)
1268 417 1505 471 ἐνώπιον
1535 420 1740 483 παντὸς

1853 421 2060 475 veniam
2091 423 2186 477 abs
2212 431 2262 476 te
2282 428 2465 491 petere
2498 438 2512 475 :
2542 434 2665 474 nam
2691 414 2861 491 major
2880 434 2963 479 est
2990 440 3106 481 mea
3132 425 3414 500 iniquitas,

137 506 454 580 ἀνθρώπου
485 508 566 570 εἷς
596 508 658 560 σὲ
684 506 1092 578 ὲπλημμέλησα
1118 522 1132 537 ·
1174 509 1257 561 ὄτι
1288 510 1430 580 ὑπὲρ
1457 511 1654 580 μέτρον
1680 512 1740 565 τὸ

139 596 338 666 ὄνομά
368 610 462 649 σου
484 596 545 648 τὸ
580 596 736 663 ἅγιον
767 594 1065 666 παρώξυνα
1090 612 1104 627 ⁶
1135 595 1219 651 ὅτι
1247 596 1388 669 ὑπὲρ
1416 598 1508 651 τὸν
1531 599 1740 653 ἄσωτον

138 689 277 757 ἐγὼ
308 688 337 740 ὁ
390 689 599 751 ἄσωτος
631 687 838 741 ἐϐίωσα
863 704 876 717 ·
907 688 989 741 ὅτι
1015 688 1157 760 ὑπὲρ
1191 689 1284 743 τὸν
1313 691 1386 743 τὰ
1429 690 1602 763 μύρια
1646 692 1742 744 τά-

140 778 334 833 λοιντά
378 794 463 830 σοι
509 777 895 847 χρεωστοῡντα
926 778 1336 850 χρεωφειλέτης
1391 797 1474 834 σοι
1516 783 1740 850 γέγονα.

160 869 349 939 ’Υπὲρ
366 871 456 924 τὶν
479 868 734 940 Τελώνην
767 870 795 922 ό
823 868 1028 940 ἐχθρὸς
1066 872 1251 933 κακῶς
1276 888 1349 941 με
1378 871 1742 944 ὲκλὼνησεν.

159 961 352 1033 ’Υπὲρ
383 962 475 1014 τὸν
520 961 725 1033 λῃστὴν
757 961 786 1012 ό
826 962 1150 1030 φονοκτόνος
1180 962 1282 1033 ἐμὲ
1325 963 1515 1026 κακῶς
1546 964 1743 1018 seave-

151 1073 359 1110 ῑωσεν.
404 1056 576 1123 ’Υπὲρ
621 1055 719 1125 τὴν
778 1055 986 1126 πόρνην
1035 1055 1149 1124 ἐγὼ
1179 1058 1208 1109 ὁ
1266 1055 1597 1130 φιλόπορνος
1627 1099 1641 1123 ,
1683 1060 1747 1111 ἐκ

150 1149 304 1202 θεοῦ
364 1150 690 1219 ὲπόρνευσα.
757 1147 929 1218 ’Υπὲρ
977 1146 1077 1215 τὴν
1136 1147 1344 1217 Νινευῆ
1397 1149 1748 1219 ἀμετανόητα

149 1240 594 1309 ἒπλημμέλησα.
632 1238 805 1307 ’Υπὲρ
830 1238 924 1291 τὸν
947 1240 1216 1307 Μανασσῆ
1247 1258 1263 1290 ι
1306 1241 1362 1292 αἱ
1393 1242 1612 1310 ἀνομίαι
1645 1258 1747 1311 μου

152 1329 458 1398 ὑπερῆραν
481 1331 578 1397 τὴν
598 1327 844 1397 κεφαλήν
867 1344 991 1396 μου,
1028 1346 1047 1377 ι
1091 1327 1261 1398 Ὑπὲρ
1282 1329 1381 1398 τὴν
1410 1330 1748 1396 Χαναναίαν,

160 1439 183 1471 ι
237 1420 368 1470 ὡσεὶ
404 1418 627 1488 φορτίον
663 1417 800 1487 βαρὺ
828 1416 1207 1488 ἐϐαρύνθησαν
1239 1417 1327 1469 ἐπ’
1362 1419 1462 1488 ἐμὲ
1485 1457 1499 1482 ,
1532 1419 1627 1471 καὶ
1653 1436 1750 1471 τα-

154 1510 262 1562 λαί
290 1511 530 1578 ῖωρήσας
560 1505 964 1577 κατεκάμςρθην
994 1506 1099 1569 ἓως
1142 1506 1351 1571 τέλους.
1396 1527 1415 1559 ι
1466 1508 1541 1561 Τὸ
1575 1507 1749 1579 ὄνομά

158 1619 271 1654 σου
302 1601 361 1652 τὸ
402 1601 556 1668 ἅγιον
593 1600 962 1670 -ιιαρώργισαο
1007 1601 1068 1653 τὸ
1114 1599 1346 1671 Πνεῦμα
1372 1617 1468 1653 σου
1506 1601 1567 1654 τὸ
1595 1603 1753 1669 ἅγιον

1843 529 2005 583 quam
2036 524 2094 568 ut
2125 516 2254 568 mihi
2293 513 2588 570 condonari
2613 516 2803 572 debeat
2826 535 2839 570 :
2866 519 3066 589 quippe
3093 536 3274 577 coram
3302 540 3421 579 om-

1844 606 2002 661 nibus
2029 605 2152 660 inte
2175 605 2373 676 deliqui
2395 606 2471 678 (7)
2506 624 2518 661 :
2549 621 2713 676 supra
2740 609 2957 664 modum
2983 624 3199 667 onmem
3223 628 3420 670 nomen

1844 706 2091 751 Sanctum
2119 705 2268 750 tuum
2310 697 2519 752 irritavi
2558 712 2767 768 :supra
2822 701 3105 770 prodigum
3161 705 3420 775 prodigus

1844 801 1946 856 ego
1977 787 2200 857 prodige
2229 801 2293 843 ac
2359 789 2637 845 luxuriose
2689 791 2860 848 vixi'.
2901 792 3075 863 Supra
3135 809 3256 849 eum
3325 799 3421 867 qui

1846 878 2031 932 decem
2073 879 2395 934 talentorum
2442 880 2608 935 millia
2636 881 2909 947 debebat,
2947 885 3164 939 dcbilor-
3211 886 3305 941 tibi
3340 888 3422 942 l'a«

1846 977 1965 1024 ctus
1994 984 2114 1024 sum
2139 970 2181 1025 ³.
2212 969 2384 1040 Supra
2412 970 2770 1032 Publicanum
2804 974 2901 1045 (8),
2929 992 3015 1029 mc
3072 977 3212 1031 male
3250 980 3423 1035 hostis

1848 1060 2167 1131 vectigalem
2200 1061 2390 1117 lccit‘.
2433 1061 2607 1132 Supra
2640 1064 2927 1133 latronem,
2966 1082 3051 1121 me
3090 1067 3181 1122 ille
3244 1070 3422 1124 homi-

1849 1152 1967 1206 cida
2030 1152 2173 1208 male
2226 1154 2537 1209 vulneravit
2585 1168 2652 1210 ac
2704 1157 2972 1211 cecidit“.
3004 1157 3181 1227 Supra
3247 1177 3426 1217 mere-

1852 1243 2062 1309 tricem,
2094 1243 2424 1300 l'ornicarius
2466 1260 2585 1316 ego,
2621 1245 2881 1301 deﬁciens
2911 1261 2942 1301 a
2987 1247 3093 1302 Deo
3126 1248 3427 1307 fornicatus

1850 1350 1967 1389 sum
1994 1336 2035 1388 ⁸.
2058 1334 2233 1405 Supra
2249 1336 2499 1394 Ninivem
2528 1338 2893 1408 impmnitenti
2923 1340 3105 1393 animo
3136 1344 3351 1411 peccavi
3382 1343 3423 1398 ⁷.

1852 1425 2031 1494 Super
2085 1425 2388 1483 Manassem
2429 1446 2450 1481 ι
2523 1426 2844 1500 iniquitates
2882 1437 3022 1485 ‘meae
3064 1447 3431 1502 supergressa:

1842 1523 1973 1569 sunt
1998 1524 2166 1583 caput
2206 1529 2388 1568 meum
2425 1516 2491 1581 ⁶;
2553 1532 2573 1565 ι
2614 1522 2669 1569 et
2722 1529 2890 1585 super
2948 1516 3316 1572 Cliananmam
3368 1521 3415 1583 ',

1850 1622 1869 1654 ι
1911 1604 2053 1658 sicut
2087 1618 2230 1660 onus
2260 1619 2427 1676 grave
2447 1615 2687 1675 gravatae
2716 1616 2845 1662 sunt
2871 1622 2885 1662 :
2915 1620 2979 1661 ac
3008 1608 3175 1663 miser
3213 1607 3418 1677 factus,
3466 1675 3483 1681 ,

154 1693 449 1761 ἐλύπησα·
485 1693 593 1745 τῶν
621 1691 853 1745 ἐντολῶν
877 1708 972 1744 σου
1006 1694 1357 1762 παρήκουσα.
1389 1692 1493 1745 Τὸν
1517 1691 1750 1745 πλοῦτόν

1853 1703 2106 1747 curvatus
2124 1709 2247 1749 sum
2270 1697 2510 1765 usquein
2528 1698 2714 1753 linem.
2731 1715 2751 1750 ι
2766 1697 2974 1752 Nomen
2998 1692 3422 1755 salictumtuttm

158 1805 272 1840 σου
314 1785 503 1849 κακῶς
542 1786 929 1857 διεσκόρπισα,
977 1786 1071 1839 τὸν
1117 1784 1392 1856 θησαυρόν
1424 1803 1518 1839 σου
1565 1787 1750 1850 κακῶς

1853 1786 2080 1845 irritavi:
2103 1785 2367 1857 Spiritum
2388 1799 2637 1844 sanctum
2655 1799 2808 1844 tuum
2825 1793 3165 1859 contr-istavi;
3191 1794 3424 1848 manda-

160 1879 494 1946 ὲδαπάνησα
519 1894 532 1907 ·
581 1877 677 1930 τὸν
734 1876 1068 1948 ἀρραϐῶνα,
1104 1878 1164 1930 ὃν
1207 1894 1297 1947 μοι
1344 1876 1624 1942 δέδωκας,
1672 1881 1754 1941 εἰς

157 1970 402 2038 ἀνομίας
435 1968 726 2039 ἀνήλωσα·
779 1968 871 2020 τὸν
914 1969 1044 2021 ναόν
1090 1984 1186 2020 σου
1220 1968 1318 2021 τοῦ
1354 1968 1606 2038 σώματός
1651 1986 1753 2037 μου

161 2063 456 2114 indiciam
479 2076 492 2089 °
529 2060 627 2128 τὴν
658 2060 781 2113 κατ’
810 2060 998 2113 εἰκόνα
1025 2076 1121 2113 σου
1157 2058 1336 2130 ψυχήν
1380 2077 1482 2130 μου
1519 2060 1757 2131 μολύνας

160 2153 474 2222 ἑχρείωσα·
511 2151 603 2204 τὸν
650 2151 845 2221 χρόνον
891 2150 952 2203 ὃν
1001 2167 1093 2220 μοι
1130 2151 1410 2216 δέδωκας,
1462 2151 1603 2222 μετὰ
1647 2152 1756 2204 τῶν

167 2241 275 2312 ὲχθ
286 2241 394 2310 ρῶν
427 2259 518 2294 σου
542 2241 748 2293 ἐϐίωσα
770 2256 782 2269 ·
812 2239 913 2311 τὴν
943 2240 1125 2311 φωνὴν
1151 2241 1252 2310 τῆς
1285 2239 1505 2311 ἐντολῆς
1532 2256 1629 2294 σου
1658 2228 1759 2295 οὐκ

170 2332 455 2402 ἐφύλαξαο
484 2333 575 2382 τὶν
606 2329 805 2401 χιτῶνα
838 2330 898 2382 ὅν
928 2347 994 2399 με
1012 2330 1291 2396 ἐνέδυσας,
1317 2329 1577 2400 ῥυπώσας
1599 2331 1757 2384 ἐσπί-

166 2421 332 2475 λωσα
377 2440 391 2453 ·
414 2423 513 2493 τὴν
566 2421 851 2489 λαμπάδα,
902 2421 970 2490 ἦν
1002 2438 1089 2490 μοι
1120 2420 1443 2487 ἐσκεύασας,
1470 2418 1758 2486 νυστᾶξας,

168 2512 461 2567 ἀπέσϐεσα
479 2529 493 2543 ·
518 2513 578 2563 τὸ
606 2512 901 2582 πρόσωπόν
935 2529 1036 2579 μου
1063 2511 1092 2563 ὃ
1122 2511 1472 2581 ὲφαίδρυνας,
1506 2512 1761 2582 ἁμαρτή-

176 2619 288 2665 σας
316 2603 628 2673 κατῄσχυνα
652 2616 665 2629 ·
694 2601 825 2662 τοὺς
858 2600 1174 2669 ὀφθαλμούς
1202 2598 1305 2669 μου
1340 2599 1434 2663 οὓς
1463 2600 1756 2669 ὲφώτισας,

174 2698 371 2761 κακῶς
413 2698 574 2752 πάλιν
605 2696 898 2765 ὲτύφλωσα
923 2735 939 2761 ,
968 2697 1036 2747 τὰ
1075 2695 1229 2765 χείλη
1272 2711 1376 2764 μου
1421 2694 1569 2765 ἆπερ
1599 2698 1761 2765 ἡγία-

178 2808 311 2854 σας,
345 2791 511 2845 πάλιν
547 2789 869 2862 ὲρῤύπωσα.
910 2790 1019 2841 Καὶ
1045 2784 1164 2841 οἶδα
1208 2788 1290 2840 ὅτι
1321 2787 1542 2850 πάντως
1569 2786 1638 2840 τὰ
1667 2803 1762 2840 πε-

179 2883 488 2954 πραγμένα
535 2900 625 2952 μοι
659 2880 903 2948 ὲλέγξεις
923 2924 939 2947 ,
975 2882 1070 2933 καὶ
1113 2881 1271 2951 παρὰ
1299 2879 1461 2933 τοῦτο
1486 2881 1586 2933 οὐκ
1618 2879 1761 2933 ἔστιν

176 2969 248 3029 οἶ)
279 2974 661 3042 διαφεύξομαι,
692 2971 830 3025 ἀλλὰ
862 2972 1077 3033 πάντως
1104 2970 1302 3040 ὲλεγχθ
1318 2971 1524 3041 ήσομαι
1543 2986 1559 3001 ⁸
1588 2970 1683 3023 καὶ
1712 2970 1761 3021 εἰ

1843 1878 1913 1933 tis
1937 1879 2045 1934 tuis
2066 1895 2175 1933 non
2194 1881 2593 1951 obtemperavi;
2610 1881 2828 1938 divitias
2842 1891 2966 1937 tuas
2981 1884 3122 1938 male
3136 1884 3421 1954 dissipavi;

1845 1972 2156 2026 thesaurum
2178 1980 2330 2026 tuum
2356 1972 2496 2026 male
2542 1972 2814 2043 expendi;
2847 1973 3045 2045 pignus
3087 1976 3233 2046 quod
3288 1975 3423 2031 mibi

1841 2063 2062 2128 dedisti,
2086 2065 2140 2116 in
2170 2075 2392 2132 peccata
2420 2066 2762 2134 consumpsi;
2783 2067 3044 2135 templum
3071 2076 3250 2133 tuum,
3270 2070 3421 2138 quod

1841 2162 1926 2208 est
1942 2169 2145 2225 corpus
2166 2157 3022 2225 meum,contaminavi;animam
3043 2173 3417 2229 meam,quam

1844 2249 1909 2301 ad
1934 2250 2382 2317 lmaginemtuam
2407 2250 3421 2324 creaveras,commacnlansinleci(9):

1843 2351 2055 2410 tempus
2072 2355 2102 2395 a
2126 2352 2177 2397 te
2193 2341 2324 2396 mihi
2345 2355 2822 2409 concessum,cum
2837 2343 3089 2398 hostibus
3109 2344 3218 2397 tuis
3233 2345 3425 2399 tradu-

1844 2440 1922 2499 xi;
1941 2434 2016 2488 tui
2040 2448 2229 2489 vocem
2254 2436 2509 2505 praecepti
2534 2450 2642 2490 non
2661 2437 2975 2504 observavi;
3000 2436 3238 2490 tunicam
3258 2452 3422 2505 quam

1843 2541 1929 2581 me
1948 2526 2228 2592 indueras,
2250 2529 2509 2584 sordibus
2527 2529 2917 2598 conspurcavi;
2938 2529 3241 2597 lampadem
3261 2527 3358 2580 abs
3373 2536 3425 2579 te

1842 2616 1974 2670 mihi
1999 2626 2383 2686 praeparatam,
2403 2618 2709 2674 dormitans
2727 2618 2963 2673 exstinxi
2989 2635 3006 2686 ;
3034 2619 3238 2671 vultum
3265 2618 3422 2672 illum

1847 2724 2219 2781 meum,quem
2238 2720 2295 2765 tu
2316 2725 2753 2781 ornaveras,ego
2773 2712 3017 2780 peccatis
3044 2710 3269 2776 imdavi;
3289 2726 3426 2766 ocu-

1845 2798 1925 2854 los
1946 2816 2124 2868 meos,
2148 2816 2287 2873 quos
2331 2803 2667 2869 illustraras,
2692 2801 2832 2857 male
2885 2803 3084 2856 iterum
3106 2803 3422 2869 excaecavi;

1845 2890 1994 2946 labia
2035 2906 2181 2957 mea,
2221 2906 2341 2961 qua:
2365 2892 2836 2958 sanctilicaveras,
2874 2908 2975 2963 ego
3003 2908 3225 2948 rursum
3255 2893 3421 2948 inieci

1841 2984 2127 3039 sordibus.
2149 2983 2279 3040 Scio
2297 2997 2480 3041 autem
2505 2986 2620 3040 fore
2643 2994 2751 3040 uta
2776 3000 2863 3040 me
2884 2986 3178 3041 commissa
3195 2985 3420 3040 omnino

174 3067 321 3129 ὅλως
347 3066 666 3135 ὲλὲγχομαι,
706 3083 724 3115 ι
762 3063 957 3134 Κύριε,
999 3063 1074 3134 μὴ
1107 3064 1185 3133 τῷ
1214 3063 1373 3133 θυμῷ
1403 3080 1495 3116 σου
1536 3061 1751 3134 ἐλέγξῃς

1853 3093 2080 3151 arguas;
2126 3093 2228 3133 nec
2252 3078 2320 3131 ab
2372 3077 2478 3131 hoc
2524 3078 2695 3132 ullum
2731 3077 2867 3132 mihi
2899 3076 3159 3147 eﬂugium
3188 3087 3293 3142 est,
3321 3080 3415 3133 sed

182 3174 299 3213 με·
354 3176 374 3209 ι
416 3155 577 3225 κάγὼ
623 3155 875 3227 κερδήσω
907 3157 1058 3227 παρὰ
1110 3155 1205 3208 σοῦ
1249 3155 1408 3208 τοῦτο
1457 3155 1551 3208 τοῦ
1587 3155 1751 3225 μόνου

1853 3172 2001 3243 plane
2022 3172 2118 3225 lict
2146 3180 2206 3224 ut
2230 3186 2452 3241 arguar.
2475 3168 2554 3224 Ac
2582 3168 2857 3240 siquidem
2892 3168 2966 3222 ita
3005 3184 3235 3241 prorsus
3263 3168 3419 3224 iutu-

226 3352 247 3383 ⁸
278 3351 409 3406 an.
447 3365 535 3410 κν,
568 3348 634 3402 12
679 3360 833 3414 seqq.
907 3345 928 3376 ³
960 3343 1150 3399 Matth.
1186 3359 1340 3405 xvnx,
1394 3343 1487 3396 ‘24.
1559 3340 1581 3373 ⁸
1618 3341 1751 3398 an.

226 3420 359 3471 luna:
381 3439 464 3471 ιιι.
492 3422 549 3471 4.
627 3417 732 3471 “iV
760 3415 895 3471 Rea.
925 3431 1039 3471 xxi.
1074 3416 1180 3471 16;
1212 3414 1355 3469 Psal.
1396 3429 1603 3471 xxtvu.
1637 3414 1691 3467 5.

1859 3362 1940 3413 ιιι,
1970 3348 2037 3401 10
2066 3363 2222 3417 seqq.

1853 3416 2013 3471 lattli.
2045 3434 2133 3471 xv.
2166 3417 2243 3470 52

1876 3429 2013 3471 attn.
2045 3434 2133 3482 xv,
2166 3429 2263 3470 az.

147 3417 171 3451 ⁷
201 3420 359 3477 Jona:
381 3439 465 3488 ιιι,
492 3422 549 3476 4.
627 3417 732 3473 ‘iV
760 3415 895 3488 Reg.
925 3431 1039 3480 xxi,
1074 3416 1180 3481 16;
1212 3414 1355 3469 Psal.
1396 3429 1603 3476 utvu,
1637 3414 1691 3467 5.

2301 3347 2323 3379 '
2376 3346 2509 3402 Luc.
2547 3361 2602 3410 κ,
2632 3345 2703 3402 50
2736 3359 2892 3416 seqq.
2971 3346 2993 3377 ⁶
3030 3342 3168 3402 Luc.
3197 3358 3294 3415 vtt,
3325 3345 3416 3403 37.

1677 3548 1908 3605 ΝΟΤᾸΞ.

248 3699 334 3821 δεῖ).
353 3698 537 3751 Codex
563 3696 761 3764 Regius
789 3696 949 3773 habet
970 3693 1162 3758 πλείω,
1205 3692 1345 3762 quod
1372 3692 1563 3760 probat
1588 3690 1750 3747 Com-

272 3785 431 3821 isms.
467 3777 525 3818 ιιι
555 3781 658 3818 non
691 3766 960 3821 publicum
1010 3774 1290 3821 peccatum
1313 3801 1328 3821 .
1360 3763 1455 3815 sed
1507 3774 1748 3821 peccato-

173 3763 431 3830 belisitts,
467 3777 525 3818 ιιι
555 3763 666 3818 non
691 3766 960 3833 publicum
1010 3774 1336 3833 peccatumi
1360 3763 1455 3815 sed
1507 3774 1748 3833 peccato-

174 3855 297 3893 rum
336 3835 601 3890 maximus
638 3831 885 3887 cumulus
924 3834 1261 3900 designetur.
1304 3831 1409 3885 Sed
1462 3832 1594 3884 nillil
1634 3847 1752 3883 ιιιιι-

173 3911 420 3961 tandum.
450 3905 680 3958 Perinde
707 3914 789 3956 est
812 3902 996 3955 Davidi
1020 3902 1062 3954 si
1088 3901 1306 3973 publice
1338 3916 1748 3973 peccasse-cou-

173 3981 416 4039 lileatur,
465 3990 528 4027 ac
572 3975 616 4026 si
651 3974 797 4025 dicat
848 3988 907 4025 se
960 3972 1130 4039 magis
1169 3972 1380 4024 etc-teris
1428 3970 1747 4024 ‘liominibus

175 4062 455 4115 peccasse.
488 4044 707 4115 Publica
738 4052 861 4115 sunt
894 4057 1077 4115 regum
1110 4051 1327 4115 peccata
1356 4077 1372 4103 ,
1406 4054 1505 4094 nec
1545 4054 1611 4092 ea
1648 4053 1744 4115 pu—

175 4108 318 4172 blice
364 4114 610 4168 conﬁteri
660 4112 911 4165 Davidetn
957 4108 1182 4177 puduit,
1214 4121 1272 4162 ut
1325 4118 1472 4180 patet
1510 4124 1575 4163 ex
1607 4108 1748 4177 psal-

178 4204 267 4240 tno
296 4200 367 4240 LI.
398 4184 558 4237 BASN.

254 4257 330 4319 (7)
365 4254 555 4307 Coram
582 4250 822 4304 omnibus
850 4250 905 4303 in
931 4258 978 4301 te
1000 4248 1217 4316 deliqui.
1263 4247 1524 4302 Ἐνώπιον
1548 4246 1749 4310 παντὸς

178 4323 493 4392 ἀνθρώπου.
513 4323 651 4376 Velit
684 4333 875 4374 auctor
899 4319 1114 4372 Davidis
1145 4333 1426 4392 peccatum
1459 4334 1751 4392 aggraVare

177 4410 247 4447 ex
282 4390 404 4446 l'aeti
437 4392 793 4457 ιιυιοιίιιιιιιρ,Ξ
814 4398 870 4441 ιιι
899 4398 1089 4457 vocant
1120 4405 1133 4440 :
1178 4390 1387 4442 tametsi
1423 4390 1567 4442 enim
1598 4398 1749 4455 puta-

179 4467 280 4518 bat
309 4465 421 4530 ipse
446 4476 554 4530 rem
582 4461 633 4512 iit
657 4456 870 4512 occulto
896 4472 1037 4530 esse,
1066 4456 1206 4512 haud
1232 4465 1571 4530 tamenerat,
1593 4457 1747 4530 juxta

182 4516 695 4601 prophetzeNatlian
730 4530 795 4601 ad
815 4542 957 4601 _enm_
983 4516 1452 4601 increpationetu:
1486 4516 1747 4601 Quoniam
1779 4516 1823 4573 Ι)

182 4594 548 4668 ὖιαὲρΙιεηιανε
595 4597 763 4667 fecisti
807 4597 1050 4649 inimiros
1082 4594 1348 4668 ﬂumini:
1397 4599 1544 4668 dato_
1571 4596 1756 4668 utique

184 4664 337 4725 tanto
370 4664 625 4723 seandalo
654 4688 666 4721 :
702 4681 1008 4735 quanquam
1045 4664 1178 4717 nihil
1210 4666 1356 4735 cogit
1405 4676 1461 4719 ut
1494 4664 1637 4735 dicta
1667 4665 1755 4719 hic

182 4741 366 4793 omnia
398 4750 464 4790 ex
498 4732 736 4804 persona
766 4732 985 4788 humilis
1016 4732 1358 4802 panniculis,
1395 4737 1447 4787 in
1494 4732 1753 4793 Davidem

188 4807 469 4862 referenda
505 4808 632 4859 sint.
681 4805 882 4871 llegius
924 4807 1090 4858 codex
1140 4804 1257 4857 loco
1305 4804 1558 4869 ἐνώπιον,
1594 4805 1757 4858 habet

187 4878 380 4938 πλείω,
418 4887 475 4928 ιιι
511 4891 614 4927 non
651 4876 921 4943 puhlicmn
959 4884 1237 4941 peccatum
1288 4876 1621 4943 designetur,
1659 4873 1753 4926 sed

186 4957 534 5017 peccatorum
562 4949 825 5017 maximus
854 4943 1102 5015 cumulus
1126 4984 1139 5005 ,
1173 4960 1266 4997 seu
1301 4945 1463 4995 etiam
1492 4943 1752 5017 gravitas,

187 5010 349 5085 quam
384 5014 808 5085 subindevariis
834 5010 1104 5085 exemplis
1136 5023 1444 5082 exaggerat,
1478 5010 1596 5080 qua:
1622 5014 1753 5065 mihi

192 5083 368 5139 littera
395 5084 563 5151 magis
589 5083 782 5151 placet.
819 5084 1103 5137 Conscius.

265 5157 339 5226 (8)
374 5152 550 5226 Supra
586 5151 1117 5226 Pu‘blicanumaNon
1167 5151 1376 5226 videtur
1407 5152 1546 5203 istud
1583 5166 1755 5226 mem-

192 5221 346 5278 brum
375 5225 509 5275 s'atis
538 5223 756 5276 omnino
784 5221 1208 5289 prmecdeulihus
1236 5223 1530 5286 cohaerere,
1559 5222 1757 5290 quibus

193 5303 445 5363 peccator
487 5293 756 5361 pcenitens
783 5306 936 5363 suam
975 5301 1267 5363 exaggerat
1308 5292 1522 5363 culpam
1562 5310 1576 5345 :
1615 5292 1756 5346 forte

195 5359 440 5416 videatur
488 5359 582 5413 illa
632 5375 731 5413 vox
784 5359 1083 5429 ὲτελὼνησε
1125 5362 1282 5413 aliter
1334 5361 1420 5412 hic
1463 5373 1752 5430 usurpata,

194 5450 353 5500 quam
398 5433 479 5486 vel
528 5441 750 5500 usurpet
795 5431 1109 5497 Gregorius,
1165 5432 1242 5482 \el
1298 5430 1571 5500 Pluarch.
1631 5447 1753 5483 cum

196 5499 457 5567 Sentiunt,
501 5499 864 5572 Ἐτελὼνησεν
887 5503 1182 5568 Αἴγυπτον.
1208 5529 1274 5539 —-
1298 5499 1403 5561 υῦς
1427 5501 1613 5563 κακῶς
1642 5503 1756 5553 ἐτε-

195 5572 475 5641 λώνησας,
528 5571 936 5640 διασκόρπισον,
992 5587 1135 5634 non,
1168 5573 1385 5623 tributis
1434 5574 1658 5638 diripuit
1704 5589 1765 5625 ac

200 5645 379 5697 telonii
416 5645 621 5697 lucris:
660 5645 753 5693 sed
783 5643 1123 5710 publicanum
1161 5643 1286 5694 fecit
1310 5679 1324 5703 ,
1371 5657 1434 5694 ac
1469 5644 1765 5695 inhiantem

199 5714 456 5782 ejusmodi
529 5714 696 5766 lucris
743 5712 959 5779 iniquis.
1017 5710 1272 5780 Sequenti
1331 5715 1607 5775 membro,
1665 5730 1769 5780 quo

1853 3692 1980 3745 item
2007 3689 2165 3743 editis
2209 3687 2555 3753 signiﬁcatur
2581 3700 2779 3755 passus
2813 3694 3068 3755 peccator
3112 3701 3143 3740 a
3175 3688 3416 3741 dmmone

1852 3775 1946 3815 seu
1976 3760 2206 3819 latrone,
2243 3759 2385 3810 telut
2414 3757 2459 3811 is
2485 3770 2643 3823 quem
2676 3754 2851 3811 Lucas
2900 3756 2967 3809 ab
2997 3757 3080 3811 eis
3134 3758 3419 3824 spoliatum

1853 3846 1916 3884 ac
1965 3829 2281 3882 semivivum
2334 3828 2580 3878 relictum
2632 3836 2816 3878 narrat
2857 3842 2871 3877 :
2921 3826 3114 3879 melius
3159 3841 3259 3880 ms.
3295 3828 3417 3879 cod.

1852 3909 2103 3965 peccator
2136 3897 2251 3964 ipse
2303 3899 2459 3965 latro,
2499 3910 2561 3948 ac
2602 3896 2752 3965 prior
2796 3894 3005 3965 latrone
3048 3895 3417 3965 describitur:

1851 3962 1981 4021 Οἶδα
2022 3962 2260 4038 ὲμαύτὸν
2292 3964 2434 4034 ὑπὲρ
2462 3964 2554 4017 τὸν
2581 3962 2784 4036 λῃστὴν
2813 3963 3122 4038 λῃστρικῶς
3155 3962 3421 4038 ζήσαντα.

1855 4034 2066 4093 νὶῑὲδεέ
2101 4038 2366 4090 latronum
2408 4051 2550 4087 more
2580 4034 2856 4103 plusquam
2898 4034 3175 4086 latronem.
3211 4034 3267 4087 In
3313 4050 3417 4088 ms.

1858 4110 1945 4162 tibi
1974 4119 2055 4161 est
2088 4107 2349 4176 particula
2384 4105 2679 4176 rationalis,
2716 4103 2883 4171 possit
2909 4103 3086 4176 accipi
3128 4103 3212 4157 illa
3243 4106 3421 4176 adte-

1858 4193 2015 4231 tnone
2052 4174 2108 4229 ut
2134 4176 2418 4241 publicano
2459 4175 2672 4227 exactio
2695 4215 2709 4238 ,
2746 4183 2802 4224 nt
2852 4174 2987 4226 ratio
3015 4176 3236 4239 grandis
3280 4174 3423 4227 illius

1855 4247 2020 4300 debiti
2067 4247 2349 4314 plusquam
2399 4245 2582 4297 decem
2630 4244 2853 4314 millium
2907 4241 3250 4314 talentorum,
3299 4254 3423 4297 lan-

1856 4334 2015 4385 quatn
2061 4312 2450 4385 nihilibomino
2476 4315 2645 4381 possit
2678 4312 2926 4385 reddere,
2960 4314 3053 4379 qui
3089 4313 3170 4366 sic
3199 4324 3282 4385 est
3307 4315 3423 4385 dia-

1856 4381 1979 4439 bolo
2042 4386 2333 4454 vectigalis.
2389 4381 2583 4437 Verum
2644 4385 2760 4438 [nec
2820 4382 2960 4435 forte
3016 4382 3422 4450 scrupulosius.

1854 4454 2145 4510 Constans.

1925 4524 2001 4595 {9)
2037 4524 2439 4595 Cammutulqns
2469 4521 2649 4595 infeci.
2702 4521 2844 4591 Lego
2873 4519 3106 4595 μολύνας
3129 4522 3423 4593 ὲχροίωσα.

1856 4592 2109 4665 tanquam
2149 4612 2182 4665 _a
2212 4593 2372 4665 χροιά
2393 4632 2408 4654 ,
2439 4592 2621 4665 color;
2668 4608 2789 4665 non
2823 4592 3116 4665 ἐχρείωσα.
3162 4592 3423 4661 tanquam

1853 4682 1881 4716 ιι
1914 4664 2090 4734 χρεία,
2123 4662 2374 4717 debitum.
2424 4662 2733 4734 Quidenim
2779 4663 3061 4734 inlectioni
3087 4676 3210 4716 cum
3243 4665 3427 4720 debito

1852 4730 2276 4802 etiibligatione,
2298 4737 2439 4801 quod
2462 4733 2633 4784 reddit
2652 4730 2954 4799 interpres?
2972 4732 3208 4785 animam
3233 4749 3424 4797 meam,

1853 4819 2009 4872 quam
2055 4804 2124 4856 ad
2164 4804 2442 4871 imaginem
2492 4810 2633 4853 tuum
2681 4817 2989 4872 creurems,
3035 4803 3426 4857 commaculaua

1854 4871 2100 4941 Obligavi.
2134 4872 2562 4941 luscitusplaue
2592 4871 2942 4941 fittetaphoris
2987 4873 3332 4941 Anastasius,
3369 4884 3428 4927 ut

1862 4943 1942 4995 sic
1962 4938 2045 4994 vel
2073 4942 2348 4995 voluisset.
2376 4938 2519 4994 Idem
2555 4940 2712 5006 plane
2745 4942 2956 4993 videtur
2989 4940 3074 4993 hic
3102 4942 3334 4995 voluisse
3363 4945 3427 4997 iis

1864 5013 2064 5072 vet-his,
2095 5022 2255 5080 atque
2280 5015 2438 5079 paulo
2462 5020 2581 5077 post
2601 5010 2869 5080 similibus
2893 5010 3040 5064 istis:
3067 5010 3169 5062 Τὸν
3198 5012 3425 5080 χιτῶνα,

1861 5081 1920 5136 ὃν
1947 5097 2013 5150 με
2050 5079 2302 5143 ἐνέδυσας
2350 5081 2609 5150 domum;
2634 5078 2940 5146 ἐσπίλωσα,
2969 5078 3229 5132 son-(libita
3248 5098 3429 5148 «sper-

1862 5148 1986 5217 gens
2008 5148 2406 5203 commucnlabi.
2436 5148 2661 5214 (ii-eger.
2688 5151 2817 5201 dixit
2839 5150 3122 5219 ὲχροὶησα.
3149 5152 3257 5204 Nec
3284 5153 3426 5202 aliud

1863 5221 1974 5273 vult
2004 5219 2152 5286 Regii
2182 5221 2384 5272 codicis
2408 5220 2573 5273 editio
2613 5237 2626 5272 :
2658 5222 2756 5286 τὴν
2785 5221 2904 5270 κατ’
2945 5220 3129 5273 εἰκόνα
3157 5237 3250 5273 σου
3271 5221 3430 5286 ἀξίαν

1861 5288 2203 5360 καθύϐρισα,
2223 5290 2541 5360 dignitatem
2571 5290 2813 5356 imaginis
2842 5289 3048 5344 violari.
3084 5288 3283 5356 Nempe
3308 5307 3426 5343 eam

1862 5359 2187 5445 inliciendo‘.‘
2218 5359 2307 5412 Vel
2357 5361 2518 5445 etiam
2573 5360 2830 5440 scriptum
2884 5361 2954 5413 sil.
3006 5360 3329 5445 ﬁxpslwsa"
3363 5363 3431 5412 ab

1860 5430 2112 5500 ἀχρειόω.
2146 5431 2276 5495 Quae
2308 5444 2404 5481 vos
2430 5430 2530 5500 hic
2563 5430 2840 5496 aptis-siina
2889 5443 2987 5482 est.
3024 5430 3431 5484 Gonmtacnlans

1860 5498 2097 5565 perdidi,
2129 5500 2360 5563 abolcvi,
2420 5498 2661 5553 inutilem
2710 5500 2948 5563 reddidi,
3004 5501 3275 5565 deturpavi
3305 5515 3323 5551 :
3357 5504 3435 5553 sic

1868 5568 2034 5636 Regia
2066 5572 2322 5635 ειιίιιοηρ,
2355 5576 2419 5622 de
2454 5570 2627 5622 vultus
2674 5571 2867 5622 decore
2901 5589 2961 5620 ar.
2997 5572 3277 5633 munditia,
3318 5585 3438 5638 qua:

1865 5651 1948 5692 est
2000 5642 2446 5707 regenerationc,
2506 5642 2922 5709 κατηχρεῖωςα·
2983 5642 3070 5692 ιιιιί
3125 5644 3255 5694 edit.
3307 5657 3438 5692 κατ-

1868 5709 2096 5781 ῄσχυνα,
2148 5712 2441 5778 deturpuri,
2498 5711 2869 5781 murmiimri,
2898 5712 3115 5764 abolet-2'.
3152 5714 3438 5767 (Iunxeris
