4042 6292
545 222 685 289 ῐο83

1714 258 1719 263 -
1757 222 1818 281 S-
1861 214 2263 283 ANASTASII
2303 213 2635 281 SINAI'I‘IE

3686 227 3837 295 1M!

541 350 664 390 rum
688 337 812 388 est:
849 346 870 381 ι
921 328 1170 393 Domine,
1194 342 1259 384 ne
1282 327 1335 383 in
1362 326 1549 383 furore
1577 333 1668 381 tuo
1684 340 1883 396 arguas
1910 342 1998 383 me
2029 346 2044 384 :
2090 347 2111 380 ι

2251 327 2634 399 ιιλανορὼπου.
2668 323 2828 391 Οἶδας
2858 325 3023 390 αὐτὸς
3056 327 3306 398 ἀκριϐῶς
3336 328 3558 385 ἅπαντα
3578 331 3651 386 τά
3682 335 3838 405 κρύ-

541 427 760 494 hocque
785 436 885 491 ego
917 436 947 475 a
990 429 1042 474 te
1082 420 1217 474 lucri
1260 428 1555 490 reportent,
1589 420 1678 489 qui
1700 419 1850 474 solus
1879 418 2120 475 clemens

542 535 609 574 ac
656 515 928 586 benignus
959 529 1039 568 es.
1074 512 1197 568 Scis
1241 511 1358 581 ipse
1409 521 1665 567 accurate
1721 527 1871 567 meas
1934 526 2124 566 omnes

540 609 892 684 quantumvis
919 609 1163 661 occultas
1188 605 1538 668 offensiones,
1563 605 1656 659 sed
1689 621 1755 659 ne
1782 620 1983 675 arguas
2012 620 2119 669 me,

2229 437 2330 490 φια
2361 420 2706 489 πταίσματα,
2739 417 2875 473 ἀλλὰ
2902 418 2978 490 μὴ
3008 418 3240 492 ἐλέγξῃς
3269 439 3339 492 με
3366 464 3383 487 ,
3416 423 3495 492 μὴ
3516 424 3830 495 δημοσιεῠι.

2231 528 2332 583 σῃς
2366 527 2470 581 με,
2531 510 2608 581 μὴ
2648 509 2975 582 φανερὼσῃς
3007 511 3150 564 αὐτά
3193 513 3389 577 πᾶσιν,
3420 514 3685 583 ἀγγέλοις
3731 518 3834 570 καὶ

2230 603 2567 675 ἀνθρώποις,
2602 605 2685 668 είς
2706 601 2847 673 ἐμὴν
2875 601 3143 674 αἰσχύνην
3173 604 3270 658 καὶ
3298 604 3434 676 ἐμὸν
3452 607 3681 671 ὖνειδος.

540 722 610 763 ne
644 720 728 759 me
754 705 1137 758 traducasme
1172 714 1266 756 eas
1309 699 1483 769 palam
1534 699 1784 754 omnibus
1835 700 2100 772 proferas,
2141 701 2345 768 angelis
2365 703 2565 772 pariter
2587 715 2651 756 ac
2713 699 3048 765 hominibus,
3114 700 3185 756 ad
3242 699 3623 757 confusionem
3647 718 3832 756 meam

540 813 606 854 ac
631 799 890 870 probrum
925 811 1125 851 meum.

624 907 643 939 ι
677 885 924 949 Domine,
946 900 1011 939 ne
1050 885 1104 941 in
1129 883 1313 937 furore
1365 891 1458 937 tuo
1490 894 1689 950 arguas
1723 895 1831 936 me.
1876 901 1894 934 ι
1928 880 2061 936 Nam
2088 880 2134 937 si

540 979 769 1051 perituri
831 978 977 1045 regis
1047 974 1285 1028 furorem
1360 988 1523 1028 nemo
1598 974 1873 1025 sustinere.
1937 980 2136 1042 potest,

540 1081 749 1142 quanto
799 1067 973 1139 magis
1024 1066 1118 1121 Dei
1163 1064 1401 1120 furorem
1451 1062 1727 1119 suStinere
1779 1079 1883 1118 non
1938 1062 2139 1132 poterit

543 1161 877 1220 universitas
954 1156 1375 1214 creaturarum?
1423 1173 1442 1206 ι
1493 1153 1680 1223 Neque
1753 1153 1805 1208 in
1879 1154 1958 1206 ira
2048 1163 2136 1205 tua

541 1254 811 1325 corripias
865 1266 974 1306 me.
1021 1268 1040 1302 ι
1094 1249 1297 1320 Dignus
1354 1247 1572 1316 quidem
1636 1260 1739 1316 ego
1789 1244 1938 1298 omni
1975 1242 2139 1298 casti-

543 1347 762 1420 gatione
819 1353 873 1398 et
928 1356 1124 1412 paena;
1191 1339 1286 1393 sed
1353 1353 1475 1391 cum
1543 1337 1924 1408 castigaveris,
1983 1353 2002 1386 ι
2069 1348 2139 1388 ne

544 1442 600 1495 in
633 1440 712 1493 ira
754 1446 847 1490 tua
883 1432 1243 1504 castigaveris
1265 1444 1370 1485 me.
1412 1448 1432 1482 ι
1461 1430 1682 1484 Memini
1720 1429 1991 1484 latronem
2020 1441 2052 1482 a
2087 1437 2139 1482 te

2322 902 2341 933 ι
2383 884 2580 952 Κύριε,
2615 884 2689 953 μὴ
2711 882 2790 952 τῷ
2818 881 2979 953 θυμῷ
3016 898 3110 933 σου
3152 881 3380 952 ἐλέγξῃς
3430 898 3523 949 με.
3571 900 3589 933 ι
3627 881 3831 950 Εἱγάρ

2247 976 2492 1044 φθαρτοῦ
2530 975 2803 1045 βασιλέως
2826 976 3002 1043 θυμόν
3031 976 3211 1038 οὐδεὶς
3238 973 3467 1026 δύναται
3493 973 3832 1043 ὑποφέρειν,

2244 1067 2397 1135 πόσῳ
2425 1085 2488 1136 γε
2515 1066 2719 1136 μᾶλλον
2749 1067 2887 1119 Θεοῦ
2911 1067 3097 1135 θυμὸν
3127 1066 3228 1134 οὐχ
3256 1065 3648 1136 ,ὑποστήσεται
3674 1066 3835 1118 πᾶσα

2242 1157 2455 1220 κτίσις;
2501 1174 2520 1208 ι
2555 1157 2706 1225 Μηδὲ
2733 1158 2799 1225 τῇ
2828 1156 2964 1225 ὀργῇ
2997 1172 3092 1207 σου
3120 1152 3422 1221 παιδεύσῃς
3463 1163 3553 1218 με.
3590 1169 3610 1202 ι
3640 1153 3834 1213 Alam;

2245 1249 2349 1318 γὰρ
2378 1249 2489 1315 ἐγώ
2507 1251 2623 1318 εἰμι
2647 1250 2831 1319 πάσηξ
2854 1245 3196 1309 παιδεύσεως
3214 1247 3313 1299 καὶ
3337 1245 3625 1305 κολάσεως
3642 1261 3660 1276 υ
3688 1244 3841 1297 ἀλλὰ

2244 1338 2519 1392 παιδεύων
2555 1358 2574 1391 ι
2621 1338 2697 1407 μὴ
2723 1341 2789 1409 τῇ
2822 1337 2960 1408 ὀργῇ
3004 1353 3100 1389 σου
3151 1335 3449 1406 παιδεύσῃς
3485 1352 3579 1403 με.
3638 1354 3659 1386 ι
3697 1331 3835 1387 Οἶδα

2241 1430 2449 1501 λῃστὴν
2500 1431 2869 1500 αἰτησάμενον
2921 1429 3019 1482 καὶ
3046 1428 3421 1497 κομισάμενον
3472 1428 3835 1496 συγχώρησιν

544 1514 1009 1598 νυιιὶσιιιρθιὶἱεεθ
1058 1539 1123 1577 ac
1196 1522 1501 1577 obtinuisse
1525 1522 1569 1575 ’.
1597 1520 1817 1575 Memini
1868 1517 2126 1590 peccatri-

2251 1524 2400 1591 παρά
2437 1523 2555 1576 σοῦ.
2585 1518 2720 1575 Οἶδα.
2742 1522 2950 1591 πόρνην
2969 1520 3254 1592 όλοψύχως
3290 1519 3713 1590 προσελθοῦσαν
3736 1520 3834 1571 καὶ

482 1633 503 1641 ‘
550 1634 669 1675 cem
700 1632 765 1671 ex
809 1614 991 1670 animo
1013 1611 1335 1675 accessisse,
1364 1626 1430 1666 ac
1454 1610 1799 1680 paenituisse,
1844 1624 1946 1665 nec
1979 1607 2136 1664 venia

547 1715 868 1767 l'rustratam
897 1722 1020 1763 esse
1049 1707 1117 1762 “'.
1144 1703 1745 1759 MeminiPublicanum
1808 1702 2139 1773 ingemuisse

550 1814 608 1860 et
637 1801 994 1873 justiﬁeatum
1019 1813 1142 1854 esse
1167 1795 1440 1851 “.Verum
1457 1810 1579 1851 sum
1608 1810 1708 1865 ego
1734 1795 1840 1851 illis
1866 1795 2136 1849 miserior.

550 1895 685 1951 Nam
717 1906 894 1962 neque
916 1889 1021 1944 illis
1060 1903 1181 1944 sum
1209 1887 1425 1944 similis.
1457 1884 1576 1942 Non
1607 1887 1750 1939 enim
1781 1886 1955 1940 habeo
2010 1900 2138 1954 pro-

554 2000 751 2059 pensas
779 1984 1088 2053 lacrymas;
1119 1994 1224 2035 non
1267 1994 1448 2033 verum
1474 1976 1898 2042 confessionem,
1934 1990 2041 2030 non
2073 1992 2136 2029 ex

557 2083 666 2133 imo
717 2076 881 2132 corde
936 2073 1222 2143 gemitum,
1249 2086 1357 2125 non
1418 2070 1674 2126 mundam
1727 2068 1990 2132 animam,
2030 2081 2137 2120 non

556 2175 832 2231 sincerum
896 2166 1187 2236 jejunium,
1221 2178 1327 2217 non
1375 2162 1678 2216 fraternum
1731 2174 1999 2224 amorem,
2032 2173 2138 2212 non

559 2267 928 2332 paupertatem
955 2258 1209 2324 spiritus,
1245 2270 1353 2308 non
1379 2254 1656 2309 assiduam
1679 2255 2007 2314 orationem,
2036 2265 2140 2305 non

557 2352 1116 2412 commiserationem,
1179 2356 1238 2401 ut
1272 2345 1471 2417 dignus
1520 2344 1639 2415 ipse
1668 2343 2145 2400 commiseratione

560 2448 762 2504 habear
792 2443 904 2517 (Ill)
949 2458 1093 2497 :non
1123 2439 1618 2508 compunetionem,
1655 2447 1714 2491 ut
1769 2435 1898 2490 mihi
1939 2434 2143 2489 condo-

477 2546 489 2557 '
561 2551 742 2604 netur,
775 2553 880 2590 non
915 2534 1203 2604 puritatem
1234 2529 1644 2599 cogitationum,
1673 2541 1778 2582 non
1809 2524 2143 2596 propositum

565 2632 676 2683 Deo
711 2627 950 2695 placens.
978 2622 1093 2689 Qua
1124 2621 1287 2689 igitur
1321 2618 1520 2682 fronte,
1557 2632 1662 2686 qua
1685 2615 1899 2670 licentia
1930 2614 2146 2667 veniam

564 2704 886 2789 postulabo?
921 2712 1278 2780 Frequenter,
1304 2706 1548 2771 Domine,
1575 2716 1824 2760 acturum
1868 2719 1951 2755 nte
1981 2703 2148 2770 ρωιιί-

569 2808 789 2862 Ientiam
818 2800 1106 2870 spOpondi,
1137 2798 1232 2851 sed
1262 2795 1425 2849 ﬁdem
1472 2796 1575 2863 tibi
1595 2798 1773 2849 datam
1810 2791 1993 2846 fefelli.
2028 2791 2145 2844 'l‘ihi

2246 1614 2479 1685 μετανοή
2489 1630 2660 1667 σασαν
2679 1624 2701 1652 ε
2724 1629 2739 1644 ’
2770 1609 2889 1666 οἶδα
2902 1614 3154 1683 Τελώνην
3173 1612 3509 1678 στενάξαντα
3535 1611 3632 1676 καὶ
3649 1612 3738 1664 δικ
3748 1629 3834 1662 αι-

2241 1707 2473 1761 ωθέντα.
2537 1705 2677 1773 Ἐγὼ
2721 1706 2779 1759 δὲ
2825 1706 3031 1760 τούτων
3063 1707 3422 1774 ταλάντερος.
3463 1705 3538 1758 Οὐ
3569 1705 3681 1773 γάρ
3713 1707 3836 1771 ειμι

2244 1802 2320 1863 ὡς
2348 1801 2524 1855 αὐτοί.
2544 1802 2620 1855 υὺ
2650 1801 2760 1872 γὰρ
2788 1801 2894 1870 ἔχω
2913 1802 3151 1871 δάκρυον
3171 1802 3418 1866 ἐκτενὲς,
3446 1801 3547 1853 οὐκ
3570 1800 3683 1870 ἔχω
3713 1799 3839 1863 ἐξοφ

2248 1893 2547 1962 μολόγησιν
2579 1894 2867 1963 ἀληθινὴν,
2893 1893 2921 1932 ἀ
2952 1895 3051 1947 οὐκ
3097 1894 3207 1964 ἔχω
3253 1895 3321 1946 ὲκ
3354 1893 3555 1962 βάθους
3597 1892 3837 1962 καρδίας

2252 1987 2577 2055 στεναγμ³.ν,
2594 1986 2695 2039 οὐκ
2716 1987 2825 2056 ἔχω
2837 1986 3084 2056 καθαρὰν
3103 1987 3202 2059 τὴν
3218 1988 3421 2059 ψυχὴν,
3444 1989 3548 2041 οὐκ
3565 1988 3681 2057 ἔχω
3702 2004 3834 2056 νησ-

2246 2073 2393 2123 τείαν
2425 2073 2723 2142 εἰλικρινῆ,
2747 2075 2846 2126 οὐκ
2876 2073 2986 2144 ἔχω
3011 2075 3237 2145 ἀγάπην
3269 2076 3413 2145 πρὸς
3434 2076 3695 2146 ἀδελφὺν,
3730 2078 3833 2128 οὐκ

2245 2161 2359 2230 ἔχω
2379 2163 2654 2233 πτωχείαν
2680 2164 3093 2234 πνευματικὴν,
3117 2166 3216 2217 οὐκ
3243 2168 3357 2233 ἔχω
3380 2168 3695 2237 προσευχὴν
3718 2168 3832 2236 διη-

2246 2255 2403 2324 νεκῆ,
2436 2257 2537 2310 οὐκ
2553 2256 2662 2327 ἔχω
2693 2258 3169 2327 συμπάθειαν,ἴνα
3197 2260 3573 2330 συμπαθηθῶ,
3593 2263 3697 2313 οὐκ
3720 2262 3831 2329 ἔχω

2243 2348 2563 2414 κατάνυξιν,
2592 2349 2679 2403 ἵνα
2700 2351 3067 2421 συγχωρηθῶ,
3099 2353 3199 2404 οὐκ
3224 2352 3335 2422 ἔχω
3353 2352 3713 2422 καθαρότητα
3738 2352 3831 2406 λο-

2242 2437 2601 2503 γισμῶν,οὐκ
2619 2438 2732 2508 ἔχω
2762 2440 3086 2511 προαίρεσιν
3117 2440 3423 2512 θεοπρεπῆ.
3463 2443 3610 2512 Ποίῳ
3631 2444 3826 2496 λειπδν

2246 2532 2547 2600 προσώπῳ,
2580 2531 2712 2603 ποίᾳ
2730 2531 3020 2604 παρρησίᾳ
3041 2534 3255 2603 αἰτήσω
3277 2533 3636 2605 συγχώρησιν
3659 2552 3678 2603 ;
3699 2535 3836 2588 Πολ-

2247 2620 2408 2684 λάκις
2430 2639 2536 2686 σοι,
2561 2624 2832 2689 Δέσποτα,
2857 2629 3145 2695 μετανοεῖν
3163 2626 3573 2695 συνεταξάμην,
3596 2632 3690 2682 καὶ
3702 2627 3833 2699 ψεύ-

2246 2726 2381 2783 στης
2397 2715 2535 2782 πρὸς
2560 2715 2619 2769 σὲ
2636 2715 2737 2784 τῆς
2759 2715 3038 2786 συνταγῆς
3057 2717 3351 2787 ἐγενόμην.
3373 2719 3648 2783 Πολλάκις
3664 2736 3748 2772 σοι
3774 2720 3833 2772 ἒν

2257 2803 2556 2876 Ἐκκλησία
2599 2807 2951 2874 προσπίπτω,
2984 2809 3080 2861 καὶ
3126 2807 3329 2872 εὐθέως
3376 2807 3735 2879 ἐξερχόμενος
3772 2809 3831 2860 ἒν

566 2903 619 2954 in
649 2896 893 2952 Ecclesia
917 2893 1235 2961 frequenter
1254 2888 1498 2960 procido,
1519 2902 1584 2942 ac.
1607 2885 1791 2940 statim
1819 2897 2071 2953 egressus
2096 2882 2146 2936 in

2251 2898 2501 2967 ἀνομίαις
2527 2899 2815 2968 ἐμπίπτω.
2853 2899 3120 2964 Πολλάκις
3171 2902 3238 2969 μὲ
3270 2899 3529 2973 ὴλέησας,
3580 2901 3742 2969 κάγώ
3771 2916 3830 2953 σε

571 2997 794 3061 peccata
822 2985 1023 3041 incido.
1056 2980 1402 3050 Frequenter
1434 2987 1488 3032 te
1520 2976 1624 3030 mei
1646 2974 1924 3029 misertum
1956 2983 2062 3039 est,
2094 2982 2153 3026 et

568 3100 669 3152 ego
712 3083 892 3152 sprevi
927 3089 1001 3136 te.
1036 3077 1375 3147 Frequenter
1406 3088 1494 3128 me
1545 3069 1876 3135 sustinuisti,
1900 3067 1994 3124 sed
2017 3067 2148 3122 nihil

570 3188 658 3229 me
717 3170 1023 3227 emendavi.
1051 3171 1206 3237 Saepe
1263 3180 1349 3220 me
1394 3164 1640 3227 erexisti,
1668 3161 1763 3217 sed
1807 3177 1906 3228 ego
1960 3174 2151 3214 rursus

568 3267 804 3322 concidi.
832 3264 971 3331 Quot
996 3277 1083 3317 me
1116 3262 1288 3316 modis
1327 3256 1611 3327 adiuvisti,
1631 3270 1686 3310 et
1712 3270 1814 3325 ego
1839 3254 1933 3307 tibi
1969 3255 2151 3323 ingra-

571 3356 1023 3424 tusiui?Qu01ies
1054 3355 1108 3409 in
1135 3368 1220 3407 tne
1241 3350 1633 3407 humanitatem
1664 3349 1920 3411 habuisti,
1949 3347 2153 3413 tibique

569 3467 672 3519 ego
703 3461 1043 3518 nequaquam
1075 3444 1278 3499 servivi
1304 3440 1522 3508 ?Quam
1557 3439 1745 3493 multis
1777 3454 1863 3492 me
1896 3445 1949 3490 tu
1980 3436 2152 3490 hono-

574 3538 730 3602 rasti,
758 3548 812 3591 et
838 3550 940 3605 ego
975 3545 1028 3589 te
1065 3530 1425 3587 inhonoravi?
1454 3528 1681 3595 Quoties
1713 3539 2031 3597 peccantem
2069 3539 2154 3578 me

574 3642 831 3700 tauquam
858 3636 1011 3699 pater
1045 3625 1370 3680 adhortatus
1389 3621 1485 3677 es?
1509 3631 1769 3689 tanquam
1818 3621 1995 3674 bonus
2022 3616 2155 3672 tole-

577 3723 740 3788 rasti;
809 3733 1069 3789 tanquam
1135 3718 1304 3772 filium
1349 3713 1699 3769 exosculatus
1756 3711 1853 3765 es?
1893 3719 2152 3775 tanquam

557 3815 958 3876 .cbarissimutn
1017 3813 1213 3883 pignus
1270 3823 1356 3863 me
1426 3822 1486 3863 es
1539 3806 1837 3871 allocutus;
1897 3812 2153 3872 tauquam

575 3917 731 3977 pater
756 3905 1105 3976 corripuisti;
1139 3913 1396 3972 tanquam
1421 3897 1690 3952 infantem
1720 3895 1962 3961 vocaSIi;
1997 3893 2154 3947 ulnas

575 3998 920 4069 cxpandisti;
955 3998 1167 4065 lapsum
1195 4009 1284 4047 tne
1315 3990 1559 4057 tenuisti,
1597 3998 1763 4058 atque
1818 3985 2003 4043 dixisti
2034 4003 2047 4038 ι
2074 3983 2156 4041 Ne

578 4099 784 4152 metue,
833 4086 1067 4155 erigere,
1125 4098 1342 4137 rursum
1416 4079 1678 4144 consiste,
1733 4092 1949 4132 rursum
2008 4075 2153 4142 veni,

577 4194 795 4255 rursum
816 4193 883 4233 ne
900 4187 1083 4231 metue
1116 4192 1130 4229 :
1163 4189 1268 4229 non
1301 4185 1600 4242 persequor
1642 4178 1716 4232 te,
1749 4182 1856 4222 non
1905 4180 2153 4228 aversor,

578 4290 685 4329 non
707 4274 1001 4345 exprobro,
1021 4286 1127 4326 non
1143 4269 1430 4324 abominor
1453 4281 1639 4323 meum
1667 4265 2009 4334 figmentum,
2047 4277 2153 4317 non

577 4366 773 4421 abdico
822 4379 1005 4419 meum
1037 4376 1210 4431 opus,
1269 4373 1376 4414 non
1407 4358 1619 4413 obduro
1661 4356 1872 4410 viscera
1932 4369 2049 4409 mea
2091 4352 2160 4408 ad

580 4472 758 4512 meum
801 4457 992 4511 filium.
1026 4452 1141 4507 Non
1173 4454 1317 4506 enim
1353 4449 1535 4504 odisse
1581 4462 1802 4516 possunt
1860 4445 2159 4509 hominem,

577 4565 738 4619 quem
769 4548 903 4602 meis
932 4548 1049 4615 ipse
1081 4544 1332 4598 utattibus
1360 4540 1540 4596 cﬂinxi
1565 4558 1580 4607 ;
1607 4541 1761 4609 cujus
1826 4552 1990 4593 causa
2041 4546 2159 4591 me-’

581 4649 692 4693 met
738 4637 1052 4696 humiliari;
1085 4649 1181 4704 pro
1239 4626 1349 4702 Quo
1405 4631 1725 4700 sanguinem
1792 4642 1971 4681 meum
2020 4626 2155 4680 fudi.

579 4732 859 4797 Quomodo
878 4745 981 4782 non
1010 4726 1302 4797 suscipiam
1333 4725 1399 4779 ad
1431 4740 1517 4777 me
1541 4737 1887 4787 conversum,
1918 4736 1983 4776 ac
2026 4722 2157 4776 tnibi

652 4888 672 4918 ’
698 4884 831 4939 Luc.
863 4896 1019 4947 χχιιι,
1050 4881 1136 4935 45.
1218 4880 1260 4910 ¹⁰
1293 4878 1422 4933 Luc.
1452 4895 1552 4943 vn,
1578 4878 1670 4932 Η.

2252 2987 2513 3058 ἡθέτησα.
2563 2986 2829 3047 Πολλάκις
2884 3002 2952 3056 με
2983 2985 3331 3051 ἐϐάστασας,
3379 2988 3536 3055 κάγὼ
3583 2989 3689 3041 οὐκ
3742 2992 3837 3040 ἐπ-

2252 3076 2511 3147 έστρεψα.
2544 3076 2812 3137 Πολλάκις
2855 3091 2922 3145 με
2960 3075 3290 3146 ἀνέστησας,
3320 3075 3476 3145 κάγὼ
3509 3077 3676 3132 πάλιν
3706 3095 3836 3132 κατ-

2251 3166 2466 3220 έπεσον.
2524 3167 2670 3219 Πόσα
2730 3184 2796 3236 με
2833 3165 3285 3237 συνεκρότησας,
3333 3166 3491 3235 κάγὼ
3553 3184 3615 3221 σε
3655 3169 3835 3239 ἠγνω-

2257 3260 2499 3329 μόνηκα;
2576 3259 2818 3320 Ποσάκις
2884 3274 2985 3327 μου
3076 3259 3443 3329 εἰσήκουσας.
3510 3258 3670 3329 κάγώ
3744 3277 3835 3313 σου

2254 3350 2618 3420 παρήκουσα;
2663 3350 2903 3412 Ποσάκις
2958 3366 3048 3418 μοι
3090 3350 3517 3422 συνεπάθησας,
3553 3352 3652 3406 καὶ
3680 3353 3834 3407 οὖδα-

2257 3439 2374 3506 μῶς
2405 3455 2487 3491 σοι
2528 3437 2825 3492 ἐδούλευσα
2852 3456 2866 3504 ;
2918 3440 3069 3492 Πόσα
3095 3440 3155 3494 δέ
3193 3459 3261 3512 με
3295 3441 3568 3513 ἐτίμησας
3588 3484 3603 3509 ,
3634 3443 3749 3512 ἐγὼ
3775 3444 3833 3497 δέ

2256 3547 2317 3582 σε
2353 3531 2639 3600 ἠτίμασα;
2665 3530 2904 3594 Ποσάκις
2936 3533 3364 3602 ἁμαρτήσαντός
3398 3550 3525 3602 μου,
3559 3534 3635 3598 ὼς
3658 3535 3835 3605 πατὴρ

2256 3624 2671 3691 παρεκάλεσας;
2700 3623 2775 3686 ὼς
2805 3623 3014 3691 ἀγαθὸς
3051 3623 3365 3689 ἐϐάστασας
3390 3666 3404 3690 ,
3439 3627 3517 3691 ὡς
3561 3628 3679 3680 υἱὸν
3705 3646 3834 3681 κατ-

2253 3717 2549 3786 εφίλησας,
2578 3717 2654 3779 ὡς
2682 3716 2863 3788 τέκνῳ
2901 3735 2993 3787 μοι
3019 3716 3310 3788 ἐλάλησας,
3333 3719 3412 3782 ὡς
3464 3721 3652 3790 πατὴρ
3685 3722 3835 3774 ἑνου-

2257 3808 2526 3879 Οέτησας,
2565 3807 2640 3872 ὡς
2696 3811 2896 3879 νήπιον
2931 3809 3204 3873 ἐκάλεσας
3229 3848 3245 3874 ,
3310 3811 3411 3876 τὰς
3443 3813 3696 3881 ἀγκάλας
3732 3817 3834 3883 ἀφ·

2257 3898 2543 3970 ήπλωσας,
2566 3901 2662 3953 καὶ
2690 3900 2930 3953 πεσόντα
2948 3917 3017 3971 με
3047 3900 3390 3972 ἐκράτησας,
3411 3904 3510 3957 καὶ
3537 3900 3699 3968 εἶπάς
3725 3923 3835 3975 μοι,

2256 3991 2349 4061 Μὴ
2401 3989 2612 4059 φοϐοῦ,
2673 3992 2926 4062 ἐγείρων
2963 3993 3131 4049 πάλιν
3171 3995 3357 4065 στῆθι,
3416 3997 3586 4051 πάλιν
3646 3995 3833 4067 δεῦρο,

2258 4082 2421 4136 πάλιν
2452 4084 2531 4154 μὴ
2568 4083 2770 4153 φοϐοῦ,
2806 4085 2867 4137 οὐ
2898 4085 3080 4139 διώκω
3112 4103 3171 4139 σε
3194 4125 3208 4151 ,
3241 4088 3345 4141 οὐκ
3379 4089 3715 4160 άποστρέφω
3745 4105 3834 4151 σε,

2258 4175 2361 4227 οὐκ
2392 4174 2637 4237 ὀνειδίζω
2669 4192 2760 4240 σε,
2791 4177 2851 4228 οὐ
2901 4175 3273 4249 βδελύσσομαι
3306 4181 3368 4233 τὸ
3407 4181 3544 4250 ἐμὸν
3578 4181 3833 4252 πλάσμα,

2260 4265 2363 4317 οὐκ
2392 4265 2807 4336 ἀπορῤίπτομαι
2839 4267 2900 4320 τὸ
2930 4268 3064 4337 ἐμὸν
3092 4269 3305 4341 ποίημα
3325 4312 3339 4338 ,
3368 4272 3431 4324 οὐ
3467 4270 3746 4345 σκληρύνῃ
3771 4275 3836 4324 τά

2258 4355 2547 4425 σπλάγχνα
2604 4373 2708 4426 μου
2739 4357 2875 4427 πρὸς
2922 4358 2983 4411 τὸ
3022 4359 3156 4430 ὲμδν
3188 4361 3402 4416 τέκνον.
3440 4363 3515 4417 Ού
3550 4365 3658 4436 γάρ
3687 4364 3836 4416 δύναο

2261 4465 2360 4518 μαι
2401 4447 2637 4516 μισῆσαι
2667 4447 2726 4501 ὃν
2751 4452 2871 4513 ταῖς
2902 4453 3059 4522 χερσὶ
3095 4455 3216 4515 ταῖς
3251 4455 3418 4523 ἐμαῖς
3442 4454 3714 4509 διέπλασα
3741 4456 3831 4509 άν-

2257 4538 2499 4608 θρωπον,
2537 4539 2679 4608 ὑπὲρ
2724 4531 2785 4591 οῦ
2819 4541 3059 4610 ἐμαυτὸν
3107 4543 3451 4597 ὲταπείνωσα
3477 4560 3491 4574 ο
3524 4545 3660 4616 ὑπὲρ
3696 4540 3753 4599 οὗ
3780 4546 3837 4598 τὸ

2258 4632 2394 4701 ὲμδν
2441 4628 2632 4701 ἐξέχεα
2681 4626 2842 4703 αἷμα.
2877 4634 3004 4698 Πῶς
3045 4635 3108 4688 ού
3162 4635 3531 4707 προσδέξομαι
3560 4639 3695 4709 πρὸς
3740 4639 3833 4707 ἐμὲ

2268 4724 2670 4794 ἐπιστρέφοντα
2736 4726 2834 4779 καὶ
2893 4728 3356 4797 προσπίπτοντα;
3430 4729 3576 4800 Ἐγὼ
3632 4731 3690 4785 δὲ
3742 4732 3833 4800 τὴν

1754 4878 1793 4908 ¹¹
1822 4876 1951 4931 Luc.
1988 4893 2141 4945 xvm,
2172 4876 2260 4931 Li.

654 5034 678 5065 ε
700 5024 890 5081 Codex
929 5020 1066 5088 Reg.
1096 5020 1245 5073 addit
1276 5037 1288 5072 :
1320 5019 1429 5072 Καὶ
1451 5018 1553 5087 τῆς
1582 5021 1991 5088 συγχωρήσεως
2021 5019 2097 5089 μὴ
2134 5023 2146 5071 ι

2251 5017 2536 5089 τυχοῦσαν.
2612 5016 2637 5054 ά
2673 5016 2890 5071 Τούτων
2910 5018 3021 5087 ἐγὼ
3050 5019 3398 5091 ἀθλιώτερος.

2114 5149 2343 5209 NOTAE.

655 5292 1110 5366 (ιογυιμάἔριηω
1149 5289 1257 5366 ipse
1295 5288 1748 5366 contniiseralioye
1791 5288 2162 5366 Imbear."'l_vat

585 5357 951 5438 συμπαθηθῶ.
989 5360 1222 5429 Exponit
1249 5361 1414 5438 editio
1439 5358 1770 5438 llegia,_i’va
1811 5357 2163 5438 συμπαθείας

584 5430 798 5503 ἀξιωθῇ)
829 5430 1037 5503 squam
1078 5431 1479 5503 expt_tsitiotteii‘_t_
1503 5440 1565 5503 ut
1584 5432 1807 5503 vidisset
1853 5430 2124 5498 interpres
2144 5470 2160 5497 ,

584 5498 686 5562 ni...
718 5502 1059 5559 reddidisset,
1087 5512 1138 5551 ut
1173 5500 1377 5553 doleam
1406 5498 1591 5552 alienis
1623 5500 1966 5551 incommodis
1998 5515 2016 5552 :
2047 5509 2160 5554 latt-

582 5587 742 5638 quam
792 5581 966 5631 esset,
1010 5569 1096 5619 ἵνα
1155 5571 1501 5637 συμπαθήσω
1533 5584 1545 5596 ·
1592 5571 1804 5621 lauta-tsi
1859 5584 1969 5622 vox-
2016 5572 2160 5623 edita

588 5639 951 5714 ω’),παθῃθιῖη
984 5653 1235 5705 expromat
1269 5642 1399 5691 satis
1435 5649 1533 5691 est.
1576 5639 1734 5689 i'auln
1769 5640 1988 5692 ξηιλ-γωδ
2014 5659 2159 5693 eam-

2268 5291 2389 5345 dem
2445 5305 2630 5345 vocem
2683 5290 2978 5355 incongrue
3017 5292 3191 5346 reddit
3241 5293 3541 5361 interpres,
3596 5295 3682 5347 ubi
3727 5306 3829 5358 est,

2266 5361 2499 5425 ποσάκις
2531 5377 2621 5430 μοι
2645 5361 3051 5429 συνεπάθησας.
3088 5361 3311 5427 Οιιοιὶιις
3340 5365 3470 5415 mihi
3494 5366 3833 5420 conseruisti?

2263 5433 2474 5499 potius,
2531 5431 2836 5495 impensiori
2893 5436 3123 5503 quadam
3186 5434 3504 5501 benignitate
3564 5436 3833 5503 ignouisti:

2263 5504 2529 5574 quomodo
2575 5505 2767 5574 altera.
2803 5516 2868 5553 ac
2919 5502 3066 5571 Regii
3097 5507 3213 5558 cod.
3254 5504 3439 5568 t‘ditio,
3492 5508 3723 5569 ποσάκις
3747 5523 3827 5574 μοι

2267 5573 2557 5640 συιέγνιος.
2597 5571 2884 5624 (ἶυΝΒ;·.Ρι5.
