4042 6292
230 275 379 336 ὶυὶῗ5

1405 274 1701 342 ORATIO.
1727 282 1804 342 IN
1848 284 2208 345 PSALMUM
2247 282 2344 348 VI.

3353 296 3487 359 1086

230 383 415 452 ἀκοὴν
449 371 686 454 βαρῦνας
709 383 772 436 οὗ
803 382 1127 456 προσέσχον,
1153 385 1273 440 οὖδέ
1296 388 1668 461 ἐπεστράφην.
1702 392 1813 454 Διὸ,

1929 396 2464 466 [irocidentent‘lEgo
2513 396 2864 451 nihilominus
2924 408 3112 449 aurem
3160 411 3486 469 aggravans,

234 477 517 539 Δέσποτα,
557 474 633 538 ὡς
676 478 917 547 ἔμφυτον
948 481 1043 533 καὶ
1074 480 1504 554 ἀχάριστον(Η)
1536 484 1675 555 ἔχων
1715 485 1816 552 τῆς

237 565 663 639 φιλανθρωπίας
708 570 808 641 τὴν
843 570 1118 638 ἄϐυσσον,
1156 572 1249 626 καὶ
1292 572 1390 642 τῆς
1438 575 1816 646 μακροθυμίας

235 657 304 710 τὸ
341 658 602 727 πέλαγος,
624 661 745 732 «Μὴ
759 660 837 731 τῷ
868 660 1029 733 θνμῷ
1060 680 1153 716 σου
1185 664 1412 736 ἐλέγξῃς
1441 683 1508 734 με
1532 704 1546 728 ,
1588 666 1721 735 μηδὲ
1750 668 1816 737 τῇ

238 752 385 822 ὀργῇ
422 770 516 806 σου
550 754 853 825 παιδεύσῃς
883 772 974 825 με,
1016 773 1034 807 ι
1069 755 1185 809 ἀλλ’
1215 756 1294 808 ἔτι
1320 758 1412 810 καὶ
1445 756 1525 810 ἔτι
1552 757 1820 829 μακροθύ-

242 857 427 915 μησον
453 845 541 898 ἐπ’
577 846 723 917 ἐμοί.
755 847 849 916 Μὴ
875 846 1118 918 σπεύσῃς
1149 848 1242 900 τοῦ
1267 848 1502 918 ἐκκόψαι
1529 866 1596 919 με
1620 849 1695 911 ὡς
1726 848 1819 916 τὴν

240 937 418 1008 συκῆν
438 935 535 1009 τὴν
558 938 830 1008 ἀκαρπον”
848 938 961 992 ἀλλ’
979 939 1054 1002 ὼς
1081 939 1281 1008 ἀγαθὸς
1299 941 1390 993 καὶ
1413 938 1819 1008 φιλάνθρωπος,

240 1030 516 1093 Δέσποτα,
562 1029 704 1100 μετά
744 1030 963 1084 πάντων
1000 1031 1093 1084 καὶ
1133 1031 1195 1083 τὸ
1219 1029 1339 1093 ἔτος
1361 1029 1521 1083 τοῦτο
1561 1028 1721 1081 ἔασόν
1755 1045 1821 1096 με

241 1120 385 1191 πρὸς
416 1120 514 1191 τὴν
547 1120 879 1190 μετάνοιαν,
925 1120 1020 1175 καὶ
1057 1121 1131 1192 μὴ
1182 1118 1489 1191 ἀκηδιάσῃς
1538 1119 1823 1188 βαστάζων

241 1212 345 1281 τὴν
375 1212 590 1265 ἀδικίαν
622 1230 724 1282 μου
752 1213 848 1266 καὶ
886 1213 988 1284 τὴν
1042 1213 1321 1285 ρᾳθυμίαν
1349 1230 1473 1282 μου.
1512 1211 1603 1281 Μὴ
1641 1210 1822 1281 ἀρπά-

245 1315 350 1373 σῃς
396 1319 465 1370 με
513 1302 801 1382 ἀνέτοιμον
853 1303 1173 1374 ὑπάρχοντα
1200 1342 1215 1368 ,
1269 1304 1343 1373 μὴ
1390 1301 1563 1374 λάϐῃς
1610 1318 1677 1371 με
1730 1302 1826 1366 τὴν

241 1392 514 1463 λαμπάδα
542 1394 616 1463 μὴ
643 1394 880 1463 ἆψαντα,
906 1394 981 1466 μὴ
1005 1394 1179 1466 λάϐῃς
1202 1412 1269 1465 με
1301 1393 1376 1464 μὴ
1405 1393 1601 1463 ἔχοντα
1624 1393 1827 1463 ἔνδυμα

241 1489 430 1555 γάμου
455 1525 470 1550 ,
503 1484 579 1555 μὴ
618 1486 983 1556 παραστήσῃς
1028 1485 1244 1555 γυμνὴν
1273 1484 1373 1554 τὴν
1407 1484 1585 1554 ψυχήν
1619 1501 1718 1553 μου
1752 1481 1827 1552 τῷ

245 1575 456 1646 βήματι
506 1592 599 1630 σου
651 1576 1018 1647 στηλίτευμα,
1056 1577 1131 1647 μὴ
1177 1575 1349 1649 λάϐῃς
1381 1593 1448 1645 με
1482 1578 1628 1639 τέως
1664 1575 1828 1646 μηδὲν

244 1667 589 1739 προενέγκαι
620 1687 705 1722 σοι
741 1668 937 1739 ἔχοντα
962 1685 977 1699 ’
1010 1668 1147 1722 ἀλλὰ
1184 1668 1641 1743 μακροθύμησον,
1692 1667 1829 1723 ἀλλὰ

241 1762 578 1831 ἀνάμεινον,
624 1760 761 1815 ἀλλὰ
794 1760 1307 1831 φιλανθρωπεύθητι
1328 1801 1342 1825 ,
1367 1760 1505 1813 ἀλλὰ
1539 1760 1829 1830 συμπάθη-

244 1870 347 1907 σον
376 1854 549 1922 κάμοὶ
578 1852 658 1924 τῷ
690 1853 916 1924 πτωχῷ,
952 1850 1031 1924 τῷ
1060 1852 1256 1923 γυμνῷ
1283 1892 1298 1916 ,
1334 1851 1412 1923 τῷ
1448 1852 1677 1924 ῥᾳθύμῳ
1702 1893 1717 1916 ,
1753 1851 1831 1921 τῷ

244 1946 463 2016 ἀμελεῖ,
495 1945 572 2015 τῷ
610 1945 833 2014 ἐλεεινῷ
857 1984 872 2008 ,
906 1944 985 2016 τῷ
1014 1946 1235 2016 ἀπόρῳ,
1269 1944 1348 2014 τῷ
1375 1944 1582 2014 πόρνῳ,
1616 1943 1696 2013 τῷ
1730 1946 1828 2014 ρυ-

244 2036 434 2108 παρῷ,
470 2037 546 2108 τῷ
571 2036 792 2108 ἀσώτῳ,
824 2036 903 2106 τῷ
932 2037 1235 2106 ἀγνώμονι,
1264 2035 1341 2106 τῷ
1362 2037 1718 2105 ἀσπλάγχνῳ,
1750 2035 1830 2104 τῷ

246 2129 673 2200 πεπωρωμένῳ,
705 2128 782 2198 τῷ
821 2127 1226 2198 βεϐυθισμένῳ,
1257 2125 1335 2196 τῷ
1366 2127 1831 2195 κατακεκριμένῳ

245 2223 345 2276 καὶ
378 2221 705 2291 ἀπροσώπῳ
741 2221 839 2273 καὶ
893 2218 1372 2290 ἁπαρρησιάστῳ,
1421 2217 1516 2269 καὶ
1556 2216 1831 2269 ἀναπολο-

244 2316 426 2384 γήτῳ,
466 2313 546 2384 τῷ
580 2311 785 2383 ἀναξίῳ
816 2312 998 2380 πάσης
1029 2308 1444 2381 φιλανθρωπίας
1470 2324 1485 2339 ·
1516 2306 1593 2377 τῷ
1624 2307 1831 2376 ἀναξίῳ

245 2407 347 2462 τοῦ
376 2405 610 2477 οὐρανοῦ
634 2406 731 2459 καὶ
757 2404 857 2473 τῆς
881 2403 986 2474 γῆς
1014 2418 1029 2434 ·
1056 2401 1134 2474 τῷ
1158 2402 1294 2473 ἀξίῳ
1325 2401 1506 2472 πάσης
1533 2401 1827 2470 τιμωρίας,

246 2499 351 2553 καὶ
383 2497 633 2568 γεέννης,
663 2495 759 2548 καὶ
787 2494 1087 2555 κολάσεως.
1734 2512 1737 2515 -
1820 2520 1831 2533 .

336 2590 517 2650 Ἀλλά,
564 2607 582 2639 ι
614 2587 808 2659 Κύριε,
852 2585 927 2656 μὴ
979 2584 1058 2654 τῷ
1108 2583 1265 2654 θυμῷ
1306 2600 1398 2635 σου
1452 2580 1678 2651 ἐλέγξῃς
1727 2597 1828 2650 με.

251 2682 396 2754 μηδὲ
429 2685 497 2752 τῇ
527 2681 664 2751 ὀργῇ
699 2696 793 2732 σου
831 2676 1127 2745 παιδεύσῃς
1164 2692 1252 2744 με.
1308 2674 1560 2745 Ἐλέησόν
1597 2690 1686 2742 με,
1720 2672 1831 2726 Κύ-

251 2790 362 2845 ριε,
413 2773 496 2825 δτι
538 2768 776 2837 ἀσθενής
820 2768 959 2836 εἰμι.
1000 2786 1018 2816 ι
1068 2764 1327 2834 Ἀσθενής
1361 2765 1478 2833 εἰμι
1531 2766 1597 2834 τῇ
1633 2763 1829 2831 σαρκὶ,

249 2862 490 2925 ἀσθενής
544 2862 662 2931 ειμι
713 2861 781 2929 τῇ
832 2858 1001 2928 ψυχῇ.
1065 2856 1309 2908 ’Δσθενεῖ
1360 2872 1463 2923 μου
1516 2857 1550 2925 ἡ
1601 2853 1829 2922 γνώμη,

251 2950 477 3007 ἀσθενεῖ
508 2968 609 3019 μου
639 2949 666 3000 ὁ
704 2948 984 3018 λογισμός.
1023 2965 1042 2997 ι
1095 2945 1338 3010 Ἐξέλιπέ
1369 2963 1470 3015 μου
1511 2946 1544 3014 ἡ
1588 2946 1765 3014 ἰσχὺς,
1809 2966 1827 2996 ι

1867 1726 1906 1780 Β
1932 1760 2057 1814 dum
2116 1758 2257 1813 nihil
2288 1760 2459 1815 habeo
2491 1726 2634 1831 quod
2680 1726 2901 1816 etl‘eram

1921 501 2025 539 non
2058 488 2273 542 adhibui
2297 489 2559 550 animum,
2604 502 2705 542 nec
2736 503 2853 542 sum
2905 503 3228 545 conversus.
3259 489 3487 555 Idcirco,

1924 574 2171 641 Domine,
2225 586 2477 645 tanquam
2552 578 2640 646 qui
2706 588 2992 645 cognatam
3036 595 3100 633 ac
3151 578 3491 647 inseparabi-

1924 668 2025 721 lem
2058 668 2169 737 (12)
2216 668 2416 722 haheas
2433 666 2736 721 clementiae
2766 668 3049 737 ahyssum,
3071 682 3135 722 ac
3167 667 3493 735 longanimi-

1926 761 2049 813 tatis
2078 760 2335 828 pelagus:
2375 777 2394 810 ι
2440 758 2517 813 Ne
2565 759 2617 812 in
2670 758 2856 814 furore
2888 768 2977 814 tuo
3012 774 3208 828 arguas
3256 773 3362 820 me,
3399 773 3493 814 ne-

1922 864 2027 918 que
2058 848 2110 902 in
2143 849 2222 903 ira
2254 860 2339 903 tua
2370 850 2634 917 corripias
2668 864 2785 915 me;
2834 867 2852 900 ι
2911 849 3006 903 sed
3044 849 3233 903 adhuc
3278 849 3489 902 adhuc-

1924 940 2296 1010 quetoleranti
2332 941 2382 993 in
2414 958 2498 995 me
2541 949 2659 994 esto
2707 940 2911 995 animo.
2944 937 3025 992 Ne
3065 942 3172 994 cito
3198 940 3493 994 exscindas

1924 1046 2010 1085 me
2050 1040 2105 1083 ιιι
2145 1031 2302 1084 ﬁcum
2336 1032 2479 1085 illam
2522 1031 2898 1102 iufrugil‘eram
2950 1031 3019 1095 “,
3078 1033 3171 1086 sed
3233 1039 3491 1098 tanquam

1926 1123 2098 1178 bonus
2120 1137 2181 1176 ac
2210 1123 2464 1188 clemens,
2494 1122 2739 1187 Domine,
2769 1124 2872 1177 hoc
2910 1137 3128 1192 quoque
3179 1136 3324 1175 anno
3369 1134 3494 1174 cum

1926 1215 2136 1269 caeteris
2163 1215 2404 1283 relinque
2453 1229 2560 1277 me,
2585 1223 2641 1268 ut
2668 1214 3041 1283 ptenitentiam
3069 1228 3223 1281 agam
3255 1228 3270 1266 :
3309 1226 3409 1265 nec
3443 1220 3499 1265 te

1929 1305 2122 1357 taedeat
2146 1303 2287 1360 ferre
2318 1310 2494 1358 nteum
2525 1305 2576 1357 in
2603 1305 2825 1374 agendis
2845 1304 3059 1359 taedium
3092 1316 3156 1356 ac
3183 1302 3492 1371 segnitiem.

1930 1392 2006 1448 Ne
2046 1408 2130 1448 me
2153 1394 2330 1467 rapias
2362 1395 2720 1464 imparatum;
2753 1410 2821 1449 ne
2851 1409 2937 1450 me
2962 1399 3216 1465 accipias,
3251 1409 3360 1450 non
3404 1410 3499 1449 ac—

1928 1500 2088 1542 censa
2121 1485 2403 1556 lampade;
2436 1500 2506 1539 ne
2540 1485 2777 1555 accipias
2824 1501 2931 1553 me,
2970 1487 3294 1541 destitutum
3352 1495 3505 1540 veste

1931 1578 2183 1649 nuptiali;
2231 1594 2298 1635 ne
2355 1578 2553 1633 nudam
2586 1580 2823 1634 animam
2877 1595 3051 1635 meam
3092 1590 3184 1635 tuo
3244 1578 3503 1635 tribunali

1936 1670 2324 1724 traducendam
2353 1670 2595 1735 stiteris;
2626 1687 2696 1729 ne
2748 1687 2833 1726 me
2878 1672 3158 1741 acceperis
3217 1672 3498 1735 hactenus,

3035 1763 3129 1816 sed
3183 1763 3501 1833 patientiam

1931 1850 2099 1916 habe;
2126 1850 2220 1905 sed
2252 1860 2545 1920 exspecta;
2582 1853 2676 1907 sed
2716 1852 2950 1921 benigne
2977 1869 3188 1907 mecum
3223 1868 3323 1921 age
3354 1871 3367 1905 :
3402 1853 3503 1905 mi.

1895 1952 2111 2009 _sereat
2158 1952 2214 1997 te
2273 1945 2378 1997 mei
2438 1943 2718 2012 pauperis,
2757 1944 2905 2008 nudi,
2960 1946 3226 2008 socordis,
3281 1945 3498 2006 incurii,

1932 2034 2279 2099 miserabilis,
2318 2035 2514 2104 inopis,
2551 2035 2802 2099 adulteri,
2851 2035 3077 2099 sordidi,
3121 2035 3354 2104 prodigi,
3411 2034 3497 2086 in-

1931 2127 2094 2199 grati,
2159 2128 2461 2190 inhumani,
2512 2128 2780 2187 obdurati.
2812 2128 3067 2191 demersi,
3105 2127 3367 2189 damnati,
3411 2127 3500 2193 qui

1932 2236 2033 2275 nec
2064 2221 2266 2273 vultum
2295 2219 2604 2284 OSIemlere,
2627 2234 2725 2272 nec
2753 2217 2988 2274 liberius
3019 2217 3303 2287 loqui,nce
3338 2230 3502 2269 excu-

1930 2326 2053 2366 sare
2075 2312 2301 2367 habeam
2330 2328 2342 2360 :
2368 2311 2574 2379 indigni
2600 2309 2741 2363 coelo
2774 2321 2827 2363 et
2859 2318 3006 2363 terra
3031 2349 3047 2374 ,
3076 2309 3334 2379 dignique
3353 2306 3503 2360 cauti

1932 2418 2112 2468 pmna,
2142 2413 2196 2458 et
2221 2410 2511 2467 tormento,
2537 2410 2590 2456 et
2618 2401 2907 2471 supplicio.

2004 2583 2093 2648 At,
2130 2600 2148 2631 ι
2175 2580 2419 2646 Domine,
2450 2592 2519 2633 ne
2548 2578 2598 2632 in
2633 2575 2814 2632 lurore
2838 2586 2928 2630 tuo
2955 2589 3153 2645 arguas
3185 2589 3294 2637 me,
3327 2586 3504 2640 neque

1931 2678 1982 2731 iu
2043 2676 2123 2729 ira
2181 2684 2270 2727 tua
2320 2670 2584 2740 corripias
2631 2683 2736 2725 me.
2790 2668 3047 2723 Miserere
3074 2667 3202 2730 mei,
3253 2665 3503 2727 Domine,

1931 2767 2185 2837 quoniam
2229 2763 2476 2817 inﬁrmus
2504 2776 2645 2815 sum.
2680 2780 2699 2812 ι
2731 2758 2980 2813 lnlirmus
3011 2773 3129 2813 sum
3164 2770 3331 2811 carne
3361 2770 3375 2809 ;
3415 2754 3504 2807 in-

1934 2854 2351 2911 ﬁrmusanima.
2382 2851 2479 2905 Est
2512 2849 2644 2903 mihi
2678 2850 2925 2903 inlirmus
2952 2849 3169 2901 animus
3202 2864 3217 2900 :
3248 2854 3331 2899 est
3370 2843 3505 2897 mihi

1934 2948 2148 3000 infirma
2196 2945 2352 2998 ratio.
2412 2961 2432 2995 ι
2489 2941 2693 2996 Deiecit
2745 2940 2918 2994 virtus
2975 2953 3090 2992 mea
3121 2937 3185 3002 ¹⁹,
3228 2954 3248 2988 ι
3307 2933 3506 2990 defecit

250 3042 505 3108 ἐξέλιπεν
548 3045 576 3096 ὁ
613 3041 840 3112 χρόνος,
906 3059 925 3090 ι
975 3039 1254 3105 Ἐξέλιπον
1305 3040 1364 3090 ὲν
1402 3039 1726 3109 ματαιότητι
1776 3040 1829 3091 ai

1934 3048 2145 3107 tempus
2176 3055 2189 3091 :
2228 3053 2246 3087 ι
2290 3033 2607 3089 Defecerunt
2639 3032 2691 3085 in
2729 3030 2967 3083 vanitate
2996 3029 3113 3082 dies
3148 3027 3250 3081 mei
3277 3026 3341 3092 ιδ,
3381 3044 3399 3077 ι
3451 3035 3506 3079 et

250 3134 462 3206 ἡμέραι
503 3150 626 3203 μου·
667 3151 685 3182 ι
725 3132 820 3185 καὶ
870 3129 1060 3200 θεωρῶ
1102 3129 1163 3182 τὸ
1193 3129 1347 3192 τέλος
1385 3128 1621 3197 ἐγγίζον.
1689 3129 1830 3182 Ἀλλ’

250 3225 497 3281 ἔκτεινόν
526 3242 615 3295 μοι
646 3224 744 3293 τὴν
767 3227 945 3293 χεῖρα,
976 3222 1052 3292 τῷ
1076 3223 1133 3273 ἐν
1166 3220 1312 3292 βυθῷ
1340 3220 1449 3274 τῶν
1477 3221 1683 3292 ἡδονῶν
1717 3239 1830 3291 χει-

256 3318 571 3390 μαζομένῳ.
614 3314 859 3380 Ἀνοιξον
903 3314 1106 3381 κάμοὶ,
1142 3311 1425 3376 Δέσποτα,
1472 3311 1550 3381 τῷ
1596 3311 1834 3376 ἀναξίως

251 3409 527 3476 κρούοντι·
567 3407 663 3458 καὶ
701 3407 775 3475 μὴ
821 3405 1152 3476 ἁποκλείσῃς
1189 3405 1313 3456 κατ’
1350 3404 1483 3475 ἐμοῦ
1527 3404 1628 3475 τὴν
1660 3404 1832 3472 θύραν

250 3500 347 3553 τοῦ
374 3497 559 3561 ἐλέους
588 3514 707 3551 σου.
754 3496 878 3549 Ἐὰν
903 3495 1011 3567 γὰρ
1042 3497 1104 3549 σὺ
1134 3494 1376 3567 κλείσῃς,
1415 3495 1501 3558 τις
1532 3497 1642 3566 ἄρα
1680 3496 1829 3550 ἀνοί·

254 3590 371 3657 Eat;
403 3589 531 3643 Ἐάν
570 3590 634 3643 σῖ)
667 3588 903 3658 φθάσῃς,
942 3588 1028 3650 τίς
1061 3586 1172 3659 ἀρα
1204 3587 1439 3651 ἀνοίξει;
1482 3588 1608 3640 Ἐὰν
1650 3590 1724 3658 μὴ
1766 3591 1830 3642 σὺ

253 3681 471 3753 φθάσῃς
491 3722 506 3745 ,
540 3679 624 3743 τίς
653 3677 742 3731 ἵνα
772 3678 954 3750 φθάσῃ
981 3695 996 3744 ;
1035 3678 1161 3731 Ἐὰν
1215 3679 1289 3749 μὴ
1332 3679 1395 3731 σὺ
1425 3679 1670 3750 σπεύσῃς
1698 3722 1711 3745 ,

252 3774 442 3825 λοιπὸν
476 3771 737 3842 βοηθήσει
767 3772 936 3841 ήμῖν;
978 3770 1205 3834 Οὐδεὶς,
1257 3770 1373 3822 ἀλλ’
1405 3770 1569 3834 αὐτὸς
1609 3772 1637 3824 ὁ
1672 3770 1831 3839 φύσει

250 3864 412 3927 θεὸς,
440 3864 527 3927 δὸς
548 3865 683 3932 ἡμῖν
710 3862 900 3934 καιρὸν
929 3863 1094 3932 ζωῆς,
1122 3864 1215 3916 καὶ
1245 3863 1439 3934 καιρὸν
1466 3864 1827 3934 ἐπιστροφῆς.

251 3957 497 4024 Νίκησον
524 3955 623 4027 τὴν
671 3956 948 4027 πώρωσιν,
985 3957 1080 4008 καὶ
1114 3956 1344 4025 ποίησον
1382 3956 1483 4026 τὴν
1512 3955 1829 4026 διόρθωσιν.

254 4046 330 4100 Σὺ
356 4046 446 4109 δός
478 4063 569 4116 μοι
615 4045 695 4098 ἔτι
729 4044 926 4117 μικρὸν
955 4045 1167 4116 χρόνον,
1205 4046 1301 4099 καὶ
1334 4046 1564 4117 ποίησόν
1604 4063 1695 4115 μοι
1728 4063 1831 4098 σω-

251 4139 454 4209 τηρίας
477 4141 700 4207 τρόπον.
728 4138 854 4190 Ἐὰν
883 4139 990 4209 γὰρ
1016 4137 1080 4191 σὺ
1115 4139 1190 4208 μὴ
1217 4138 1452 4207 ποιήσῃς
1478 4137 1704 4207 τρόπον,
1730 4138 1831 4191 ὅσα

251 4227 321 4281 ἂν
351 4225 462 4295 ἐγὼ
500 4230 709 4299 ποιήσω
740 4226 919 4296 σαθρά
969 4228 1076 4281 είσι
1128 4228 1223 4280 καὶ
1266 4227 1520 4279 ἀϐέϐαια.
1576 4228 1716 4280 Ὅσα
1764 4229 1830 4281 ἂν

248 4319 563 4389 δοκιμάσω,
612 4318 868 4389 ἀδύναμά
900 4320 1007 4372 εἰσι
1045 4318 1141 4372 καὶ
1172 4318 1536 4373 εὐκατάλυτα.
1581 4320 1722 4371 Ὅσα
1762 4318 1830 4371 ἂν

1748 3680 1832 3743 τίς

1935 3129 2088 3183 video
2115 3128 2632 3197 appropinquantem
2666 3123 2846 3177 tinem.
2880 3120 3080 3175 Verum
3125 3129 3176 3172 tu
3216 3118 3344 3171 mihi
3376 3133 3502 3187 por-

1936 3223 2047 3289 rige
2099 3235 2315 3274 martum
2371 3219 2424 3273 in
2475 3217 2740 3287 profundo
2796 3215 3127 3283 voluptatum
3183 3218 3505 3279 tempestate

1929 3314 2156 3383 jactato.
2192 3311 2319 3365 Mihi
2354 3325 2571 3380 quoque
2611 3308 2791 3377 aperi,
2824 3306 3087 3371 Domine,
3122 3303 3253 3358 licet
3284 3303 3505 3372 indigne

1934 3404 2197 3473 pulsanti;
2245 3418 2345 3456 nec
2368 3402 2587 3471 ianuam
2622 3411 2725 3454 tuae
2771 3397 3162 3453 misericordia:
3199 3396 3329 3448 mihi
3367 3408 3505 3463 prae-

1933 3495 2180 3547 cluseris.
2215 3492 2344 3545 Nam
2371 3493 2414 3546 si
2450 3502 2502 3545 tn
2531 3492 2816 3553 clanseris,
2850 3490 2972 3558 quis
3004 3488 3219 3542 tandem
3251 3485 3454 3555 aperiet
3482 3485 3505 3536 ?

1932 3583 2045 3637 Nisi
2086 3593 2139 3637 tu
2174 3582 2391 3647 feceris,
2431 3585 2558 3650 quis
2592 3581 2840 3649 aperiet?
2872 3578 2984 3633 Nisi
3032 3588 3086 3631 tu
3132 3576 3500 3636 festinavetis,

1932 3675 2056 3741 quis
2093 3680 2355 3742 praetcrea
2388 3671 2543 3725 nobis
2590 3669 2913 3724 succurret?
2950 3668 3118 3723 Nemo
3147 3668 3305 3736 plane
3341 3666 3501 3720 alius.

1932 3766 2010 3821 Tu
2046 3776 2222 3819 autem
2256 3764 2345 3834 qui
2388 3775 2472 3818 est
2501 3763 2643 3816 Deus
2673 3770 2884 3825 natura,
2922 3762 2987 3814 da
3031 3760 3186 3813 nobis
3214 3760 3336 3812 vita:
3364 3768 3503 3812 tem-

1932 3876 2051 3929 pus,
2078 3873 2141 3912 ac
2171 3867 2379 3925 tempus
2403 3852 2791 3910 conversionis.
2823 3851 2991 3905 Vince
3016 3851 3194 3905 cordis
3219 3849 3499 3909 duritiem,

1932 3966 1995 4004 ac
2029 3964 2115 4004 me
2146 3948 2390 4003 emenda.
2423 3944 2502 4000 Tn
2549 3943 2678 3997 mihi
2724 3943 2900 3997 adhuc
2929 3940 3203 4010 paululum
3242 3937 3502 4008 temporis

1931 4042 2190 4105 concede,
2221 4048 2274 4093 et
2297 4051 2525 4108 operare
2554 4033 2684 4088 tnihi
2720 4033 2910 4089 salutis
2941 4032 3178 4087 modum.
3212 4029 3328 4084 Nisi
3356 4027 3500 4082 enim

1931 4153 2054 4190 enm
2098 4145 2152 4190 tu
2193 4132 2412 4198 feceris,
2447 4144 2783 4201 quaecunque
2833 4143 2934 4197 ego
2983 4125 3185 4186 fecero.
3233 4124 3518 4190 imbecilla.

1931 4236 2056 4281 sunt
2106 4241 2170 4282 ac
2216 4225 2450 4280 inﬁrma.
2500 4221 2847 4289 Quaecunque
2889 4233 2990 4288 ego
3020 4218 3339 4285 probavero,
3381 4214 3502 4268 sine

1932 4318 2137 4373 viribus
2192 4324 2371 4380 erunt,
2430 4312 2695 4380 facileque
2750 4317 3101 4363 evanescent.
3157 4305 3505 4373 Quaecunque

250 4412 627 4480 ἐπιχειρήσω,
664 4410 918 4481 ἀνωφελῆ
965 4413 1072 4464 είσι
1112 4411 1211 4464 καὶ
1259 4411 1583 4481 ἀπλήρωτα.
1624 4412 1828 4464 Λοιπὸν

1933 4409 2086 4464 fuero
2134 4421 2440 4478 aggressus,
2474 4402 2682 4457 inutilia
2730 4408 2893 4455 erunt
2936 4414 3002 4453 ac
3040 4397 3377 4466 imperfecta.
3426 4393 3505 4449 Ne

251 4504 332 4574 μὴ
364 4502 640 4575 ἀναϐάλλῃ
663 4544 678 4570 ,
713 4502 961 4556 Δέσποτα
981 4540 996 4567 ,
1046 4501 1183 4555 ἀλλὰ
1213 4500 1418 4569 φθάσον
1442 4500 1566 4554 δ’τὺ
1601 4502 1829 4573 πλάσμα

1933 4500 2072 4553 ultra
2108 4497 2407 4560 distuleris,
2448 4493 2693 4557 Domine,
2731 4489 2827 4546 sed
2860 4489 2967 4544 cito
3002 4486 3148 4542 salva
3191 4485 3503 4555 figmentum

327 4659 371 4692 ι’
397 4655 530 4712 Luc.
562 4672 684 4724 xm,
709 4656 765 4713 6.
810 4656 1325 4724 "Psal.uxvn,ll.
1376 4655 1590 4731 “.Psal.
1616 4668 1825 4719 mvn,
1855 4652 1946 4709 ⁸55.

321 4812 372 4854 d'
402 4811 611 4878 σώζων.

1674 4942 1677 4945 η
1757 4897 1984 4957 NOTAE.

332 5040 608 5114 (lt)1.egi
643 5041 758 5096 vult
803 5041 1160 5114 Gombeﬁsius
1200 5040 1505 5114 ἀχώριστον
1541 5043 1825 5114 insepara-

255 5110 441 5170 bilem.
473 5110 585 5180 Ego
619 5125 748 5166 vero
775 5111 863 5182 vel
892 5112 1129 5182 delerent
1162 5110 1376 5180 penitus
1406 5127 1593 5166 vocem
1625 5111 1827 5182 ἀχώρι-

255 5200 409 5248 στον,
440 5196 557 5247 qua:
589 5182 743 5252 deest
771 5181 825 5235 in
850 5182 1034 5243 codice
1065 5181 1234 5252 Regio
1254 5222 1269 5247 ,
1297 5182 1382 5236 vel
1410 5182 1643 5252 legerem
1669 5181 1828 5252 prout

256 5254 386 5323 legit
437 5251 1058 5323 Canisiugﬁﬂpwrpv.
1120 5251 1277 5323 Quid
1306 5251 1585 5323 enitn’sihi
1628 5251 1743 5323 vult
1777 5251 1829 5304 in

258 5320 374 5377 Dio
405 5320 789 5389 inseparabilis
813 5320 1219 5375 misericordia?
1247 5320 1351 5376 Sed
1392 5322 1537 5377 illius
1571 5322 1624 5374 in
1657 5322 1834 5376 homi-

254 5408 355 5449 nes
385 5406 625 5445 amorem
678 5391 832 5444 miris
881 5390 1055 5444 modis
1095 5392 1297 5455 elevat,
1342 5392 1484 5460 quod
1516 5403 1664 5460 mere
1705 5406 1833 5457 gra-

255 5463 432 5517 tnitns
462 5461 704 5531 sit,nec
734 5460 839 5514 ulla
890 5475 919 5513 a
959 5469 1110 5528 parte
1143 5461 1420 5514 hominum
1457 5459 1627 5531 gratia
1662 5460 1834 5529 possit

254 5546 546 5598 compensa
555 5530 620 5583 ri.
654 5530 814 5587 Bastt.

333 5600 448 5670 (l2)
487 5601 559 5653 Ac
593 5598 1015 5670 imeparubilent.
1066 5598 1215 5653 llaud
1262 5616 1396 5669 opus
1444 5600 1822 5670 perspicaciori

258 5668 578 5737 intellectu,
628 5679 685 5723 ut
738 5670 858 5737 quis
915 5668 1093 5722 videat
1148 5668 1455 5738 lcgcndum'
1486 5669 1817 5741 ἀχὼρσιτον·

1928 5044 2068 5112 quod
2131 5044 2202 5098 sit
2252 5044 2542 5112 explicatio
2572 5045 2934 5112 praecedentis
2979 5044 3166 5107 vocis,
3227 5042 3497 5112 ἔμφυτον·

1926 5110 2086 5180 quam
2113 5114 2281 5167 solam
2319 5110 2537 5166 retinuit
2568 5110 2721 5180 Regii
2751 5114 2953 5167 codicis
2977 5114 3163 5167 editio.
3198 5110 3327 5180 Quae
3354 5115 3499 5168 enim

1927 5194 2153 5252 cognata
2188 5192 2313 5236 sunt
2341 5199 2405 5236 ac
2444 5184 2760 5250 cor-genita,
2795 5183 2984 5237 eadem
3035 5193 3162 5237 sunt
3196 5194 3251 5236 et
3285 5183 3501 5251 insepa-

1932 5253 2141 5306 rahilia.
2180 5252 2448 5320 lnterpres
2495 5253 2633 5303 male
2685 5252 2927 5307 retinens
2960 5252 3497 5321 voccmdqdpwcov,

1933 5323 2175 5375 inaudito
2220 5336 2378 5375 sensu
2426 5322 2678 5387 esplicat,
2712 5322 2784 5375 ita
2824 5323 3053 5375 reddens
3085 5339 3100 5377 :
3133 5320 3262 5375 Cum
3297 5320 3500 5377 innata

1936 5393 2029 5444 tibi
2080 5393 2180 5456 sit,
2214 5390 2524 5461 quwinulla
2577 5392 2899 5461 gratitudt'ne
2940 5392 3266 5459 compensari
3298 5404 3495 5460 potest,

1936 5462 2266 5531 benignitatis
2310 5460 2547 5531 abyssus.
2582 5460 2752 5515 Certe
2801 5470 2858 5513 ιιι
2904 5461 2948 5515 is
3001 5461 3164 5515 multa
3216 5462 3399 5516 reddat
3433 5479 3498 5516 ex

1937 5530 2155 5593 Lt'XlCO,
2205 5534 2347 5585 haml
2400 5530 2539 5584 istud
2592 5542 2768 5595 putem
2798 5547 2862 5585 ex
2895 5547 2958 5585 eo
2995 5532 3217 5585 reddere
3258 5550 3272 5586 :
3311 5540 3368 5585 ut
3400 5549 3500 5587 nec

1940 5602 2087 5666 plura
2110 5641 2122 5659 .
2162 5602 2381 5654 redditis
2409 5616 2440 5652 e
2487 5601 2683 5655 chico
2715 5612 2917 5656 tcmcrc
2954 5602 3040 5655 hic
3077 5601 3275 5670 passim
3309 5603 3499 5656 absur-

1934 5672 2053 5723 dius
2089 5670 2313 5725 reddita.
2349 5673 2636 5725 (Ionam-15.
