3942 6298
96 260 263 322 10539

1299 242 1700 329 onmem
1740 269 2103 330 I’SALMUM
2143 268 2241 331 VI.

3244 256 3393 321 1030‘

93 371 345 439 σφόδρα.
409 390 428 423 ι
508 371 648 443 Ὀρῶ
680 373 788 446 γὰρ
853 375 956 447 ἤδη
1004 375 1193 429 λοιπον
1242 378 1341 449 τὴν
1388 378 1540 450 ὥραν
1594 381 1694 449 τῆς

1814 382 2013 434 .urbata
2047 390 2174 432 sunt
2207 393 2330 434 ossa
2370 392 2532 432 mea:
2570 384 2623 429 ct
2667 373 2844 427 anima
2877 385 2994 424 mea
3042 368 3255 422 turbata
3293 382 3378 422 est

88 461 294 531 ψυχῆς
350 480 453 533 μου
514 465 891 536 προκόψασαν,
941 468 1033 520 τὸν
1083 469 1276 538 χρόνον
1336 470 1693 539 ἐκλείψειντα,

91 552 173 604 τὸ
206 552 361 615 τέλος
398 555 650 622 ὲγγίσαν,
690 558 750 610 τὸ
784 561 962 629 γῆρας
994 559 1272 628 ἁκμάσαν,
1306 561 1367 613 τὸ
1400 560 1559 632 θέρος
1595 578 1697 630 μου

90 642 324 709 κλῖναν,
366 646 460 697 καὶ
502 648 637 716 πρὸς
667 649 768 718 τὴν
814 649 987 720 τομὴν
1023 651 1265 719 ἐπεῖγον,
1306 653 1399 704 τδν
1443 652 1701 723 θεριστήν

90 749 224 801 μου
264 735 598 803 σπεύδοντα,
653 739 753 807 τὴν
786 739 1065 810 δρεπὰνην
1104 740 1460 806 δεικνύοντα,
1510 740 1702 813 ἀξίνην

96 824 482 891 βαστάζοντα,
518 820 619 899 τὴν
646 830 890 901 ἐκκοπὴν
926 831 1261 901 μηνύουσανο
1297 850 1317 883 t
1355 833 1466 887 Καὶ
1492 833 1526 902 ἡ
1554 832 1700 902 ψυχή

100 931 221 982 μου
279 916 562 987 ἐταράχθη
619 919 848 988 σφόδρα.
906 938 926 972 ι
997 921 1142 991 Ὀρῶ
1183 922 1253 977 τὰ
1297 923 1418 976 κατ’
1464 922 1704 993 ἐμαυτὸν

96 1006 422 1075 ἀδιόρθωτα
445 1049 460 1073 ,
496 1011 589 1062 καὶ
622 1011 746 1063 καθ’
777 1011 997 1083 ἡμέραν
1032 1016 1114 1077 είς
1150 1015 1213 1068 τὸ
1245 1017 1429 1086 χεῖρον
1475 1014 1706 1087 ἐρχόμε-

96 1114 231 1149 νονο
287 1116 305 1149 t
343 1099 509 1169 Καὶή
544 1101 689 1171 ψυχή
732 1120 836 1172 μου
875 1105 1153 1175 ἐταράχθη
1204 1106 1435 1178 σφόδρα.
1478 1125 1497 1158 ι
1559 1104 1706 1177 ’0ρῶ

99 1188 215 1240 τὸν
243 1189 488 1260 κλέπτην
517 1191 705 1246 λοιπὸν
737 1195 1196 1265 προσεγγίζοντα,
1230 1198 1325 1251 καὶ
1354 1198 1451 1252 τοῦ
1484 1198 1601 1270 βίου
1638 1215 1706 1269 με

102 1278 370 1348 ἁρπάσαι
416 1281 751 1337 σπεύδοντα·
792 1303 809 1335 ι
866 1287 976 1339 Καὶ
1007 1289 1040 1357 ή
1074 1287 1220 1358 ψυχή
1277 1307 1378 1358 μου
1425 1290 1705 1362 ἐταράχθη

101 1368 352 1438 σφόδρα.
390 1388 409 1420 ι
460 1372 605 1440 Ὀρῶ
636 1373 734 1443 τὴν
761 1374 943 1438 ἔξοδον
970 1376 1066 1429 τοῦ
1099 1376 1216 1445 βίου
1253 1378 1393 1449 πρὸς
1421 1378 1492 1432 τὰ
1523 1382 1706 1433 ἐκεῖσε

99 1459 365 1532 χαλεπὴν
412 1463 507 1516 καὶ
541 1467 782 1535 μακρὰν,
836 1467 931 1520 καὶ
987 1468 1089 1540 ἐμὲ
1136 1470 1330 1539 ἐφόδια
1367 1470 1442 1541 μὴ
1477 1470 1704 1542 ἔχοντα’

111 1566 137 1599 ‹
177 1549 292 1600 Καὶ
323 1550 356 1618 ὴ
406 1550 552 1621 ψυχή
593 1570 696 1621 μου
747 1555 1027 1627 ἐταράχθη
1074 1559 1301 1629 σφόδρα.
1344 1579 1363 1611 ι
1427 1561 1570 1632 Ὀρῶ
1616 1561 1710 1616 τὸν

102 1636 410 1709 δανειστὴν
457 1640 792 1708 ἐγγίσαντα.
827 1645 973 1715 κάμὲ
1019 1647 1364 1718 φυράσαντα.
1428 1649 1572 1722 Ὀρῶ
1609 1650 1709 1722 τὴν

1801 472 1976 523 valde.
2010 488 2027 520 ι
2065 468 2184 522 .1;ιιιι
2216 468 2360 521 cnim
2393 466 2588 519 anima:
2618 478 2749 516 mea:
2786 462 3026 528 vigorem
3056 458 3213 510 video
3245 472 3376 523 pru-

1800 561 2070 624 cessisse,
2115 571 2328 629 tempus
2367 556 2674 619 defecisse,
2717 555 2877 609 linem
2913 552 3312 621 propinquasse
3359 568 3375 603 :

1803 653 1967 707 altam
1992 659 2321 707 senectutem
2348 666 2362 703 :
2387 648 2700 704 inclinatam
2727 658 2961 698 messem
2990 658 3186 702 meam.
3216 650 3381 710 atque

1803 744 1869 796 ad
1912 742 2309 798 demessionem
2350 741 2662 810 perductam
2694 736 2740 768 ³ο
2791 752 2807 790 :
2851 732 3202 789 festinantem
3237 748 3384 787 mes-

1805 850 1979 891 sorem
2013 849 2214 896 meum,
2239 833 2429 887 falcem
2456 831 2829 886 ostendentem
2850 869 2867 897 ,
2895 829 3129 885 securim
3160 840 3381 898 gestan-

1804 934 1913 981 tem
1938 925 1980 957 ²¹
2005 922 2553 980 excisiouisiudicem
2590 939 2604 976 :
2643 940 2662 973 ι
2699 922 2763 975 Ει
2794 926 2972 977 anima
3018 937 3136 977 mea
3163 922 3380 975 turbata

1804 1027 1887 1074 est
1917 1018 2093 1072 valde.
2131 1036 2150 1068 ι
2193 1014 2360 1070 Video
2402 1028 2488 1068 res
2532 1028 2682 1069 meas
2713 1015 2848 1069 nihil
2894 1015 3212 1071 emendatas
3238 1053 3253 1077 ,
3287 1013 3379 1067 sed

1806 1123 1894 1164 me
1925 1108 2168 1179 quotidie
2195 1108 2246 1161 in
2276 1106 2514 1161 deterius
2542 1108 2749 1176 prolabi
2797 1123 2812 1160 :
2856 1125 2876 1160 ‹
2927 1109 2996 1162 Et
3041 1107 3222 1160 anima
3261 1120 3381 1160 mea

1809 1202 2023 1255 turbata
2066 1209 2149 1256 est
2195 1199 2370 1255 valde.
2433 1212 2453 1247 ι
2493 1196 2667 1254 Video
2711 1200 2823 1269 jatn
2897 1197 3072 1253 furem
3119 1198 3383 1253 acceden-

1810 1305 1915 1348 tem
1936 1294 2006 1356 “,
2052 1308 2245 1362 meque
2279 1308 2310 1346 e
2349 1292 2457 1346 vita
2490 1292 2742 1360 abripere
2794 1300 3170 1361 properantem
3207 1308 3221 1344 :
3261 1308 3279 1341 t
3320 1288 3387 1341 Et

1808 1387 1989 1440 anima
2023 1400 2139 1440 mea
2168 1368 2384 1440 turbata
2415 1395 2499 1440 est
2528 1384 2706 1438 valde.
2744 1403 2764 1437 ι
2804 1383 2975 1438 Video
3009 1382 3282 1437 dilﬁcilem
3318 1395 3386 1434 ac

1809 1476 2022 1548 longam
2057 1478 2125 1531 ab
2158 1477 2260 1531 hoc
2294 1476 2495 1531 sarculo
2540 1476 2606 1530 ad
2642 1475 2790 1530 illius
2837 1483 3039 1529 statum
3101 1471 3384 1542 migratio-

1810 1583 1966 1634 nem;
2014 1582 2207 1637 meque
2237 1568 2555 1623 destitutum
2590 1567 2794 1622 viatico
2835 1582 2850 1619 :
2889 1584 2908 1618 ι
2949 1566 3016 1619 Ει
3055 1565 3235 1619 anima
3265 1577 3385 1617 mea

1813 1659 2025 1713 turbata
2055 1667 2137 1712 cst
2168 1658 2343 1713 valde.
2383 1677 2403 1710 ι
2435 1658 2606 1712 Video
2638 1659 2983 1711 accedentem
3017 1655 3341 1710 creditorem
3365 1693 3379 1714 ,

104 1728 466 1800 προθεσμίαν
522 1733 932 1803 πληρωθεῖσαν,
977 1738 1071 1791 καὶ
1109 1739 1169 1791 ἐν
1203 1738 1405 1812 ἀπορίᾳ
1449 1757 1519 1808 με
1564 1740 1705 1809 φθά-

1814 1763 1873 1804 ac
1907 1761 1992 1802 me
2025 1746 2438 1818 investigantem
2486 1746 2620 1819 (l5).
2653 1744 2826 1801 Video
2874 1744 3154 1814 impletum
3204 1741 3383 1813 praeti-

68 1892 83 1901 _
107 1839 317 1877 σαντα.
359 1823 502 1894 Ὀρῶ
528 1825 621 1879 τὸν
651 1827 946 1897 λογοοέτην
971 1829 1032 1882 τὸ
1056 1830 1424 1901 χειρόγραφόν
1462 1848 1554 1902 μοι
1582 1835 1706 1885 ἐπι-

108 1914 380 1981 σείοντα,
412 1917 508 1969 καὶ
551 1918 682 1981 τοὺς
710 1919 966 1990 δεσμίους
1011 1920 1333 1992 βρύχοντας.
1386 1924 1533 1995 ’0ρῶ
1574 1926 1705 1979 πολ-

105 2005 251 2070 λοὺς
279 2009 663 2080 κατηγόρους,
712 2013 809 2065 καὶ
840 2013 1035 2066 οὐδένα
1081 2014 1404 2086 ξυνήγορον,
1455 2034 1474 2068 t
1524 2017 1702 2088 Καὶή

105 2094 267 2167 ψυχή
294 2114 396 2166 μου
422 2101 701 2170 ἐταράχθη
728 2103 955 2174 σφόδρα.
981 2122 1001 2155 ι
1035 2103 1315 2176 Θροοῦμσ.ι
1334 2108 1427 2161 καὶ
1458 2109 1700 2176 ἀγωνιῶο

109 2188 335 2258 φρίττω
362 2192 457 2244 καὶ
487 2193 983 2264 προκατασείομαι,
1010 2197 1106 2250 καὶ
1131 2197 1185 2249 τί
1216 2197 1423 2267 πρᾶξαι
1447 2199 1551 2252 οὐκ
1580 2200 1702 2253 ἐπί-

111 2296 352 2347 σταμαι.
391 2281 597 2348 Χρόνον
640 2282 788 2354 ζωῆς
835 2286 1172 2357 αἰτήσομαις
1234 2288 1398 2343 Ἀλλὰ
1426 2290 1703 2360 φοϐοῦμαι

113 2373 325 2443 μήπως
354 2374 534 2445 πάλην
561 2377 975 2448 ἁμαρτημάτων
1010 2382 1327 2451 ποιήσωμαι
1357 2381 1700 2453 προσθήκην,

111 2468 217 2517 καὶ
247 2467 548 2534 ἀνετοίειλος
587 2471 973 2540 πορεύσωμαι,
1009 2474 1104 2526 καὶ
1130 2474 1269 2545 ποίῳ
1301 2475 1578 2546 προσώπῳ
1611 2479 1703 2530 τὸν

112 2557 319 2627 κριτὴν
365 2558 649 2630 θεάσωμαι
686 2563 980 2633 ἀμηχάνω,
1021 2568 1103 2619 ὅτι
1131 2567 1189 2618 ὲν
1227 2565 1419 2637 ἄκροις
1465 2567 1534 2621 τὰ
1584 2567 1702 2620 κατ’

112 2649 359 2718 ἐμαυτὸν
391 2650 520 2721 ὁρῶ.
559 2654 623 2706 ’0
653 2656 888 2725 πονηρὸς
912 2656 1199 2727 διενοχλῶν
1228 2675 1319 2728 μοι
1356 2659 1417 2711 ού
1448 2658 1700 2713 παύεται*

111 2741 169 2791 οί
201 2739 389 2809 ἐχθροὶ
438 2741 533 2795 τοῦ
566 2744 822 2815 πολεμεῖν
866 2748 966 2800 οὐκ
1000 2748 1347 2816 ἀφίστανταιο
1379 2752 1408 2803 ὁ
1438 2749 1701 2820 ἐμφύλιος

112 2832 223 2901 τῆς
278 2832 481 2901 σαρκὸς
525 2834 761 2905 πόλεμος
817 2839 1170 2910 ἐκταράττων
1221 2841 1283 2894 οὐ
1334 2843 1608 2910 φείδεταιο
1652 2847 1700 2898 οἱ

114 2922 353 2990 πονηροὶ
377 2922 629 2995 λογισμοὶ
654 2927 902 2998 οὐδαμῶς
924 2928 1282 3001 ἡσυχάζουσι.

201 3116 221 3149 t
258 3101 492 3163 Καὶσσὺ,
526 3104 721 3175 Κύριε,
766 3105 874 3169 ἕως
905 3108 1080 3175 πότε;
1124 3129 1142 3161 ι
1190 3111 1256 3164 Τί
1298 3098 1398 3181 μὲν
1431 3115 1707 3183 ἐσήμανεν

117 3192 226 3244 οὐκ
255 3186 428 3260 εἶπεν,
465 3195 582 3248 ἀλλ’
613 3196 671 3262 ἐξ
714 3199 892 3268 ἄκρας
926 3200 1164 3269 ἀθυμίας
1198 3203 1293 3256 καὶ
1327 3207 1706 3274 περιστάσεως

120 3286 356 3354 φρικτόν
377 3304 430 3338 τι
459 3288 553 3341 καὶ
572 3288 847 3360 τολμηρὸν
874 3291 1161 3362 βουληθεὶς
1187 3297 1361 3347 εἰπεῖν
1390 3297 1526 3365 πρὸς
1550 3297 1704 3362 Θεὸν,

120 3374 359 3444 ἐπέσχεν
389 3378 605 3444 ἑαυτὸν,
657 3381 754 3432 καὶ
789 3381 950 3435 τοῦτο
985 3385 1212 3451 ἀγαγεῖν
1253 3386 1352 3439 οὐκ
1381 3385 1707 3455 ἐτόλμησεν,

121 3464 265 3519 ἀλλά
310 3483 463 3535 φησι·
522 3488 542 3521 ι
594 3472 701 3524 Καὶ
734 3472 823 3537 σὺ,
854 3472 1050 3542 Κύριε,
1096 3475 1202 3537 ἕως
1245 3474 1414 3535 πότε;
1461 3495 1481 3527 ι
1538 3477 1704 3542 Ἰδοὺ,

122 3558 319 3626 φησιν,
346 3556 498 3622 οἶδας
519 3601 533 3624 ,
566 3562 834 3625 Δέσποτα,
883 3567 1005 3617 κατ’
1039 3566 1139 3633 ἐμὲ
1173 3568 1445 3621 πανάθλια
1480 3569 1576 3621 καὶ
1608 3585 1706 3621 τα-

122 3647 384 3719 λαίπωρα
433 3650 547 3714 καὶ,
574 3652 803 3704 ὲλεεινά.
866 3653 996 3708 Ἰδοὺ
1046 3656 1265 3725 βλέπεις
1304 3660 1402 3725 τὴν
1452 3659 1572 3711 κατ’
1607 3659 1708 3729 ἐμὲ

122 3737 407 3805 εΰστατιν,
435 3744 530 3795 καὶ
555 3742 653 3813 τὴν
678 3743 909 3813 κάμινον
937 3746 1037 3815 τῆς
1066 3750 1290 3816 σαρκὸς,
1317 3750 1410 3802 καὶ
1437 3750 1538 3820 τὴν
1566 3751 1711 3805 ἀντί-

125 3845 344 3892 στασιν,
377 3835 471 3885 καὶ
501 3834 589 3885 τὸν
615 3834 851 3904 πόλεμον
885 3836 991 3887 τῶν
1016 3837 1248 3909 λῃστῶν,
1281 3842 1375 3891 καὶ
1402 3841 1502 3911 τὴν
1536 3839 1710 3894 ἔκλει-

122 3924 224 3993 ψιν
261 3923 356 3977 τοῦ
409 3926 630 3996 χρόνου,
665 3933 759 3983 καὶ
804 3931 1023 3983 ἀτονίαν
1071 3931 1171 4000 τῆς
1219 3932 1358 4001 ἐμῆς
1395 3932 1703 4001 δυνάμεως.

125 4018 352 4083 Λοιπὸν,
388 4019 591 4091 Κύριε,
633 4022 738 4086 ἕως
783 4023 912 4076 πᾶτε
944 4024 1004 4076 ού
1038 4025 1380 4093 συμπαθεῖς;
1425 4025 1530 4088 ἓως
1576 4027 1707 4080 πότε

125 4109 232 4162 οὐκ
274 4111 541 4174 examen;
585 4113 688 4176 ἕως
741 4115 872 4168 πότε
921 4117 1203 4187 παρορᾷςς
1256 4117 1544 4179 ἓωςτπότε
1600 4136 1701 4193 pato

129 4202 464 4272 κροθυμεῖςς
498 4205 599 4268 ἓως
648 4208 777 4262 πότε
812 4212 871 4261 οὐ
931 4209 1247 4276 παιδεύει-ῖς
1277 4211 1381 4274 ἕως
1432 4212 1562 4264 πότε
1609 4212 1708 4265 οὐκ

129 4293 480 4363 ἐπιϐλέπεις;
529 4297 635 4361 ἕως
676 4300 804 4352 πότε
833 4302 894 4353 οὐ
927 4300 1099 4372 ρύσῃ;
1140 4303 1203 4354 El
1233 4302 1341 4372 γὰρ
1372 4303 1529 4370 κάγὼ
1559 4302 1707 4367 ἄξιός

1815 1842 1986 1918 nitum
2023 1851 2266 1909 tempus,
2318 1854 2513 1908 meque
2544 1839 2757 1894 consilii
2796 1838 3033 1908 inopem.
3078 1835 3247 1890 Video
3298 1850 3389 1888 ra-

1815 1933 2022 1986 tionum
2077 1932 2392 1999 praefectum
2440 1931 2872 2001 praetendentem
2924 1928 3057 1984 mihi
3107 1928 3389 1996 chirogra-

1811 2027 1976 2092 phum
2005 2024 2072 2088 ",
2109 2037 2174 2077 ac
2215 2022 2508 2079 frementes
2542 2021 2766 2076 lictores
2799 2018 2936 2093 (16).
2981 2017 3153 2074 Video
3187 2018 3387 2072 multus

1810 2123 2175 2182 accusatores,
2201 2115 2405 2171 nullum
2434 2123 2614 2169 autem
2638 2114 2975 2169 defensorem
3005 2129 3020 2168 :
3052 2130 3072 2163 t
3111 2111 3175 2164 Et
3202 2110 3385 2165 anima

1812 2222 1928 2261 mea
1964 2208 2176 2263 turbata
2211 2214 2297 2261 est
2324 2205 2503 2260 valde.
2538 2223 2557 2257 ι
2594 2204 2964 2261 Contremisco
2996 2218 3061 2259 ac
3100 2219 3217 2257 sum
3268 2212 3387 2257 tur-

1810 2299 1995 2363 batus,
2031 2314 2130 2355 nec
2171 2298 2400 2367 expedio
2454 2298 2585 2367 qttid
2635 2312 2812 2366 agam.
2856 2294 3087 2351 Vivcndi
3146 2295 3385 2363 spatium

1810 2392 2025 2461 petam?
2074 2393 2145 2446 At
2171 2403 2363 2444 vereor
2394 2403 2460 2444 ne
2493 2388 2620 2457 quid
2651 2400 2867 2442 rursum
2917 2389 2985 2441 ad
3036 2397 3385 2454 peccatorum

1810 2483 2082 2538 cumulum
2124 2482 2398 2553 adjiciam,
2434 2496 2497 2537 ac
2528 2482 2830 2549 imparatus
2863 2479 3054 2533 abeam
3086 2493 3101 2530 :
3137 2492 3245 2546 quo
3285 2492 3386 2528 an-

1810 2582 1915 2627 tem
1949 2573 2094 2627 vultu
2124 2581 2498 2642 aspectaturus
2526 2573 2626 2627 sim
2666 2570 2912 2626 Judicem
2940 2610 2954 2635 ,
2985 2570 3178 2638 ignoro
3206 2605 3222 2630 ,
3252 2582 3382 2621 cum

1812 2680 1897 2720 res
1922 2679 2069 2719 meas
2096 2665 2147 2718 in
2167 2664 2428 2719 extremis
2449 2663 2769 2719 constitutas
2790 2661 3024 2715 videam.
3044 2658 3159 2712 Non
3191 2657 3389 2713 desinit

1811 2758 2074 2827 malignus
2108 2758 2369 2812 molestus
2399 2771 2558 2822 esse;
2613 2770 2718 2808 non
2763 2759 2984 2808 cessant
3018 2750 3204 2804 hostes
3246 2746 3388 2801 bello

1811 2849 2106 2917 impetere;
2158 2848 2302 2902 mtlla
2350 2847 2537 2916 requie
2588 2845 2905 2900 intestinum
2957 2843 3142 2898 carnis
3189 2840 3391 2895 bellum

1809 2940 2088 3008 perturbat
2125 2956 2141 3007 ;
2190 2938 2330 2993 nihil
2364 2939 2519 2993 multa
2548 2918 2906 3008 cogitationes
2939 2934 3354 3005 conquiescunt.

1890 3130 1909 3164 ι
1946 3112 2050 3166 Sed
2077 3120 2156 3177 tu,
2186 3110 2433 3176 Domine,
2448 3109 2766 3180 usquequo?
2792 3109 3105 3175 iQuidnam
3123 3106 3387 3176 propheta

1816 3202 2055 3257 indicare
2083 3203 2245 3258 vellet
2275 3219 2381 3257 non
2406 3203 2710 3272 expressit;
2738 3216 2927 3256 verum
2963 3214 3084 3254 cum
3116 3212 3180 3252 ex
3211 3197 3390 3251 maxi-

1818 3310 1903 3348 mo
1937 3294 2029 3347 illo
2055 3309 2289 3349 tnmrore
2327 3309 2435 3364 quo
2468 3293 2774 3359 tenebatur,
2817 3306 2881 3347 ac
2922 3290 3232 3353 alllictione,
3265 3291 3389 3342 hor-

1817 3384 2040 3438 rendum
2073 3385 2200 3451 quid
2249 3399 2314 3440 ac
2358 3386 2532 3439 audax
2580 3383 2841 3438 voluisset
2882 3381 2995 3437 Deo
3040 3383 3244 3445 dicere,
3302 3395 3391 3433 se-

1824 3475 1998 3541 ipsum
2032 3474 2311 3536 cohibuit,
2346 3489 2446 3528 nec
2489 3489 2656 3529 ausus
2703 3483 2787 3527 est
2822 3472 3099 3542 proferre;
3141 3472 3234 3526 sed
3261 3473 3334 3525 ait
3371 3489 3387 3525 :

1823 3582 1841 3613 ι
1865 3561 1967 3616 Sed
1988 3572 2063 3628 tu,
2089 3563 2335 3626 Domine,
2358 3562 2677 3633 usquequo?
2697 3581 2715 3615 ι
2741 3562 2901 3627 Ecce,
2927 3563 3120 3630 inquit,
3143 3562 3390 3626 Domine.

1816 3663 1871 3709 tu
1921 3655 2058 3709 nosti
2101 3663 2160 3708 ut
2200 3654 2310 3709 sint
2351 3669 2468 3708 mea
2521 3655 2705 3708 omnia
2733 3692 2749 3717 ,
2795 3654 3088 3719 laboribus,
3133 3655 3392 3708 aerumnis

1816 3759 1882 3799 ac
1916 3744 2151 3799 miseriis
2180 3743 2356 3812 plena.
2388 3744 2529 3798 Ecce
2557 3753 2612 3796 tu
2643 3742 2792 3796 vides
2820 3757 2981 3810 quam
3025 3743 3153 3795 mihi
3188 3743 3392 3797 instent

1819 3836 2154 3902 adversarii;
2185 3836 2335 3892 vides
2365 3836 2551 3891 carnis
2579 3833 2888 3888 incendium
2917 3848 2979 3901 ac
3011 3834 3390 3899 rebellionem,

1818 3930 2085 3987 latrenum
2117 3944 2334 3999 quoque
2384 3930 2620 3994 bellum;
2656 3926 2807 3982 vides
2858 3941 2943 3981 me
2991 3938 3200 3995 tempus
3252 3929 3388 3981 deli—

1817 4038 1959 4090 cere,
1996 4037 2059 4078 ac
2095 4037 2245 4077 meas
2289 4021 2562 4077 debilitari
2602 4019 2766 4074 vires.
2806 4017 2925 4073 Jam
2959 4035 3110 4089 ergo,
3138 4008 3387 4084 Domine,

1819 4129 2099 4185 usquequo
2132 4130 2235 4168 non
2269 4114 2397 4168 mihi
2431 4114 2744 4169 misereris?
2778 4126 3058 4182 usquequo
3089 4126 3191 4165 non
3250 4110 3388 4163 ulci-

1820 4207 2032 4263 Sacris?
2061 4222 2341 4277 usquequo
2367 4207 2633 4276 negligis?
2661 4219 2943 4275 usquequo
2985 4202 3275 4258 tolerabis?
3302 4219 3390 4256 us-

1818 4316 2032 4369 quequo
2062 4315 2167 4354 non
2189 4299 2461 4367 corripis?
2484 4314 2765 4368 usquequo
2798 4313 2903 4351 non
2932 4294 3169 4363 aspicis?
3194 4310 3388 4363 usum--

131 4387 250 4457 είμι
311 4390 496 4460 πάσης
560 4393 1042 4463 ἐγκαταλείψεως.
1089 4394 1224 4447 ἀλλὰ
1294 4395 1369 4465 τῷ
1421 4396 1560 4448 ἐλέει
1614 4412 1705 4448 σου

1817 4405 1924 4458 quo
1958 4405 2060 4443 nou
2111 4389 2403 4444 liberabis?
2449 4387 2689 4443 Tametsi
2741 4387 2886 4442 enim
2933 4385 3148 4454 penitus
3208 4384 3388 4438 deseri

131 4478 396 4547 τεύξομαι
443 4482 541 4550 τῆς
599 4484 870 4550 ἀρέσεως.
961 4485 1024 4537 Ἦ
1078 4485 1188 4556 γὰρ
1370 4486 1709 4557 παρόρασις,

135 4569 347 4634 γίνεται
397 4572 529 4640 ἡμῖν
582 4574 952 4638 κατάπτωσις.
995 4575 1183 4629 Ταῦτα
1231 4578 1328 4629 καὶ
1369 4576 1438 4629 τὰ
1482 4575 1708 4629 τοιαῦτα

136 4658 277 4728 πρδις
325 4659 458 4712 Θεὸν
488 4662 516 4713 ὁ
545 4665 830 4735 προφήτης
859 4664 920 4730 ἐξ
948 4665 1186 4737 ἀθυμίας
1206 4706 1219 4728 ,
1253 4664 1588 4735 φθέγξασθαι
1619 4665 1709 4718 λο-

1820 4496 2051 4544 mercor,
2083 4492 2170 4534 tua
2198 4491 2374 4534 tamen
2408 4477 2779 4534 misericordia
2813 4477 3024 4532 veniam
3057 4489 3385 4542 consequar.

1816 4572 1968 4638 Quod
2009 4583 2061 4626 tu
2098 4572 2240 4624 enim
2285 4571 2551 4639 despicias
2599 4570 2982 4639 negligasque,
3016 4566 3185 4621 ruin:e
3235 4566 3390 4618 nobis

1816 4667 2033 4720 occasio
2069 4665 2145 4716 lit.
2182 4663 2305 4718 llarc
2348 4664 2474 4730 ille,
2515 4679 2579 4719 ac
2609 4664 2674 4718 iis
2704 4663 2935 4729 similia,
2973 4676 3039 4717 ex
3086 4659 3249 4714 animi
3299 4657 3390 4710 illo

212 4816 259 4848 ²⁰
283 4817 472 4874 Matth.
503 4835 624 4881 xm,
651 4818 739 4874 30.
817 4822 858 4852 ²¹
891 4818 1025 4878 Luc.
1063 4836 1143 4887 Ill,
1172 4821 1225 4877 9.
1305 4822 1350 4853 "
1372 4820 1560 4875 Matth.
1600 4837 1705 4875 xxv

1815 4822 1866 4875 3.
1944 4821 1990 4853 ³⁸
2028 4820 2215 4874 Matth.
2245 4838 2300 4878 ν.
2324 4820 2418 4875 25.

1642 4955 1870 5014 NOTAE.

213 5066 321 5137 (15)
357 5068 431 5123 Ac
470 5085 551 5122 me
576 5070 1000 5140 investigantem,
1034 5071 1364 5141 φωράσαντα
1386 5110 1400 5127 .
1443 5068 1568 5124 Levi
1605 5069 1707 5124 hac

144 5140 460 5201 mutatione,
493 5148 704 5194 constat
730 5142 967 5207 optimus
995 5140 1266 5194 Anastasii
1296 5155 1520 5205 sensus;
1544 5155 1702 5204 quem

147 5207 345 5279 nullum
375 5225 670 5273 congruum
704 5211 991 5264 exhibebat
1016 5225 1121 5264 vox
1164 5210 1506 5279 φυράσαντα.
1547 5208 1702 5279 Nam,

146 5277 357 5340 amabo,
415 5280 542 5344 quid
591 5280 880 5342 creditori,
907 5293 1030 5333 cum
1075 5277 1392 5332 subactione
1422 5280 1591 5335 instar
1621 5277 1704 5331 l'a-

147 5346 321 5418 rinae.
360 5350 501 5418 quod
540 5363 657 5402 eam
688 5364 874 5403 vocem
925 5349 1190 5416 interpres
1248 5348 1459 5403 reddit?
1505 5346 1710 5413 Quaarit

145 5427 288 5470 certe
312 5417 402 5472 ille
429 5418 709 5482 accedens,
745 5433 809 5471 ac
841 5419 1249 5486 deprehendere
1278 5420 1468 5472 nititur
1497 5421 1706 5471 debito-

147 5498 280 5550 rem,
316 5505 343 5540 a
380 5503 491 5556 quo
536 5488 855 5543 solationem
901 5488 1115 5557 exigat;
1155 5502 1259 5542 non
1290 5488 1506 5557 larium
1549 5489 1720 5557 instar

147 5568 265 5608 eum
310 5557 599 5628 subigere,
637 5573 730 5612 seu
776 5573 838 5611 ex
870 5572 936 5611 eo
984 5556 1216 5628 massam
1276 5556 1493 5628 facere;
1556 5556 1715 5625 idque

150 5625 459 5697 ltrmserlint'
506 5627 894 5697 πληρωθείσης
924 5627 1290 5697 προθεσμίας
1346 5625 1555 5697 impleto
1610 5639 1716 5697 ter-

157 5646 448 5689 prteserunt
506 5646 894 5697 πληρωσεισης
924 5646 1128 5697 προυεσ
1178 5646 1290 5689 ιας·
1346 5646 1555 5694 impleto
1610 5646 1716 5678 ter-

157 5695 398 5764 mino,ac
429 5697 519 5753 ubi
549 5698 767 5753 advenit
796 5699 1089 5753 constituta
1122 5646 1240 5752 dies
1270 5712 1372 5766 qua
1399 5695 1716 5752 solvendum

1808 5071 1899 5133 sit,
1933 5085 1998 5124 ac
2031 5071 2169 5124 ultra
2201 5085 2360 5139 quam
2415 5086 2520 5125 non
2565 5072 2633 5126 sit
2664 5070 3060 5140 prorngandum
3095 5068 3329 5124 debitum
3366 5085 3383 5123 :

1808 5143 1949 5209 quod
2001 5141 2185 5195 statim
2239 5140 2509 5204 subditur,
2568 5157 2664 5195 nec
2727 5143 2904 5193 minus
2957 5142 3223 5208 interpres
3283 5140 3378 5191 dc-

1810 5218 2031 5278 pravat,
2080 5210 2311 5264 reddens
2355 5210 2448 5275 τὸ,
2500 5210 2857 5281 προθεσμίαν,
2890 5211 3210 5263 vaticinium.
3239 5209 3385 5262 Con-

1807 5294 1973 5333 BEHS.
2788 5294 2805 5309 ‘

1880 5348 1992 5420 (ιϐ)
2032 5346 2334 5403 Frememes
2372 5350 2602 5420 lictores.
2635 5349 2879 5420 Δημιους
2923 5347 3245 5420 βρύχονταςτ
3291 5347 3385 5399 Sic

1807 5417 2069 5487 exRegiu
2107 5419 2351 5472 restituta
2384 5419 2560 5488 littera
2590 5417 2736 5474 clara
2765 5429 2871 5479 est,
2903 5417 2991 5473 ubi
3022 5417 3117 5486 pro
3150 5417 3381 5488 βρύχον-

1805 5505 1906 5551 τας
1927 5527 1952 5558 ,ί
1987 5497 2095 5558 ρειΔ
2120 5488 2317 5558 πικρὸν
2346 5487 2749 5557 ἐμϐλέποντας·
2810 5501 2868 5541 ιιι
2918 5499 3063 5543 esset
3094 5491 3381 5558 retinenda

1807 5572 1908 5611 vox
1936 5556 2193 5626 δεσμίους
2209 5556 2404 5612 {aliter
2434 5559 2763 5613 reddendum
2802 5573 2862 5612 ac
2891 5558 3123 5612 reddidit
3155 5556 3393 5626 interpn'

1808 5625 2115 5698 vinculaqtte
2161 5627 2462 5698 stridentia.
2493 5626 2692 5683 Verum
2730 5637 2949 5698 prazstct
2990 5628 3237 5681 omittere
3269 5625 3379 5695 plc-

1810 5711 1975 5766 raque
2010 5696 2136 5753 talia
2166 5697 2452 5754 emendata
2484 5712 2547 5754 ac
2578 5696 2848 5756 restituta.
2880 5697 3168 5757 Cononis.
