4042 6292
186 311 344 376 1093

1364 318 1646 401 ORATIO
1687 318 1765 377 IN
1805 318 2167 378 PSALMUM
2208 320 2306 379 Vl.

3344 326 3481 391 1034

196 428 511 500 χαρίζεται.
544 425 704 491 Οἶδας
736 428 841 500 γὰρ
867 428 965 500 τὴν
1003 430 1292 482 ἀσθένειαν
1323 432 1421 500 τῆς
1450 432 1667 495 φύσεως
1711 433 1782 494 ὡς

1894 434 2224 488 sericordias
2268 415 2389 486 tuas
2412 473 2428 496 ,
2458 442 2517 487 ut
2554 434 2805 489 laudetur
2858 436 2911 490 in
2946 450 3034 492 me
3058 436 3348 493 clementia
3390 451 3480 497 tua

196 521 417 584 πλάσας
443 537 458 551 ·
512 522 608 574 καὶ
671 517 823 585 οἶδας
866 523 1035 592 αὐτὴν
1074 522 1149 584 ὡς
1194 522 1557 593 ἐνδυσάμενος
1591 522 1785 592 αὐτὴν,

193 613 297 667 καὶ
343 612 529 677 σώσας
558 614 753 683 αὐτήν.

1900 539 1967 577 ac
1991 524 2319 594 benignitas.
2369 522 2504 577 Nam
2539 534 2595 580 et
2626 527 2892 594 probatus
2935 526 3179 583 medicus
3220 539 3348 583 tunc
3388 532 3483 585 de-

1900 626 2048 670 mum
2077 616 2329 672 laudatur
2369 627 2536 686 alque
2567 618 2917 673 admirationi
2947 627 3053 684 est,
3085 622 3304 689 quando
3335 602 3483 677 incu-

195 707 402 765 rabiles
431 724 496 763 ac
523 709 842 778 desperatos
885 710 1103 764 morbos
1144 720 1319 764 curat.
1356 709 1534 763 Bonus
1596 723 1813 779 quoque
1854 724 1950 765 rex
1993 719 2124 767 tunc
2171 714 2611 778 commendatur,
2658 728 2723 768 ac
2793 713 2992 768 celebri
3032 714 3262 769 habetur
3311 718 3478 781 fama,

193 817 324 856 cum
370 802 423 855 in
457 802 600 870 ipsos
638 803 805 857 etiam
850 803 1151 858 immeritos
1186 802 1473 857 umniticus
1500 812 1605 858 est.
1655 802 1776 857 Scis
1806 805 1950 859 enim
2013 807 2268 862 humanm
2298 817 2506 864 naturae
2576 808 3037 875 imbecillitatem,
3063 825 3189 865 cum
3212 825 3332 865 eam
3364 818 3479 881 ipse

196 892 524 949 fortnaveris
555 912 571 950 :
600 895 710 950 scis
739 896 868 948 item
916 897 1058 963 quod
1099 895 1344 950 eamdem
1377 896 1496 964 ipse
1526 898 1907 971 assumpseris,
1933 913 1998 953 ac
2027 900 2202 955 salute
2234 901 2546 956 donaveris.

269 989 363 1041 Διὸ
398 990 496 1041 καὶ
525 988 622 1043 νῦν
648 1006 671 1039 ς
709 988 883 1042 σῶσόν
920 1007 987 1060 με
1023 989 1215 1043 ἕνεκεν
1238 991 1334 1044 τοῦ
1368 991 1554 1054 ἐλέους
1585 1008 1705 1045 σου.
1748 1010 1767 1043 ι

196 1078 294 1149 Μὴ
324 1080 531 1150 νικήσῃ
566 1081 600 1150 ἡ
623 1079 732 1152 ἐμὴ
768 1080 937 1133 κακία
971 1080 1071 1151 τὴν
1102 1080 1201 1151 σὴν
1234 1080 1668 1151 εὐσπλαγχνίαν,
1702 1081 1777 1157 μῂ

196 1173 453 1243 νικήσῃή
474 1173 583 1243 ἐμὴ
603 1172 846 1243 ῥᾳθυμία
870 1171 970 1243 τὴν
997 1173 1324 1226 ἀνείκαστόν
1350 1190 1444 1226 σου
1471 1172 1782 1243 φιλανθρω-

197 1263 353 1319 πίαν.
392 1283 414 1315 ι
439 1264 530 1333 Μὴ
562 1265 644 1327 εἰς
670 1264 854 1335 κρίσιν
882 1264 1042 1336 ἔλθῃς
1072 1265 1213 1335 μετὰ
1235 1264 1343 1317 τῶν
1374 1265 1579 1319 δούλων
1613 1283 1731 1320 σου.
1758 1286 1778 1319 ι

198 1357 264 1408 El
301 1355 412 1426 γὰρ
470 1357 564 1409 καὶ
624 1355 888 1426 κριθῆναι
940 1356 1212 1427 βουληθῇς
1262 1358 1399 1427 πρὸς
1443 1360 1620 1428 ἡμᾶς,
1676 1360 1785 1412 πᾶν

198 1453 380 1521 στόμα
400 1453 754 1522 ’φραγήσεται
788 1451 864 1521 μὴ
892 1450 1012 1523 ἔχον
1039 1469 1091 1505 τι
1118 1452 1590 1523 ἀπολογήσασθαι.
1612 1453 1784 1524 Ὑπὲρ

197 1544 387 1597 πόσων
449 1545 557 1614 γὰρ
601 1545 907 1614 εὐργεσιῶν
952 1544 1231 1615 δυνάμεθα
1270 1544 1783 1616 ἐξομολογήσασθαι

197 1636 268 1704 τῇ
321 1633 703 1705 ἀνεκδιηγήτῳ
742 1650 840 1687 σου
887 1632 1227 1705 ἁγαθότητι;
1267 1634 1361 1707 Μὴ
1417 1634 1581 1699 ὄντας
1636 1637 1784 1706 ἡμᾶς

198 1724 489 1795 ἐποίησας,
547 1724 642 1776 καὶ
724 1725 961 1792 ποιήσας
1020 1724 1370 1795 ἐπλήθυνας,
1432 1726 1776 1789 ἐσκέπασας,

1964 993 2281 1064 Propterea,
2315 1012 2456 1050 nunc
2481 1012 2699 1068 quoque
2725 1015 2745 1048 ι
2782 997 2991 1052 salvum
3019 1010 3104 1050 me
3128 994 3214 1051 fac
3250 1005 3478 1065 propter

1894 1086 2323 1141 misericordiam
2354 1098 2525 1143 tuam.
2559 1108 2578 1141 ι
2621 1087 2696 1143 Ne
2723 1090 2925 1153 vincat,
2951 1102 3155 1157 quaeso,
3185 1096 3334 1141 tuam
3372 1091 3473 1140 mi-

1889 1178 2244 1232 sericordiam
2274 1194 2392 1232 mea
2418 1179 2623 1232 malitia
2653 1195 2668 1241 ;
2707 1192 2775 1232 ne
2803 1192 2920 1233 mea
2973 1178 3234 1247 segnities
3262 1179 3475 1231 incom-

1892 1270 2186 1336 parabilem
2207 1279 2353 1323 tuam
2370 1269 2512 1323 illam
2531 1269 2871 1323 clementiam
2892 1278 3131 1339 superet.
3157 1287 3176 1320 ι
3204 1268 3280 1323 Ne
3299 1270 3474 1323 intres

1888 1360 2228 1429 injudicium
2268 1375 2391 1414 cum
2441 1361 2614 1415 servis
2672 1360 2780 1415 tuis
2829 1361 2897 1414 '°.
2934 1376 2953 1407 ι
2992 1358 3125 1413 Nam
3179 1359 3224 1415 si
3266 1358 3472 1427 judicio

1889 1451 2170 1505 nobiscum
2228 1452 2561 1507 contendere
2619 1452 2880 1518 volueris,
2924 1451 3166 1506 omnium
3212 1466 3303 1505 ora
3374 1451 3473 1506 ob-

1884 1549 2181 1603 struentur,
2217 1555 2317 1596 nec
2345 1542 2450 1595 erit
2478 1557 2586 1611 quo
2641 1556 2703 1596 se
2749 1542 2871 1610 quis
2898 1548 3147 1596 excuset.
3187 1538 3289 1607 Qui
3322 1541 3470 1594 enim

1884 1649 1984 1704 pro
2012 1636 2180 1688 tantis
2209 1635 2262 1688 in
2305 1650 2404 1689 nos
2436 1633 2719 1690 beneﬁciis
2755 1636 3029 1704 possimus
3058 1634 3192 1688 satis
3247 1633 3472 1687 laudare

1885 1724 2321 1794 inexplicabilem
2392 1735 2537 1781 tuam
2584 1724 3150 1782 bonitatem‘iFecisti
3200 1737 3299 1778 nos
3347 1737 3473 1777 cum

197 1816 484 1887 ηὕξησας,
543 1836 562 1867 ι
600 1816 779 1870 πάντα
824 1815 1101 1883 ὑπέταξας
1152 1817 1416 1871 ὑποκάτω
1454 1817 1563 1871 τῶν
1606 1818 1782 1878 ποδῶν

1890 1832 1992 1872 non
2029 1832 2299 1882 essemus,
2339 1818 2624 1888 [actosque
2674 1835 2738 1874 ac
2787 1828 3002 1874 creatos
3060 1814 3469 1887 multiplicasti;

198 1906 384 1978 ἡμῶν.
422 1924 441 1957 ι
488 1901 620 1958 Εἶτα
677 1905 1057 1978 πλανηθέντας
1134 1908 1522 1979 ἐπέστρεψας,
1582 1909 1783 1962 ἀπολε-

201 2000 433 2062 σθέντας
484 1999 779 2071 ἐζήτησας,
832 1993 1030 2071 ηὗρας,
1064 2000 1394 2065 ἐϐάστασας,
1440 2001 1556 2072 ίδίῳ
1586 2002 1785 2072 αἵματι

199 2090 583 2160 ἐξηγόρασας,
633 2091 1029 2161 γυμνωθέντας
1083 2094 1363 2158 ἐνέδυσας,
1412 2094 1783 2148 ταπεινωθένο

197 2200 302 2247 τας
328 2181 683 2247 ἐπλούτισας,
708 2183 859 2246 υίοὺς
907 2184 1058 2253 ἡμᾶς
1095 2184 1191 2236 καὶ
1225 2183 1491 2251 ἀδελφοὺς
1525 2183 1620 2237 καὶ
1650 2183 1786 2253 κλη·

204 2274 474 2345 ρονόμους
500 2274 634 2328 Θεοῦ
675 2275 771 2328 καὶ
799 2276 1286 2349 συγκληρονόμους
1316 2275 1648 2346 πεποίηκας.
1678 2274 1786 2328 Καί

200 2384 258 2419 τι
310 2366 446 2435 πρὸς
476 2365 651 2420 ταῦτα
683 2368 850 2436 ἡμεῖς
910 2366 1364 2437 ἀπολογήσασθαι
1401 2367 1499 2437 οὐχ
1531 2366 1786 2437 εὑρίσκου-

206 2475 331 2529 μεν.
362 2460 454 2511 Διὸ
487 2458 561 2529 μὴ
593 2478 612 2509 ι
646 2458 894 2531 εἰσέλθῃς
927 2461 1010 2523 εἰς
1054 2458 1241 2529 κρίσιν
1276 2458 1418 2529 μετὰ
1463 2456 1562 2511 τοῦ
1593 2457 1786 2511 δούλου

205 2569 317 2603 σου.
350 2551 469 2619 »Μὴ
498 2550 920 2623 ἐπισταθμήσῃς
948 2554 1070 2614 ταῖς
1123 2551 1285 2621 ἡμῶν
1338 2550 1643 2621 ἁμαρτίαις
1687 2551 1786 2619 τὴν

202 2641 444 2710 ἀπειλήν
464 2657 477 2669 ·
507 2640 666 2701 ἀλλὰ.
696 2660 715 2693 ι
758 2643 1106 2713 ἀπὸστρεψον
1138 2643 1199 2696 τὸ
1230 2642 1523 2713 πρόσωπόν
1559 2659 1652 2695 σου
1678 2642 1788 2695 ἀπὸ

201 2733 316 2786 τῶν
342 2734 585 2803 ἀνομιῶν
619 2734 799 2805 ἡμῶν,
834 2752 855 2785 ι
905 2735 1001 2787 καὶ
1056 2736 1132 2805 μὴ
1170 2738 1380 2807 στήσῃς
1433 2734 1662 2797 δικαίως
1696 2734 1787 2787 τὸν

204 2824 373 2891 ζυγόν
408 2841 501 2878 σου
530 2841 545 2855 ο
581 2818 739 2887 ἀλλὰ,
775 2822 1149 2894 φιλάνθρωπε,
1188 2823 1352 2893 ῥέψον
1394 2821 1492 2874 καὶ
1527 2840 1547 2872 ι
1602 2820 1788 2875 κλίνον

204 2919 272 2971 ἐκ
309 2916 502 2971 τούτου
559 2919 641 2981 είς
678 2917 857 2973 τοῦτο.
895 2937 914 2969 ι
962 2918 1058 2969 Ἐκ
1105 2916 1199 2970 τοῦ
1228 2918 1501 2987 ἡμετέρου
1558 2916 1787 2986 φορτίου

208 3008 456 3078 βάρησον
483 3009 563 3072 εἰς
594 3008 655 3061 τὸ
691 3008 843 3071 ἔλεός
879 3025 1000 3074 σου,
1048 3008 1142 3061 καὶ
1177 3007 1374 3077 πάριδε
1426 3007 1692 3070 ἑκουσίως
1729 3008 1791 3059 τὸ

208 3095 376 3167 βάρος
407 3097 516 3151 τῶν
542 3097 827 3169 ἁμαρτιῶν
866 3098 1045 3168 ἡμῶν,
1071 3099 1167 3151 καὶ
1197 3097 1471 3168 ὑπέρὸηθι
1494 3098 1556 3151 τὸ
1583 3097 1790 3168 πλῆθος

1892 1910 2199 1979 protexisti,
2250 1911 2545 1976 adauxisti,
2585 1929 2605 1963 ι
2669 1911 2851 1965 omnia
2903 1908 3193 1977 subiecisti
3220 1906 3320 1962 sub
3378 1920 3475 1974 pe-

1892 2000 2049 2052 dibus
2071 1999 2276 2054 nostris
2299 2000 2366 2055 ³¹.
2406 2017 2426 2051 ι
2481 1998 2613 2055 Post
2653 1999 2769 2054 lucc
2826 1999 2881 2054 in
2933 2012 3179 2053 errorem
3220 1996 3473 2050 inductos

1892 2090 2232 2158 convertisti,
2267 2092 2508 2160 perditos
2539 2090 2867 2161 quasivisti,
2892 2089 3171 2153 invenisti,
3192 2086 3471 2155 bajnlasti,

1894 2189 1989 2235 tuo
2055 2181 2226 2251 ipsius
2274 2183 2544 2251 sanguine
2609 2181 2910 2245 redemisti,
2949 2182 3181 2235 nudatos
3234 2178 3471 2241 vestisti,

1893 2282 2219 2328 extenuatos
2262 2272 2450 2328 ditasti
2502 2273 2653 2346 (l8);
2684 2274 2824 2329 ﬁlios
2870 2288 2993 2337 nos,
3041 2281 3098 2326 et
3145 2273 3365 2335 fratres,
3410 2285 3477 2323 ac

1897 2366 2161 2432 hmredes,
2200 2373 2256 2420 et
2285 2366 2601 2422 cobasredes
2639 2365 2893 2421 en‘ecisti.
2927 2364 3068 2419 Nihil
3098 2378 3232 2420 sane
3276 2376 3475 2416 occur-

1896 2468 1977 2513 ret
2005 2459 2148 2527 quod
2182 2459 2247 2513 ad
2303 2472 2367 2513 ea
2415 2459 2869 2525 respondeamus.
2901 2456 3082 2523 Quare
3124 2469 3195 2509 ne
3235 2472 3254 2505 ι
3305 2453 3476 2506 intra-

1898 2550 2040 2603 veris
2090 2549 2143 2602 iu
2203 2548 2466 2616 judicium
2511 2565 2635 2605 cum
2684 2563 2846 2604 servo
2882 2557 3008 2614 tuo;
3044 2565 3062 2599 ι
3122 2560 3298 2614 neque
3354 2551 3476 2597 tuas

1897 2639 2071 2696 minas
2097 2655 2161 2696 ex
2189 2641 2414 2696 adverso
2450 2641 2689 2710 peccatis
2719 2640 2921 2695 nostris
2944 2637 3268 2707 apprttderis
3305 2656 3318 2691 :
3352 2635 3473 2695 sed.

1902 2752 1921 2785 ι
1957 2742 2144 2788 averte
2178 2732 2373 2788 faciem
2434 2742 2583 2788 tuam
2628 2733 2696 2786 ab
2739 2730 3117 2799 iniquitatibus
3160 2728 3299 2781 meis
3327 2725 3408 2791 “;
3450 2744 3471 2777 ι

1897 2840 1999 2883 nec
2028 2827 2223 2881 libram
2264 2837 2412 2881 tuam
2435 2825 2582 2902 iuste
2608 2834 2838 2887 statuas,
2868 2821 2962 2877 sed
3016 2822 3100 2875 l'ac
3135 2833 3377 2888 vergere,
3412 2832 3479 2873 ac

1902 2937 1923 2972 ι
1968 2919 2169 2975 inclina
2197 2934 2265 2974 ex
2303 2920 2405 2973 hoc
2433 2919 2486 2972 in
2511 2917 2615 2972 ltoc
2641 2916 2706 2969 ³³.
2739 2934 2757 2967 ι
2790 2915 2867 2969 Ex
2905 2919 3097 2967 nostro
3117 2926 3284 2965 onere
3312 2924 3477 2979 grava

1899 3013 1957 3066 in
1985 3012 2142 3067 lance
2166 3020 2272 3066 tum
2322 3008 2747 3066 misericordias:
2777 3018 3078 3077 sponteque
3110 3016 3198 3060 tua
3226 3013 3479 3072 peccato-

1901 3120 2019 3158 rum
2062 3113 2304 3158 nostrum
2349 3102 2561 3172 pondus
2618 3101 2851 3171 neglige,
2879 3114 2945 3154 ac
2974 3098 3232 3169 grandem
3283 3109 3474 3148 nume-

209 3189 322 3241 τῶν
346 3189 587 3259 ἀνομιῶν
619 3188 799 3261 ὴμῶν.
858 3191 970 3244 Καὶ
1026 3190 1203 3243 σῶσον
1243 3190 1392 3257 ἡμᾶς
1444 3189 1634 3243 ἕνεκεν
1688 3190 1782 3243 τοῦ

1897 3212 2013 3249 rum
2044 3195 2394 3265 iniquitatum
2428 3205 2740 3249 nostrarum
2774 3192 3118 3248 trauscende.
3144 3188 3336 3244 Salvos
3379 3200 3478 3239 nos

208 3280 400 3343 ἐλέους
431 3297 556 3341 σου,
582 3281 651 3334 δι’
687 3276 749 3337 οὗ
808 3283 1013 3345 πάντες
1056 3284 1107 3334 οἱ
1158 3281 1428 3345 σωθέντες
1480 3280 1791 3351 ἐσώθησαν.

207 3371 332 3426 Κᾶν
362 3370 472 3441 γὰρ
501 3371 704 3424 Μωσέα
733 3371 893 3437 εἴπω,
950 3371 1067 3425 ἀλλ’
1096 3372 1218 3425 οὑδέ
1254 3372 1419 3435 αὐτὸς
1467 3373 1792 3443 ἀναμάρτη-

204 3482 321 3530 τος,
353 3464 489 3533 ὼςή
547 3463 741 3535 Γραφὴ
801 3464 1187 3535 ἐμαρτύρησε,
1250 3464 1353 3518 κᾶν
1411 3463 1646 3536 ’Δαρὼν,
1684 3464 1795 3518 κᾶν

198 3557 302 3609 ’τὸν
337 3556 502 3609 Δαϐὶδ
550 3558 901 3627 κατανοήσω,
962 3556 1066 3610 κᾶν
1116 3557 1287 3610 αὐτὴν
1320 3559 1533 3613 ἐκεῖνον
1585 3556 1792 3629 Πέτρον

205 3648 301 3701 τὸν
325 3651 626 3719 κορυφαῖον
657 3651 751 3701 καὶ
795 3649 989 3718 μέγαν,
1017 3650 1151 3703 οὐδὲ.
1176 3650 1344 3712 αὐτὸς
1378 3650 1790 3719 ἀναμάρτητος,

205 3741 331 3797 οὐδὲ
376 3742 688 3811 ἄμεμπτος.
724 3741 815 3794 Διὸ
862 3741 1046 3795 πίστει
1076 3741 1226 3812 ζητῶ
1276 3740 1552 3813 σωθῆναιο
1580 3742 1791 3807 πίστει,

200 3836 268 3889 οὗ
338 3833 558 3905 πράξει,
615 3834 704 3887 ἵνα
749 3834 844 3888 καὶ
901 3835 1039 3905 πρὸς
1113 3835 1216 3904 ἐμὲ
1296 3837 1326 3888 ὁ
1395 3834 1785 3906 φιλάνθρωπος

205 3930 453 3999 εἴπῃς·ι
523 3927 587 3980 Ἦ
642 3926 827 3992 πίστις
869 3945 965 3981 σου
1015 3927 1226 3981 σέσωκέ
1280 3946 1362 3988 σε,
1414 3929 1648 4000 πορεύου
1705 3932 1786 3991 είς

206 4023 455 4090 εἰρήνην.
488 4037 507 4069 ι
534 4018 722 4082 ’Ὀσοις
754 4020 858 4089 γὶρ
878 4018 1287 4090 συνεχώρησας,
1313 4020 1582 4086 Δέσποτα,
1608 4020 1786 4073 οὐδενὶ

1899 3288 1982 3341 lac
2024 3297 2245 3357 propter
2289 3286 2719 3341 misericordiam
2772 3297 2941 3348 tuam,
2975 3299 3071 3350 per
3113 3296 3274 3352 quam
3330 3279 3479 3334 salu-

1899 3374 2006 3434 tem
2032 3381 2306 3435 consecuti
2343 3389 2469 3435 sunt
2517 3389 2783 3449 quotquot
2827 3379 2963 3433 salvi
2992 3377 3166 3431 fuere.
3198 3372 3331 3428 Nam
3363 3373 3480 3426 sive

1897 3472 2080 3526 Mosen
2111 3473 2322 3536 dixero,
2358 3487 2466 3527 non
2497 3482 2583 3526 est
2621 3472 2827 3541 absque
2865 3480 3111 3540 peccato,
3139 3468 3292 3538 juxta
3335 3465 3479 3537 quod

1898 3565 2180 3631 Scriptura
2228 3564 2381 3617 testis
2405 3575 2489 3619 est
2512 3565 2594 3630 “;
2633 3565 2749 3618 sire
2783 3563 3038 3617 Davidem
3068 3562 3378 3630 cogitavero
3396 3557 3477 3624 ”;

1898 3656 2014 3709 sive
2041 3668 2293 3724 magnum
2323 3655 2497 3723 ipsum
2528 3654 2750 3710 Petrum
2798 3653 3082 3722 apostolici
3115 3664 3291 3708 cmtus
3325 3652 3479 3722 priu-

1898 3747 2071 3816 cipetn
2107 3747 2173 3811 ³⁸,
2207 3761 2273 3800 ne
2306 3746 2393 3801 ltic
2420 3747 2637 3815 quidem
2668 3746 2926 3799 immunis
2956 3756 3040 3799 est
3075 3762 3102 3795 υ
3137 3752 3384 3811 peccnto,
3417 3755 3482 3794 ac

1898 3847 2055 3891 vacat
2094 3839 2343 3893 crimine.
2385 3838 2593 3892 Idcirco
2639 3852 2738 3907 per
2787 3837 2945 3890 li-leut
2982 3835 3168 3887 salvus
3216 3834 3329 3887 ﬁeri
3387 3846 3482 3886 ru-

1897 3930 1982 3999 pio
2017 3928 2127 3999 (l9)
2150 3948 2163 3993 ;
2186 3945 2279 3999 per
2307 3930 2489 3996 ﬁdem,
2527 3930 2771 3999 inquam,
2801 3943 2905 3981 non
2931 3941 2995 3979 ex
3040 3940 3159 3978 meo
3198 3938 3396 3991 opere;
3425 3933 3481 3977 ιιι

1893 4032 1946 4077 et
1978 4037 2078 4089 ego
2105 4038 2133 4075 a
2162 4031 2249 4077 tua
2278 4021 2562 4077 clementia
2589 4022 2807 4076 audiam
2843 4038 2857 4076 :
2896 4041 2914 4073 ι
2957 4021 3118 4075 Fides
3149 4030 3238 4073 tua
3273 4028 3323 4071 te
3359 4016 3473 4070 sal-

293 4168 340 4199 ”
374 4167 511 4220 Psal.
546 4186 707 4229 cxttt.
734 4171 791 4223 9.
881 4168 921 4199 ³¹
949 4168 1089 4224 Psal.
1118 4185 1233 4236 \m,
1257 4171 1309 4224 8.
1393 4171 1436 4204 θ’
1462 4172 1601 4227 Psal.
1632 4185 1684 4234 L,
1715 4170 1802 4223 Η.
1873 4166 1917 4198 ³³
1947 4168 2086 4223 Psal.
2113 4184 2293 4236 Lxstv,
2328 4168 2382 4223 9.
2464 4146 2508 4197 ’3
2536 4167 2697 4222 Deut.
2729 4182 2877 4231 unt,
2898 4167 2989 4220 2'2.
3068 4166 3112 4201 ³⁵
3142 4165 3184 4221 ll
3216 4167 3349 4237 Reg.
3383 4182 3457 4234 ιι,

216 4239 268 4272 ³⁸
291 4238 482 4292 Matth.
523 4255 672 4307 xxvi,
712 4241 802 4294 70.

1731 4374 1965 4434 NUTAS.

272 4524 386 4589 (18)
430 4521 773 4610 ιζςεςιιῖηιιαιρε
818 4529 1020 4584 (litasti.
1047 4531 1534 4610 _'l'a7:scch9évra;
1578 4531 1773 4610 ἐπλού-

1890 4537 2129 4610 :onferrc
2162 4556 2175 4592 :
2209 4554 2273 4592 ac
2307 4552 2406 4593 nec
2459 4540 2586 4606 alia,
2624 4555 2689 4594 ac
2742 4542 3024 4610 sequentia
3072 4542 3230 4596 [idem
3287 4540 3473 4595 confe-

192 4610 380 4670 τισας.
430 4592 692 4670 Videntur
730 4599 845 4652 haec
892 4616 999 4655 non
1047 4602 1120 4655 ita
1158 4603 1436 4670 opposita;
1489 4592 1773 4670 potiusque

195 4666 716 4745 54't‘i‘bf’lltllldllnessel
740 4709 754 4730 ,
788 4669 1113 4745 ᾲνύψωσας·
1134 4666 1419 4745 depressas
1461 4666 1521 4724 ιιέ
1544 4666 1775 4745 [mutiles

195 4736 516 4810 sttblt‘mustt'.
549 4735 734 4810 Putem
760 4735 961 4806 aliquid
993 4744 1313 4809 tlesitlet'ari,
1350 4755 1406 4798 ut
1428 4744 1479 4796 itt
1508 4744 1772 4810 ejusmodi

198 4806 405 4873 passim
433 4806 589 4858 solet.
623 4808 911 4863 Constans.

274 4874 388 4951 (l9)
426 4873 713 4951 Pet-ﬁdem
764 4880 967 4951 salvum
1014 4881 1133 4950 ﬁeri
1184 4881 1355 4947 cupio.
1403 4882 1591 4935 Πίστει
1628 4884 1777 4951 ζητῶ

196 4944 677 5025 σο›θῇναι.λᾼ11;ξιοιέ
710 4964 784 5025 ac_
819 4949 967 5025 Regii
1000 4944 1123 5025 cod.
1155 4944 1320 5025 editio
1348 4968 1362 5002 :
1402 4954 1587 5006 Πίστει
1637 4944 1775 5025 μδνῃ

195 5014 360 5092 κάγῲ
382 5014 623 5092 σωθῆναι
647 5017 814 5092 ζητῶ.
845 5014 946 5073 Ρῖν
964 5021 1132 5074 solum
1150 5022 1306 5091 ﬁdem
1329 5024 1553 5076 salutem
1574 5014 1775 5092 quaero:

194 5088 412 5165 Quibus
440 5087 620 5165 verbis
652 5090 781 5141 nihil
824 5087 1160 5165 Anastasius
1191 5094 1475 5165 catltoiic»:
1511 5087 1778 5148 doctrina.-

196 5157 548 5209 necessitatis
595 5174 819 5226 operum
862 5164 1215 5226 adversatur;
1251 5164 1345 5214 sed
1395 5178 1576 5216 veram
1616 5181 1776 5217 uuam

196 5226 397 5298 salutis
440 5226 675 5280 radicem
709 5230 983 5298 assignat;
1041 5232 1200 5283 lldem
1237 5230 1380 5284 illam
1416 5250 1511 5298 per
1540 5236 1777 5287 Charita-

196 5307 309 5370 ttfnt
341 5295 768 5367 ἐνεργουμένην,
790 5295 939 5365 juxta
974 5301 1229 5364 Paulum;
1262 5295 1440 5370 inqua
1475 5305 1672 5356 virtute
1699 5306 1779 5356 in-

192 5367 308 5420 sint
339 5381 530 5434 opera,
554 5370 628 5420 uti
667 5371 875 5425 fructus
906 5372 957 5424 in
983 5372 1164 5424 radice
1198 5388 1213 5425 ι
1241 5380 1299 5425 ιιι
1330 5367 1462 5428 ﬁdes
1497 5373 1559 5427 iis
1585 5389 1778 5427 carens

192 5450 300 5505 pro
324 5436 461 5506 loco
485 5454 548 5489 at:
580 5447 845 5506 tempore,
886 5440 1018 5495 lldcs
1066 5454 1273 5494 tnortua
1303 5445 1396 5505 sit,
1428 5459 1531 5497 non
1565 5445 1681 5496 viva
1714 5462 1776 5497 at:

192 5505 505 5560 viviﬁcaris.
535 5506 711 5582 Opera
746 5519 923 5564 autem
955 5526 1058 5582 non
1086 5526 1149 5565 ex
1181 5525 1239 5564 ea
1286 5511 1407 5574 ﬁde,
1441 5529 1602 5582 opera
1648 5523 1774 5567 sunt

191 5592 305 5629 non
337 5586 555 5649 accepta
588 5578 718 5640 Deo,
742 5594 804 5634 ac
846 5596 971 5634 vere
996 5581 1133 5633 sicut
1171 5596 1379 5649 pannus
1422 5578 1771 5637 ιιιὲιιιςιτιιτιιευ

190 5661 380 5720 coram
410 5648 592 5720 ipso:
628 5663 692 5720 ac
723 5650 766 5700 si
820 5651 931 5711 vis,
965 5661 1212 5720 peccata,
1251 5653 1424 5719 ampla
1476 5655 1607 5706 satis
1654 5654 1769 5718 ejus

194 5716 346 5772 vocis
377 5717 795 5788 signiﬁcationc,
824 5736 943 5789 qua:
965 5716 1206 5790 ⁷μιυίυιίιε
1238 5716 1506 5792 nequeant
1537 5716 1763 5778 salutant

1880 4619 2025 4681 runt,
2060 4609 2161 4661 nisi
2187 4610 2301 4677 ejus
2327 4610 2373 4663 vi
2410 4628 2422 4664 :
2456 4613 2541 4664 cui
2569 4609 3118 4681 proinde,Anastasii
3151 4628 3214 4665 ac
3247 4610 3469 4665 Patrqu

1878 4679 2082 4743 pltrasi,
2124 4686 2235 4731 tota
2290 4681 2404 4746 ipsa
2460 4679 2610 4734 saltis
2643 4683 2789 4736 velut
2842 4683 3137 4737 intrinsece
3171 4696 3233 4735 ac
3271 4682 3471 4734 l'ortua-

1878 4750 2024 4812 liter,
2071 4760 2129 4802 ιιι
2174 4762 2400 4812 vocant.
2454 4766 2520 4805 ac
2550 4767 2646 4819 per
2679 4766 2738 4806 se
2785 4754 2993 4819 primo,
3050 4752 3212 4806 tribui
3253 4761 3468 4820 potest:

1876 4834 2187 4887 quanquam
2229 4832 2411 4875 nostra
2447 4830 2689 4890 tempora
2732 4823 3117 4877 haereticorum
3154 4823 3325 4876 abusu
3366 4821 3467 4873 ali-

1877 4906 2036 4965 quam
2087 4893 2306 4965 exigant
2358 4891 2690 4965 cautionem.
2750 4892 2951 4947 Eodem
2989 4893 3130 4965 ston
3165 4909 3227 4965 ac
3282 4893 3465 4965 plt_rasi

1880 4959 2176 5030 Gregorius
2222 4959 2531 5025 Tlteologus
2586 4964 2637 5015 in
2699 4959 3059 5024 Athanasio;
3089 4963 3187 5017 viri
3245 4962 3467 5030 perfer-ti

1883 5028 2057 5081 ideaut
2091 5031 2143 5082 itt
2188 5032 2414 5083 scicntia
2440 5030 2763 5094 Trinitatis,
2805 5050 2818 5087 t
2872 5028 3277 5098 Fidei.dcﬁuit,
3321 5031 3464 5085 nulla

1880 5114 2105 5167 Ope-rum
2160 5103 2476 5173 Allleil-liOIie,
2536 5104 2585 5173 iu
2645 5119 2752 5169 quo
2809 5120 2995 5173 sanant
3044 5107 3159 5173 ejus
3197 5119 3261 5155 at:
3300 5104 3463 5154 altam

1880 5179 2119 5240 tuentem
2155 5170 2214 5225 Ι).
2258 5169 2527 5225 Maximus
2563 5172 2697 5224 fusis
2749 5171 3037 5228 admodum
3072 5169 3466 5240 'tlispntatinnh

1878 5238 2259 5313 bttstettat'ral.
2306 5240 2499 5294 Totum
2550 5241 2678 5294 illud
2712 5242 2827 5309 ejus
2862 5244 2914 5296 itt
2962 5238 3282 5313 Gregorium
3327 5256 3462 5310 opus

1875 5324 1940 5384 ex
1980 5310 2111 5384 lleg.
2144 5311 2330 5384 codice
2368 5313 2536 5365 tuulto
2569 5314 2801 5384 pridem.
2841 5313 2934 5368 sed
2962 5310 3245 5384 ingratiori
3281 5314 3464 5365 labore

1877 5378 2067 5451 Latine
2127 5381 2354 5451 reddidi,
2394 5378 2700 5451 novanique
2751 5383 2967 5437 Maximi
3019 5378 3311 5438 editionem
3362 5396 3460 5449 pa-

1889 5449 2028 5524 ranti
2081 5465 2145 5503 ex
2196 5450 2324 5524 cleri
2379 5449 2621 5524 ortliue,‘
2663 5455 2879 5511 tradidi.
2924 5455 3245 5524 Adjeceratn
3283 5462 3459 5514 notas.

1884 5518 2081 5585 quibus
2111 5522 2347 5576 maxime
2394 5522 2673 5577 llebraicte
2719 5540 2879 5580 voces
2926 5518 3345 5583 illnstrarentur.
3405 5524 3460 5577 in

1881 5588 2081 5669 quibus
2113 5591 2203 5644 ille
2248 5606 2441 5647 sensus
2494 5594 2755 5669 mysticos
2786 5596 2999 5662 fundat,
3035 5610 3097 5649 ac
3127 5593 3462 5663 contempla-

1881 5664 2075 5726 tiones,
2109 5675 2244 5730 quas
2277 5673 2451 5717 vocat.
2487 5664 2778 5722 Coussrts.
