4042 6292
531 199 668 264 1095

1734 201 1793 257 S.
1817 199 2213 259 ANASTASII
2257 195 2584 257 ΞΙΝΛΙΤίΕ

3669 171 3823 239 1095

522 330 649 369 Vum
682 317 840 383 fecit;
867 320 999 373 vade
1031 320 1083 373 in
1115 334 1243 387 pace
1262 319 1326 370 ³⁷.
1355 336 1372 366 ι
1415 316 1623 369 Nemini
1654 317 1796 367 enim
1832 315 2097 373 omnium.

2238 306 2455 375 ἴρηκας,
2496 303 2579 356 Τὰ
2620 301 2759 372 ἔργα
2826 318 2917 353 σου
2969 295 3380 359 σεσώκασίσε,
3424 291 3667 362 πορεύου
3732 289 3822 349 si;

526 407 723 475 quibus
749 409 961 462 veniam
1003 409 1223 470 dedisti,
1252 407 1500 467 Domine,
1537 405 1726 459 dixisti
1759 422 1774 455 -.
1807 403 1982 472 Opera
2011 415 2100 458 tua

2202 398 2431 468 εἰρήνην
2459 411 2472 424 ·
2507 396 2590 447 ὄτι
2621 394 2775 447 πᾶσα
2817 394 2851 462 ἠ
2882 389 3203 459 δικαιοσύνη
3228 389 3388 459 ἡμῶν
3426 382 3663 438 ἐνώπιόν
3683 397 3816 440 σου,

529 504 582 547 te
603 494 809 550 salvum
841 495 1118 565 fecerunt;
1145 497 1279 550 vade
1308 498 1359 549 in
1399 511 1552 565 pace.
1586 494 1720 548 Nam
1771 505 1955 549 nostra
1984 509 2102 547 om-

2238 506 2279 552 ις
2307 489 2475 560 ῥάκος
2505 484 2961 556 ἀποκαθημένης.
2993 486 3086 537 Διὸ
3137 483 3303 535 πάλιν
3332 480 3478 547 λέγω
3560 494 3580 527 ι
3619 470 3818 527 Σῶσόν

529 584 614 640 nis
648 585 850 650 iustitia
902 597 1157 655 tanquam
1212 602 1424 656 pannus
1469 594 1819 639 menstruatze
1869 585 1922 639 in
1972 600 2103 639 con-

530 687 713 745 spectu
753 688 843 730 tuo
875 679 942 732 ³⁸.
972 677 1331 744 Quamobrem
1365 678 1488 733 dico
1536 680 1729 733 iterum
1763 695 1778 732 :
1822 696 1842 730 ι
1877 678 2100 733 Salvum

530 780 619 819 me
666 765 751 819 fac
808 778 1029 835 propter
1080 767 1504 822 misericordiam
1560 775 1730 820 tuam.
1779 784 1799 819 ι
1852 795 1925 806 -
1982 785 2002 818 ‹
2044 766 2107 820 Et

534 855 905 909 misericordia
946 869 1032 910 tua
1084 859 1450 925 subsequatur
1486 872 1572 911 me
1611 858 1864 911 omnibus
1909 856 2100 912 diebus

533 945 659 997 vitae
702 959 834 998 meae
856 945 921 998 ³’.
963 965 983 996 ι
1030 945 1399 1000 Misericordia
1448 955 1535 999 tua
1577 944 1940 1012 subscquetur
1999 958 2108 1009 me,

535 1034 625 1101 qui
666 1038 895 1103 turpiter
920 1036 1017 1091 abs
1052 1046 1103 1091 te
1144 1037 1361 1106 aufugi;
1397 1036 1507 1099 fme
1553 1048 1769 1089 servum
1801 1032 2110 1102 fugitiuum,

535 1125 627 1194 qui
667 1140 883 1194 semper
928 1129 995 1182 ad
1043 1138 1323 1197 peccatum
1375 1141 1557 1181 curro.
1611 1123 1980 1180 Misericordia
2022 1133 2113 1179 tua

539 1217 899 1285 subsequetur
945 1234 1050 1283 me,
1072 1234 1135 1273 ac
1185 1219 1507 1287 implicabit,
1541 1230 1705 1291 atque
1756 1238 1774 1270 ι
1816 1218 1868 1271 in
1961 1232 2117 1274 cauto

541 1318 599 1363 et
664 1310 815 1363 l'reuo
865 1311 1199 1380 constringet
1257 1328 1341 1365 me
1383 1328 1488 1366 non
1537 1315 2005 1381 approximautem
2047 1312 2115 1364 ad

544 1407 597 1455 te
638 1399 704 1454 ⁸⁸.
752 1420 771 1453 ι
801 1433 871 1444 -
908 1421 927 1453 ι
970 1402 1048 1456 Tu
1076 1404 1219 1457 enim
1249 1402 1392 1458 Deus
1413 1420 1493 1470 es,
1521 1407 1613 1474 qui
1664 1405 1798 1460 facis
1844 1404 2110 1459 mirabilia

544 1509 738 1564 magna
769 1496 915 1551 solus
944 1494 1014 1550 ⁵¹.
1048 1514 1066 1546 ι
1097 1495 1436 1563 Quapronter
1460 1498 1512 1550 in
1557 1511 1641 1551 me
1663 1511 1879 1567 quoque
1914 1516 1934 1549 ι
1971 1497 2123 1550 miri-

2206 599 2275 653 με
2293 582 2483 635 ἕνεκεν
2512 579 2608 634 τοῦ
2643 579 2830 642 ἐλέους
2859 596 2977 633 σου.
3004 598 3021 629 ι
3044 597 3139 629 --‹
3169 577 3281 630 Καὶ
3305 575 3366 628 τὸ
3387 571 3540 634 ἐλεὸς
3566 587 3661 623 σου
3695 584 3816 620 κα·-

2203 672 2454 739 ταδιώξει
2487 688 2555 742 με
2580 672 2770 735 πάσας
2826 673 2925 733 τὰς
2965 671 3184 741 ἡμέρας
3237 669 3341 737 τῆς
3398 665 3550 734 ζωῆς
3601 679 3732 732 μου.
3787 678 3809 711 ι

2206 760 2552 827 Καταδιώξει,
2577 777 2647 832 με
2671 759 2734 813 τδ
2765 759 2913 822 ἔλεός
2947 776 3065 824 σου,
3124 759 3218 809 τὴν
3275 753 3463 812 κακῶς
3519 750 3629 803 ἀπὸ
3683 745 3813 810 σοῦ,

2205 853 2585 923 ἀποφυγόντα,
2619 853 2713 906 τὸν
2743 852 3049 924 δραπέτην,
3080 850 3172 903 τὸν
3194 848 3282 900 ἀεὶ
3315 847 3453 915 πρὸς
3489 842 3588 914 τὴν
3622 842 3815 918 ἀμαρ-

2207 946 2334 998 τίαν
2368 944 2658 1016 τρέχοντα.
2707 943 2783 996 Τὸ
2829 941 2980 1003 ἔλεός
3028 956 3123 992 σου
3178 933 3508 998 καταδιώξει
3565 948 3656 1002 με,
3708 928 3814 981 καὶ

2212 1035 2519 1107 ἐμποδίσει,
2547 1035 2643 1089 καὶ
2667 1052 2688 1086 ι
2728 1035 2787 1087 ἐν
2810 1034 2975 1103 κημῷ
3008 1032 3101 1085 καὶ
3129 1026 3338 1101 χαλινῷ
3377 1025 3533 1107 ἇγξει
3585 1039 3654 1093 με
3711 1020 3814 1072 τὸν

2212 1104 2501 1195 ἐγγίζοντα
2528 1127 2666 1198 πρὸς
2693 1125 2775 1180 σέ.
2804 1143 2917 1193 r—
2944 1143 2963 1175 ι
3001 1124 3077 1175 Σὺ
3112 1122 3223 1191 γὰρ
3245 1118 3294 1173 εί
3324 1121 3352 1172 ὁ
3377 1104 3533 1179 Θεὸς,
3575 1115 3605 1167 ὁ
3638 1109 3815 1165 ποιῶν

2226 1220 2506 1292 θαυμάσια
2535 1221 2717 1292 μόνος.
2748 1239 2766 1271 ι
2793 1219 2888 1274 Διδ
2923 1237 2942 1270 ι
2983 1217 3385 1287 θαυμάστωσον
3412 1210 3510 1265 καὶ
3550 1208 3639 1260 ἐπ’
3682 1205 3816 1271 ἐμοὶ

2220 1315 2289 1368 τὰ
2318 1316 2444 1385 ἐλέη
2470 1331 2589 1380 σου,
2626 1314 2657 1367 ὁ
2691 1311 2884 1377 σώζων
2938 1311 3067 1373 τοὺς
3117 1304 3443 1371 ἐλπίζοντας
3483 1300 3576 1354 ἐπὶ
3634 1297 3744 1351 σοί.
3788 1314 3809 1346 ι

2234 1408 2293 1463 '0
2324 1407 2496 1461 ποιῶν
2527 1407 2674 1478 ὑπὲρ
2721 1405 2751 1459 ὃ
2789 1403 3086 1472 ἐλπίζομεν
3137 1400 3236 1456 καὶ
3271 1396 3458 1469 ύπέρὸ
3505 1388 3819 1460 αἰτούμεθα.

2225 1500 2396 1565 ἔλεος.

546 1585 644 1639 lica
697 1585 1098 1641 misericordias
1144 1598 1284 1648 tuas,
1343 1588 1432 1656 qui
1485 1588 1664 1641 salvos
1718 1588 1851 1641 facis
1896 1602 2179 1658 sperantes
2243 1592 2297 1646 in
2334 1601 2388 1646 te
2414 1591 2482 1643 δ’.
2535 1608 2554 1642 ι
2593 1589 2696 1658 Qui
2751 1587 2888 1644 facis
2949 1581 3380 1642 misericordiam
3434 1589 3600 1647 supra
3653 1583 3821 1643 quam

544 1696 844 1749 speremus.
878 1697 941 1736 ac
979 1698 1142 1752 supra
1194 1697 1356 1750 quam
1413 1692 1679 1750 petamus.

617 1777 945 1832 Act-essitad
969 1786 1044 1842 te,
1065 1775 1308 1842 Domine,
1332 1777 1623 1846 aliquando
1653 1788 1774 1833 tuus
1797 1780 1885 1832 ille
1912 1779 2125 1835 debitor

2296 1773 2581 1846 Προσῆλθέ
2611 1791 2714 1839 σοι,
2753 1774 3026 1835 Δέσποτα,
3086 1767 3219 1821 ποτέ
3264 1762 3660 1836 χρεοῳειλὲτης
3722 1778 3820 1814 σου

548 1867 734 1922 decem
752 1867 975 1921 millium
997 1866 1320 1922 talentorum
1338 1867 1411 1931 u;
1428 1882 1493 1921 ac
1511 1883 1631 1921 cum
1647 1868 1789 1922 diem
1815 1871 2120 1925 condictum

548 1957 827 2026 prorogari
853 1956 1114 2013 duntaxat
1142 1956 1536 2026 aliquantisper
1586 1967 1820 2026 peteret,
1855 1968 1909 2012 tu
1946 1959 2114 2013 etiam

549 2062 649 2115 pro
683 2055 770 2101 tua
813 2047 1167 2118 benignitate,
1196 2050 1369 2118 ipsum
1416 2048 1729 2103 universum
1754 2049 1941 2104 decem
2004 2050 2127 2104 mil-

551 2139 684 2193 lium
727 2140 1051 2195 talentorunt
1082 2140 1323 2195 debitum
1355 2139 1460 2210 ipsi
1487 2142 1828 2197 condonaras
1852 2159 1866 2205 ;
1894 2142 1995 2196 nisi
2022 2143 2126 2196 im-

551 2235 719 2302 probe
747 2242 867 2303 post
894 2233 1031 2299 htec,
1057 2241 1311 2303 acceptas
1340 2233 1471 2287 olim
1505 2248 1534 2287 a
1565 2233 1733 2288 lratre
1770 2234 1998 2302 injurias
2040 2236 2127 2289 ul-

551 2325 684 2384 cisci
708 2326 986 2381 voluisset.
1032 2325 1303 2381 Reversus
1328 2327 1396 2379 ad
1429 2334 1480 2381 te
1508 2325 1640 2381 olim
1676 2328 1838 2405 ﬁlius_
1869 2328 2127 2396 prodigus

554 2416 779 2482 rogabat
801 2417 1170 2472 tantummodo
1201 2427 1260 2471 ut
1284 2428 1428 2472 esset
1452 2418 1592 2471 sicut
1618 2433 1759 2472 unus
1809 2418 1876 2472 de
1917 2433 2128 2472 merce-

556 2506 850 2561 nariistuis
873 2504 919 2537 “
953 2516 1044 2560 :at
1076 2516 1131 2559 tu
1163 2506 1401 2562 illumet
1448 2506 1615 2560 lilium
1655 2518 1712 2563 et
1750 2508 2021 2562 lueredem'
2053 2506 2126 2562 fe-

557 2596 699 2650 cisti.
736 2596 977 2666 Rogabat
1011 2606 1062 2653 te
1085 2598 1226 2652 latro
1286 2612 1343 2653 ttt
1382 2599 1503 2669 ejus
1545 2610 1753 2653 tantum
1792 2600 2134 2655 meminisses

557 2684 614 2738 in
663 2699 827 2753 regno
864 2696 955 2741 tuo
986 2704 999 2740 :
1030 2697 1083 2741 ttt
1140 2704 1271 2744 vero
1310 2699 1483 2743 totum
1537 2691 1610 2743 ilii
1671 2690 1982 2758 paradisum
2039 2690 2135 2743 do-

560 2777 698 2829 nasti
742 2776 808 2828 ⁶⁸.
840 2779 1083 2833 Accessit
1131 2779 1196 2834 ad
1243 2789 1298 2834 te
1346 2784 1601 2835 meretrix
1649 2782 1919 2851 Iacrymas
1961 2781 2134 2836 solum

559 2858 861 2935 profel‘ens,
900 2885 998 2924 nec
1043 2884 1238 2938 rogans
1277 2870 1569 2939 quidquam
1614 2871 1683 2936 “,
1713 2872 2026 2939 maioraque
2069 2873 2136 2926 iis

562 2972 683 3026 qua:
713 2968 1024 3027 speraverat
1051 2974 1117 3015 ac
1141 2962 1430 3029 quaesierat
1458 2960 1682 3014 invenit.
1702 2959 1874 3015 Flevit
1896 2964 2134 3028 quandov

561 3065 668 3119 que
696 3050 887 3107 Petrus
924 3061 1112 3122 petens
1140 3053 1351 3106 veniam
1377 3070 1393 3117 ;
1418 3061 1583 3119 tuque
1614 3068 1735 3106 eum
1775 3053 2032 3109 Ecclesia:
2075 3070 2138 3108 ac

2231 1868 2441 1939 μυρίων
2476 1866 2778 1931 ταλάντων,
2815 1861 3162 1934 προθεσμίαν
3193 1858 3363 1928 μόνην
3409 1857 3616 1926 μικρὰν
3646 1854 3823 1925 ἄλλην

2227 1957 2571 2029 αἰτούμενος,
2613 1957 2710 2011 καὶ
2739 1956 2815 2018 ὡς
2842 1952 3232 2023 φιλάνθρωπος
3266 1948 3482 2002 τελείαν
3531 1945 3687 2016 αὑτῷ
3712 1948 3822 2015 τὴν

2231 2050 2578 2123 συγχώρησιν
2605 2049 2848 2110 δέδωκας
2879 2047 2989 2098 τῶν
3022 2042 3236 2115 μυρίων
3274 2039 3578 2102 ταλάντων,
3627 2041 3677 2090 εἰ
3734 2037 3816 2108 μή

2233 2142 2418 2205 κακῶς
2476 2141 2617 2212 μετὰ
2673 2139 2847 2193 ταῦτα
2912 2137 2993 2208 τῷ
3053 2133 3267 2204 ἀδελφῷ
3323 2132 3807 2205 ἐμνησικάκησεν.

2244 2233 2582 2307 Ἐπέστρεψέ
2612 2250 2742 2287 ποτε
2778 2232 2915 2304 πρὸς
2942 2230 2999 2283 σὲ
3030 2229 3058 2283 ὀ
3101 2229 3309 2290 ἄσωτος
3359 2224 3628 2279 δυσωπῶν
3668 2225 3822 2292 γενέ-

2236 2328 2357 2380 σθαι
2394 2328 2470 2391 ὡς
2503 2321 2584 2389 εἷς
2610 2327 2718 2379 τῶν
2762 2324 2998 2395 μισθίων
3033 2339 3149 2383 σου,
3210 2320 3275 2372 σὺ
3330 2317 3493 2372 αὐτὸν
3551 2317 3671 2369 υἱὸν
3718 2316 3820 2369 καὶ

2236 2416 2571 2488 κληρονόμον
2602 2416 2930 2485 πεποίηκας.
2968 2413 3241 2484 ᾘτήσατό
3270 2426 3327 2462 σε
3357 2408 3566 2480 λῃστὴς
3590 2409 3819 2478 μνήμην

2239 2511 2397 2580 μόνον
2428 2509 2615 2562 λαϐεῖν
2634 2509 2691 2560 ἐν
2723 2512 2789 2580 τῇ
2820 2506 3069 2577 βασιλείᾳ
3095 2521 3212 2566 σου,
3247 2504 3311 2556 σὺ
3332 2501 3388 2554 δὲ
3418 2500 3542 2554 ὅλον
3570 2499 3738 2553 αὑτὸν
3767 2498 3819 2537 τ’

2237 2602 2496 2671 ἐδωρήσω
2524 2600 2616 2653 τὸν
2641 2599 2984 2669 παράδεισον.
3014 2594 3301 2668 Προσῆλθέ
3327 2610 3409 2646 σοι
3441 2593 3617 2664 πόρνη
3645 2592 3815 2662 μόνον

2237 2689 2574 2757 δακρύσασα,
2622 2690 2788 2759 μηδὲν
2818 2688 3116 2757 αἰτήσασα,
3164 2685 3261 2737 καὶ
3314 2682 3508 2735 ἐλαϐεν
3552 2682 3695 2751 ὑπὲρ
3738 2674 3819 2735 ὧν

2240 2782 2438 2850 ἤλπισε
2462 2781 2556 2833 καὶ
2583 2780 2873 2850 ἐζήτησεν.
2919 2776 3218 2848 Ἐδάκρυσέ
3273 2791 3405 2828 ποτε
3462 2774 3670 2844 Πέτρος
3719 2772 3822 2841 τὴν

2244 2873 2588 2943 συγχώρησιν
2614 2872 2952 2940 αἰτούμενος,
2987 2871 3050 2923 σὺ
3093 2868 3151 2922 δὲ
3183 2865 3492 2937 κλειδοῦχον
3523 2866 3690 2919 αὑτὸν
3719 2865 3822 2933 τῆς

2256 2964 2585 3034 Ἐκκλησίας
2615 2963 2712 3017 καὶ
2757 2962 2857 3031 τῆς
2880 2961 3156 3030 βασιλείας
3196 2958 3528 3028 πεποίηκας.
3562 2955 3820 3009 Τοιοῦτον

2245 3058 2354 3128 γάρ
2384 3073 2478 3107 σου
2511 3056 2572 3108 τὸ
2600 3055 2741 3116 ἔθος.
2786 3057 2843 3107 ἐν
2871 3056 2984 3114 τοῖς
3018 3053 3210 3121 ἄκροις
3254 3048 3726 3119 ἀπεγνωσμένοις,
3765 3050 3824 3100 ἐν

562 3142 713 3211 regni
737 3142 1068 3212 clavigerum
1089 3144 1306 3198 creasti.
1331 3142 1423 3198 Sic
1435 3146 1604 3208 enim,
1621 3143 1867 3209 Domine,
1896 3145 2135 3200 moribus

2244 3152 2355 3211 τοῖς
2394 3147 2662 3217 μηδεμίαν
2692 3146 2884 3197 ἐλπίδα
2918 3143 3193 3214 σωτηρίας
3218 3142 3457 3213 ἔχουσιν,
3495 3142 3555 3193 ἐν
3581 3143 3697 3203 τοῖς
3742 3140 3826 3201 εἰς

562 3243 934 3301 comparatum
963 3236 1149 3294 habes.
1182 3244 1237 3287 ut
1263 3235 1316 3287 in
1349 3235 1501 3289 valde
1533 3234 1874 3305 desperatis,
1915 3239 1967 3289 in
2015 3237 2138 3305 qui-

564 3323 667 3379 bus
718 3337 842 3393 spes
894 3325 1041 3379 nulla
1076 3326 1266 3380 salutis
1311 3325 1583 3394 affulgeal,
1619 3326 1821 3396 quique
1863 3326 1927 3380 ad
1972 3326 2138 3381 imum

566 3411 740 3479 ipsum
788 3412 984 3468 inferni
1019 3414 1336 3468 barathrum
1364 3416 1716 3480 devenerunt,
1753 3417 2055 3471 clementia:
2079 3432 2142 3471 ac

566 3502 919 3573 benignitatis
951 3516 1053 3560 tua:
1083 3505 1508 3576 magnitudinem
1533 3510 1813 3562 ostendas.
1845 3507 2140 3577 Propterea

567 3606 774 3666 repeto.
808 3612 908 3653 nec
955 3599 1197 3654 desinam
1232 3615 1469 3670 unquam
1504 3612 1746 3670 repetere
1787 3618 1801 3652 :
1863 3618 1884 3653 ι
1919 3603 2141 3656 Salvum

570 3703 657 3743 me
714 3688 798 3743 fac
846 3698 1067 3759 propter
1127 3692 1558 3747 misericordiam
1610 3702 1779 3760 tuam,
1822 3692 2071 3747 Domine.
2121 3712 2139 3744 ι

647 3800 666 3831 ς
705 3780 968 3847 Quoniam
991 3798 1095 3837 non
1136 3793 1219 3838 est
1248 3784 1298 3837 itt
1328 3794 1504 3839 morte
1531 3785 1621 3853 qui
1648 3800 1854 3839 tttctuor
1891 3784 1965 3838 sit
2010 3786 2083 3837 ttti
2128 3801 2141 3836 :

573 3872 625 3925 in
665 3872 874 3928 inferno
899 3883 1080 3929 autem
1111 3877 1234 3946 quis
1259 3878 1613 3932 conﬁtebitur
1648 3878 1787 3931 tibi?
1829 3897 1848 3928 ι
1894 3877 2144 3945 Propter-

568 3981 631 4020 ea
658 3965 874 4032 festino,
896 3979 1183 4038 propterea
1210 3978 1404 4034 tremo,
1442 3978 1738 4040 propterea
1762 3984 1881 4024 sum
1928 3970 2141 4032 anxius,

569 4060 713 4127 quod
750 4060 916 4114 sciam
957 4069 1108 4115 certo
1159 4076 1500 4131 nequaquam
1543 4078 1628 4116 me
1664 4064 1716 4116 in
1754 4060 1975 4115 inferno
2015 4075 2145 4114 con-

572 4149 837 4205 fessurum
887 4152 1016 4217 Deo,
1052 4152 1094 4206 si
1146 4152 1285 4207 forte
1321 4169 1406 4208 me
1439 4156 1561 4208 vitae
1616 4153 1738 4208 linis
1779 4153 2145 4221 occupaverit.

574 4240 687 4296 Non
721 4245 863 4296 enim
894 4258 975 4300 est
1000 4245 1142 4315 apud
1180 4246 1382 4300 inferos
1408 4246 1727 4312 pteuitentia
1754 4263 1768 4311 ;
1796 4261 1902 4300 non
1958 4245 2152 4299 mortis

574 4337 899 4391 condonatio
964 4338 1074 4405 (20)
1110 4357 1122 4393 :
1164 4339 1306 4393 nulla
1334 4348 1419 4394 est
1465 4339 1516 4391 in
1568 4337 1818 4406 sepulcro
1877 4338 2152 4392 remissio.

575 4427 837 4482 Nttndime
868 4439 1248 4498 suntprmseus
1278 4431 1383 4483 vita
1430 4451 1442 4483 ε
1492 4430 1688 4498 quibus
1712 4430 1878 4484 semel
1927 4430 2141 4491 solutis,

2244 3241 2407 3294 αὐτὸν
2435 3242 2526 3292 τὸν
2560 3239 2810 3307 πυθμένα
2842 3255 2933 3290 του
2984 3237 3113 3309 ᾅδου
3144 3238 3213 3308 τῇ
3256 3235 3503 3305 ἁμαρτίᾳ
3531 3232 3823 3301 φθάσασιν,

2245 3337 2323 3396 είς
2354 3334 2551 3397 αὐτοὺς
2600 3332 2972 3386 ἐνδείκνυσθαι
3003 3332 3064 3383 τὸ
3116 3329 3348 3400 μέγεθος
3380 3329 3480 3400 τῆς
3511 3326 3825 3399 φιλανθρωο

2248 3429 2375 3490 πίας
2429 3444 2543 3480 σου.
2587 3427 2682 3479 Διὰ
2747 3425 2905 3477 τοῦτο
2957 3425 3117 3495 πάλιν
3169 3424 3335 3491 λέγω,
3388 3422 3484 3474 καὶ
3545 3421 3723 3488 λέγων
3764 3419 3825 3472 οὐ

2247 3519 2560 3588 eratimpar
2621 3538 2640 3570 ‹
2703 3517 2886 3569 Σῶσόν
2936 3531 3002 3583 με
3050 3515 3240 3568 ἕνεκεν
3297 3512 3392 3566 τοῦ
3451 3512 3639 3575 ἐλέους
3711 3526 3823 3575 σον,

2250 3612 2449 3681 Κύριε.
2492 3631 2509 3661 ι

2328 3809 2346 3839 ι
2377 3789 2499 3840 ’Ὁτι
2523 3788 2621 3840 οὐκ
2642 3788 2790 3841 ἔστιν
2821 3789 2878 3840 ἐν
2903 3787 2980 3856 τῷ
3010 3786 3225 3856 θανάτῳ
3253 3786 3280 3838 ὁ
3308 3782 3670 3855 μνημονεύων
3700 3796 3817 3833 σον·

2251 3882 2309 3932 ἐν
2331 3880 2387 3933 δὲ
2418 3880 2495 3951 τῷ
2550 3881 2653 3953 ᾄδῃ
2680 3880 2765 3944 τίς
2810 3878 3269 3949 ἐξυμολογήσεταί
3314 3894 3433 3943 σοι;
3466 3895 3484 3927 ι
3551 3874 3652 3928 Διά
3676 3872 3833 3926 τοῦτο

2255 3970 2490 4034 σπεύδω,
2522 3972 2609 4025 διὰ
2647 3972 2806 4026 τοῦτο
2839 3973 3052 4041 τρέμω,
3084 3971 3172 4025 διά
3196 3969 3359 4023 τοῦτο
3388 3967 3633 4037 ἀγωνιῶ,
3664 3964 3831 4034 γινώ-

2254 4081 2399 4115 σκων
2422 4062 2663 4132 ἁκριῦῶς
2716 4063 2798 4115 ὅτι
2849 4062 3021 4115 ἐπ’ἃν
3072 4061 3132 4113 τὸ
3172 4059 3348 4130 πέρας
3387 4058 3486 4129 τῆς
3537 4056 3686 4125 ζωῆς
3720 4071 3820 4125 μου

2256 4153 2459 4223 φθάσῃ,
2492 4154 2549 4205 ἐν
2579 4151 2657 4221 τῷ
2687 4151 2787 4223 ᾄδῃ
2812 4150 3065 4220 οὐδαμῶς
3094 4149 3171 4219 τῷ
3196 4147 3315 4218 Θεῷ
3343 4145 3831 4217 ἐξομολογήσομαι.

2256 4248 2332 4299 Οὐ
2362 4247 2467 4316 γάρ
2499 4247 2646 4298 ἐστιν
2679 4247 2735 4296 ἐν
2757 4243 2833 4315 τῷ
2868 4243 2969 4315 ᾄδῃ
3000 4243 3288 4312 μετάνοια,
3323 4242 3426 4294 οὐκ
3449 4239 3566 4292 ἐστι
3601 4237 3832 4291 θανάτου

2260 4337 2632 4409 συγχώρησις,
2688 4338 2790 4391 οὐκ
2839 4336 2999 4389 εστιν
3048 4337 3105 4388 ἐν
3154 4335 3232 4405 τῷ
3316 4335 3559 4403 μνήματι
3621 4330 3829 4399 ἄφεσις.

2262 4432 2578 4503 Πανηγυρις
2605 4431 2715 4500 γάρ
2738 4446 2887 4482 εστιν
2910 4431 2938 4481 ὁ
2980 4428 3100 4498 βίος
3134 4429 3162 4480 ὁ
3212 4426 3501 4497 ἡμέτερος,
3560 4422 3655 4475 καὶ
3699 4422 3833 4473 ἐπὰν

578 4532 735 4572 nemo
757 4519 863 4572 illic
885 4520 1115 4588 amplius
1136 4530 1312 4589 potest
1335 4521 1584 4574 mercari.
1609 4519 1783 4574 Stadii
1816 4536 1974 4574 cursu
2015 4536 2135 4589 pert

2259 4524 2394 4594 λυθῇ
2425 4526 2458 4593 ἡ
2493 4523 2822 4592 πανήγυρις,
2854 4520 3033 4582 οὐδεὶς
3090 4517 3274 4571 οὐκέτι
3326 4516 3443 4568 ἐκεῖ
3481 4510 3833 4582 πραγματεύο

578 4619 725 4670 acto,
786 4625 942 4665 nemo
994 4611 1101 4665 illic
1149 4622 1341 4677 certat,
1389 4626 1453 4665 ac
1499 4622 1815 4667 coronatur.
1861 4611 2152 4681 Postquam

580 4718 682 4755 nux
704 4701 939 4766 advenit,
966 4704 1219 4772 deinceps
1244 4719 1346 4758 nec
1384 4702 1583 4766 forum,
1614 4693 1714 4758 nec
1745 4704 1953 4758 lucrmn
1989 4706 2155 4766 ullum

580 4802 821 4863 apparet.
853 4793 988 4848 Audi
1022 4795 1152 4862 quid
1207 4795 1353 4849 dicat
1402 4794 1686 4865 Scriptura
1728 4795 1796 4851 de
1824 4798 2016 4867 quovis
2057 4799 2156 4850 lto-

652 4948 695 4981 ³⁷
726 4949 855 5004 Luc.
914 4964 1011 5012 vn,
1058 4951 1145 5006 50.
1221 4950 1266 4982 ³⁸
1316 4949 1418 5004 lsa.
1476 4966 1620 5014 utv,
1673 4951 1726 5005 6.
1803 4951 1845 4984 "
1882 4950 2021 5005 Psal.
2059 4969 2191 5014 uti,
2228 4953 2281 5005 6.

2263 4615 2461 4668 σασθαι
2491 4613 2735 4666 δύναται.
2789 4611 2917 4664 Ἐὰν
2970 4610 3033 4663 τὸ
3068 4607 3285 4662 στάδιον
3341 4600 3611 4672 παρέλθῃ,
3660 4599 3829 4660 οὐδεὶς

2253 4708 2369 4759 ἐκεῖ
2423 4703 2752 4772 ἀγωνίζεται
2803 4703 2898 4755 καὶ
2961 4695 3353 4767 στεφανοῦται.
3422 4693 3597 4746 Ἐπαν
3652 4692 3686 4761 ἠ
3734 4688 3827 4752 νὺξ

2258 4796 2564 4868 καταλὰὁῃ,
2591 4793 2817 4866 ὴάγορά
2833 4796 2928 4848 καὶ
2946 4794 3007 4845 τὸ
3029 4790 3219 4861 κέρδος
3241 4788 3303 4842 ού
3326 4787 3579 4857 φαίνεται
3603 4823 3617 4837 .
3647 4783 3836 4835 Ἀκου-

3626 4940 3670 4971 ⁸²
3696 4937 3831 4994 Ρεειί.

2360 4946 2405 4978 ⁸⁸
2430 4947 2578 5004 Psal.
2609 4966 2760 5011 uxr.
2803 4950 2856 5006 9.
2939 4947 2983 4979 ”
3009 4946 3151 5000 Psal.
3226 4959 3429 5006 cxxxv,
3466 4941 3520 4995 4.

580 5036 694 5075 xw.
721 5021 771 5072 7.
847 5019 894 5052 ⁸³
925 5019 1113 5075 Matth.
1151 5036 1307 5086 xvnt,
1334 5022 1427 5076 24.
1503 5023 1550 5052 “
1574 5021 1706 5076 Luc.
1735 5038 1821 5087 xv,
1859 5021 1944 5076 l9.
2022 5023 2067 5053 ⁸⁵
2092 5021 2222 5077 Luc.
2261 5020 2671 5088 xxttt,42,45.“
2696 5019 2754 5074 LI
2777 5037 2828 5075 c.
2864 5035 2962 5082 vn,
2998 5017 3087 5072 48.

656 5159 705 5202 (⁸
737 5161 840 5217 vel.
871 5160 1038 5232 αὐτῷ.

2086 5224 2319 5305 Nom.

655 5347 769 5414 (20)
825 5345 946 5399 Non
994 5344 1178 5398 mortis
1210 5344 1544 5398 condonatio.
1607 5339 1886 5414 msh-ct
1923 5341 2157 5394 Θανάτου

586 5411 953 5486 συγχώρησις.
992 5414 1542 5486 Plauemeudosmtr
1594 5411 1868 5486 ε’ξίδιίιιιοο
1907 5427 2004 5486 [{"0
2046 5428 2154 5476 (ΗΝ)

587 5479 870 5551 legendum
896 5487 988 5550 sit,
1022 5486 1122 5537 οὐκ
1167 5483 1283 5536 ἔστι
1323 5487 1381 5537 ὲν
1410 5481 1487 5551 τῷ
1522 5479 1749 5553 θανάτῳ*
1774 5481 2155 5553 συγχώρησις’

591 5550 692 5605 nou
718 5563 791 5605 est
822 5556 874 5606 in
905 5565 1069 5607 morte
1114 5556 1262 5606 venia
1289 5570 1306 5606 :
1336 5550 1475 5617 quod
1520 5550 1845 5613 respondeat
1890 5550 2042 5619 Regii
2072 5568 2160 5602 co-

591 5623 730 5675 dicis
771 5624 993 5677 editioni
1053 5639 1159 5689 qua
1206 5624 1407 5678 dicitur
1466 5622 1565 5674 οὐκ
1606 5619 1754 5672 ἔστιν
1819 5622 1938 5673 ἐκεῖ
1979 5623 2163 5675 λαῧεῖν

2266 5345 2541 5415 ἁμαρτίας
2575 5342 2944 5414 συγχώρησιν.
2972 5338 3131 5415 Fieri,
3150 5356 3251 5393 non
3285 5349 3450 5415 potest
3486 5349 3563 5415 ιιιΔ
3588 5340 3830 5415 quis‘illic

2262 5409 2611 5485 consequatur
2631 5409 3323 5485 peccaticandotmtionem:
3347 5411 3520 5485 idest,
3553 5411 3604 5464 in
3639 5409 3831 5485 inferne

2272 5502 2333 5536 ac
2357 5480 2551 5545 morte.
2580 5480 2701 5551 qum
2739 5484 2899 5535 ambo
2937 5495 3034 5544 pro
3058 5481 3246 5535 eodem
3270 5480 3503 5550 accipit:
3532 5490 3594 5534 ut
3619 5480 3830 5548 accipiat

2272 5568 2499 5609 mortem
2536 5556 2677 5611 velut
2709 5555 2759 5607 in
2795 5554 3043 5607 termino.
3082 5552 3372 5605 Coun‘srts.
