3942 6298
515 244 647 310 1099

1727 254 1785 315 S.
1813 251 2215 317 ANASTAS'I!
2240 256 2569 319 SINAIT/E

3650 258 3795 323 ιιω

505 357 839 427 uue‘Spiritu
870 368 1076 416 sancto.
1117 358 1227 415 Nec
1257 376 1385 416 vero
1438 362 1651 420 mireris
1696 364 1881 436 [smpe
1937 366 2077 421 enim

2187 367 2267 432 ξις
2289 370 2417 423 ἄνευ
2434 370 2528 423 τοῦ
2568 369 2729 436 ἁγίου
2765 370 3077 439 Ιῐνεύματος
3110 371 3311 424 ὃίδοταί
3340 389 3500 424 ποτε.
3556 372 3686 427 Καὶ
3716 386 3791 443 μη

504 449 618 519 ipsa
673 448 1010 519 baptismatis
1046 453 1196 519 hora,
1235 453 1451 507 inventa
1506 463 1587 508 est
1644 456 1696 509 in
1753 456 1908 511 nobis
1934 472 2081 511 coni-

502 541 770 613 punctio.]
795 542 964 609 Quam
998 550 1141 598 enim
1173 544 1405 615 gratiam
1455 559 1517 599 ac
1565 546 1945 603 remissionem
1996 550 2077 603 in-

505 630 680 688 iantes
703 634 753 688 in
772 635 1041 704 baptismo
1060 637 1389 705 accepimus,
1419 646 1575 690 aucta
1600 637 1652 691 in
1671 640 1905 707 peccatis
1924 650 2082 696 astate

503 723 843 790 postmodum
882 723 1207 779 ftedaviuins
1242 740 1305 779 ac
1331 726 1714 781 exstinximus.
1746 725 1940 782 Verum
1988 746 2083 799 per

502 813 794 885 ltcrymas,
830 816 896 869 ad
961 818 1126 884 ipsam
1176 833 1345 886 usque
1397 825 1730 872 senectutem
1778 835 1844 875 ac
1887 838 2081 891 supre-

502 922 645 959 nunn
693 908 938 975 spiritum
972 947 985 970 ,
1032 911 1275 979 quotidie
1345 913 1606 980 baptizari
1670 931 1959 984 possumus
2016 932 2080 973 ac

497 999 799 1066 eunnnlari,
827 1000 975 1066 juxta
999 1006 1141 1073 quod
1176 1005 1422 1063 Psalmus
1445 1011 1495 1062 in
1524 1012 1876 1080 sequentibus
1897 1012 2073 1066 habet.

497 1087 586 1142 Ait
624 1091 766 1143 enim
800 1109 814 1144 :

575 1196 593 1227 ι
635 1178 905 1235 Turbatus
939 1191 1024 1236 est
1059 1199 1089 1238 a
1117 1183 1302 1242 furore
1323 1189 1514 1243 oculus
1549 1204 1698 1247 meus
1729 1211 1742 1247 :
1777 1195 2075 1250 inveteravi

497 1267 639 1322 inter
668 1284 855 1325 omnes
887 1274 1140 1329 inimicos
1176 1292 1345 1331 meos.
1390 1298 1408 1330 ι
1451 1279 1564 1336 Hoc
1594 1293 1692 1344 est.
1720 1283 2073 1340 Contamina-

498 1372 583 1416 tus
636 1378 786 1429 sum;
837 1370 1087 1422 concrevi
1143 1384 1206 1425 ac
1249 1374 1510 1427 consenui
1566 1375 1618 1428 in
1674 1379 1931 1445 peccatis.
1969 1380 2081 1435 lluc

494 1456 639 1507 enim
675 1456 862 1511 volunt
895 1475 956 1513 ea
994 1462 1156 1515 verba
1202 1477 1218 1516 :
1273 1483 1292 1514 ι
1332 1463 1632 1520 luveteravi
1687 1470 1827 1524 inter
1891 1486 2079 1527 Omnes

495 1546 745 1602 inimicus
805 1567 973 1605 meos.
1036 1572 1053 1603 ι
1126 1553 1261 1611 Vide
1312 1567 1532 1624 autem,
1600 1570 1720 1629 post
1770 1548 2077 1617 diuturnam

494 1639 640 1693 illam
699 1642 749 1693 in
799 1647 1037 1711 peccatis
1089 1646 1578 1717 inveteratiunem,
1631 1663 1752 1725 post
1798 1657 1958 1709 vitam
2024 1657 2074 1710 in

493 1733 637 1783 omni
665 1732 947 1802 iniquitate
975 1740 1299 1807 traductam,
1330 1744 1463 1798 nihil
1493 1753 1672 1800 tamen
1715 1748 1978 1817 propheta
2011 1751 2076 1802 de

494 1835 554 1875 se
578 1822 882 1890 desperavit
918 1845 933 1881 :
964 1828 1098 1882 nihil
1130 1830 1197 1885 de
1220 1832 1398 1887 divina
1451 1835 1820 1891 misericordia
1872 1837 2076 1893 diliisns

494 1923 599 1972 est;
644 1912 760 1969 Non
824 1932 884 1973 se
927 1920 1076 1974 dedit
1127 1922 1498 1991 incrtiae;sed
1549 1943 1644 1997 per
1701 1933 2076 1998 conipunctiu-

496 2021 617 2059 nem
654 2008 834 2063 salvus
863 2011 1037 2067 factus
1059 2023 1172 2081 est;
1200 2030 1296 2084 per
1328 2016 1597 2088 lacrymas
1629 2022 1920 2076 mundatus
1956 2033 2033 2076 est
2059 2042 2072 2090 ;

494 2111 593 2166 per
638 2098 1036 2158 confessionem
1074 2115 1157 2159 est
1202 2106 1556 2174 justilicatns.
1599 2111 1729 2177 Qua:
1772 2113 1928 2181 plane
1959 2130 2077 2170 om-

499 2191 604 2256 nia,
637 2191 687 2244 in
735 2194 845 2262 ipsa
887 2197 1048 2250 etiam
1111 2209 1390 2256 senectute
1460 2212 1516 2256 et
1564 2214 1806 2258 extrema
1859 2207 2061 2260 canitie

498 2297 756 2351 pra-stare
816 2303 1105 2354 possumus
1157 2307 1170 2344 :
1225 2291 1559 2363 lacrymari,
1618 2293 1774 2363 dico;
1832 2311 2073 2367 gemere,

496 2376 766 2443 confiteri,
798 2393 975 2435 orare.
1006 2381 1201 2436 Verum
1237 2385 1360 2438 audi
1390 2386 1515 2453 quid
1557 2384 1679 2438 itide
1724 2389 1879 2443 nobis
1919 2405 2074 2446 acce—

498 2466 589 2520 dat
621 2471 908 2525 commodi.
931 2473 1062 2526 Cum
1086 2474 1228 2528 enim
1250 2476 1473 2529 dixisset
1500 2493 1513 2529 :
1545 2493 1563 2526 ι
1607 2472 1904 2533 lnt‘eteravi
1937 2480 2077 2537 inter

497 2574 686 2611 omnes
735 2561 982 2617 inimicos
1026 2581 1212 2630 meos,
1256 2586 1274 2617 ι
1315 2583 1376 2620 ac
1421 2582 1543 2619 mox
1580 2584 1673 2635 per
1704 2573 2071 2640 paenitens-iam

498 2663 561 2701 ac
601 2654 1097 2721 Cﬂnlpll:tt'limlem,
1130 2657 1489 2728 ﬁduciamque
1539 2678 1603 2718 ac
1656 2666 2072 2721 “lustrationem

499 2737 776 2803 sensisset,
804 2754 933 2797 suos
960 2744 1217 2815 deinceps
1244 2749 1427 2805 hostes
1450 2767 1571 2805 cum
1600 2763 1867 2822 potestate
1896 2757 2073 2811 incre-

499 2838 610 2896 pal,
634 2829 850 2899 aitque:

572 2937 595 2971 ι
635 2921 906 2979 Discedite
940 2939 969 2979 a
996 2940 1102 2991 me,
1127 2941 1317 2984 omnes
1356 2934 1446 3002 qui
1485 2938 1781 3002 operamini
1822 2938 2075 3008 iniquita-

502 3019 631 3067 tem.
674 3032 693 3066 ι
742 3014 854 3071 Hoc
906 3026 1011 3078 est.
1054 3021 1312 3088 desinite;
1356 3027 1690 3093 eruliescite;
1748 3032 2067 3088 abscedite:
2100 3047 2143 3105 ο

498 3105 755 3172 quoniam
804 3111 1081 3166 exaudivit
1133 3114 1603 3187 Dominus-quam
1670 3122 1723 3175 in
1793 3136 2071 3180 senectute

497 3191 609 3248 fudi
657 3200 1046 3265 precationem.
1088 3222 1105 3254 ι
1140 3204 1427 3261 Exaudivit
1453 3208 1707 3266 Dominus
1745 3227 1927 3267 vocem
1979 3216 2075 3270 lle-

499 3294 587 3341 tus
606 3288 750 3355 mei;
780 3292 1036 3349 Dominus
1064 3297 1368 3352 orationem
1421 3316 1594 3355 meam
1646 3305 1899 3374 sust-epit.
1937 3304 2074 3360 Ern-

499 3376 730 3436 bescant
753 3391 811 3437 et
848 3389 1242 3442 conturbentur
1270 3404 1461 3445 omnes
1509 3392 1714 3449 inimici
1742 3397 1887 3465 mei;
1925 3414 2076 3464 aver-

502 3478 689 3526 tantur
727 3483 782 3527 et.
830 3477 1156 3533 erubescant
1210 3481 1361 3535 valde
1416 3484 1692 3542 velociter.
1743 3507 1768 3545 ι,
1828 3490 2075 3546 Vidistin‘

500 3557 864 3631 lacryniarum
907 3570 1247 3637 potentiam?
1280 3571 1529 3629 Vidistiu‘
1555 3578 1911 3639 confessionis
1965 3583 2078 3639 fru-

498 3653 694 3708 etum?
748 3655 996 3713 Vidistin‘
1028 3662 1470 3722 inveteratiouem
1528 3669 1580 3722 in
1628 3674 1774 3726 omni
1823 3688 2076 3744 peccato-

500 3757 620 3796 rum
686 3760 902 3815 genere,
974 3760 1137 3820 atque
1183 3768 1250 3808 ex
1310 3756 1378 3809 iis
1439 3762 1945 3828 regenerationem?
1997 3766 2076 3823 Ne

499 3832 631 3887 mihi
701 3837 930 3906 posthac
1004 3841 1207 3898 dixeris
1273 3861 1289 3898 :
1352 3843 1531 3901 Senex
1607 3863 1763 3919 sum;
1832 3855 2078 3912 intirmus

500 3936 664 3988 sum;
716 3927 1010 3985 inveteravi
1063 3931 1176 4000 jam
1231 3945 1286 3988 et
1344 3923 1586 4004 peccatis
1664 3943 1917 3999 omnibus
1993 3962 2081 4001 as-

501 4019 675 4083 suevi,
723 4036 822 4075 nec
878 4039 1095 4093 possunt
1152 4027 1385 4095 amplius
1428 4027 1518 4082 Dei
1565 4027 1744 4087 facere
1801 4039 2078 4094 mandata.

499 4104 645 4162 Nihil
706 4112 835 4165 mihi
885 4114 990 4168 tale
1029 4116 1268 4171 dixeris:
1302 4136 1321 4167 ι
1362 4117 1437 4172 Ne
1484 4124 1831 4179 excusaveris
1870 4126 1922 4181 in
1955 4142 2072 4197 pec-

502 4201 639 4254 catis
683 4200 748 4255 ⁵³.
809 4220 827 4254 ι
881 4202 1033 4268 Quod
1088 4204 1134 4259 si
1169 4207 1533 4272 excusaveris,
1586 4209 1869 4265 confestim
1927 4228 2081 4269 mon-

503 4295 693 4349 strabo
737 4294 856 4361 tibi,
893 4306 951 4350 ut
985 4298 1036 4351 iu
1081 4299 1198 4369 ipsa
1249 4312 1556 4368 senectute,
1601 4303 1795 4359 melius
1826 4320 1988 4374 quam
2025 4309 2077 4363 in

2184 458 2471 534 θαυμάσῃς
2496 478 2508 488 ·
2544 460 2807 523 πολλάκις
2835 462 2942 532 γὰρ
2973 464 3031 515 ἐν
3061 463 3197 532 αὐτῇ
3236 465 3302 533 τῇ
3336 462 3462 534 ὥρᾳ
3514 463 3623 518 τοῦ
3694 465 3789 535 βα-

2182 549 2482 618 πτίσματος
2505 550 2701 622 εὑρέθη
2728 553 2785 602 ἐν
2804 553 2932 621 ἡμῖν
2953 554 2984 619 ἡ
3003 553 3316 617 κατάνυξις.
3337 555 3455 624 Τὴν
3483 556 3608 625 γὰρ
3627 557 3789 627 χάριν

2182 642 2275 693 καὶ
2303 641 2403 709 τὴν
2438 642 2629 710 ἄφεσιν
2656 643 2751 712 τὴν
2788 644 2845 694 ἐν
2875 642 2953 713 τῷ
2992 643 3334 714 βαπτίσματι
3361 647 3564 713 νήπιοι
3623 650 3789 717 ἡμεῖς

2181 729 2552 799 λαμϐάνοντες
2585 732 2641 783 ἐν
2696 732 2995 801 ἁμαρτίαις
3040 732 3335 803 αὐξόμενοι
3398 734 3789 804 κατερῤυπέιο

2183 840 2358 893 σαμεν
2391 822 2565 878 ταῦτα
2613 826 2708 878 καὶ
2759 823 3087 896 ἐσϐἐσαμεν.
3145 825 3245 879 Διὰ
3282 826 3340 880 δὲ
3377 826 3659 898 δακρύων
3696 828 3788 879 καὶ

2180 913 2284 978 ἕως
2312 916 2500 986 γήρως
2547 916 2641 969 καὶ
2681 916 2919 986 ἐσχάτης
2969 917 3251 986 ἀναπνοῆς
3303 917 3657 986 καθημέραν
3696 917 3784 987 ξιι-

2181 1006 2468 1071 πτίζεσθαι
2496 1009 2590 1060 καὶ
2608 1006 3074 1077 ἀνακαθαίρεσθαι
3091 1008 3611 1077 δυνάμεθα,καθὼς
3636 1008 3784 1076 λέγει

2180 1099 2249 1150 τὰ
2275 1098 2544 1152 ἀκόλουθα
2566 1098 2661 1153 τοῦ
2692 1098 2930 1170 ψαλμοῦ.
2973 1100 3140 1168 Λέγει
3170 1100 3299 1171 γάρ·

2258 1209 2274 1241 ι
2330 1189 2638 1263 Ἐταράχθη
2668 1192 2786 1245 ιῙιπὶιΔ
2804 1190 2979 1262 θυμοῦ
3026 1193 3053 1244 6
3102 1192 3390 1262 ὀφθαλμός
3425 1210 3539 1262 μου
3567 1211 3585 1225 ·
3646 1194 3779 1247 ἐπαο

2180 1280 2419 1351 λαιώθην
2452 1284 2509 1334 ἐν
2540 1283 2671 1336 πᾶσι
2704 1285 2819 1347 τοῖς
2864 1282 3079 1355 ἐχθροῖς
3105 1302 3231 1352 μου.
3271 1303 3288 1334 ι
3325 1285 3634 1349 Τουτέστι,
3671 1288 3779 1338 Κα-

2179 1372 2556 1444 τερρυπὼθην,
2614 1373 2950 1445 συνηύξησα,
3004 1375 3354 1447 συνεγήρασα
3414 1378 3545 1438 ταῖς
3598 1377 3777 1445 ἁμαρ-

2180 1463 2342 1527 τίαις.
2376 1464 2549 1518 Τοῦτο
2574 1466 2681 1536 γάρ
2713 1467 2829 1519 ἐστι
2868 1467 2926 1518 τὸ
2955 1468 3136 1520 εἰπεῖν
3160 1484 3174 1497 ·
3211 1487 3229 1518 ι
3281 1467 3691 1537 Ἐπαλαιὼθηγ
3719 1469 3772 1519 ἑν

2182 1557 2315 1608 πᾶσι
2344 1558 2454 1619 τοῖς
2481 1557 2695 1628 ἐχθροῖς
2728 1575 2855 1628 μου.
2900 1576 2919 1608 ι
2969 1558 3111 1610 Ἀλλ’
3145 1559 3249 1628 ὅρα
3270 1559 3414 1625 μετὰ
3440 1559 3550 1628 τὴν
3596 1560 3780 1628 Enpe-

2182 1662 2269 1698 νον
2300 1648 2355 1697 ἐν
2392 1646 2687 1717 ἁμαρτίαις
2720 1646 3045 1711 παλαίωσιν,
3079 1648 3222 1699 κατὰ
3250 1647 3350 1718 τὴν
3377 1648 3440 1699 ἐν
3472 1651 3635 1718 πάσῃ
3661 1650 3775 1700 ἀνο-

2184 1741 2283 1811 μίᾳ
2312 1743 2637 1810 συμϐίωσιν.
2667 1742 2768 1814 οὐκ
2785 1744 3014 1810 ἀπέγνω
3043 1745 3070 1795 6
3104 1744 3401 1812 προφήτης
3433 1742 3640 1806 αὐτοῦ,
3684 1744 3777 1794 οὐκ

2179 1833 2457 1902 ἀπήλπισε
2483 1831 2579 1885 τοῦ
2619 1833 2798 1897 ἐλέους
2832 1833 2928 1886 τοῦ
2963 1833 3118 1888 Θεοῦ.
3156 1833 3270 1887 Οὐκ
3320 1834 3541 1887 ἔδωκεν
3586 1836 3775 1888 ἑαυτὸν

2178 1924 2258 1984 εἰς
2315 1921 2609 1994 ρᾳθυμίαν,
2668 1922 2804 1975 ἀλλὰ
2851 1922 2942 1976 διὰ
2984 1920 3335 1987 κατανύξεως
3393 1921 3589 1992 ἐσώθη
3626 1938 3640 1952 ·
3694 1923 3776 1975 διὰ

2177 2012 2427 2083 δακρύων
2456 2012 2793 2083 ἐκαθαρίσθη
2818 2029 2833 2042 ·
2866 2013 2935 2066 δι’
2960 2011 3411 2083 ἐξομολογήσεως
3443 2012 3771 2080 ἐδικαιιὶιθη.

2180 2104 2361 2173 Ἀπερ
2395 2106 2573 2158 πάντα
2611 2106 2705 2157 καὶ
2749 2105 2806 2157 ἐν
2841 2103 2992 2174 αὐτῷ
3034 2104 3113 2175 τῷ
3142 2105 3310 2174 γήρᾳ.
3345 2103 3448 2155 καὶ
3481 2104 3548 2157 ὲν
3571 2104 3774 2173 alii}

2178 2196 2340 2269 πολιᾷ
2374 2200 2595 2269 ποιῆσαι
2630 2198 2910 2270 δυνάμεθα
2940 2215 2954 2229 ·
2983 2198 3129 2269 λέγω
3158 2199 3215 2253 δὲ
3244 2184 3558 2269 δακρῦσαι,
3585 2198 3774 2252 στενάο

2178 2287 2284 2354 ξαι,
2308 2288 2834 2358 ἐξομολογήσασθαι,
2860 2289 3142 2362 δεηθῆναι.
3185 2287 3334 2341 Τίδέ
3366 2290 3510 2359 ἡμῖν
3553 2290 3626 2341 ἐκ
3654 2288 3774 2341 τού·

2176 2399 2284 2434 των
2315 2382 2696 2453 προσγίνεται,
2730 2382 2987 2437 ἄκουσον.
3040 2379 3226 2436 Εἰπὼν
3257 2378 3366 2452 γὰρ
3406 2380 3494 2432 ὅτι
3537 2399 3561 2431 ι
3607 2379 3773 2432 Ἐπαο

2177 2472 2417 2542 λαιὼθην
2447 2473 2505 2525 ἐν
2531 2474 2665 2526 πᾶσι
2691 2475 2800 2537 τοῖς
2832 2473 3049 2545 ἐχθροῖς
3075 2487 3200 2542 μου·
3243 2489 3263 2523 ι
3310 2467 3460 2537 εἶτα,
3488 2469 3588 2523 διὰ
3616 2486 3774 2539 μετα·

2177 2566 2327 2628 νοίας
2361 2567 2458 2617 καὶ
2491 2565 2589 2635 τῆς
2644 2564 2994 2630 κατανύξεως
3036 2564 3189 2629 θείας
3241 2562 3385 2625 τινὸς
3421 2562 3770 2632 ἀντιλήψεως

2177 2657 2272 2711 καὶ
2298 2657 2546 2726 ἀφέσεως
2588 2658 2682 2710 καὶ
2718 2655 3035 2727 παρρησίας
3068 2654 3165 2708 καὶ
3212 2653 3547 2724 ἐλλάμψεως
3585 2652 3772 2705 αἰσθό-

2180 2766 2362 2819 μενος.
2391 2750 2622 2820 ἐπιτιμᾷ
2666 2748 2851 2801 λοιπὸν
2881 2750 2995 2810 τοῖς
3039 2745 3380 2817 πολεμοῦσιν
3420 2746 3599 2798 αὑτὸν
3655 2742 3772 2814 μετ’

2178 2841 2446 2904 ἐξουσίας,
2480 2841 2571 2892 καὶ
2598 2840 2769 2908 λέγει’

2260 2949 2278 2982 ι
2332 2930 2628 3000 Ἀπόστητε
2653 2928 2747 2981 ἀπ’
2780 2926 2936 2998 ἐμοῦ,
2976 2927 3176 2988 πάντες
3198 2926 3249 2978 οἱ
3268 2922 3653 2994 ἐργαζόμενοι
3675 2921 3769 2992 τὴν

2178 3022 2427 3093 ἀνομίαν.
2479 3039 2497 3070 ι
2553 3017 2884 3081 Παύσασθε,
2948 3014 3299 3088 αἰσχύνεσθε,
3377 3014 3768 3081 ἀναχωρεῖτε·

2175 3114 2309 3167 διότι
2356 3112 2644 3183 εἰσήκουσε
2680 3110 2886 3181 Κύριος
2927 3109 3025 3180 τῆς
3060 3109 3118 3161 ἐν
3170 3108 3317 3177 γήρᾳ
3349 3103 3598 3174 δεήσεὼς
3646 3121 3766 3174 μου.

2184 3225 2202 3258 ι
2236 3207 2537 3276 Είσήκουσε
2569 3203 2773 3273 Κύριος
2813 3201 2916 3272 τῆς
2943 3201 3128 3272 φωνῆς
3158 3199 3253 3252 τοῦ
3287 3195 3582 3267 κλαυθμοῦ
3637 3214 3761 3267 μου,

2177 3299 2382 3367 Κύριος
2419 3299 2518 3366 τὴν
2566 3295 2879 3366 προσευχήν
2915 3310 3019 3364 μου
3072 3290 3471 3363 προσεδέξατο.
3528 3291 3763 3361 Αἰσχυν-

2177 3392 2399 3462 θείησαν
2427 3388 2548 3461 [καὶ
2603 3383 3033 3458 ταραχθείησαν]
3075 3385 3278 3447 πάντες
3300 3385 3352 3437 οἱ
3388 3384 3585 3456 ἐχθροί
3623 3400 3760 3454 μου·

2177 3482 2659 3554 ἀποστραφείησαν
2697 3480 2817 3553 [καὶ
2843 3475 3411 3549 καταισχυνθείησαν]
3446 3476 3666 3546 σφόδρα
3684 3475 3767 3529 διὰ

2177 3580 2396 3650 τάχους.
2426 3597 2443 3629 i
2478 3573 2631 3639 Εἶδες
2665 3575 2776 3628 τῶν
2823 3573 3082 3645 δακρύων
3107 3573 3207 3642 τὴν
3239 3571 3439 3641 ἰσχύνς
3485 3567 3651 3634 Εἶδες
3674 3570 3767 3639 τῆς

2176 3668 2615 3740 ἐξομολογήσεως
2634 3666 2723 3720 τὸν
2750 3665 2961 3736 καρπόν
2986 3680 3001 3730 ;
3025 3658 3179 3726 Εἶδες
3202 3662 3301 3734 τὴν
3322 3663 3383 3714 ἐν
3408 3661 3565 3733 πάσῃ
3590 3663 3769 3731 ἁμαρ·

2178 3763 2268 3834 τίᾳ
2312 3761 2639 3822 παλαίωσιν,
2681 3758 2776 3811 καὶ
2826 3757 3190 3825 ἀναγέννησιν
3226 3771 3242 3820 ;
3277 3754 3488 3808 Λοιπὸν
3552 3756 3632 3823 μή
3683 3770 3767 3822 μοι

2179 3857 2363 3928 εἴπῃς,
2389 3853 2570 3924 Γέρων
2594 3851 2731 3921 εἰμὶ,
2749 3850 2987 3919 ἀσθενής
3021 3850 3160 3917 εἰμι,
3192 3846 3559 3916 ἐπαΜιὼθην
3585 3847 3769 3899 lout-6v

2180 3947 2274 4001 καὶ
2309 3941 2625 4015 συνήθησαὶ
2651 3944 2707 3995 ἐν
2738 3943 2885 4012 πάσῃ
2923 3938 3195 4010 ἁμαρτίᾳ,
3221 3940 3318 3992 καὶ
3347 3938 3450 3990 οὐκ
3489 3938 3576 3990 ἔτι
3602 3938 3770 4008 ἰσχύω

2179 4037 2279 4099 τὰς
2294 4034 2513 4097 ἐντολὰς
2534 4033 2629 4086 τοῦ
2655 4031 2793 4085 Θεοῦ
2818 4030 3071 4101 ποιῆσαι.
3098 4028 3282 4099 Μηδὲν
3306 4026 3561 4081 τοιοῦτον
3583 4028 3766 4096 εἴπῃς·

2189 4145 2207 4178 ι
2249 4126 2342 4197 Μὴ
2370 4123 2686 4195 προφασέσῃ
2726 4125 2784 4175 ἐν
2816 4120 3142 4193 ἁμαρτίαις.
3181 4139 3199 4170 ι
3240 4121 3303 4172 ΕΞ
3339 4119 3399 4172 δὲ
3447 4118 3770 4188 προφασίσῃ

2182 4219 2386 4281 εὐθέως
2433 4234 2516 4269 σοι
2546 4214 2725 4280 δείξω,
2766 4214 2850 4267 ὅτι
2902 4215 2998 4266 ἐὰν
3048 4212 3210 4282 μόνον
3241 4210 3477 4281 θελήσῃς
3513 4212 3575 4263 ἐν
3621 4208 3771 4278 αὐτῷ

2183 4309 2262 4379 τῷ
2285 4311 2429 4380 γήρᾳ
2463 4307 2602 4378 ὑπὲρ
2654 4306 2753 4377 τὴν
2804 4303 3038 4373 νεότητα
3092 4301 3238 4373 ἔχεις
3269 4301 3508 4369 φυλάξαι
3553 4301 3627 4353 τὰ
3677 4302 3770 4352 τοῦ

499 4384 781 4453 iuventute
809 4388 898 4444 Dei
936 4391 1187 4445 mandata
1224 4407 1443 4447 servare
1478 4397 1674 4464 possis,
1696 4398 1739 4451 si
1794 4401 1952 4455 modo
1983 4417 2077 4455 vo-

2183 4400 2317 4456 Θεοῢ
2357 4399 2782 4472 προστάγματα.
2827 4394 2968 4449 Ἀλλ’
3003 4393 3285 4467 ἐρωτῶντι
3314 4393 3405 4455 δός
3433 4409 3532 4462 μοι
3558 4391 3769 4460 ἀψευδῆ

505 4478 686 4535 lueris.
721 4480 990 4536 Creterum
1020 4484 1375 4552 interroganti
1411 4486 1540 4539 mihi
1576 4502 1761 4542 verum
1798 4493 2079 4561 responde.

504 4572 779 4639 Quasnam
835 4574 1114 4642 Scriptura
1152 4575 1370 4631 -beatos
1427 4578 1704 4647 praedicat,
1755 4595 1877 4634 cum
1931 4584 2007 4637 ait
2065 4602 2080 4640 :

510 4682 532 4715 ι
565 4665 714 4720 Beati
751 4679 1012 4735 pauperes
1042 4665 1260 4735 spiritu,
1292 4666 1546 4735 quoniam
1594 4667 1835 4736 ipsorum
1877 4682 1961 4727 est
1996 4691 2085 4730 re-

505 4772 670 4827 gnum
721 4756 1021 4827 (αξιοι-ωιιῖ
1059 4775 1077 4809 ι
1117 4755 1280 4811 Plane
1318 4759 1497 4821 dices,
1527 4772 1621 4812 eos
1655 4759 1748 4829 qui
1785 4775 1946 4816 sensu
1994 4766 2086 4820 de-

506 4849 675 4905 misso
701 4860 846 4914 sunt,
877 4866 941 4906 ac
980 4850 1190 4904 humili.
1227 4851 1578 4918 Quaudonatn
1631 4869 1761 4910 vero
1796 4859 2083 4915 demissior

508 4944 667 4998 nobis
701 4960 764 4999 ac
809 4944 1063 5000 humilior
1089 4948 1308 5002 exsistit
1334 4966 1556 5020 sensus;
1582 4955 1634 5009 in
1676 4957 1980 5024 juventute,
2015 4972 2083 5010 an

507 5034 566 5090 in
622 5036 934 5092 senectute?
972 5037 1180 5093 Etenim
1210 5040 1478 5110 juventnti
1515 5044 1733 5099 innatus
1763 5053 1848 5099 est
1891 5044 2084 5100 fastus.

518 5144 535 5176 ι
576 5125 721 5182 Beati
749 5127 1061 5200 qttilttgent,
1093 5131 1346 5200 quoniam
1384 5133 1480 5202 ipsi
1510 5136 1929 5189 consolabuntur
1956 5136 2022 5188 ”.
2064 5155 2083 5187 ι

516 5215 615 5271 llic
647 5225 702 5272 tu
741 5219 871 5273 mibi
912 5217 1021 5285 dic,
1063 5235 1310 5287 quisnam
1345 5223 1410 5274 ad
1472 5222 1676 5278 luctum
1709 5240 1774 5280 ac
1824 5224 2091 5295 lacrymas

2178 4494 2279 4564 τὴν
2316 4492 2633 4563 ἀπόκρισιν.
2662 4488 2900 4561 [Τίναςό
2928 4486 3089 4554 λόγος
3127 4481 3473 4556 μακαρίζει]
3512 4502 3535 4535 ι
3570 4484 3766 4537 Μακά-

2185 4601 2292 4657 ριοι
2314 4585 2364 4636 οἱ
2393 4582 2624 4653 πτωχοὶ,
2639 4579 2884 4653 [λέγων,]
2904 4579 2983 4649 τῷ
3006 4577 3301 4646 πνεύματι,
3317 4576 3397 4629 ὅτι
3420 4575 3605 4628 αὐτῶν
3622 4577 3767 4627 ἐστιν

2181 4677 2217 4747 ἡ
2249 4675 2495 4745 βασιλεία
2524 4675 2631 4727 τῶν
2659 4672 2904 4745 οὐρανῶν
2931 4691 2946 4738 ;
2993 4689 3010 4723 ι
3055 4669 3309 4741 [Πάντως
3337 4669 3485 4738 ἐρεῖς
3510 4666 3647 4728 τοὺς
3669 4665 3765 4733 τὴν

2183 4752 2422 4823 διάνοιαν
2467 4765 2942 4836 κατεσταλμένους
2976 4762 3074 4816 καὶ
3129 4757 3595 4831 ταπεινούς].Καὶ
3634 4758 3763 4809 ποτε

2192 4858 2578 4929 ταπεινότερόν
2613 4860 2760 4910 ἐστιν
2793 4856 2948 4927 ἡμῶν
2980 4853 3039 4906 τὸ
3070 4853 3349 4923 φρόνημα,
3393 4853 3455 4902 ἐν
3484 4850 3701 4918 νεότητι
3730 4846 3761 4915 ἢ

2195 4952 2253 5003 ἐν
2281 4951 2428 5021 γήρα
2451 4967 2466 5015 ;
2505 4947 2642 5021 [Οὐκ
2671 4947 2892 5017 εὓδηλον
2920 4947 3002 4999 ὅτι
3033 4946 3089 4998 ἐν
3107 4941 3315 5014 γήρας]
3340 4940 3624 5010 σύμφυτος
3658 4941 3765 5008 γάρ

2185 5042 2332 5095 ἐστιν
2356 5043 2384 5095 6
2410 5041 2579 5104 τύπος
2608 5042 2667 5094 ἐν
2696 5041 2930 5110 νεότητι.
2975 5056 2994 5089 ι
3022 5036 3307 5107 Μακάριοι
3334 5036 3383 5088 οἱ
3420 5032 3762 5092 πενθοῦντες,

2186 5135 2267 5186 ὃτι
2295 5134 2450 5187 αὐτοὶ
2476 5131 3015 5205 παρακληθήσονται.
3062 5147 3083 5181 ι
3119 5130 3285 5199 Ἀρτι
3318 5127 3383 5180 σύ
3409 5142 3501 5197 μοι
3531 5125 3674 5185 εἰπὲ,
3705 5124 3764 5173 τι

2188 5229 2306 5280 ἐστι
2342 5230 2476 5297 πρὸς
2508 5225 2702 5289 πένθος
2732 5225 2827 5278 καὶ
2858 5224 3073 5295 δάκρυα
3103 5219 3330 5290 εὐχερές
3358 5235 3373 5283 ;
3411 5217 3625 5285 νεότης,
3656 5215 3687 5281 ἢ
3714 5212 3769 5265 τδ

517 5321 641 5378 apta
674 5320 758 5367 est
781 5319 947 5377 actas;
978 5310 1251 5379 juventus.
1288 5329 1356 5368 an
1380 5315 1587 5369 senium
1615 5315 1639 5369 ’ἒ
1681 5315 1866 5371 Palam
1909 5319 2077 5388 utiqtn

2191 5322 2418 5390 γῆραςς
2469 5316 2716 5390 [εὔδηλον
2771 5318 2865 5369 ὅτι
2910 5316 2968 5369 τδ
3017 5309 3266 5384 γῆρας]
3312 5329 3331 5363 α
3408 5308 3684 5375 Μακάριοι
3719 5306 3766 5359 οἱ

587 5487 635 5520 ⁵⁸
668 5487 936 5557 PsachL,
958 5493 1010 5552 ά,
1061 5490 1105 5522 ⁸⁵
1137 5488 1325 5543 Matth.
1358 5507 1410 5554 ν,
1438 5494 1498 5547 5.

603 5673 615 5711 t
656 5659 807 5717 Fort.
847 5661 1143 5715 συνείθισα.
