4042 6292
321 265 455 334 1101

1486 258 1766 327 ORATIO
1802 258 1886 322 IN
1926 255 2287 325 PSALMUM
2326 257 2424 324 VI.

3429 254 3565 326 1102

320 383 529 453 πραεῖς.
575 400 593 432 ι
619 369 772 449 Ἀρα
792 376 854 431 οὐ
881 377 1083 448 πάντες
1106 374 1502 447 ὁμολογοῦμεν,
1526 373 1610 427 δτι
1638 376 1672 441 ἡ
1705 374 1889 439 νεάτης

1995 373 2228 435 senium,
2268 393 2285 423 ε
2323 373 2471 425 Beati
2508 374 2684 428 miles.
2730 393 2749 427 ι
2782 373 2851 429 At
2898 375 3137 445 nunquid
3180 388 3368 433 omnes
3422 376 3561 431 fate-

316 471 554 540 ὀξυτέρα
582 469 702 522 ἐστὶ
726 470 819 521 καὶ
841 467 1151 539 θερμοτέρα
1183 466 1319 535 πρὸς
1366 465 1563 535 ὀργήν·
1606 463 1665 515 τὸ
1699 463 1755 514 δὲ
1792 462 1891 532 γῆ-

319 583 420 632 ρας
450 562 761 634 πραΰτερον
792 577 806 624 ;
854 559 1128 622 Ὡσαύτως
1153 560 1249 611 ἐὰν
1294 556 1478 625 σαφῶς
1528 557 1890 623 κατανοῆσῃς,

317 654 571 722 εὑρήσεις
607 650 1037 721 συνεργέστερόν
1087 667 1169 701 σοι
1213 650 1276 700 τὸ
1309 648 1483 718 γῆρας
1519 646 1656 715 πρὸς
1713 647 1893 698 πᾶσαν

316 743 471 797 θείαν
492 741 714 813 ἐντολὴν
748 740 887 810 ὑπὲρ
916 740 1015 811 τὴν
1047 740 1297 810 νεότητα.
1334 738 1421 790 Ἐν
1450 736 1559 807 γὰρ
1584 739 1648 804 τῇ
1681 736 1893 803 νεότητι

317 833 413 886 καὶ
452 832 613 885 ὁτῶν
663 832 934 901 σωμάτων
986 829 1127 897 ἔρως
1182 832 1241 881 ἐν
1282 830 1414 899 ἡμῖν
1465 827 1797 880 ἀνάπτεταιο
1835 826 1893 877 ἐν

313 925 551 993 νεότητι,
582 924 676 976 καὶ
706 924 740 993 ὴ
768 923 870 992 τῆς
906 920 1288 992 φυλαργυρίας
1320 922 1343 960 ιι
1378 919 1610 989 κάμινος
1643 918 1890 984 πολεμεῖ,

312 1015 409 1068 καὶ
444 1015 510 1067 τὰ
543 1013 773 1066 πλεῖστα
794 1012 964 1081 πάθη,
997 1013 1166 1085 ἢγουν
1187 1014 1221 1083 ἡ
1251 1011 1544 1078 κενοδοξία,
1584 1011 1678 1063 καὶ
1714 1008 1890 1077 ἡφιλο

313 1107 580 1178 αργυρία,
637 1106 735 1158 καὶ
768 1106 802 1175 ἡ
834 1104 1278 1175 γαστριμαργία,
1321 1103 1418 1155 καὶ
1449 1103 1482 1171 ὴ
1533 1097 1890 1171 μνησικακία,

311 1198 413 1249 καὶ
443 1199 477 1265 ἠ
512 1194 819 1260 πλεονεξία.
858 1196 967 1269 Ιςαὶ
1019 1193 1272 1262 καθάπερ
1321 1193 1415 1245 δύο
1445 1191 1610 1245 τινῶν
1639 1190 1889 1243 παλαιόνς

308 1298 447 1349 των,
476 1288 571 1340 ἐὰν
599 1289 627 1340 ὁ
655 1280 736 1349 εἷς
767 1285 998 1356 ἀσθενὴς
1018 1281 1075 1358 ᾗ,
1099 1287 1127 1337 ὁ
1152 1287 1340 1355 ἔτερος
1360 1283 1730 1353 δυνατώτερος
1759 1282 1896 1334 πάν-

309 1394 424 1443 τως
463 1379 807 1449 εὐρίσκεται’
850 1377 1026 1441 οὕτως
1055 1378 1148 1430 καὶ
1177 1378 1270 1429 ἐπὶ
1318 1376 1420 1446 τῆς
1466 1377 1647 1445 ψυχῆς
1669 1375 1766 1427 καὶ
1797 1372 1894 1426 τοῦ

312 1469 571 1540 σώματος
597 1468 707 1522 τῶν
733 1467 985 1539 ὀρέξεων,
1014 1466 1237 1520 καὶτῶν
1260 1468 1546 1537 δυνάμεων
1566 1467 1665 1535 τῆς
1694 1466 1896 1536 σαρκὸς

314 1562 745 1630 παλαιουμένων
788 1560 883 1613 καὶ
915 1559 1237 1631 γηρώντων,
1272 1558 1370 1612 ἐὰν
1422 1559 1560 1622 ὅλως
1590 1557 1826 1629 βουληθῇ
1860 1559 1895 1627 ή

310 1650 487 1722 ψυχὴ,
521 1650 632 1720 ἔχει
662 1650 694 1719 ἡ
722 1649 868 1719 ψυχὴ
906 1649 1044 1721 πρὸς
1072 1649 1171 1720 τὴν
1202 1649 1312 1701 τῶν
1339 1648 1500 1701 θείων
1530 1647 1762 1701 ἐντολῶν
1791 1649 1890 1718 τή-

1999 475 2120 512 ιιιιιι·
2154 464 2294 528 quod
2329 463 2392 513 ad
2439 463 2575 516 iram
2610 466 2929 533 propensior
2973 466 3045 520 sit
3095 481 3160 519 ac
3193 465 3451 520 calenttor
3477 467 3565 534 ju-

1994 560 2219 617 ventus;
2246 563 2495 607 senectus
2526 568 2653 607 vero
2678 555 2746 608 sit
2793 556 3013 609 mitior?
3048 555 3296 621 Perinde,
3334 556 3377 610 si
3421 568 3567 610 recte

1994 642 2335 707 expenderis,
2368 643 2606 697 invenies
2658 655 2930 699 senectam
2979 648 3136 717 longe
3166 648 3429 716 aptiorem
3471 648 3563 699 tibi

1995 732 2315 796 adjutricem
2351 748 2471 787 esse
2495 736 2560 788 ad
2612 736 2839 804 quodvis
2871 736 2962 791 Dei
2995 738 3380 805 perliciendum
3414 752 3568 791 man-

1996 823 2203 886 datum,
2231 839 2341 890 prae
2369 825 2482 891 ipsa
2517 825 2824 895 iuventute.
2853 826 2988 881 Nam
3014 829 3066 881 in
3085 828 3365 898 iuventute
3397 830 3564 883 etiam

1996 925 2152 963 amur
2184 927 2474 981 corporum
2510 916 2559 967 iu
2612 917 2768 969 nobis
2795 918 3149 971 accenditur:
3189 917 3242 972 in
3288 919 3567 988 iuventute

1998 1003 2295 1070 voluptatis
2335 1005 2498 1059 ardor
2529 1007 2827 1077 impugnat,
2860 1024 2923 1062 ac
2960 1009 3222 1079 pleraque
3256 1010 3358 1063 alia
3398 1011 3563 1074 vitia,

1998 1108 2190 1163 nempe
2223 1096 2402 1151 inanis
2435 1096 2629 1164 gloria,
2657 1102 2904 1167 avaritia,
2929 1103 3074 1167 gula,
3103 1104 3373 1166 simultas,
3404 1104 3564 1157 alieni

1998 1186 2241 1256 improba
2288 1190 2579 1258 cupiditas.
2610 1195 2687 1246 Ac
2740 1195 2881 1248 sicut
2940 1195 3148 1251 duobus
3212 1197 3263 1249 in
3318 1196 3565 1265 palaestra

2000 1278 2355 1344 luctantibus,
2382 1297 2492 1352 quo
2523 1299 2662 1339 unus
2693 1286 2922 1343 debilior
2945 1288 3197 1353 eilicitur,
3228 1304 3295 1343 eo
3335 1289 3565 1343 alterum

1998 1386 2221 1426 necesse
2252 1382 2336 1427 est
2364 1372 2645 1429 fortiorem
2674 1378 2789 1430 lieri
2811 1418 2826 1444 ,
2853 1379 2926 1433 ita
2962 1380 3017 1433 in
3049 1383 3228 1434 anima
3246 1396 3309 1435 ac
3341 1396 3572 1449 corpore

1997 1464 2212 1517 accidit.
2256 1464 2468 1534 Quippe
2508 1467 2771 1523 conl'eclis
2794 1477 3061 1526 vetustate
3092 1485 3155 1526 ac
3196 1472 3349 1527 senio
3383 1473 3568 1526 carnis

2004 1552 2397 1620 cupiditatibus
2424 1565 2585 1625 atque
2618 1558 2845 1625 virilms,
2873 1559 3034 1614 habet
3067 1561 3267 1624 anima,
3300 1563 3426 1617 dttm
3448 1578 3566 1615 om-

2001 1644 2130 1697 nino
2184 1645 2332 1710 velit,
2372 1649 2521 1702 vires
2579 1663 2642 1703 ac
2694 1648 3012 1706 facultatem
3054 1654 3119 1706 ad
3155 1654 3246 1708 Dei
3285 1655 3568 1707 mandato-

311 1760 477 1813 ρησιν
520 1745 672 1812 ἰσχὺν
694 1745 784 1796 καί
808 1743 1061 1812 δύναμιν,
1091 1743 1185 1794 καὶ
1210 1741 1458 1815 μάλιστα,
1484 1741 1621 1811 πρὸς
1644 1742 1889 1795 κατανυ-

2000 1748 2114 1785 ι·ιιιιι
2148 1735 2620 1821 observationem,
2668 1755 2740 1819 ac.
2791 1742 3134 1808 potissimum
3190 1746 3255 1797 ad
3308 1759 3569 1814 compun-

309 1835 400 1900 ξιν
428 1834 525 1887 καὶ
557 1835 788 1905 δάκρυα.
817 1835 1043 1904 Δάκρυα
1069 1833 1127 1886 δέ
1162 1831 1274 1900 ἐγὼ
1304 1832 1373 1886 τὰ
1395 1832 1538 1886 κατά
1565 1833 1698 1886 Θεόν
1728 1850 1891 1903 φημιδ

307 1926 441 1980 Εἰσὶ
475 1926 584 1997 γὰρ
618 1925 834 1995 δάκρυα
891 1924 1118 1993 φυσικὰ,
1154 1920 1243 1977 οἷα
1268 1924 1363 1976 ἐπὶ
1394 1926 1507 1987 τοῖς
1534 1926 1750 1995 νεκροῖς
1771 1925 1894 1976 ἐπι-

305 2023 533 2091 χέομεν.
567 2020 680 2074 Καί
719 2023 829 2074 εἱσι
872 2021 1084 2091 δάκρυα
1117 2019 1413 2084 Σατανικὰ,
1450 2019 1595 2089 ἅπερ
1625 2020 1771 2081 τινὲς
1807 2017 1897 2071 διὰ

304 2113 622 2177 κενοδοξίαν
664 2114 759 2166 καὶ
788 2114 857 2167 δι’
879 2113 1059 2184 ἔρωτα
1101 2112 1403 2165 Σατανικὸν
1432 2112 1732 2166 κλαίουσιν.
1773 2112 1896 2164 Εἰσὶ

303 2207 372 2259 δέ
407 2206 619 2277 δάκρυα
642 2207 708 2258 ἐκ
743 2205 917 2275 μέθης
949 2207 1043 2257 καὶ¹
1066 2203 1373 2274 πολυύγρου
1401 2204 1636 2281 τρυφῇς.
1681 2203 1804 2256 Εἰσὶ
1832 2203 1892 2256 δέ

303 2296 526 2365 δάκρυα
557 2294 864 2365 καθαρτικὰ
893 2298 958 2348 ἐκ
985 2295 1153 2364 φόόου
1211 2293 1369 2358 Θεοῦ,
1400 2296 1494 2347 καὶ
1537 2294 1750 2357 ἐννοίας
1792 2294 1892 2346 θα-

305 2387 480 2440 νάτου
507 2386 599 2440 καὶ
632 2386 912 2449 κολάσεως
945 2387 1079 2456 ἡμῖν
1115 2385 1378 2455 γινόμενα
1395 2385 1484 2438 ’ἐν
1511 2379 1591 2448 οἷς
1615 2384 1681 2438 ἂν
1707 2384 1892 2455 χρονί-

305 2498 521 2550 σωμεν,
555 2483 647 2535 καὶ
674 2483 1024 2550 πονήσωμεν,
1068 2481 1148 2543 είς
1176 2480 1390 2551 δάκρυα
1426 2481 1774 2550 πνευματικὰ
1799 2480 1894 2549 ἐρ-

304 2572 547 2643 χόμεθα⁸
566 2573 666 2625 οὐκ
684 2571 766 2623 ἐτι
789 2571 974 2639 φόϐον,
1006 2571 1144 2625 ἀλλὰ
1165 2571 1330 2625 πόθον
1361 2571 1498 2641 πρὸς
1518 2571 1652 2625 Θεὸν
1678 2571 1893 2641 ἔχοντες

300 2666 402 2719 διὰ
438 2666 839 2735 παρακλήσεως
891 2666 984 2718 καὶ
1007 2663 1351 2736 ἐλλάμψεως,
1378 2665 1472 2719 καί
1517 2664 1893 2732 ἀγαλλιάσεως

303 2755 410 2811 τοῦ
440 2756 595 2825 ἁγίου
633 2756 973 2826 Πνεῦματος.

1996 1825 2230 1881 ctionem
2282 1837 2337 1881 et
2371 1829 2659 1901 lacrymas.
2714 1831 2884 1887 Porro
2933 1833 3201 1906 lacrymas
3260 1836 3402 1900 dico,
3450 1852 3570 1903 qum.

1999 1916 2106 1970 Deo
2136 1930 2512 1976 consentaneae
2552 1932 2700 1976 sunt.
2733 1922 2867 1977 Nam
2911 1935 3036 1980 sunt
3076 1926 3240 1980 etiam
3292 1930 3569 1981 naturales

1999 2006 2267 2079 lacrytntr,
2300 2012 2488 2077 quales
2512 2012 2789 2071 fundimus
2827 2030 2988 2086 super
3013 2028 3252 2074 mortuos
3286 2035 3301 2073 :
3347 2032 3474 2075 sunt
3515 2033 3567 2073 ιιι

1997 2098 2248 2169 lacryuta:
2289 2100 2578 2166 Satanieae,
2604 2119 2741 2172 quas
2777 2106 2954 2160 inanis
2988 2108 3173 2177 gloriae
3229 2127 3293 2165 ac
3319 2110 3563 2166 Satanici

1997 2192 2198 2246 amoris
2225 2207 2385 2247 causa
2412 2196 2669 2250 emittunt
2697 2197 2883 2267 aliqui.
2917 2199 3053 2255 Sunt
3074 2210 3128 2255 et
3167 2216 3232 2256 ex
3277 2202 3565 2267 ebrietate,

1996 2296 2060 2334 ac
2113 2282 2428 2338 deliciarum
2471 2288 2641 2341 nimio
2675 2289 2898 2344 lunnore
2935 2292 3259 2361 proﬂuentes
3293 2295 3567 2367 lacrymw.

1999 2372 2239 2444 Denique
2278 2388 2405 2430 sunt
2448 2378 2701 2449 lacrymze
2751 2384 3111 2453 purgatrices,
3151 2401 3274 2455 quae
3329 2402 3455 2443 cum
3500 2404 3566 2443 ex

2000 2463 2088 2518 Dei
2151 2467 2364 2533 timore,
2411 2477 2524 2523 ttuu
2551 2487 2616 2526 ex
2663 2477 2858 2528 mortis
2899 2477 3399 2548 suppliciorumque
3428 2485 3569 2550 cogi-

1999 2557 2202 2614 tatione
2279 2562 2433 2615 nobis
2490 2564 2815 2619 oboriuntur
2873 2582 2887 2620 :
2939 2568 2989 2621 in
3030 2569 3228 2638 quibus
3280 2572 3325 2625 si
3378 2587 3570 2641 persta.

1998 2663 2241 2705 veremus
2293 2667 2357 2705 ac
2419 2653 2910 2719 laboremus,haud
2961 2661 3125 2717 dubie
3183 2665 3249 2717 ad
3292 2666 3568 2734 spiritales

1996 2738 2115 2792 illas
2180 2743 2588 2812 perveniemus;
2646 2762 2751 2800 non
2814 2748 2926 2817 jam
2983 2751 3231 2807 timorem
3284 2755 3567 2822 habentes,

1993 2833 2089 2886 sed
2138 2832 2471 2891 desiderium
2538 2838 2589 2891 in
2659 2838 2826 2895 Deum
2886 2854 2981 2912 per
3035 2847 3460 2906 consolationem
3511 2861 3569 2906 et

1996 2922 2433 2992 illustrationem,
2460 2943 2525 2982 ac
2544 2929 2960 2988 exsultationem
2988 2939 3160 2991 sancti
3202 2937 3456 3008 Spiritus.

378 3020 616 3075 Τοιαῦτα
659 3021 869 3091 δάκρυα
912 3018 976 3074 ἐκ
1026 3019 1192 3072 πόθου
1245 3018 1390 3073 θείου
1444 3015 1711 3090 ἐδάκρυσε
1752 3020 1889 3090 πρὸς

2068 3013 2226 3070 Tales
2247 3016 2515 3086 lacrymas
2546 3034 2608 3073 ex
2635 3020 2818 3074 divino
2841 3023 2891 3075 iu
2915 3020 3082 3078 Deum
3108 3027 3379 3084 desiderio
3428 3029 3568 3084 fudit

305 3117 450 3171 Θεὸν
509 3117 539 3169 ὁ
597 3116 791 3169 εἰπών·
848 3135 866 3166 t
938 3114 1237 3185 Ἑκολλήθη
1288 3114 1320 3183 ή
1376 3113 1521 3183 ψυχή
1568 3130 1671 3183 μου
1713 3112 1890 3165 ὀπίσω

305 3217 441 3264 σοῦ’
478 3228 496 3260 ι
530 3210 622 3261 καὶ
653 3206 890 3277 ἀλλαχοῦ
932 3207 1107 3275 λέγων
1139 3224 1153 3238 ο
1187 3225 1205 3257 ι
1260 3206 1558 3274 Ἐξεκαύθη
1608 3206 1640 3274 ἡ
1689 3205 1888 3273 καρδία

309 3316 441 3370 μου,
470 3298 563 3351 καὶ
598 3298 647 3349 οἱ
702 3295 891 3365 νεφροί
929 3314 1031 3365 μου
1065 3294 1460 3365 ὴλλοιώοησαν.
1515 3295 1573 3346 '0
1613 3294 1748 3355 Θεὸς
1789 3293 1890 3363 τῆς

305 3390 540 3459 καρδίας
564 3404 690 3459 μου,
721 3389 818 3441 καὶ
841 3389 873 3457 ἡ
912 3388 1071 3457 μερίς
1099 3405 1223 3457 μου⁹
1251 3388 1279 3438 ὀ
1301 3385 1455 3449 Θεὸς,
1476 3384 1556 3449 είς
1581 3384 1670 3439 τὸν
1692 3384 1886 3443 αίῶνα.

302 3485 396 3537 ὃτι
418 3480 671 3534 ἐπιποθεῖ
703 3480 794 3533 καὶ
835 3476 1082 3532 ἐκλείπει
1111 3478 1144 3549 ἡ
1176 3468 1322 3548 ψυχή
1359 3495 1462 3547 μου
1488 3478 1567 3540 είς
1595 3476 1695 3540 τὰς
1717 3475 1889 3539 αὐλὰς

304 3574 408 3627 τοῦ
442 3573 672 3643 Κυρίου.
719 3568 786 3624 Ἦ
832 3571 1033 3641 καρδία
1066 3587 1168 3637 μου
1195 3571 1288 3622 καὶ
1331 3571 1364 3640 ἡ
1400 3566 1538 3639 σάρξ
1575 3585 1676 3636 μου
1716 3568 1890 3637 ἠγαλ-

304 3665 568 3718 λιάσαντο
594 3665 688 3716 ἐπὶ
720 3661 841 3734 Θεῷ
871 3663 1056 3727 ζῶντι·
1079 3675 1099 3710 ι
1119 3661 1370 3739 τοσοῦτον
1397 3662 1534 3733 πρὸς
1565 3660 1697 3713 Θεὸν
1723 3662 1888 3714 πόθον

304 3761 409 3812 καὶ
436 3759 648 3827 δάκρυα
684 3750 829 3827 εἶχεν
856 3759 888 3827 ὴ
917 3757 1064 3826 ψυχὴ
1090 3755 1186 3809 τοῦ
1217 3755 1550 3817 Ψάλλοντος’
1588 3773 1606 3804 ι
1643 3756 1740 3807 Ὃν
1766 3753 1889 3822 τρό-

308 3869 416 3912 πον
448 3850 704 3903 ἐπιποθεῖ
736 3853 769 3918 ἡ
828 3849 1023 3919 ἔλαφος
1073 3851 1162 3902 ἐπὶ
1210 3849 1313 3911 τὰς
1354 3848 1538 3918 πηγὰς
1592 3846 1702 3900 τῶν
1759 3847 1889 3901 ὑδά-

303 3961 441 4004 των,
467 3943 640 4006 οὕτως
676 3942 927 3994 ἐπιποθεῖ
970 3942 1002 4013 ἡ
1048 3940 1193 4011 ψυχή
1249 3959 1350 4010 μου
1406 3942 1545 4011 πρὸς
1591 3940 1670 4002 σὲ,
1698 3942 1725 3993 ὁ
1756 3939 1889 4003 Θεὸς

311 4033 488 4105 ημῶν.
522 4052 540 4085 ι
580 4033 733 4103 Τάχα
753 4034 1027 4100 ἀγνοεῖται
1058 4036 1170 4096 τοῖς
1204 4032 1419 4096 πολλοῖς
1448 4032 1603 4103 ἡμῶν
1635 4033 1704 4087 τὰ
1734 4033 1888 4100 λεγό·

306 4144 473 4197 μενα.
511 4127 653 4179 Ἀλλ’
681 4128 783 4180 οὐκ
819 4126 1043 4194 ὠφελεῖ·
1084 4124 1207 4178 οὔτε
1233 4126 1343 4194 γὰρ
1380 4127 1508 4194 περὶ
1559 4127 1890 4196 πράγματος

303 4221 439 4284 ὑμῖν
471 4218 834 4288 διαλεγόμεθα
867 4219 948 4280 είς
972 4217 1070 4285 τὴν
1099 4217 1338 4270 ἄϐυσσον
1367 4216 1538 4280 ὄντος,
1597 4218 1717 4270 οὐδὲ
1758 4217 1888 4287 περὶ

301 4310 493 4377 εἴδους,
516 4313 595 4374 είς
624 4310 721 4373 τὰς
750 4309 859 4362 τῶν
908 4308 1199 4379 βαρϐάρων
1226 4310 1464 4378 ἐρήμους
1492 4310 1886 4380 εὑρισκομένου

1992 3108 2082 3175 qui
2106 3108 2241 3163 dixit
2270 3127 2284 3162 :
2320 3127 2339 3160 ι
2379 3108 2616 3167 Adhaesit
2644 3114 2824 3168 anima
2866 3132 2981 3171 mea
3010 3129 3135 3188 post
3160 3119 3337 3187 te“;s
3363 3121 3566 3193 quique

1991 3199 2100 3254 alio
2138 3200 2257 3256 loco
2293 3202 2425 3257 dicit
2457 3220 2473 3259 :
2511 3223 2531 3255 ί
2569 3198 2966 3263 inﬂammatum
3015 3221 3099 3266 est
3151 3227 3249 3267 cor
3280 3229 3478 3282 meum,
3511 3229 3569 3269 et

1994 3307 2150 3347 renes
2180 3296 2283 3348 mei
2310 3294 2581 3349 immutati
2609 3306 2738 3351 sunt
2771 3316 2785 3352 :
2829 3297 2970 3355 Deus
3007 3304 3189 3359 cordis
3217 3306 3320 3361 mei
3348 3316 3405 3361 et
3436 3323 3565 3376 pars

1992 3397 2108 3439 mea
2147 3384 2284 3440 Deus
2333 3386 2385 3439 in
2434 3392 2692 3442 internum
2743 3388 2787 3422 ⁸¹
2841 3397 3229 3465 :concupiscit
3274 3408 3329 3454 et
3385 3401 3561 3455 deﬁcit

1992 3490 2169 3528 alllllla
2226 3491 2341 3530 mea
2380 3478 2430 3531 in
2473 3481 2610 3533 atria
2640 3474 2898 3539 -D0tllilti.
2941 3486 3049 3542 Cor
3089 3504 3269 3545 meum
3320 3501 3377 3547 et
3437 3509 3567 3548 caro

1993 3579 2109 3619 mea
2160 3567 2573 3623 exsultaverunt
2606 3571 2658 3624 iu
2721 3572 2891 3628 Deum
2942 3577 3122 3633 vivum
3170 3580 3216 3611 ⁸³
3278 3597 3294 3636 :
3354 3600 3375 3635 ι
3412 3592 3567 3637 tanto

1992 3655 2042 3708 iu
2091 3656 2253 3709 Deum
2311 3658 2580 3713 desiderio
2646 3664 2899 3731 babcbat,
2960 3671 3234 3739 tantisque
3287 3673 3560 3746 lacrymis,

1992 3746 2184 3801 Psaltis
2223 3750 2484 3805 animus:
2540 3769 2561 3803 ι
2613 3751 3076 3819 Quemadmodum
3124 3764 3398 3819 desiderat
3439 3782 3563 3820 cer-

1992 3855 2089 3893 vus
2120 3841 2185 3892 ad
2217 3840 2397 3896 fontes
2441 3851 2727 3911 adttarum,
2765 3847 2836 3899 ita
2886 3850 3160 3904 desiderat
3205 3854 3385 3907 anima
3439 3872 3558 3910 mea

1990 3935 2055 3985 ad
2116 3940 2209 3997 te,
2269 3931 2412 4004 Deus
2477 3945 2663 3990 noster
2718 3938 2785 3993 ".
2852 3957 2868 3989 ι
2929 3938 3107 4010 Ignota
3152 3955 3279 3998 sunt
3337 3947 3566 4001 fortasse

1992 4023 2261 4091 plerisque
2329 4033 2593 4090 vestrum,
2641 4042 2761 4095 qua:
2808 4031 3081 4085 dicuntur.
3125 4031 3278 4088 Haud
3318 4051 3446 4091 vero
3492 4039 3562 4091 ita

1934 4130 1939 4134 ο
1989 4128 2166 4181 operte
2219 4117 2453 4182 pretium
2508 4124 2614 4171 est.
2672 4116 2790 4172 Non
2861 4121 3007 4175 enim
3043 4123 3320 4178 vobiscum
3386 4127 3452 4181 de
3507 4146 3564 4184 re

1990 4205 2170 4274 aliqua
2196 4208 2538 4276 disputamus
2578 4209 2630 4261 itt
2679 4211 2876 4281 abysso
2908 4214 3105 4281 posita,
3138 4225 3232 4269 aut
3282 4231 3401 4287 qua:
3454 4236 3560 4273 nou

1992 4297 2091 4352 nisi
2155 4300 2207 4352 in
2279 4300 2634 4355 barbarorum
2695 4304 3096 4370 solitudinibus,
3162 4308 3321 4378 idque
3376 4312 3557 4365 admo-

303 4404 572 4465 σπανίως,
627 4402 766 4456 ἀλλὰ
841 4404 969 4473 περὶ¹
1024 4402 1352 4472 πράγματος
1426 4402 1558 4470 ὑμῖν
1615 4401 1885 4469 λαλοῦμεν

1993 4391 2114 4446 dum
2152 4408 2297 4458 raro,
2333 4395 2644 4448 inveniatur
2696 4413 2710 4449 :
2747 4398 2840 4451 sed
2891 4398 2959 4455 de
3008 4414 3085 4464 re,
3118 4415 3238 4467 qua:
3282 4404 3438 4458 nobis
3475 4406 3561 4457 in-

301 4491 457 4545 ἔνδον
486 4492 543 4543 ἐν
564 4490 759 4562 καρδίᾳ
781 4491 886 4544 ὑπὸ
905 4490 1146 4562 Χριστοῦ
1170 4492 1306 4560 ἡμῖν
1329 4489 1577 4552 δοθέντος
1597 4488 1690 4542 τοῦ
1710 4490 1889 4542 εἰπόν-

298 4600 420 4646 τος’
454 4601 471 4634 t
517 4583 580 4635 Ἢ
618 4583 869 4652 βασιλεία
894 4589 1002 4635 τῶν
1027 4582 1273 4654 οὐρανῶν
1303 4581 1448 4644 ἐντὸς
1479 4581 1637 4651 ἡμῶν
1661 4583 1829 4645 ἐστιν,
1863 4601 1881 4633 ι

299 4676 479 4746 ἤγουν
508 4673 568 4726 τὸ
598 4675 820 4744 Πνεῦμα
849 4674 909 4728 τὸ
952 4674 1129 4742 ἅγιον,
1176 4674 1359 4726 τίκτον
1389 4674 1517 4741 ὑμῖν
1568 4674 1883 4737 κατάνυξιν,

300 4767 404 4819 καὶ
430 4764 661 4835 δάκρυα,
697 4767 831 4834 πρὸς
864 4765 1082 4836 ἄφεσιν,
1109 4767 1205 4818 καὶ
1234 4764 1619 4835 ἀναγέννησιν,
1662 4767 1755 4818 καὶ
1787 4765 1882 4818 λύ-

297 4876 334 4909 τ
343 4874 511 4928 ρωσιν
547 4857 854 4927 ἁμαρτιῶν.

377 4948 603 5018 Μεγάλη
639 4950 818 5003 τοίνυν
843 4948 951 5003 τῶν
981 4949 1122 5003 κατὰ
1162 4949 1293 5002 Θεὸν
1339 4949 1593 5020 δακρύων
1625 4951 1658 5022 ἡ
1702 4950 1879 5020 ἰσχὺς.

301 5040 517 5110 μεγάλη
550 5040 726 5093 αὐτῶν
752 5043 784 5110 ἡ
813 5042 1084 5111 ἐνέργεια,
1117 5042 1212 5094 καὶ
1246 5042 1524 5113 μάρτυρες
1567 5044 1626 5094 ἐν
1652 5044 1720 5111 τῇ
1773 5044 1880 5093 llat-

180 5197 193 5205 _
297 5132 435 5203 λαιᾷ
460 5131 762 5195 Νινευῖται,
808 5133 1078 5197 Ἐζεκίας,
1111 5133 1603 5205 Ναϐουχοδονόσορ,
1652 5136 1877 5187 Μανασ-

298 5222 427 5290 σῆς.
458 5221 582 5293 [Ἑν
620 5222 676 5275 δὲ
712 5226 778 5293 τῇ
808 5224 943 5295 Νέᾳ,
991 5226 1191 5295 Πέτρος
1219 5226 1308 5278 διὰ
1331 5225 1585 5295 δακρύων
1617 5227 1709 5280 τὸν
1745 5227 1876 5280 Θεὸν

297 5312 618 5383 ίλεούμενος
653 5318 748 5368 καὶ
773 5314 869 5385 τὴν
901 5316 1129 5387 ἄρνησιν
1162 5319 1482 5388 θεραπεύων
1509 5334 1522 5347 θ
1565 5319 1765 5389 πόρνη,
1789 5319 1878 5372 δάε

370 5470 418 5501 ⁶⁰
452 5470 595 5526 Psal.
624 5486 758 5533 uti,
784 5471 836 5523 9.
936 5473 976 5502 ⁸¹
1013 5471 1152 5526 Psal.
1198 5488 1369 5538 LXXII,
1410 5473 1500 5530 2|.
1534 5474 1627 5527 26.

1734 5475 1777 5505 θ’
1812 5472 1952 5527 Psal.
2018 5490 2247 5537 um",
2281 5476 2334 5538 5,

1993 4495 2076 4539 tus
2136 4487 2189 4539 in
2231 4488 2395 4541 corde
2451 4488 2575 4541 data
2625 4499 2712 4543 est
2762 4504 2791 4542 a
2842 4490 3065 4546 Christo
3098 4493 3353 4549 dicente:
3397 4515 3416 4546 ι
3459 4495 3563 4549 ile-

1991 4595 2152 4648 gutttu
2184 4579 2444 4633 caelorum
2496 4581 2640 4635 intra
2680 4597 2772 4637 vos
2805 4592 2886 4637 est
2919 4585 2964 4616 “
2992 4602 3007 4650 ;
3039 4603 3058 4636 ι
3086 4585 3136 4639 id
3178 4597 3283 4654 est,
3328 4588 3564 4657 Spiritus

1990 4681 2229 4735 sanctus,
2267 4671 2320 4725 in
2360 4671 2515 4726 vobis
2563 4674 3032 4742 compunctiouem
3084 4691 3147 4731 ac
3178 4677 3465 4748 lacrymas,
3493 4683 3558 4732 ad

1992 4765 2365 4820 remissionem
2418 4775 2473 4819 et
2518 4767 2980 4836 regenerationem
3020 4784 3083 4823 ac
3137 4771 3556 4840 redemptionem

1989 4867 2332 4926 peccatorum
2391 4858 2632 4928 gignens.

2057 4949 2244 5018 Magna
2282 4950 2460 5018 itaque
2509 4949 2893 5021 lacrymarum,
2949 4968 3071 5021 qua:
3114 4953 3331 5023 quidem
3368 4954 3556 5024 pietati

1985 5049 2316 5110 cottgruunt,
2358 5041 2483 5105 vis;
2513 5057 2705 5113 magna
2740 5041 3002 5098 eﬂicacia.
3042 5043 3232 5099 Testes
3266 5046 3318 5099 in
3378 5047 3556 5102 Veteri

1985 5134 2199 5203 quidem
2225 5132 2596 5197 Testamento,
2618 5131 2869 5187 Ninivita:
2890 5135 2957 5201 “,
2986 5134 3243 5201 Ezechias
3272 5138 3341 5201 “,
3374 5136 3556 5191 Nalm-

1984 5226 2420 5287 cltodonosor",
2440 5225 2716 5280 Manasses
2732 5226 2799 5281 ⁸⁸.
2828 5225 2882 5280 in
2922 5227 3075 5282 Novo
3097 5237 3300 5295 autem,
3332 5228 3554 5291 l'eltus,

1990 5320 2082 5388 qui
2125 5319 2313 5388 utique
2335 5319 2694 5388 Iacrytttarum
2724 5320 2771 5372 vi
2811 5317 2978 5373 Deum
3016 5321 3283 5391 placavit,
3316 5322 3380 5377 a’c
3411 5327 3555 5393 quod

2442 5476 2486 5507 ⁸³
2528 5475 2669 5532 P~al.
2737 5493 2843 5540 xu,
2889 5478 2943 5530 2.
3048 5478 3094 5512 ⁸⁵
3128 5477 3257 5534 Luc.
3293 5495 3424 5546 xvtt,
3457 5479 3549 5533 2i.

295 5542 347 5572 "
377 5538 530 5594 Iona!
562 5542 707 5607 ttt,6.
787 5541 832 5571 “
865 5541 1312 5607 lsa.-xvxvm,‘2.
1391 5544 1434 5574 ⁵⁷
1469 5543 1599 5598 Dan.
1632 5560 1702 5609 tv,
1735 5545 1821 5598 51.

1997 5543 2011 5595 Ι
2045 5545 2220 5598 Parui.
2255 5559 2445 5611 χχχιιι,
2466 5548 2552 5600 15.

376 5681 402 5720 ³ι
434 5677 561 5748 Leg.
594 5677 931 5749 φιληδονίας.
