4042 6292
145 344 293 410 1117

1326 342 1611 406 ORATIO
1659 345 1736 405 IN
1779 345 2143 406 PSALMUM
2183 346 2283 406 VI.

3308 345 3448 413 1118

144 465 396 528 γνησίαν
446 453 820 525 ἐπιστροφήν,
879 455 947 509 τὰ
1001 456 1251 526 δάκρυα,
1303 457 1396 511 τὸν
1442 459 1508 511 ἐκ
1552 458 1788 528 βάθους,

1900 474 2090 523 onem,
2149 459 2421 529 lacrytnas
2441 498 2457 524 ,
2485 459 2745 528 gemitum
2790 473 2853 513 ex
2886 458 2998 513 imo
3020 465 3271 528 pectore;
3311 480 3444 512 ι-υιιο

150 549 475 618 στεναγμὸν
494 585 510 606 ,
540 548 640 615 τὴν
679 546 775 599 τοῦ
798 546 1103 611 συνειδότος
1140 548 1424 621 ταραχὴν,
1459 551 1559 621 τὴν
1583 549 1750 604 ἀσθέ-

1853 551 2095 607 scientiae
2120 551 2505 617 turbationem,
2538 550 2941 615 inﬁrmitatem,
2972 561 3296 605 nocturnum
3322 567 3445 605 cum

151 658 315 694 νειαν
335 681 353 705 ,
384 640 484 709 τὴν
525 639 583 691 ἒν
615 638 775 692 νυκτὶ⁹
805 641 942 710 πρὸς
986 639 1121 693 Θεὸν
1147 642 1366 711 ὁμιλίαν
1391 681 1406 704 ,
1442 643 1540 710 τὴν
1578 643 1637 694 ἐν
1683 644 1749 713 τῇ

1896 656 1967 698 leo
2000 642 2355 711 colloquium,
2392 656 2573 697 rerum
2607 641 2841 695 interdiu
2895 650 3170 712 gestarum
3221 654 3451 709 percep—

155 734 430 802 στρωμνῇ
488 730 785 801 γινομένην
834 730 1192 802 συναίσθησιν
1230 733 1343 785 τῶν
1375 733 1495 804 μεθ’
1538 734 1756 805 ἡμέραν

1896 750 1971 787 tm
1997 735 2048 788 in
2080 745 2253 790 strato
2276 748 2522 798 sensum,
2548 749 2610 787 ac
2639 748 2780 794 eam,
2808 748 2928 801 quze
2960 742 3043 787 est
3060 733 3235 786 sancti
3266 731 3447 801 Spiri-

156 821 583 891 πραττομὲνων,
611 819 705 872 καὶ
727 819 814 873 διὰ
840 819 943 887 τῆς
966 820 1062 874 τοῦ
1094 821 1250 890 ἀγίου
1265 822 1582 892 Πνεύματος
1613 841 1756 892 παρ-

165 913 373 976 ουσίας
410 912 724 981 ὲπισκοπήν
752 928 766 941 ·
809 910 873 964 οὐ
900 912 1077 965 ταῦτα
1106 912 1165 965 δὲ
1196 913 1360 982 μόνον
1390 912 1631 967 ἐνταῦθα
1659 930 1755 965 πε-

1860 833 1948 880 tns
1977 825 2236 889 adventu,
2267 824 2656 895 iuspectionem
2690 839 2704 876 :
2738 837 2836 876 nec
2858 837 2920 876 ea
2952 829 3161 875 tantum
3202 822 3325 890 quis
3350 823 3450 876 hoc

1863 916 1981 971 loco
2008 917 2186 969 videat
2216 916 2634 984 comprehensa,
2675 928 2860 969 verum
2886 914 3053 969 etiam
3090 929 3153 966 ex
3203 913 3295 967 tali
3333 927 3456 981 pue-

162 1004 469 1075 ριεχομενά
495 1021 578 1066 τις
606 1004 833 1075 εὑρήσει
854 1045 869 1069 ,
909 1003 1047 1058 ἀλλά
1080 1004 1181 1075 τὴν
1213 1006 1323 1058 ἀπὸ
1360 1008 1462 1076 τῆς
1497 1005 1757 1077 τοιαύτης

1903 1006 2087 1060 itentia
2116 1004 2467 1059 accedentem
2495 1015 2840 1073 peccatorum
2885 1001 3266 1057 remissionem
3290 1018 3305 1068 ;
3336 1001 3450 1055 da:-

166 1094 470 1165 μετανοίας
525 1093 970 1165 προστινομένην
1030 1095 1141 1147 τῶν
1190 1095 1479 1167 ἁμαρτιῶν
1541 1096 1763 1164 ἄφεσινο

172 1190 289 1259 τὴν
319 1187 431 1240 τῶν
463 1186 737 1256 δαιμόνων
777 1186 1081 1257 αἰσχύνην,
1116 1188 1212 1241 καὶ
1250 1186 1350 1258 τὴν
1385 1186 1478 1241 τοῦ
1513 1189 1763 1242 παλαιω-

167 1279 362 1341 θέντος
386 1277 680 1347 ἀνθρώπου
707 1280 826 1340 ταῖς
854 1277 1157 1348 ἁμαρτίαις
1180 1278 1515 1333 ἀνάπλασιν.

258 1370 407 1422 Ἀλλ’
439 1363 592 1431 οὗτος
630 1369 729 1439 μὲν
758 1371 786 1422 ὁ
810 1369 1009 1432 σκοπὸς
1039 1367 1135 1422 τοῦ
1168 1368 1409 1439 ψαλμοῦ.
1442 1368 1606 1423 Ἐστι
1635 1369 1692 1423 δὲ
1721 1371 1756 1439 ή

168 1459 347 1515 αὐτοῦ
371 1458 658 1529 ,ἐπιγραφὴ
705 1459 800 1511 ἐπὶ
827 1458 1031 1524 λέξεως
1066 1456 1266 1527 ἔχουσα
1302 1456 1512 1522 οὕτως’
1552 1476 1570 1509 ι
1609 1459 1764 1511 Ψαλο

176 1551 306 1621 μὸς,
344 1551 500 1619 φησὶ,
546 1549 626 1618 τῷ
658 1548 829 1601 Δαὸὶδ
860 1549 989 1618 περὶ
1020 1549 1121 1618 τῆς
1158 1549 1376 1620 ὀγδόης.
1427 1568 1447 1601 ι
1496 1548 1764 1617 ὐτ-δύην,

177 1640 417 1711 σύνηθες
454 1643 523 1711 τῇ
561 1640 756 1711 Γραφῇ
789 1640 1115 1709 ὀνομάζειν.
1145 1639 1246 1711 τὴν
1295 1640 1435 1710 μετὰ
1467 1640 1568 1711 τὴν
1611 1639 1767 1694 £656-

1866 1112 2195 1166 monnmque
2239 1096 2611 1152 confusionem
2647 1110 2714 1151 ac
2772 1096 3010 1152 hominis
3059 1095 3346 1151 inveterati
3399 1095 3452 1148 in

1867 1189 2108 1258 peccatis
2164 1188 2632 1244 reformationem.
3338 1187 3348 1199 '

1939 1364 2252 1426 Enimvero,
2292 1362 2382 1417 hic
2428 1361 2648 1433 quidem
2685 1362 2895 1431 psabno
2929 1361 3053 1415 linis
3082 1369 3186 1417 est.
3229 1360 3324 1414 Sic
3357 1376 3455 1415 an-

1872 1465 1980 1510 tem
2030 1458 2148 1526 ejns
2188 1458 2255 1511 ad
2287 1456 2513 1511 verbum
2567 1455 2729 1510 habet
2787 1455 3072 1522 inscriptio
3110 1472 3123 1508 :
3161 1474 3179 1506 ι
3213 1454 3461 1509 Psalnms

1875 1544 2064 1604 Da'vidi
2107 1549 2176 1604 de
2221 1561 2441 1604 octava.
2486 1568 2517 1601 »α
2544 1546 2846 1603 Consuevit
2891 1546 3173 1615 Scriptura
3221 1557 3461 1601 octavam

1873 1641 2148 1711 appellare
2176 1657 2322 1707 eam,
2348 1657 2468 1710 qua:
2499 1639 2851 1710 subsequitur
2878 1640 3168 1708 septimam
3187 1679 3201 1703 ,
3227 1639 3329 1692 boc
3355 1647 3461 1705 ρει,

179 1750 295 1802 μην
317 1748 332 1762 σ
365 1732 653 1797 τουτέστι,
684 1732 786 1801 τὴν
819 1729 912 1783 τοῦ
957 1730 1222 1801 παρόντο,
1245 1725 1452 1794 ἀίῶνος
1496 1730 1643 1801 ζωὴν
1676 1732 1772 1784 καὶ

1896 1733 2040 1786 ritam
2078 1743 2439 1801 prazsentem;
2470 1726 2627 1800 cujus
2648 1740 2855 1786 octavm
2889 1731 3059 1800 lignra
3094 1729 3196 1783 fuit
3222 1730 3458 1783 circum-

175 1798 462 1894 διαγωγὴν
485 1864 501 1886 ,
555 1818 622 1894 ἧς
653 1798 856 1886 τύπος,
905 1825 938 1892 ή
980 1798 1332 1893 ὀκταήμερος
1364 1798 1665 1893 περιτομή.
1701 1822 1770 1877 Ὅ

1896 1826 2011 1879 :isio
2047 1825 2151 1879 diei
2207 1833 2438 1878 octavae.
2492 1798 2599 1877 sed
2628 1832 2681 1875 et
2717 1798 2950 1892 sapiens
2998 1820 3278 1883 Salomon,
3337 1822 3463 1874 dum

173 1932 241 1966 τε
281 1914 446 1981 σοφὸς
480 1913 776 1984 Σολομῶν,
823 1932 843 1966 ι
896 1913 1103 1968 διδόναι
1153 1914 1349 1985 μερίδα
1397 1919 1514 1978 τοῖς
1550 1914 1695 1969 ὲπτά
1748 1935 1766 1967 ι

181 2007 474 2077 παραινιῖιν
495 2046 511 2070 ,
550 2026 566 2058 ι
607 2008 700 2060 καί
730 2023 796 2074 γε
832 2009 945 2069 τοῖς
973 2006 1118 2059 ὀκτὼ
1142 2047 1158 2071 ,
1197 2026 1215 2058 ι
1261 2008 1363 2078 τὴν
1393 2008 1607 2062 ἐκεῖθεν
1632 2010 1765 2062 ἀπο-

181 2099 552 2162 κατάστασιν,
579 2098 790 2153 καὶτὸν
819 2098 1055 2153 ἐνταῦθα
1083 2098 1198 2168 βίον
1218 2101 1351 2170 ἡμῖν
1377 2100 1773 2155 ὑπαινίττεται.

188 2193 427 2262 Ἶδωμεν
487 2192 547 2246 δὲ
602 2193 687 2247 κα⁸
757 2192 932 2261 αὐτὴν
1006 2191 1196 2245 λοιπὸν
1258 2193 1351 2246 τοῦ
1403 2192 1625 2264 ψαλμοῦ
1679 2195 1777 2264 τὴν

187 2285 392 2355 ἀρχήν.

266 2395 287 2428 ι
330 2376 529 2448 Κύριε,
564 2378 642 2447 μὴ
670 2376 749 2447 τῷ
778 2376 939 2446 θυμῷ
969 2392 1060 2429 σου
1089 2376 1316 2447 ἐλέγξῃς
1341 2394 1429 2448 με.
1463 2395 1482 2429 ι
1526 2379 1779 2449 Ὄμμασι

186 2469 402 2537 νοεροίς
442 2470 471 2521 ὁ
507 2469 796 2539 προφήτης
830 2468 894 2521 τὸ
925 2468 1158 2538 φοϐερὸν
1206 2472 1384 2522 ἐκεῖνο
1425 2470 1781 2541 δικαστήριον

190 2559 561 2632 προθεωρῶν,
610 2562 777 2614 οἱονεὶ
820 2560 1278 2632 ἀπαρρησίαστος
1332 2562 1440 2625 ὢν,
1493 2565 1591 2615 καὶ⁹
1622 2564 1783 2634 μηδὲ

190 2652 501 2720 ἀπολογίαν
526 2652 669 2723 ἔχων
693 2652 836 2722 ὑπὲρ
855 2645 930 2705 ὧν
951 2652 1168 2723 ἥμαρτε
1196 2640 1625 2721 προϐάλλεσθαι.
1648 2655 1784 2724 μήτε

191 2744 258 2810 ἐξ
286 2743 465 2815 ἔργων
487 2744 627 2815 ἔχων
651 2745 715 2798 τὸ
743 2744 1038 2810 σώζεσθαι,
1065 2744 1219 2798 οὐδὲν
1240 2745 1369 2800 ἄλλο
1397 2745 1487 2799 τὸν
1512 2747 1785 2815 Δικαστὴν

192 2833 438 2902 ἐξαιτεῖ.
472 2837 589 2890 ἀλλ’
618 2838 651 2907 ἢ
680 2836 839 2891 τοῦτο
868 2836 1068 2905 λέγων’
1106 2857 1125 2888 ι
1177 2836 1372 2908 Κύριε,
1409 2836 1485 2907 μὴ
1518 2837 1596 2909 τῷ
1628 2836 1787 2908 θυμῷ

195 2943 298 2980 σου
333 2925 626 2998 ὲξελὲγξῃς
661 2944 749 2997 με.
805 2946 824 2978 ι
873 2923 1041 2989 Οἶδα,
1093 2927 1381 2988 Δέσποτα,
1429 2928 1514 2980 ὅτι
1559 2928 1788 2998 φρικτὸν

194 3018 493 3091 περιμένει
527 3037 594 3090 με
626 3020 1015 3091 δικαστήριονο
1042 3021 1133 3073 ὅτε
1167 3019 1513 3091 προκαθίσας
1546 3021 1638 3073 ἐπὶ
1663 3020 1789 3090 0ρᾶ-

1880 1937 1898 1969 ι
1949 1928 2158 1987 partem
2198 1918 2329 1971 dare
2360 1927 2589 1985 septem,
2623 1917 2753 1985 quin
2789 1922 2844 1969 et
2874 1924 3001 1969 octo
3031 1913 3102 1977 ⁷⁸,
3139 1931 3157 1964 ι
3186 1913 3464 1976 admonet,

1878 1998 2024 2062 illam
2076 2011 2129 2062 in
2184 2009 2459 2077 integrum
2504 2023 2620 2061 aevo
2677 2007 2861 2061 futuro
2928 2004 3356 2064 restitutionem,
3404 2016 3469 2057 ac

1879 2101 2163 2171 piamentis
2192 2099 2373 2153 saeculi
2397 2100 2562 2152 vitam
2590 2097 2744 2151 nobis
2765 2096 2963 2150 innuit.
2986 2093 3105 2150 Jam
3134 2108 3262 2149 vero
3291 2093 3468 2164 ipsum

1880 2203 2098 2259 quoque
2125 2189 2409 2243 videmnus
2445 2187 2638 2257 psalmi
2665 2185 2904 2240 initium.

1959 2384 1978 2416 ι
2016 2364 2267 2428 Domine,
2294 2378 2361 2418 ne
2396 2363 2451 2417 in
2482 2363 2668 2419 furore
2703 2372 2796 2419 tuo
2826 2377 3025 2432 arguas
3057 2376 3162 2416 me.
3197 2381 3214 2413 ι
3249 2360 3472 2431 Prospi-

1884 2461 2036 2515 ciens
2067 2459 2328 2528 propbeta
2361 2457 2537 2512 oculis
2569 2457 2737 2511 animi
2772 2456 3020 2511 terribile
3052 2455 3181 2509 illud
3208 2453 3467 2518 tribunal,

1887 2560 2144 2621 tanquam
2175 2549 2320 2603 01111ὶὶ
2360 2550 2654 2604 destitutus
2700 2548 2920 2610 llducia,
2975 2547 3074 2601 nec
3108 2545 3316 2599 habens
3347 2545 3474 2612 quid

1887 2642 2129 2712 proferat
2178 2639 2512 2695 defensionis
2551 2654 2648 2709 pro
2690 2638 2761 2694 iis
2805 2654 2929 2708 qua:
2972 2637 3241 2706 peccavit,
3299 2651 3476 2704 neque

1886 2750 1954 2788 ex
2009 2734 2270 2802 operibus
2335 2731 2536 2786 salvari
2579 2733 2786 2796 valens,
2843 2731 2973 2785 nihil
3031 2730 3177 2784 aliud
3217 2744 3246 2783 a
3287 2728 3477 2783 indice

1889 2827 2149 2896 postulat,
2168 2840 2331 2895 quam
2365 2824 2506 2877 istud
2533 2823 2721 2878 dicens
2750 2841 2763 2877 :
2796 2840 2815 2874 ι
2851 2823 3098 2888 Domine,
3124 2837 3189 2877 ne
3211 2822 3263 2875 in
3294 2819 3479 2875 furore

1892 2928 1983 2973 tuo
2017 2934 2216 2988 arguas
2245 2932 2347 2971 me.
2387 2935 2406 2967 ι
2446 2915 2597 2979 Scio,
2629 2913 2880 2978 Domine,
2931 2929 3016 2968 me
3049 2927 3269 2967 manere
3315 2911 3474 2967 terri-

1893 3009 1998 3062 bile
2023 3007 2314 3074 judicium,
2361 3005 2580 3076 quando
2642 3004 2695 3058 in
2752 3004 2881 3059 sedc
2930 3002 3234 3072 maiestatis
3260 3001 3480 3056 excelse

197 3124 296 3162 νου
348 3108 656 3173 ἀστέκτου,
699 3107 936 3162 ἐνώπιον
998 3108 1251 3178 ἀγγέλων
1285 3110 1382 3163 καὶ
1437 3110 1619 3179 πάσης
1672 3109 1786 3163 κτί-

1896 3100 2212 3170 praesidens,
2266 3114 2452 3153 coram
2506 3096 2713 3166 angelis
2752 3110 2818 3150 ac
2846 3096 2994 3150 omni
3045 3105 3321 3161 creatura,
3358 3108 3480 3163 quat

201 3214 383 3264 σεως,
435 3200 505 3252 τά
554 3200 741 3271 κρυφῆ
800 3202 1200 3271 πεπραγμένα,
1248 3201 1418 3254 πᾶσιν
1478 3199 1788 3270 ἀνθρώποις

199 3291 619 3356 ἀποκαλύπτεις
639 3334 654 3355 ,
712 3293 807 3345 καὶ⁵
845 3293 915 3346 τά
943 3293 1085 3356 τέως
1112 3292 1449 3347 λανθάνοντα
1476 3296 1654 3356 ποιεῖς
1688 3309 1790 3361 φα-

200 3383 359 3454 νερά.
388 3381 556 3436 Ὅθεν
579 3383 701 3437 οὐδὲ
724 3384 911 3455 τολμῶ
935 3383 1283 3456 συγχώρησιν
1301 3386 1411 3438 τῶν
1442 3385 1590 3454 ἐμῶν
1612 3387 1792 3457 ἁμαρ-

202 3474 336 3529 τιῶν
362 3473 756 3544 ἐξαιτήσασθαι
777 3493 794 3509 ’
823 3476 908 3532 ὅτι
936 3476 1156 3546 μείζους
1182 3468 1365 3541 αὗται,
1398 3476 1540 3545 ὑπὲρ
1568 3476 1628 3528 τὸ
1654 3477 1791 3544 ἀφε-

204 3564 371 3634 θῆναί
395 3583 463 3636 με
483 3583 497 3597 ·
529 3566 612 3619 ὅτι
638 3566 812 3621 πλείω
838 3567 1040 3631 παντὸς
1063 3566 1353 3638 ἀνθρώπου
1379 3569 1459 3631 είς
1490 3569 1552 3621 σὲ
1574 3569 1791 3640 ἐπλημ-

211 3658 426 3729 μέλησα
451 3676 465 3690 ·
506 3658 589 3712 ὅτι
623 3658 765 3729 ὑπὲρ
804 3659 896 3714 τὸν
928 3659 1139 3714 ἄσωτον
1175 3659 1438 3729 ἥμαρτον
1460 3675 1473 3688 ·
1530 3661 1615 3713 ὅτι
1650 3661 1793 3733 ὑπὲρ

210 3753 423 3804 ἐκεῖνον
462 3751 555 3804 τὸν
585 3752 655 3805 τὰ
688 3752 863 3822 μύριά
905 3768 989 3805 σοι
1030 3750 1319 3820 ὀφείλοντα
1349 3751 1590 3806 τάλαντα
1644 3751 1795 3821 ὀφει-

209 3839 373 3909 λέτης
405 3857 489 3894 σοι
524 3841 793 3912 κατέστην
827 3840 960 3909 ἐγώ.
998 3837 1132 3895 Οἶδα
1174 3841 1287 3911 γὰρ
1345 3842 1585 3912 ἐμαυτὸν
1631 3843 1795 3898 πλέον

208 3932 245 4000 ἢ
265 3934 360 3987 τὸν
382 3933 637 4004 Τελώνην
660 3934 815 4004 παρᾶ
844 3935 939 3988 τού
973 3933 1174 4005 ἐχθροῦ
1204 3934 1590 4005 τελωνηθέντα
1610 3953 1624 3968 ·
1652 3935 1797 4007 ὑπὲρ

204 4026 305 4080 ἐὸν
346 4025 573 4099 Λῃστὴνί
596 4024 907 4095 λῃστρικῶς
940 4023 1205 4095 ζήσαντα,
1235 4025 1330 4078 καὶ
1358 4026 1499 4095 ὑπὲρ
1529 4025 1628 4096 τὴν
1654 4027 1798 4097 Πόρ-

212 4135 316 4188 νην
367 4134 449 4171 σοι
506 4098 835 4171 πταίσαντα.
889 4113 1024 4171 Οἶδα
1055 4118 1136 4171 ὅτι
1172 4118 1268 4170 καὶ
1314 4118 1408 4171 τὸν
1453 4119 1796 4189 Μανασσῆν,

214 4209 500 4278 ἀνομήσας
551 4206 868 4277 παρήλασα.
906 4206 1071 4261 Ὅθεν
1130 4226 1149 4258 ι
1189 4207 1245 4260 αἱ
1299 4207 1522 4277 ἀνομίαι
1559 4225 1662 4277 μου
1702 4207 1800 4280 τὴν

216 4299 468 4369 κεφαλήν
497 4317 603 4370 μου
652 4299 1034 4370 ὑπεράρασαι,
1065 4296 1207 4351 ὠσεΐ
1232 4298 1453 4367 φορτίον
1487 4298 1626 4369 βαρὺ
1668 4299 1799 4353 ἐϐα-

220 4390 499 4463 ρύνθησαν
548 4392 636 4444 ἐπ’
675 4391 812 4459 ἐμέ*
862 4391 957 4443 καὶ
1005 4390 1473 4461 ταλαιπωρήσας,
1521 4392 1802 4461 κατεκάμ-

221 4481 370 4553 φθην
410 4481 516 4544 ἕως
542 4480 751 4543 τέλους.
794 4500 813 4532 ι
860 4480 933 4532 Τὸ
964 4479 1137 4549 ὄνομα
1173 4494 1269 4531 σου
1296 4478 1360 4530 τὸ
1394 4477 1549 4547 ἅγιον
1572 4478 1800 4551 παρώρ·
1837 4463 1879 4519 D

219 4591 391 4645 γισα,
427 4575 489 4627 τὸ
541 4573 768 4644 Πνεῦμα
822 4589 917 4627 σου
968 4570 1219 4641 ἐλύπησα
1243 4609 1260 4634 ,
1291 4570 1401 4624 τῶν
1435 4570 1666 4624 ἐντολῶν
1708 4589 1803 4626 σου

219 4666 583 4739 παρήκουσα,
629 4667 723 4718 τὸν
777 4664 1010 4717 πλοῦτόν
1055 4681 1151 4717 σου
1187 4663 1373 4727 κακῶς
1412 4663 1805 4733 διεσκόρπισα,

220 4761 320 4814 καὶ
349 4760 410 4812 ὃν
434 4776 524 4829 μοι
550 4758 789 4821 δέδωκας
812 4757 1132 4829 ὰρραὸῶνα,
1161 4758 1220 4810 ἐν
1241 4757 1505 4819 ἀσωτίαις
1528 4758 1806 4828 ἀνήλωσα,

218 4853 316 4906 τὸν
360 4851 457 4904 τοῦ
488 4849 743 4921 σώματος
777 4850 906 4903 ναὸν
946 4848 1264 4912 ὲσπίλωσα,
1311 4848 1412 4920 τὴν
1464 4848 1588 4904 κατ’
1619 4849 1804 4905 είκόνα

222 4962 323 4999 σου
379 4943 540 5009 ἀξίαν
586 4942 929 5013 καθύϐρισα,
980 4941 1040 4995 ὃν
1073 4941 1333 5004 ἐνέδυσάς
1389 4959 1458 5013 με
1503 4941 1807 5013 ὲρρύπωσα

223 5036 462 5107 χιτῶνα,
496 5035 559 5089 τὸ
595 5034 889 5104 πρόσωπον
933 5034 963 5087 ὅ
1017 5050 1109 5103 μοι
1144 5036 1209 5103 τῇ
1248 5034 1609 5103 ἀναγεννήσει
1646 5035 1808 5103 ἐφαί-

221 5129 459 5201 δρυνας,
499 5124 924 5196 κατηχρείωσα,
957 5124 1086 5188 τοὺς
1116 5124 1434 5196 ὀφθαλμοὺς
1467 5124 1562 5189 οὓς
1609 5127 1810 5194 ἐφώτι-

224 5238 352 5285 σας,
388 5220 551 5274 πάλιν
588 5217 903 5287 ὲτύφλωσα,
926 5218 997 5271 τὰ
1030 5216 1183 5287 χείλη
1220 5234 1325 5288 μου
1360 5217 1505 5287 ἅπερ
1534 5217 1773 5288 ήγίασας
1793 5259 1808 5284 ,

222 5317 397 5371 πάλιν
433 5316 692 5385 ὲμόλυνα.
728 5313 946 5368 Τούτων
977 5315 1235 5369 ἁπάντων
1271 5314 1504 5379 εὐθύνας
1536 5333 1605 5384 με
1641 5317 1809 5370 ἀπαι-

221 5410 358 5471 τῶν.
398 5405 516 5462 οἶδα
564 5408 650 5462 ὅτι
691 5401 1070 5489 παραστήσεις
1109 5424 1175 5478 με
1227 5408 1436 5481 γυμνρν
1478 5407 1558 5477 τῷ
1600 5407 1809 5479 βήματι

226 5523 360 5570 σου,
392 5502 594 5557 καὶ-τά
644 5501 1018 5572 πεπραγμένα
1060 5517 1151 5571 μοι
1201 5502 1379 5556 πάντα
1418 5501 1682 5570 ὲλὲγξεις,
1708 5504 1805 5557 καὶ

302 5679 352 5711 ⁷⁸
385 5677 560 5731 Eisele.
592 5692 668 5735 xl.
694 5677 750 5731 ‘2.
830 5677 874 5708 “
906 5676 1037 5729 Luc.
1059 5680 1224 5732 “.15

226 5747 321 5803 37.
368 5748 418 5781 ⁷⁸
462 5747 535 5805 ιν
577 5749 713 5816 ιιυκ.
757 5762 870 5813 ut,
917 5749 1000 5801 l6.
1082 5751 1122 5778 "
1168 5748 1288 5803 [δέει
1352 5764 1560 5817 muti,
1606 5748 1661 5816 5,
1696 5749 1749 5801 6.

1321 5679 1366 5707 τ’
1404 5676 1799 5761 ΜιιιιΙιννινιιι,
1843 5678 1932 5732 24.

1892 3203 2020 3248 sunt
2054 3191 2345 3246 commissa
2393 3190 2447 3244 in
2482 3189 2721 3253 occulto,
2767 3187 3020 3241 omnibus
3071 3185 3381 3240 hominibus
3417 3199 3479 3261 es

1893 3283 2254 3348 revelaturns,
2286 3297 2350 3338 ac
2377 3282 2554 3351 palam
2601 3280 2869 3347 facturus,
2899 3294 3021 3350 qua:
3072 3279 3333 3332 hactenus
3361 3276 3483 3332 fue—

1894 3387 2024 3433 runt
2060 3377 2403 3433 abscondita.
2439 3375 2833 3444 Quamobrem,
2868 3387 2935 3429 ne
2965 3371 3186 3442 quidem
3237 3384 3480 3424 meorunt

1895 3473 2108 3527 veniam
2168 3479 2515 3539 peccatorum
2570 3469 2746 3523 audeo
2794 3466 3075 3537 postulare
3110 3482 3124 3519 :
3160 3464 3356 3534 quippe
3391 3460 3483 3517 illa

1897 3565 2099 3634 majora
2140 3571 2289 3629 sunt,
2327 3575 2489 3632 quam
2524 3570 2584 3614 ut
2620 3561 2752 3614 mibi
2781 3560 2981 3615 remitti
3023 3559 3225 3612 debere
3255 3555 3480 3610 videan-

1898 3668 2004 3711 tur.
2041 3655 2251 3711 Etenim
2281 3655 2429 3710 omni
2464 3653 2683 3724 gravius
2709 3652 2929 3706 homine
2959 3651 3012 3705 in
3045 3665 3099 3705 te
3126 3650 3345 3718 deliqui.
3384 3649 3480 3703 Stt-

1897 3765 1992 3821 pra
2028 3747 2321 3817 Prodigum
2363 3746 2582 3815 peccavi
2615 3745 2660 3777 “
2697 3761 2712 3799 :
2748 3753 2911 3814 supra
2948 3742 3097 3797 illmn
3139 3741 3231 3810 qui
3268 3741 3486 3796 debitor

1897 3851 2012 3898 erat
2061 3842 2248 3895 decem
2301 3838 2527 3892 millium
2567 3836 2893 3891 talentorum
2925 3835 2992 3899 ⁷²,
3024 3833 3123 3889 tibi
3152 3847 3252 3902 ego
3273 3833 3486 3887 debitor

1899 3935 2226 3988 constitutus
2258 3945 2397 3986 sum.
2435 3929 2564 3984 Seio
2591 3928 2733 3983 enim
2765 3941 2929 3995 supra
2975 3924 3330 3980 Publicanum
3360 3938 3487 3993 gra-
3558 3992 3571 4003 .

1903 4027 2050 4079 viora
2108 4024 2241 4078 milii
2298 4023 2368 4077 ab
2421 4021 2576 4075 hoste
2630 4022 2892 4089 imperata
2951 4017 3153 4072 tributa
3187 4016 3234 4047 ⁷³
3270 4033 3284 4069 :
3319 4029 3484 4083 supra

1902 4124 2192 4178 Latronem
2249 4121 2450 4174 vixisse
2481 4118 2757 4171 latronum
2788 4130 2940 4170 more
2968 4114 3052 4178 ἰς
3080 4128 3144 4167 ac
3178 4127 3342 4179 supra
3375 4109 3487 4165 Me-

1903 4215 2156 4269 retricettt
2202 4221 2308 4265 tete
2337 4209 2627 4263 ttchntlisse
2652 4209 2719 4259 ⁷⁸.
2742 4206 2846 4261 Sed
2869 4216 2923 4261 et
2950 4208 3054 4260 hoc
3080 4205 3232 4267 scio,
3281 4204 3489 4257 Manas-

1904 4320 1999 4361 sen
2051 4317 2134 4357 me
2178 4301 2466 4370 iniquitate
2533 4298 2733 4351 vicisse
2776 4297 2846 4350 ⁷⁶.
2888 4294 3042 4351 Unde
3094 4314 3112 4346 ι
3171 4294 3488 4363 iniquitates

1910 4413 2041 4452 mete
2079 4408 2445 4465 supergressa:
2491 4401 2655 4461 caput
2709 4405 2923 4453 meum,
2971 4387 3114 4441 sicut
3144 4400 3284 4439 onus
3323 4398 3491 4456 grave

1910 4497 2152 4555 gravatae
2180 4494 2306 4538 sunt
2334 4497 2500 4552 super
2530 4496 2614 4535 me
2639 4498 2652 4533 :
2694 4478 2967 4547 miserque
3005 4474 3251 4540 eli‘ectns,
3293 4488 3457 4526 curva
3478 4500 3493 4515 -

1914 4590 2002 4633 tus
2031 4593 2153 4632 smn
2192 4590 2361 4645 usque
2388 4575 2440 4628 in
2477 4574 2636 4626 tinem
2665 4571 2733 4624 τ’.
2780 4588 2800 4623 ι
2828 4569 3031 4624 Nomen
3067 4574 3313 4621 sanctum
3342 4576 3489 4617 nmm

1916 4667 2154 4732 irritavi,
2197 4665 2460 4734 Spiritutn
2509 4673 2658 4717 tuum
2705 4659 3044 4722 contristavi,
3086 4656 3355 4711 mandatis
3388 4654 3494 4709 tuis

1916 4768 2022 4816 non
2046 4756 2438 4827 obtemperavi,
2464 4765 2585 4810 tuas
2613 4770 2747 4824 epes
2775 4754 2912 4807 male
2939 4750 3219 4821 dissipavi,
3245 4765 3308 4801 ac
3331 4762 3493 4815 quam

1913 4854 2045 4908 milii
2080 4852 2301 4906 arrbam
2351 4849 2549 4904 dedisti
2604 4848 2655 4900 in
2702 4846 2933 4899 luxuriis
2985 4839 3323 4909 consumpsi,
3361 4850 3493 4891 tem-

1912 4948 2056 5016 plum
2088 4944 2334 5013 corporis
2350 4939 2742 5004 contaminavi,
2770 4936 3086 5007 dignitatem
3109 4943 3214 4987 tua:
3242 4931 3496 4998 imaginis

1914 5036 2134 5100 violavi,
2162 5049 2326 5105 quam
2351 5048 2435 5087 me
2454 5031 2710 5085 indueras
2733 5028 2973 5082 tunicam
2996 5024 3250 5080 sordibus
3275 5020 3494 5082 ftedavi,

1918 5130 2122 5185 vultum
2150 5142 2310 5198 quem
2347 5121 2477 5178 tnibi
2505 5119 2914 5191 rcgencratione
2946 5130 3294 5188 perornaras,
3330 5113 3499 5181 turpi-

1921 5233 2004 5278 ter
2028 5220 2326 5277 deformavi
2361 5236 2375 5273 :
2424 5216 2610 5271 oculos
2646 5227 2781 5280 quos
2820 5210 3255 5269 illuminmeras,
3303 5207 3497 5259 iterum

1917 5313 2220 5379 cxcazcavi;
2274 5311 2414 5365 labia
2461 5322 2577 5363 mea
2619 5320 2739 5375 quze
2787 5301 3253 5364 sanctiﬁcaveras,
3313 5312 3501 5351 rursus

1917 5407 2105 5477 pollui.
2165 5406 2367 5459 llornm
2416 5402 2658 5457 omnium
2686 5415 2713 5455 a
2755 5412 2842 5453 tne
2875 5395 3102 5464 exigens
3135 5405 3347 5461 poenas.
3385 5387 3504 5443 fore

1924 5501 2038 5554 scio
2066 5508 2124 5553 nt
2158 5499 2359 5552 mnium
2398 5511 2481 5550 me
2513 5506 2639 5549 ante
2695 5503 2845 5547 tuum
2892 5497 3102 5544 statuas
3151 5480 3411 5548 tribunal,
3442 5496 3505 5536 ac

2047 5676 2093 5707 ⁷³
2125 5674 2257 5730 an.
2288 5688 2442 5738 xvm,
2478 5671 2565 5725 lC.
2690 5668 2737 5701 ⁷³
2769 5667 2899 5722 Luc.
2936 5680 2989 5731 ι,
3016 5662 3107 5719 50.
3183 5660 3230 5692 ⁷⁸
3252 5656 3389 5715 Luc.
3421 5679 3511 5729 vn,
