4042 6292
615 263 752 330 .1123

1821 259 1882 319 S.
1922 257 2322 317 ANAS'I‘ASII
2366 251 2694 317 SlNAlTﬂi

3759 243 3881 313 1124

615 370 918 424 ἱιιοὶιΙιιι-Ῑιιι.
958 387 976 421 ι
1021 371 1165 426 Sana
1200 386 1304 435 me,
1337 370 1590 437 quoniam
1640 368 1853 422 turbata
1903 377 2028 422 sunt
2064 383 2186 420 ossa

2363 367 2544 418 Ἴασαὶ
2584 384 2650 434 με
2676 407 2688 427 ,
2735 368 2814 417 ὅτι
2851 365 3132 435 ἐταράχθη
3155 368 3223 417 τὶ
3251 362 3387 418 ὀστᾶ
3426 381 3559 434 μου,
3607 383 3629 415 ›
3671 365 3738 417 τὰ
3769 381 3876 416 συν-

615 477 778 516 mea:
819 482 838 514 ο
879 478 997 531 qua:
1036 463 1292 516 nimirum
1335 462 1619 516 continent
1663 476 1726 513 ac
1755 460 2067 525 astringunt
2117 459 2200 512 in-

614 555 870 610 terioretn
900 570 1075 610 meum
1106 555 1404 608 hominem.
1437 553 1695 620 Quaenam
1741 569 1868 606 vero
1911 552 2044 605 illa?
2087 550 2200 608 Uti-

615 663 721 710 que
760 646 912 710 fides,
965 647 1270 714 prudentia,
1307 663 1450 716 spes,
1505 645 1767 709 Charitas,
1817 643 2195 714 temperantia,

617 737 974 800 continentia,
994 737 1231 805 justitia,
1259 738 1453 806 pietas,
1482 736 1867 798 mansuetudo,
1900 733 2196 788 humilitas.

615 829 748 881 O~sa
781 829 890 881 haec
920 828 969 879 in
995 843 1079 880 me
1106 829 1343 882 contrita
1379 839 1506 883 sunt
1535 847 1548 882 :
1578 843 1735 883 secus
1765 837 1946 881 autem
1974 835 2199 880 sancto-

613 934 732 971 rum
764 935 909 972 ossa.
945 917 1083 985 Quid
1129 919 1274 975 enim
1308 921 1353 974 is
1387 922 1500 987 ipse
1534 919 1805 990 Propheta
1843 919 1910 974 de
1932 918 2040 972 illis
2069 918 2145 972 ait
2169 918 2200 969 Ρ

623 1028 640 1060 ι
685 1009 935 1064 Custodit
967 1010 1229 1066 Dominus
1273 1013 1453 1066 omnia
1495 1027 1618 1066 ossa
1664 1026 1851 1065 eorum
1888 1027 1902 1064 ε
1940 1025 2106 1064 unum
2133 1024 2198 1063 ex

618 1103 702 1156 his
742 1117 848 1156 non
899 1111 1236 1157 conteretur.
1264 1103 1633 1169 o-tSaname,
1661 1103 1907 1166 Domine,
1940 1102 2198 1172 quoniam
2229 1141 2234 1144 -

618 1193 832 1247 turbata
857 1201 984 1248 sunt
1006 1209 1130 1248 ossa
1153 1210 1266 1248 mea
1289 1213 1301 1247 :
1324 1205 1369 1248 et
1391 1195 1570 1248 anima
1597 1210 1714 1249 mea
1739 1193 1954 1248 turbata
1982 1203 2069 1248 est
2090 1192 2194 1247 ⁸⁸.)

615 1286 886 1352 Quorsum
924 1285 1090 1339 vero?
1133 1284 1424 1354 Nimirum,
1457 1287 1688 1357 quijam
1727 1303 1860 1342 mete
1895 1289 2018 1341 vitae
2065 1297 2200 1341 tem-

617 1391 716 1443 pus
748 1376 979 1429 deﬁcere
1033 1376 1270 1437 videam,
1303 1378 1674 1444 propinquare
1706 1377 1896 1440 linem,
1931 1376 2199 1430 defectam

617 1474 951 1519 senectutem
987 1469 1356 1534 praenuntiare
1379 1469 1738 1533 excisioneni,
1773 1483 2068 1524 messorem
2093 1465 2202 1522 fes-

621 1558 882 1612 tinantem
933 1558 1001 1621 ⁸⁹,
1060 1573 1123 1611 ac
1182 1559 1374 1611 falcem
1421 1560 1844 1614 ostendentem:
1895 1565 2198 1629 gestantem

617 1650 855 1703 securim
939 1691 952 1713 ,
986 1664 1048 1704 ac
1082 1649 1459 1718 infrugil'eram
1505 1651 1744 1704 animam
1775 1667 1950 1704 meam
1979 1650 2198 1704 exscin-

618 1741 852 1794 dendam
883 1744 1043 1795 citius
1074 1741 1706 1802 indicantein”,cAnima
1733 1756 1850 1795 mea
1877 1743 2090 1796 turbata
2121 1748 2206 1794 est
2240 1719 2280 1772 Β

619 1833 774 1886 valde
805 1870 817 1882 .
916 1852 936 1884 ι
986 1832 1152 1887 Video
1185 1849 1271 1887 res
1303 1848 1453 1887 meas
1481 1832 1614 1887 nihil
1645 1834 1984 1893 emendatas,
2013 1847 2206 1902 meque

621 1925 674 1976 in
705 1925 820 1978 dies
856 1926 908 1978 in
937 1925 1178 1979 deterius
1210 1925 1438 1994 prolabi.
1481 1944 1500 1977 ι
1540 1926 1605 1980 Ει
1632 1925 1811 1979 anima
1845 1941 1961 1978 mea
1991 1924 2206 1978 turbata

619 2029 702 2073 est
730 2019 903 2074 valde.
954 2039 972 2071 ι
1012 2018 1180 2073 Video
1225 2020 1396 2074 furem
1431 2019 1800 2079 accedentem,
1835 2032 1898 2070 ac
1932 2032 2014 2069 me
2042 2030 2072 2070 e
2101 2015 2204 2067 vita

625 2126 817 2179 rapere
867 2110 1213 2166 festinantem
1249 2128 1264 2164 :
1305 2129 1324 2162 ι
1367 2109 1432 2164 Et
1477 2111 1655 2163 anima
1699 2125 1816 2161 mea
1874 2107 2083 2161 turbata
2123 2113 2208 2159 est

627 2202 800 2255 valde.
856 2221 875 2254 ι
916 2202 1087 2256 Video
1133 2204 1425 2256 instantem
1459 2202 1580 2254 vita:
1631 2201 1836 2253 exitum
1887 2214 2078 2266 meque
2113 2197 2208 2250 de-

627 2293 880 2346 stitutum
912 2291 1323 2347 viatico.Vidco
1352 2293 1623 2345 rationum
1639 2289 1973 2358 praefectura,
2005 2287 2210 2339 instru-

627 2393 869 2439 mentum
905 2385 1034 2438 mihi
1079 2385 1482 2448 ostendentem,
1517 2399 1581 2436 ac
1612 2384 1830 2436 lictores
1880 2380 2018 2433 truci
2069 2393 2208 2446 quo-

627 2478 750 2531 dam
780 2487 1002 2546 aspectu
1036 2486 1380 2532 contuentes.
1415 2473 1586 2529 Video
1610 2475 1810 2529 multos
1840 2481 2206 2533 accusatores,

629 2579 910 2638 patronem
941 2578 1122 2623 autem
1159 2569 1363 2622 nullum
1397 2585 1411 2622 :
1451 2587 1468 2619 ι
1516 2568 1583 2620 Et
1611 2567 1792 2620 anima
1841 2581 1956 2620 mea
1999 2565 2208 2618 turbata

627 2672 712 2714 est
744 2660 919 2715 valde.
964 2679 983 2710 ι
1019 2659 1225 2714 Idcirco
1255 2661 1452 2714 horreo
1478 2675 1541 2714 ac
1562 2661 1756 2714 anxius
1785 2675 1928 2722 sum,
1961 2671 2059 2712 nec
2081 2655 2208 2724 quid

629 2753 824 2806 faciam
870 2751 1071 2816 habeo;
1111 2753 1380 2820 siquidem
1415 2754 1559 2806 enim
1606 2753 1728 2804 vita:
1759 2750 1990 2819 spatium
2028 2758 2184 2818 postu

628 2845 836 2906 lavero.
878 2859 1072 2898 vereor
1103 2859 1169 2899 ne
1199 2844 1328 2898 illud
1362 2859 1554 2898 rursus
1588 2843 1643 2896 iu
1677 2852 2026 2911 peccatorum
2060 2840 2215 2892 cedat

629 2939 905 2993 cumulum
938 2956 951 2991 :
991 2939 1074 2993 sin
1110 2938 1410 3006 imparatus
1439 2936 1643 2998 abiero,
1680 2935 1877 3002 quibus
1919 2933 2092 2985 oculis
2122 2945 2214 2985 ve-

2303 457 2503 526 έχοντα
2553 463 2649 510 καὶ
2705 457 3079 524 συσφίγγοντα
3119 457 3209 510 τὸν
3256 457 3364 508 ἐσω
3417 473 3519 526 μου
3577 455 3874 523 ἄνθρωπον.

2303 547 2491 599 Ταῦτα
2529 549 2586 600 δὲ
2631 549 2750 600 τίνα
2803 551 2987 616 ἐστίν;
3038 551 3104 603 Ἥ
3159 552 3380 615 πίστις,
3438 552 3471 620 ή
3522 550 3873 618 φρόνησιςνὴ

2302 626 2518 711 ἀγάπη,
2554 643 2584 711 ή
2619 643 2944 712 σωφροσύνη
2967 685 2980 706 ,
3015 645 3047 713 ή
3089 645 3422 713 ἐγκρᾶτεια,
3466 645 3498 712 ή
3531 642 3869 709 δικαιοσύνη.

2301 735 2334 802 ή
2363 734 2641 793 εὐσέϐεια,
2676 735 2706 804 ή
2731 735 2996 804 πραότης,
3025 735 3580 805 ἡταπεινοφροσῦνη.
3614 734 3797 787 Ταῦτα
3817 736 3871 785 τᾶ

2300 828 2436 880 ὁστᾶ
2470 826 2866 895 συνετρίϐησαν
2903 829 2990 879 ἐπ’
3033 828 3155 896 ἐμοὶ
3177 867 3192 892 ,
3220 827 3335 880 ἀλλ’
3364 829 3426 879 οῦ
3453 826 3562 879 τῶν
3594 827 3784 894 ἁγίων.
3821 828 3872 877 Τί

2301 920 2413 990 γάρ
2459 937 2596 989 φησι
2655 920 2785 989 περὶ
2820 920 3001 972 αὐτῶν
3045 922 3076 972 ὁ
3127 919 3290 982 αὐτὸς
3349 914 3505 982 οὗτος
3563 919 3868 988 Προφήτηςί

2307 1034 2326 1064 ι
2361 1013 2628 1066 Φυλάσσει
2673 1013 2883 1082 Κύριος
2933 1014 3114 1066 πάντα
3163 1012 3232 1064 τὰ
3268 1011 3404 1064 ὀστᾶ
3457 1010 3667 1064 αὐτῶν.
3713 1009 3871 1071 Ἐνέξ

2302 1105 2482 1158 αὐτῶν
2522 1105 2584 1158 οὐ
2620 1105 3062 1175 συντριϐήσεται.
3105 1123 3122 1155 ι
3163 1135 3233 1144 --
3268 1123 3285 1154 ‹
3319 1103 3500 1157 Ἰασαί
3546 1120 3651 1172 με,
3697 1103 3868 1170 Κύριε,

2301 1198 2384 1250 ὅτι
2402 1197 2680 1268 ἐταράχθη
2701 1197 2772 1250 τὰ
2789 1197 2924 1250 ὀστᾶ
2951 1215 3073 1267 μου,
3096 1196 3193 1249 καὶ
3211 1197 3244 1265 ἡ
3262 1195 3406 1265 ψυχή
3435 1210 3540 1264 μου
3557 1193 3866 1262 ἐταράχθην

2302 1291 2403 1342 Διά
2429 1289 2513 1355 τί;
2560 1289 2708 1359 Ὀρῶ
2743 1289 2853 1360 γάρ
2899 1290 3002 1360 ήδη
3035 1289 3225 1342 λοιπὸν
3261 1289 3351 1341 τὸν
3383 1288 3579 1358 χρόνον
3610 1290 3710 1356 τῆς
3745 1285 3868 1353 ζωῆς

2307 1399 2410 1451 μου
2465 1381 2821 1446 ἐκλείποντα,
2857 1383 2918 1435 τὸ
2967 1383 3122 1445 τέλος
3175 1382 3431 1450 ἐγγίζον,
3459 1381 3520 1433 τὸ
3566 1381 3749 1450 γῆρας
3786 1378 3870 1447 τὴν

2303 1476 2481 1547 τομὴν
2503 1476 2904 1547 προαγγέλλον,
2929 1478 3023 1529 τὸν
3055 1475 3312 1547 θεριστὴν
3337 1475 3662 1534 σπεύδοντα,
3687 1473 3774 1525 καὶ
3789 1473 3869 1542 τὴν

2303 1567 2586 1639 δρεπάνην
2632 1568 2976 1631 δεικνύοντα,
3011 1568 3111 1637 τὴν
3159 1566 3352 1637 ἀξίνην
3402 1566 3759 1636 βαστάζοντα,
3793 1563 3870 1614 καὶ

2305 1658 2403 1729 τὴν
2457 1660 2700 1729 ἐκκοπὴν
2750 1659 3028 1728 μηνύοντα
3081 1658 3182 1726 τῆς
3217 1657 3499 1728 ἀκαρπίαν
3536 1654 3763 1726 ἐχούσης
3789 1651 3870 1720 ψυ-

2305 1752 2427 1822 χῆς.
2470 1769 2488 1802 ε
2547 1751 2610 1804 Ἦ
2649 1750 2796 1821 ψυχή
2832 1767 2936 1819 μου
2984 1749 3258 1820 ἐταράχθη
3310 1749 3539 1820 σφόδρα.
3581 1767 3601 1799 ι
3650 1745 3784 1817 ὐρῶ
3817 1748 3872 1794 τὰ

2307 1843 2427 1898 κατ’
2479 1844 2581 1913 ἐμὲ
2621 1843 2956 1914 ἀδιόρθωτα,
2998 1843 3091 1895 καὶ
3138 1842 3277 1913 πρὸς
3319 1841 3382 1894 τὸ
3436 1844 3622 1912 χεῖρον
3661 1837 3872 1910 ἐμαυτὸν

2307 1937 2434 1991 καθ’
2464 1939 2682 2008 ἡμέραν
2709 1937 3028 2006 ἐρχόμενον.
3066 1955 3084 1987 ι
3115 1936 3228 1988 Καὶ
3250 1937 3283 2004 ή
3308 1935 3454 2004 ψυχή
3487 1951 3594 2004 μου
3621 1930 3870 2000 ἐταράχθη

2310 2030 2536 2100 σφόδρα.
2575 2048 2594 2081 ι
2651 2029 2792 2095 Ὀρῶ
2847 2029 2938 2082 τὸν
2978 2028 3219 2098 κλέπτην
3267 2027 3740 2097 προσεγγίζοντα,
3794 2021 3873 2074 καὶ

2307 2119 2557 2188 ἁρπάσαι
2584 2117 2682 2170 τοῦ
2711 2117 2828 2188 βίου
2872 2136 2938 2188 με
2970 2118 3271 2171 σπεύδοντα
3293 2135 3306 2146 ·
3350 2136 3369 2167 ι
3414 2117 3524 2171 Καὶ
3560 2118 3595 2186 ή
3623 2115 3764 2185 ψυχή
3789 2131 3871 2181 μου

2309 2211 2588 2280 ἐταράχθη
2626 2210 2862 2278 σφόδρα.
2903 2227 2921 2260 ι
2968 2211 3112 2278 Ὀρῶ
3140 2209 3238 2278 τὴν
3279 2209 3458 2274 ἔξοδον
3488 2204 3587 2258 τοῦ
3620 2206 3734 2273 βίον
3771 2205 3872 2254 ἐπι-

2312 2303 2538 2365 στᾶσαν,
2569 2301 2716 2370 κάμὲ
2745 2302 2820 2370 μὴ
2854 2300 3050 2370 ἔχοντα
3081 2299 3315 2368 ἐφόδιον.
3359 2299 3506 2367 Ὀρῶ
3550 2297 3644 2350 τὸν
3681 2295 3872 2362 λογοθε-

2309 2395 2506 2446 τοῦντα
2535 2393 2597 2445 τὸ
2641 2392 2920 2462 ἐγγραφόν
2962 2409 3053 2460 μοι
3096 2390 3529 2451 ἐπιδεικνύοντα,
3568 2390 3664 2442 καὶ
3702 2384 3873 2454 πικρὸν

2311 2485 2438 2546 τοὺς
2464 2483 2696 2552 δημίους
2740 2480 3142 2548 ἐμϐλέποντας.
3201 2479 3344 2548 Ὀρῶ
3379 2478 3613 2541 πολλοὺς
3644 2475 3764 2537 τοὺς
3788 2491 3871 2524 κα-

2312 2577 2618 2647 τηγόρους,
2667 2575 2761 2626 καὶ
2812 2573 3004 2626 οὐδένα
3051 2573 3393 2642 συνήγορονο
3441 2590 3459 2622 ι
3517 2571 3632 2623 Καὶ
3673 2570 3705 2637 ή
3745 2564 3870 2634 ψυχή

2316 2687 2420 2740 μου
2473 2667 2752 2740 ἐταράχθη
2817 2666 3045 2735 σφόδρα.
3093 2684 3110 2716 ι
3174 2666 3272 2716 Διὰ
3317 2663 3477 2716 τοῦτο
3542 2663 3749 2734 φρίττω
3793 2658 3872 2710 καὶ

2315 2763 2565 2830 ἀγωνιῶ,
2602 2763 2697 2814 καὶ
2738 2760 2791 2814 τί
2848 2759 3045 2829 πράξω
3092 2759 3193 2811 οὐκ
3239 2753 3377 2810 οἶδα.
3414 2758 3513 2808 Ἂν
3566 2757 3676 2824 γάρ
3709 2753 3872 2824 χρόνον

2317 2857 2528 2927 αἰτήσω
2553 2853 2722 2924 ζωῆς,
2749 2852 3024 2922 φοϐοῦμαι
3057 2851 3131 2921 μὴ
3172 2847 3495 2918 προσθήκην
3524 2848 3688 2901 αὑτὸν
3718 2847 3871 2915 ἀμαρ-

2315 2949 2580 3018 τημάτων
2621 2949 2966 3016 ποιήσωμαι.
3023 2945 3121 2996 ’Λν
3171 2943 3244 3012 μὴ
3291 2939 3748 3011 προετοιμασθεὶς
3792 2951 3874 2986 πο·

632 3033 874 3087 nicntem
903 3031 1145 3102 judicent
1180 3030 1283 3086 sim
1311 3036 1712 3098 aspectaturus,
1760 3027 1971 3097 ignoro.
2007 3023 2213 3092 Quippe

2322 3041 2524 3113 ρευθῶ,
2557 3039 2762 3102 -ποίοις
2807 3038 3110 3107 όφθαλμιῖς
3153 3035 3420 3103 θεάσομαι
3451 3032 3545 3084 τὸν
3587 3029 3775 3100 κριτὴν
3800 3025 3873 3079 ἐλ-

631 3125 852 3193 provexi
905 3125 970 3179 ad
1025 3139 1294 3178 surnmum
1355 3135 1526 3190 usque
1581 3120 1831 3184 malitiae;
1874 3134 1977 3172 non
2039 3126 2218 3172 cessat

634 3219 900 3287 tnalignus
917 3217 1216 3271 molestiam
1239 3215 1447 3282 facere;
1469 3217 1651 3270 hostes
1664 3213 2216 3284 jugiterimpugnant;

627 3310 954 3380 intestinum
985 3311 1164 3363 carnis
1197 3308 1395 3362 bellum
1433 3307 1806 3362 vehementius
1839 3305 1966 3358 furit
1995 3322 2008 3367 ;
2039 3319 2220 3372 pravae

634 3400 996 3468 cogitationes
1027 3414 1134 3454 non
1175 3400 1496 3471 quiescunt;
1535 3415 1636 3454 nec
1668 3414 1894 3468 usquam
1930 3407 2013 3453 cst
2042 3397 2216 3468 poeni-

638 3493 830 3547 tentia.

713 3603 732 3636 ι
773 3585 878 3639 Sed
930 3593 1008 3649 tu,
1049 3584 1296 3652 Domine,
1349 3585 1671 3656 usquequo?
1722 3603 1741 3636 ι
1779 3583 1895 3638 Non
1945 3582 2219 3653 expressit

635 3679 1064 3748 propheta'quid
1117 3679 1236 3733 istis
1285 3679 1596 3749 significare
1638 3679 1816 3732 vellet.
1865 3677 2028 3732 Forte
2062 3691 2212 3740 vero,

635 3787 757 3824 cum
785 3788 848 3823 ex
874 3771 1073 3826 summi
1107 3772 1252 3826 illius
1281 3772 1533 3825 mter-oris
1565 3771 1636 3834 vi,
1667 3772 1840 3824 audax
1873 3769 2078 3838 aliquid
2111 3768 2219 3821 Deo

640 3863 796 3916 vellct
833 3864 1034 3926 dicere,
1088 3863 1323 3931 seipsum
1387 3862 1744 3917 nihilominus
1805 3860 2080 3923 cohibuit,
2122 3874 2220 3913 nec

639 3959 801 4010 audet
831 3957 882 4009 in
907 3956 1080 4024 palam
1107 3957 1426 4024 producere,
1456 3956 1550 4010 sed
1581 3957 1657 4008 ait
1689 3976 1700 4010 :
1727 3974 1745 4005 ι
1771 3955 1834 4008 Et
1861 3965 1940 4019 tu,
1972 3954 2217 4020 Domine,

639 4049 960 4117 usquequo?
1005 4069 1023 4101 ι
1068 4049 1206 4104 Εἰς-οε
1235 4049 1388 4104 vides
1424 4049 1671 4117 pertinax
1720 4049 2019 4102 adversarii
2050 4049 2101 4101 in
2136 4060 2220 4100 me

639 4155 915 4197 certamen
950 4161 962 4196 :
997 4145 1178 4198 carnis
1211 4160 1444 4212 pugnant
1488 4143 2033 4209 irrecont-iliahilem;
2065 4152 2218 4194 atrox

641 4235 772 4289 illud
805 4253 868 4291 ac
899 4246 1216 4306 perpetuum
1269 4239 1490 4302 bellum,
1520 4253 1583 4292 ac
1615 4239 1811 4292 virium
1851 4251 2090 4289 mearum
2125 4236 2222 4287 im-

645 4331 1012 4384 liccillitatcm.
1042 4329 1158 4384 Jam
1183 4346 1332 4401 ergo,
1358 4345 1662 4400 usquequo,
1686 4329 1930 4392 Domine,
1957 4327 2225 4395 patienter-

2325 3135 2489 3188 θόντα
2518 3132 2811 3204 ἀμηχανῶ.
2865 3129 2980 3183 Ἐπ’
3011 3130 3180 3198 ἄκρον
3219 3124 3416 3187 κακίας
3454 3122 3716 3194 ἐλήλυθα’
3747 3118 3874 3172 καὶὸ

2325 3229 2564 3300 πονηρὸς
2609 3225 2838 3296 διοχλῶν
2889 3225 2949 3278 οὐ
3005 3221 3256 3285 παύεται,
3292 3221 3340 3272 οἱ
3392 3217 3584 3288 ἐχθροὶ
3644 3214 3874 3282 πολεμεῖν

2324 3323 2424 3378 οὐκ
2467 3322 2833 3391 ἀφίστανται,
2879 3319 2907 3371 ό
2953 3316 3100 3369 ἐνδον
3130 3317 3230 3384 τῆς
3263 3311 3465 3382 σαρκὸς
3487 3310 3726 3380 πόλεμος
3763 3321 3873 3372 σεξο-

2344 3413 2594 3482 δρότερον
2618 3411 2991 3480 ἀγριαίνεται,
3024 3408 3075 3459 οἱ
3106 3403 3340 3475 πονηροὶ
3369 3401 3625 3471 λογισμοὶ
3655 3399 3750 3452 οὐκ
3771 3398 3875 3465 ἡρε-

2329 3503 2520 3575 μοῦσιδ
2550 3504 2644 3556 καὶ
2681 3501 2940 3572 μετάνοια
2964 3496 3224 3567 οὐδαμοῦ.

2401 3613 2420 3647 ι
2463 3594 2572 3647 Καὶ
2602 3595 2690 3657 σὺ,
2721 3592 2918 3662 Κύριε.
2940 3591 3044 3653 ἓως
3075 3591 3242 3654 wits;
3279 3609 3298 3639 ι
3333 3588 3399 3642 Τί
3428 3584 3626 3658 δηλοῦν
3657 3575 3874 3636 ἐντεῦθεν

2329 3687 2604 3759 βούλεται,
2630 3687 2731 3738 οὐκ
2765 3685 3026 3753 ἐσήμανε.
3063 3683 3214 3752 Τάχα
3253 3683 3329 3745 δέ,
3363 3683 3422 3747 ἐξ
3457 3683 3634 3751 ἄκρας
3669 3671 3873 3738 acup-ra;

2326 3779 2603 3851 τολμηρόν
2645 3796 2699 3831 τι
2749 3776 2985 3847 θελήσας
3035 3777 3213 3827 εἰπεῖν
3259 3775 3398 3845 πρὸς
3426 3772 3520 3826 τὸν
3570 3770 3718 3828 Θεὸν,
3748 3767 3874 3830 ὅμως

2327 3875 2517 3944 ἐπέχει
2549 3871 2764 3935 ἐαυτὸν,
2796 3870 2888 3923 καὶ
2911 3868 3072 3920 τοῦτο
3095 3867 3186 3919 ὑπ’
3214 3867 3336 3936 διξιν
3360 3867 3589 3935 ἀγαγεῖν
3615 3862 3673 3913 οὐ
3705 3852 3873 3922 τολμᾷ.

2328 3943 2464 4022 ἀλλά
2517 3981 2685 4035 φησιο
2735 3982 2752 4013 ι
2803 3962 2912 4014 Καὶ
2947 3960 3043 4028 σὺξ,
3099 3959 3296 4026 Κύριε,
3332 3959 3437 4021 ἕως
3490 3956 3651 4018 πότες
3685 3970 3701 4001 ι
3767 3943 3876 4035 ’1δηῦ

2333 4033 2550 4127 βλέπεις
2580 4033 2698 4124 τὴν
2731 4053 2851 4105 κατ’
2902 4051 3040 4120 ἐμοῦ
3091 4049 3348 4101 ἔνστασιν
3401 4047 3498 4100 τοῦ
3548 4039 3757 4115 ἐχθροῦ,
3794 4033 3874 4127 τὴν

2330 4123 2594 4204 ἀσπονδον
2618 4146 2718 4214 τῆς
2763 4142 2966 4214 σαρκὸς
3008 4141 3209 4211 μάχην,
3242 4139 3332 4191 τὸν
3365 4136 3766 4191 ἀκατάλλακτον
3793 4123 3873 4175 πό·

2330 4244 2386 4296 λε
2397 4259 2519 4312 μον,
2552 4240 2647 4292 καὶ
2676 4237 2774 4308 τὴν
2794 4237 3011 4290 ἀτονίαν
3038 4233 3137 4301 τῆς
3169 4232 3308 4301 ἐμῆς
3339 4230 3647 4299 δυνάμεως.
3683 4215 3871 4312 Λοιπξνν

2331 4337 2437 4398 ἓως
2465 4333 2592 4386 πότε
2626 4329 3026 4401 μακροθυμεῖς,
3062 4324 3270 4394 Κῦριε;
3323 4322 3431 4377 ἓως
3469 4319 3600 4373 πότε
3634 4317 3727 4368 οὐκ
3755 4307 3871 4362 ἐκδι-

645 4424 917 4477 snstines?
949 4439 1228 4492 usquequo
1267 4441 1371 4478 non
1422 4422 1745 4478 ulcisceris?
1797 4435 2079 4489 usquequo
2120 4433 2213 4471 non

2331 4431 2481 4491 κείς;
2531 4425 2636 4488 ἓως
2684 4423 2815 4475 πότε
2843 4421 2944 4474 οὐκ
2982 4417 3330 4478 ἐπιϐλέπεις,
3383 4413 3478 4466 καὶ
3523 4411 3634 4463 τῶν
3691 4400 3873 4456 ἐπιϐου-

645 4517 862 4584 aspicis,
899 4531 997 4569 nec
1022 4517 1092 4568 ab
1119 4517 1184 4568 iis
1213 4517 1430 4580 liberas,
1465 4530 1692 4583 quormn
1731 4524 1958 4583 appetor
1989 4511 2230 4565 insidiis?

645 4609 965 4676 Quanquam
993 4610 1135 4662 enim
1169 4623 1268 4678 ego
1297 4609 1548 4678 indignus
1577 4624 1692 4663 sum
1717 4624 1732 4673 ;
1761 4617 1812 4660 tu
1843 4617 2020 4659 tamen
2049 4603 2228 4657 multa:

650 4702 1038 4756 misericordia;
1073 4717 1136 4754 ac
1167 4701 1408 4754 cli-meus
1442 4717 1522 4754 es.
1559 4699 1712 4766 Quod
1747 4697 1989 4766 negligas
2023 4711 2085 4750 ac
2135 4697 2228 4750 de-

646 4793 868 4863 spicias,
894 4795 1064 4847 ruina:
1093 4795 1308 4846 occasio
1342 4794 1399 4845 iit
1437 4794 1523 4858 iis,
1557 4807 1694 4862 quos
1720 4792 1951 4846 deseris.
1989 4789 2131 4848 Ha-c.
2166 4804 2230 4843 ac

651 4887 717 4940 iis
742 4887 960 4949 similia,
986 4888 1232 4956 cogitans
1257 4887 1518 4955 propheta
1552 4885 1662 4940 Deo
1689 4885 1959 4954 proloqui,
1993 4885 2229 4952 scipsum

650 4980 913 5044 coercuit,
965 4989 1120 5032 utne
1167 4978 1244 5032 sic
1297 4979 1544 5049 loquens,
1592 4993 1852 5048 pugnare,
1886 4992 1951 5031 ac
1982 4975 2126 5030 velut
2177 4976 2230 5027 in

652 5086 871 5125 causam
924 5073 1090 5126 Deum
1144 5086 1346 5126 vocare
1398 5073 1690 5126 videretur.
1748 5071 2121 5139 Deincepsque
2163 5067 2231 5122 ad

659 5165 748 5218 Dei
779 5165 1224 5233 supplicationem
1257 5167 1501 5218 animum
1536 5162 1899 5226 transferens,
1933 5163 2008 5216 ait
2048 5181 2059 5216 :

732 5276 750 5308 ι
792 5257 1081 5324 Converte,
1115 5259 1376 5320 Domine;
1413 5259 1562 5326 eripe
1593 5259 1832 5311 animam
1862 5270 2036 5308 meam
2072 5274 2086 5310 :
2122 5254 2232 5306 sal-

661 5363 784 5402 vum
817 5364 898 5402 me
933 5348 1018 5402 l'ac
1058 5363 1279 5418 propter
1328 5349 1758 5402 misericordiam
1795 5355 1967 5400 tuam.
2012 5364 2029 5396 ι
2067 5343 2234 5398 Juxta

660 5439 870 5494 Domini
897 5442 1144 5510 proprias
1163 5442 1423 5504 rationes,
1447 5441 1611 5496 etiam
1639 5441 1905 5509 prOpheta
1929 5452 2233 5492 sermonem

2333 4520 2600 4573 λευόντων
2645 4516 2745 4568 οὐκ
2801 4512 3213 4570 ἀπαλλάσσεις;
3250 4508 3312 4559 Εἰ
3361 4505 3472 4574 γὰρ
3509 4503 3608 4557 καὶ
3649 4495 3751 4566 ἐγὼ
3775 4493 3874 4589 Δάνς

2333 4607 2484 4672 άξιος
2507 4645 2520 4669 ,
2555 4603 2691 4657 ἀλλὰ
2747 4603 2810 4654 σὺ
2845 4599 3130 4661 πολυέλεος
3168 4597 3267 4648 καὶ
3310 4594 3722 4663 φιλάνθρωπος*
3765 4584 3792 4649 ἡ
3824 4584 3873 4642 πη

2335 4700 2645 4771 παρόρασις
2713 4695 3067 4754 κατάπτωσις
3099 4691 3311 4758 γίνεται
3342 4689 3457 4749 τοῖς
3493 4681 3872 4752 ἐγκαταλιμπα’

2335 4793 2604 4862 νομένοις.
2653 4788 2842 4840 Ταῦτα
2887 4785 2982 4839 καὶ
3026 4783 3095 4835 τὰ
3127 4781 3351 4834 τοιαῦτα
3388 4779 3522 4850 πρὸς
3551 4776 3680 4829 Θεὸν
3709 4771 3734 4821 ὁ
3763 4779 3869 4862 “ﬁt/0'

2332 4857 2508 4954 (“1.771;
2540 4880 2972 4952 βουλευσάμενος
3006 4874 3384 4945 προενεγκεῖν,
3419 4869 3651 4937 ἐπέσχεν
3682 4857 3868 4960 ἐαυτὺγ,

2333 4978 2420 5030 ἵνα
2456 4975 2530 5045 μὴ
2559 4973 2889 5043 μαχόμενος,
2914 4969 3007 5023 καὶ
3029 4964 3142 5020 οἷον
3166 4963 3546 5034 δικαζόμενος,
3573 4959 3715 5012 ἔνθεν
3737 4958 3868 5045 φανῖγ

2333 5069 2428 5122 καὶ
2460 5067 2648 5119 λοιπὸν
2679 5066 2759 5127 εἰς
2804 5061 3015 5115 ἱκεσίαν
3069 5057 3206 5112 Θεοῦ
3255 5056 3556 5128 μεταφέρει
3622 5050 3706 5104 τὸν
3752 5044 3869 5104 λοτν

2335 5159 2496 5230 σμὸν,
2521 5156 2616 5210 καί
2647 5172 2813 5228 φησιν
2834 5170 2849 5186 ο

2411 5272 2428 5304 ι
2493 5249 2877 5319 Ἐπίστρεψον,
2932 5247 3143 5317 Κύριε,
3214 5244 3374 5313 ῥῦσαι
3413 5239 3511 5310 τὴν
3563 5235 3729 5309 ψυχήν
3771 5239 3865 5294 μου.

2337 5346 2511 5400 σῶσόν
2543 5363 2610 5416 με
2628 5346 2816 5397 ἐνεκεν
2840 5342 2933 5396 τοῦ
2958 5341 3138 5401 ἐλέους
3165 5355 3277 5390 σου.
3319 5355 3336 5386 ι
3372 5336 3527 5388 Κατὰ
3551 5334 3616 5384 τὰ
3650 5324 3866 5390 ξδιώμιίιτ³

2336 5438 2432 5490 τοῦ
2467 5436 2764 5496 Δεσπότου,
2799 5433 3033 5506 προάγει
3072 5431 3164 5483 τὸν
3196 5429 3355 5496 λόγον
3392 5427 3484 5479 καὶ
3531 5428 3558 5477 ὁ
3605 5421 3863 5506 προφηττῖἑῖ

659 5533 924 5604 producit.
961 5534 1060 5588 Ubi
1109 5535 1253 5590 enim
1306 5536 1556 5604 superius
1608 5534 1877 5589 dixisset:
1918 5551 1938 5584 ι
1980 5530 2213 5585 Misereri

2341 5489 2523 5582 Εἰπὼν
2553 5528 2662 5599 γὰρ
2694 5489 2976 5598 ἀνωτέρω,
3024 5544 3041 5575 ι
3101 5489 3356 5591 Ἐλέησόν
3403 5535 3492 5589 με,
3525 5515 3722 5585 Κύριεο
3767 5489 3867 5554 ασσί

715 5660 761 5692 ⁵⁸
790 5656 940 5715 Psal.
989 5677 1143 5730 χχιιι,
1175 5664 1278 5732 2|;
1322 5682 1392 5730 vr,
1436 5665 1487 5732 5,
1538 5667 1589 5720 4.
1667 5664 1712 5697 ⁸⁵
1746 5623 1937 5720 M’atth.
1974 5678 2088 5728 stu,
2126 5660 2213 5716 50.

2317 5663 2335 5690 ⁰
2372 5661 2502 5716 Luc.
2535 5677 2653 5730 xm,
2687 5663 2741 5717 6.
