3942 6298
175 202 332 305 ιιεδ
1373 220 1655 283 ORATIO

1826 225 2184 290 PSALMUM
2214 231 2313 326 Vl.

3325 239 3462 309 1128

173 338 215 389 μ
230 338 278 385 ε,
314 320 509 390 Κύριε,
536 341 551 372 ι
592 322 783 392 ἐπάγει
816 325 1025 390 τούτοις
1058 328 1184 398 ἐξῆς
1214 331 1293 393 τὸ,
1318 350 1335 381 ι
1375 331 1734 406 Ἐπίστρεψον

1881 341 2006 401 mei,
2038 341 2293 407 Domine;
2315 357 2445 395 sana
2477 356 2583 406 me,
2612 342 2839 398 Domine
2866 363 2878 400 :
2911 365 2928 397 ι
2955 345 3020 407 iis
3043 348 3239 405 deinde
3262 351 3462 407 subne~

165 413 259 475 ὡς
293 414 503 483 ποιμὴν
538 415 875 488 ἐπίστρεψον
896 437 908 449 ν
945 439 962 470 ι
987 422 1081 473 καὶ
1111 421 1187 485 ώς
1210 422 1403 493 όδηγὸς
1423 466 1437 490 ,
1471 428 1631 496 ῥῦσαι
1655 447 1666 459 ο
1700 430 1774 493 ὡς

164 504 447 572 δυνατὸς,
484 525 502 556 ι
544 507 728 562 Σῶσόν
768 527 836 580 με
866 510 1058 565 ἕνεκεν
1085 517 1182 567 τοῦ
1229 515 1413 580 ἐλέους
1450 534 1566 573 σου.
1606 540 1624 571 ι
1662 523 1774 592 Οὐχ

164 594 349 648 ἕνεκα
379 596 491 649 τῶν
521 597 699 668 ἔργων
729 617 855 669 μου,
891 604 1106 676 πονηρά
1130 605 1240 677 γάρ
1270 606 1410 660 εἰσιν
1435 623 1449 637 ⁸
1479 611 1579 682 οὐχ
1608 611 1773 667 ἕνεκα

166 686 292 738 τῶν
322 688 500 756 λόγων
531 706 659 759 μου,
695 691 918 760 μάταιοι
951 695 1060 767 γάρ
1093 698 1230 750 εἰσιν
1251 713 1265 728 ο
1320 700 1419 770 οὐχ
1467 701 1634 756 ἕνεκα
1662 704 1772 757 τῶν

164 776 464 846 λογισμῶν
511 798 637 851 μου,
689 784 930 855 ῥυπαροὶ
975 786 1085 858 γάρ
1115 788 1287 842 είσιν*
1320 791 1480 856 ἀλλά,
1534 813 1552 845 ι
1587 795 1771 849 Σῶσόν

167 886 251 940 με
284 871 469 926 ἕνεκεν
496 873 591 928 τοῦ
619 873 808 940 ἐλέους
841 893 961 933 σου.
998 897 1018 931 ι
1051 880 1114 932 Ei
1145 881 1201 934 δὲ
1249 883 1582 940 δικάσασθαι
1630 889 1769 958 πρός

166 982 251 1036 με
290 966 503 1037 βούλει,
550 969 661 1038 ἐγὼ
708 973 1088 1044 προλαμϐάνω
1122 975 1221 1046 τὴν
1256 978 1357 1048 σὴν
1411 980 1621 1051 κρίσιν,
1674 983 1768 1035 καὶ

161 1059 304 1112 κατ’
333 1062 702 1136 ἐμαυτοῦστὴν
745 1064 1027 1135 ἀπόφασιν
1063 1069 1308 1140 ἐκφέρω,
1345 1073 1440 1125 καὶ
1474 1073 1762 1145 ὁμολογῶ,

156 1150 257 1203 ὅτι
286 1151 434 1216 ἄξιος
460 1153 701 1209 θανάτου
741 1157 881 1235 ἐγώ,
910 1159 1136 1223 Λοιπὸν,
1176 1180 1196 1213 ‹
1242 1160 1428 1217 Σῶσόν
1463 1182 1529 1236 με
1575 1165 1764 1222 ἕνεκεν

153 1238 273 1291 τοῦ
303 1236 493 1306 ἐλέους
540 1259 657 1300 σου.
694 1263 713 1298 ι
751 1247 847 1310 Et;
873 1247 934 1300 τὸ
969 1247 1119 1312 ἔλεός
1150 1268 1245 1304 σου
1287 1238 1646 1325 καταφεύγω,
1676 1257 1767 1310 00-

152 1330 263 1384 δὲν
313 1331 455 1402 ἔχων
486 1339 861 1407 προσαγαγεῖν
904 1356 1010 1392 σοι.
1045 1340 1235 1406 Ἔλεος
1266 1344 1406 1397 αἰτῶ
1447 1347 1600 1415 παρά
1628 1348 1723 1401 σοῦ
1745 1366 1760 1381 ο

1878 433 1970 485 ctit
2002 429 2157 495 illud,
2193 452 2211 485 ι
2247 434 2539 497 Converte,
2571 445 2850 495 converte.
2931 447 2990 493 ιιι
3025 448 3335 507 pastorztut
3363 458 3461 498 vite

1876 522 2009 589 dux,
2039 525 2227 592 eripe;
2261 532 2321 578 ut
2369 536 2588 593 potens,
2631 546 2647 577 ι
2687 526 2906 581 Salvum
2962 543 3048 582 me
3099 526 3186 583 fac.
3240 542 3458 602 pr0pter

1876 615 2310 671 misericordiam
2358 624 2532 672 tuam.
2575 637 2593 670 ι
2630 618 2742 671 Non
2802 630 3022 689 propter
3075 635 3240 690 opera
3295 637 3451 689 mea;

1871 707 2073 775 quippe
2115 709 2254 762 mala
2302 718 2457 777 sunt;
2499 726 2603 764 non
2654 720 2880 779 propter
2922 726 3074 767 meos
3125 727 3453 769 sermones:

1872 813 1998 851 nam
2030 810 2158 853 sunt
2200 801 2351 865 vani;
2407 817 2513 857 non
2564 810 2788 871 propter
2842 816 2992 856 meas
3041 804 3399 874 cogitationes
3436 824 3455 863 :

1871 890 2144 962 siquidem
2193 903 2317 948 sunt
2371 894 2705 949 immunda:
2744 897 2862 957 sed,
2900 914 2918 945 ι
2968 895 3191 950 Salvum
3237 911 3323 951 me
3370 898 3456 954 fac

1868 996 2096 1055 propter
2142 985 2580 1040 misericordiam
2614 996 2780 1041 tuam.
2832 1006 2850 1038 ι
2887 986 3041 1053 Quod
3070 988 3116 1041 si
3148 988 3285 1043 velis
3320 990 3452 1044 milii

1868 1077 2018 1132 litem
2052 1079 2349 1146 intentare,
2397 1089 2546 1132 tuum
2592 1094 2691 1149 ego
2721 1079 2983 1145 judicium
3018 1094 3247 1149 occupo,
3291 1082 3455 1150 inque

1867 1171 2137 1242 meipsum
2184 1172 2515 1242 pronuntio.
2553 1185 2616 1226 ac
2649 1188 2734 1226 me
2763 1186 2914 1225 reum
2948 1172 3139 1227 mortis
3188 1173 3453 1227 conﬁteor

1865 1278 1930 1320 ac
1981 1278 2240 1347 agnoseo.
2294 1262 2589 1327 Cancrum,
2625 1281 2643 1313 ι
2681 1262 2903 1317 Salvum
2956 1279 3040 1319 me
3095 1262 3181 1319 fac
3229 1273 3453 1335 propter

1866 1357 2296 1413 misericordiam
2353 1367 2521 1412 tuam.
2563 1375 2582 1406 ι
2617 1356 2698 1410 Ad
2735 1367 2882 1411 tuam
2930 1357 3190 1427 confugio
3236 1358 3452 1413 miseri-

107 1450 121 1458 -
156 1423 253 1517 μὴ
280 1422 527 1500 ξητήσῃς
560 1446 628 1498 με
661 1428 763 1501 τὴν
795 1430 992 1487 τούτου
1031 1435 1227 1506 τιμήν.
1270 1436 1463 1503 Οὐδεὶς
1493 1441 1603 1512 γάρ
1629 1458 1748 1495 ποτε

1862 1449 2129 1515 cordiant,
2164 1464 2287 1504 cum
2326 1448 2458 1502 mihi
2493 1448 2635 1502 desit
2675 1447 2806 1517 quid
2847 1422 3243 1503 ol'feram.vas
3276 1457 3327 1502 te
3355 1449 3451 1501 mi-

150 1515 271 1586 τὴν
322 1517 702 1591 ἐλεημοσύνην
754 1523 1099 1595 πιπράσκει,
1144 1527 1284 1582 ἀλλά
1329 1529 1502 1602 δῶρον
1552 1532 1748 1604 ταύτηι

1862 1542 2216 1596 sericordiam
2244 1539 2429 1609 ﬂagito
2460 1557 2472 1594 :
2504 1547 2560 1592 tu
2599 1554 2669 1594 ne
2694 1515 2814 1609 ejus
2862 1539 3097 1608 pretium
3130 1553 3160 1592 a
3194 1552 3280 1593 me
3302 1554 3447 1608 qua!-

152 1609 425 1679 παρέχει.
455 1613 569 1676 Διὸ,
611 1630 631 1663 t
666 1613 851 1669 Σῶσόν
899 1633 968 1686 με
997 1617 1188 1673 ἐνεκεν
1214 1621 1311 1674 τοῦ
1349 1621 1535 1687 ἐλέους
1573 1641 1692 1680 σου.
1734 1644 1748 1676 ι

1862 1643 1974 1685 ras.
2009 1627 2179 1683 Nemo
2222 1629 2421 1697 quippe
2469 1626 2900 1682 misericordiam
2947 1627 3156 1699 vendit,
3204 1628 3297 1681 sed
3325 1642 3446 1681 eam

149 1703 458 1775 Μνὴσθητι
489 1706 598 1760 τῶν
625 1708 801 1778 λόγων
830 1703 905 1764 ὧν
934 1713 993 1764 ἐν
1026 1716 1146 1777 ταῖς
1173 1713 1357 1784 ἁγίαις
1386 1734 1481 1772 σου
1512 1718 1757 1789 Γραφαῖς

151 1799 435 1870 εἴρηκας’
468 1802 552 1856 ὅτι
593 1820 613 1855 ι
666 1803 977 1877 Ἐπιμελῶς
1004 1808 1255 1878 ἔγκειται
1292 1811 1506 1865 διάνοια
1534 1812 1630 1866 τοῦ
1664 1815 1759 1867 ἀν-

152 1892 392 1964 θρώπου
422 1897 514 1950 ἐπὶ
551 1896 619 1951 τὰ
643 1899 860 1971 πονηρά
930 1904 995 1956 ἐκ
1036 1903 1289 1973 νεότητος
1325 1905 1516 1960 αὑτοῦ.
1552 1926 1570 1959 ι
1602 1908 1756 1978 Μνή-

150 1986 331 2056 σθητι
359 1988 441 2042 ὅτι
461 1989 749 2060 ἄνθρωπος
776 1995 1098 2065 ματαιότητι
1128 1995 1408 2067 ὡμοιώθη,
1442 1999 1536 2051 καὶ
1563 1998 1646 2052 ὅτι
1694 2000 1753 2053 οὐ

140 2077 579 2151 δικαιωθήσεται
604 2081 840 2139 ἐνώπιόν
865 2103 959 2139 σου
991 2089 1101 2150 πᾶς
1130 2085 1258 2152 ζῶν.
1299 2106 1317 2138 ι
1368 2089 1496 2142 Ἐὰν
1526 2090 1757 2160 ἀνομίας

151 2175 564 2246 παρατηρήσῃ,
601 2175 684 2240 τίς
710 2177 1119 2250 ὑποστήσεταις
1160 2199 1178 2232 t
1222 2182 1508 2251 Μνήσθητι
1537 2182 1620 2235 ὅτι
1660 2185 1753 2236 οὐ·

148 2260 278 2325 δεὶς
308 2263 550 2335 καθαρὸς
577 2266 687 2320 ἀπὸ
719 2268 920 2340 ῥύπου,
947 2270 1060 2324 οὐδ’
1089 2271 1156 2324 ἂν
1255 2271 1353 2342 μία
1375 2274 1557 2343 ἡμέρα
1580 2276 1612 2343 ή
1640 2273 1755 2345 ζωὴ

150 2352 367 2421 αὐτοῦ,⁶
410 2356 507 2409 καὶ
549 2357 633 2410 ὅτι
690 2377 709 2410 ι
747 2361 806 2413 ἐν
840 2360 1099 2431 ἀνομίαις
1150 2363 1512 2433 συνελήφθην,
1562 2365 1656 2417 καὶ
1696 2366 1754 2420 ἐν

150 2444 473 2517 ἁμαρτίαις
517 2447 777 2525 ἐκίσσησέ
821 2468 888 2519 με
918 2451 952 2521 ἡ
984 2454 1167 2522 μήτηρ
1205 2470 1330 2523 μου.
1387 2472 1404 2505 t
1462 2453 1751 2524 Μνήσθητι

149 2534 248 2587 ὅτι
271 2535 394 2589 οὐδὲ
428 2536 591 2602 αὐτὸς
619 2541 646 2592 ὁ
668 2540 897 2611 οὐρανὸς
925 2541 1170 2614 καθαρὸς
1201 2542 1434 2597 ἐνώπιόν
1468 2561 1562 2597 σου
1584 2560 1596 2573 ·
1631 2545 1751 2598 οὐδὲ

149 2628 207 2680 oi
230 2627 455 2696 ἄγγελοι
486 2630 644 2684 αὐτοὶ
669 2632 1051 2704 ἀναμάρτητοι
1086 2635 1318 2689 ἐνώπιόν
1350 2653 1470 2699 σου,
1492 2634 1547 2688 εί
1569 2653 1630 2704 γε
1655 2636 1753 2689 καὶ

149 2720 222 2785 ἐξ
262 2722 495 2792 οὐρανοῦ
547 2722 745 2779 ἔπεσόν
798 2742 949 2790 τινες
992 2726 1061 2779 δι’
1112 2725 1500 2798 ὑπερηφανίαν
1545 2726 1747 2780 αὐτῶν.

159 2832 180 2864 ι
229 2813 458 2870 Ἕνεκεν
476 2816 572 2871 τοῦ
594 2817 781 2883 ἐλέους
807 2836 900 2873 σου
934 2818 1111 2873 σῶσόν
1139 2837 1207 2890 με
1226 2834 1241 2850 ’
1279 2839 1298 2873 ι
1325 2820 1426 2891 ἐμὲ
1457 2819 1549 2873 τὸν
1566 2818 1749 2884 ἐλέους

148 2906 437 2977 δεόμενον.
490 2910 552 2963 Ei
596 2911 708 2983 γὰρ
740 2911 833 2965 τὸν
859 2912 1010 2976 ἄξιον
1060 2911 1255 2977 σώζεις
1276 2953 1291 2980 ,
1322 2915 1370 2966 εί
1403 2911 1495 2965 τὸν
1541 2910 1749 2966 δίκαιον

1862 1721 2037 1792 gratis
2084 1720 2292 1774 tribuit.
2352 1718 2578 1783 Idcirco,
2618 1737 2637 1770 t
2685 1717 2909 1772 Salvum
2956 1732 3041 1771 me
3090 1718 3177 1773 l'ac
3226 1728 3447 1788 propter

1863 1809 2292 1866 misericordiam
2327 1818 2493 1863 tuam.
2528 1827 2546 1860 ι
2576 1807 2847 1862 Memento
2883 1807 3174 1861 verborum
3199 1818 3441 1871 tuorum,

1859 1918 1980 1973 quae
2014 1901 2068 1956 in
2093 1902 2269 1957 sacris
2297 1900 2524 1955 Litteris
2550 1900 2867 1969 prolocuttts
2889 1914 2969 1953 es.
2988 1897 3309 1963 Nitnirum,t
3344 1898 3445 1952 ho-

1859 1995 2022 2050 minis
2067 2005 2300 2049 mentem
2354 1993 2641 2063 diligenter
2687 1992 2740 2045 in
2784 1989 2926 2043 mala
2968 1991 3230 2044 intentam
3272 2005 3303 2043 a
3345 2005 3443 2045 sua

1852 2084 2596 2158 jttvetttute“-".tMemento
2633 2083 2910 2138 hominem
2949 2082 3172 2135 vanitati
3220 2081 3442 2136 assimi-

1858 2180 2025 2233 latum
2055 2192 2196 2244 esse,
2225 2192 2290 2232 ac
2322 2177 2437 2231 fore
2467 2184 2524 2230 ut
2556 2189 2660 2229 non
2691 2169 3022 2241 iustificetur
3047 2172 3227 2228 omnis
3252 2171 3440 2229 vivens

1856 2287 2039 2327 coram
2093 2280 2147 2325 te
2189 2270 2256 2324 ".
2298 2286 2317 2320 ι
2364 2268 2420 2323 Si
2475 2267 2797 2335 iniquitates
2867 2265 3266 2330 observaveris,
3315 2266 3437 2336 quis

1855 2362 2148 2417 sustinebit
2175 2360 2246 2414 "?
2280 2378 2298 2412 ι
2337 2359 2607 2413 Memento
2633 2356 2905 2410 neminem
2934 2371 2963 2409 a
2995 2356 3154 2412 sorde
3179 2358 3438 2412 tnuudum

1854 2469 1994 2519 esse,
2024 2469 2090 2507 ne
2116 2453 2161 2508 si
2189 2468 2291 2506 una
2325 2453 2439 2507 dies
2470 2451 2544 2506 sit
2571 2452 2678 2504 vita
2708 2452 2824 2521 ejus
2859 2467 2875 2504 :
2906 2457 3073 2517 utque
3102 2466 3121 2499 ι
3157 2449 3208 2503 ἰιι
3239 2449 3440 2518 iniqui-

1856 2544 2057 2598 tatibus
2090 2548 2386 2609 conceptus
2417 2540 2543 2606 sim,
2569 2550 2617 2595 et
2648 2540 2702 2593 in
2737 2539 2979 2610 peccatis
3007 2539 3320 2608 conceperit
3353 2554 3439 2595 me

1855 2646 2029 2689 mater
2057 2649 2174 2688 mea
2209 2631 2277 2687 ".
2324 2651 2344 2684 ι
2379 2631 2652 2686 Memento
2688 2647 2755 2685 ne
2783 2631 2981 2686 malum
3028 2633 3202 2700 ipsunt
3244 2644 3431 2685 coram

1857 2736 1907 2781 te
1937 2726 2194 2779 mundum
2231 2738 2354 2779 esse
2380 2723 2452 2786 ’⁸,
2487 2738 2665 2791 neque
2696 2723 2920 2793 angelos
2951 2737 3073 2777 esse
3101 2736 3285 2776 coram
3316 2731 3369 2777 te
3400 2736 3432 2777 ιι

1853 2828 2076 2889 peceato
2113 2818 2383 2872 immunes
2404 2816 2473 2881 ’⁷,
2506 2814 2772 2883 siquidem
2802 2828 2988 2869 eorum
3026 2814 3195 2883 aliqui
3221 2814 3437 2869 cecide-

1854 2919 1980 2965 runt
2010 2926 2040 2965 e
2070 2910 2209 2966 coelo
2256 2915 2480 2980 proitter
2531 2905 2861 2975 superbiam.
2900 2923 2919 2956 ι
2969 2904 3190 2960 Salvum
3230 2919 3317 2959 me
3351 2905 3438 2959 fac

150 2998 429 3069 ἐλεήσεις,
455 3001 609 3055 οὐδὲν
645 3002 962 3072 θαυμαστόν
984 3019 999 3034 °
1038 3002 1155 3057 ἀλλ’
1184 3005 1234 3057 εί
1262 3003 1364 3073 ἐμὲ
1385 3003 1478 3055 τὸν
1502 3002 1743 3068 ἀνάξιον,

1855 3012 2075 3071 prOpter
2124 2997 2557 3056 misericordiam
2601 3004 2800 3050 tuam:
2845 3015 2864 3049 ι
2906 3011 3014 3062 me,
3052 2997 3294 3067 inquam,
3342 2996 3435 3065 qui

150 3090 255 3144 τοῦ
290 3090 473 3156 ἐλέους
499 3111 594 3148 σου
627 3093 904 3159 ἀξιώσεις,
940 3094 1104 3149 τοῦτο
1132 3095 1227 3149 καὶ
1252 3096 1406 3162 ξένον
1426 3111 1438 3125 ’
1467 3093 1629 3148 τοῦτο
1655 3095 1750 3148 καὶ

154 3183 328 3255 μέγα.
363 3186 475 3239 Kal.
504 3186 614 3258 γὰρ
659 3186 844 3259 ἰατρὸς
876 3187 998 3241 τότε
1032 3188 1402 3258 θαυμάζεται,
1436 3188 1527 3241 ὅτε
1559 3189 1751 3252 νόσους
1794 3220 1797 3221 ν

148 3276 413 3341 ἀνιάτους
464 3280 637 3347 ἰᾶται,
701 3282 797 3335 καλ⁸
838 3280 1165 3351 ἀνθρώπους
1216 3281 1467 3350 χαλεπῶς
1498 3280 1722 3353 ἔχοντας

150 3369 502 3438 ἐπαναγάγει
545 3370 685 3443 πρὸς
736 3373 1102 3444 εὐρρωστίαν.
1153 3373 1264 3427 Καὶ
1311 3373 1564 3444 βασιλεὺς
1623 3374 1746 3427 τότε

149 3462 486 3525 ἐπαινεῖται,
528 3463 618 3516 ὅτε
666 3465 785 3527 τοῖς
829 3465 1071 3531 ἀναξίοις
1110 3466 1420 3537 χαρίζεται.
1454 3462 1615 3529 Οἶδας
1647 3464 1746 3536 τὴν

150 3550 445 3605 ἀσθένειαν
487 3552 590 3624 τῆς
636 3553 889 3623 φύσεως,
920 3557 997 3618 ὡς
1029 3559 1125 3610 καὶ
1164 3556 1376 3621 πλάσας
1420 3559 1610 3630 αὐτὴν,
1649 3558 1746 3612 καὶ

153 3644 237 3713 μὴ
267 3641 588 3709 ἀπαξιώσας
625 3645 830 3716 ταύτην
864 3647 1209 3704 ἐνδύσασθαι.

1853 3093 2230 3149 misericordia
2277 3107 2485 3163 egeam.
2536 3091 2816 3159 Siquidem
2859 3090 3005 3144 enim
3054 3104 3179 3144 eum
3222 3089 3434 3143 salvum

1850 3184 2007 3248 facis,
2056 3185 2149 3254 qui
2197 3185 2395 3255 dignus
2443 3192 2578 3238 est:
2614 3181 2882 3250 siquidem
2940 3180 3220 3235 misereris
3275 3181 3431 3251 justi,

1853 3279 1988 3333 nihil
2022 3292 2108 3331 res
2147 3277 2529 3333 admirationis
2562 3277 2726 3331 habet
2766 3298 2778 3332 :
2812 3275 2895 3331 sin
2931 3285 3114 3329 autent
3147 3273 3432 3340 indignum

1851 3386 1957 3435 me,
1999 3380 2087 3424 tua
2119 3372 2489 3426 misericordia
2551 3370 2879 3439 impertieris
2910 3386 2923 3422 :
2961 3371 3063 3437 boc
3117 3368 3303 3437 utique
3332 3380 3434 3421 no-

1851 3479 2014 3529 vum;
2052 3464 2154 3517 ltoc
2201 3478 2452 3533 magnum
2496 3465 2610 3518 [ῆι-ι.
2644 3465 2796 3519 Tunc
2825 3464 3024 3533 quippe
3056 3460 3297 3516 medicus
3328 3458 3432 3514 ad-

1850 3557 2125 3611 miratioui
2173 3555 2426 3621 habetur,
2464 3572 2586 3611 cum
2633 3559 2851 3612 morbos
2886 3554 3213 3610 incurabiles
3246 3560 3427 3615 sanat,

1849 3649 2102 3716 maleque
2136 3646 2357 3700 allectos
2389 3647 2632 3712 pristina:
2678 3645 2976 3702 valetudini
3024 3653 3259 3714 reparat.
3312 3643 3430 3697 Rex

151 3752 376 3805 quoque
426 3748 556 3791 tunc
602 3737 912 3793 celebratur
947 3740 1217 3805 laudibus,
1254 3756 1377 3796 cum
1444 3742 1497 3795 in
1536 3742 1841 3797 immeritos
1898 3741 2184 3795 muuilicns
2203 3740 2450 3795 e.-t.Sc.is
2501 3751 2712 3793 naturae
2757 3739 3209 3803 imbecillitatem,
3232 3738 3430 3808 quippe

149 3828 247 3898 qui
284 3842 399 3880 eam
436 3825 781 3892 fonnaveris,
828 3845 930 3884 nec
979 3831 1147 3900 ipsam
1203 3830 1428 3887 induere
1473 3833 1797 3904 dedignatus
1822 3831 1916 3887 sis.

227 3917 346 3982 Διὸ,
406 3937 425 3970 ι
462 3918 643 3972 Σῶσόν
685 3938 752 3991 με
801 3921 991 3977 ἕνεκεν
1036 3923 1128 3978 τοῦ
1182 3924 1368 3988 ἐλέους
1413 3943 1533 3979 σου.
1573 3944 1592 3977 ι
1648 3927 1742 3997 Μὴ

151 4010 359 4083 νικήσῃ
405 4011 437 4079 ἡ
482 4011 593 4082 ἐμὴ
645 4012 893 4084 ῥᾳθυμία
922 4013 1022 4086 τὴν
1046 4016 1287 4088 ἀμετρόν
1313 4033 1408 4070 σου
1433 4016 1744 4090 φιλανθρω-

151 4100 316 4154 πίαν⁶
348 4118 367 4152 ι
403 4101 494 4174 Μὴ
525 4103 606 4166 εἰς
634 4104 818 4175 κρίσιν
838 4104 999 4178 ἔλθῃς
1025 4107 1169 4177 μετά
1194 4107 1302 4161 τῶν
1330 4108 1533 4163 δούλων
1568 4126 1683 4163 σου.
1716 4129 1735 4162 ι

153 4195 220 4246 Εἰ
266 4197 375 4266 γάρ
424 4196 685 4267 κριθῆναι
727 4198 1001 4272 βουληθῇς
1031 4201 1171 4270 πρὸς
1202 4202 1384 4271 ἡμᾶς,
1430 4204 1539 4256 πᾶν
1566 4202 1745 4274 στόμα

150 4288 552 4384 φραγήσεται,
605 4289 773 4384 μηδὲν
823 4290 946 4361 ἔχον
999 4292 1472 4364 ἀπολογήσασθαι.
1504 4294 1569 4347 Τί
1628 4294 1739 4365 γὰρ
1773 4331 1813 4384 D

149 4378 423 4450 ἐρούμενς
478 4380 571 4449 Μὴ
620 4380 784 4445 ὄντας
834 4385 985 4454 ἡμᾶς
1026 4384 1317 4455 ἐποίησας,
1363 4385 1739 4457 πλανηθέντας

148 4470 535 4539 ἐπέστρεψας,
586 4472 939 4537 ἀπολωλότας
979 4474 1294 4547 ἐζήτησας,
1340 4476 1510 4548 τιμίῳ
1543 4477 1738 4547 ἐξηγόο

150 4579 328 4633 ρασας
373 4564 593 4634 αἵματι,
643 4567 795 4629 υἱοὺς
838 4567 987 4636 ἡμᾶς
1040 4566 1176 4621 Θεοῦ
1226 4568 1321 4621 καὶ
1365 4567 1741 4640 κληρονόμους

149 4654 515 4726 κατέστησας.
535 4657 649 4720 Διὸ,
674 4675 692 4709 t
724 4658 815 4729 Μὴ
839 4658 1085 4729 μνησθῇς
1113 4659 1222 4712 τῶν
1243 4659 1485 4729 ἀνομιῶν
1508 4659 1687 4730 ἡμῶν·
1714 4679 1734 4713 ι

153 4745 291 4815 μηδὲ
309 4746 746 4821 ἀντισταθμίσῃς
770 4750 893 4812 ταῖς
913 4749 1210 4821 ἁμαρτίαις
1232 4749 1332 4819 τὴν
1351 4748 1451 4821 σὴν
1480 4750 1739 4821 ἀπειλήνο

149 4833 290 4888 ἀλλὰ
316 4834 407 4889 τὸν
450 4835 660 4892 δίκαιόν
710 4856 803 4894 σου
838 4836 1003 4909 ζυγὸν
1063 4858 1081 4890 t
1117 4839 1300 4893 κλῖνον
1333 4841 1398 4894 ἐκ
1442 4839 1633 4894 τούτου
1657 4843 1738 4907 είς

148 4926 345 4981 τοῦτο·
391 4947 411 4980 ι
454 4930 522 4982 ὲκ
573 4929 669 4983 τοῦ
715 4932 990 5003 ἡμετέρου
1045 4930 1274 5001 φορτίου
1353 4933 1434 4996 είς
1487 4932 1548 4986 τὸ
1596 4933 1742 5004 μέγα

149 5020 303 5084 ἔλεός
344 5037 462 5076 σου.
517 5021 705 5077 Σῶσόν
750 5040 819 5093 με
846 5023 1041 5077 ἕνεκεν
1076 5023 1177 5092 τῆς
1209 5023 1578 5095 χρηστότητός
1614 5043 1739 5088 σου,

149 5113 218 5167 δι’
254 5106 321 5186 ἧς
356 5114 564 5185 κόσμον
594 5115 971 5185 ἀπολλύμενον
1008 5114 1256 5178 ἔσωσας*
1297 5116 1390 5169 καὶ
1435 5117 1636 5181 πάντες
1689 5119 1741 5171 οἱ

152 5206 248 5260 ἀπ’
294 5206 492 5268 αἰῶνος
524 5207 913 5272 δικαιωθέντες
974 5209 1063 5264 διὰ
1107 5210 1313 5280 ταύτης
1345 5210 1452 5263 τῶν
1478 5213 1536 5263 ἐν
1566 5212 1739 5280 ἐπαγ-

152 5296 362 5365 γελίαις
408 5298 731 5372 ἠξιώθησαν
779 5301 1022 5369 ἀγαοῶν.
1069 5303 1191 5356 Κᾶν
1247 5305 1355 5373 γὰρ
1405 5305 1608 5357 Μωσέα
1656 5322 1741 5369 τις

152 5389 313 5462 εἴπῃ,
358 5391 460 5445 κᾶν
531 5391 766 5464 Ἀαρὼν,
815 5395 919 5449 κᾶν
971 5396 1166 5460 Δαὸὶδ,
1223 5399 1330 5452 κᾶν
1385 5397 1592 5468 Πέτρον
1642 5399 1734 5452 τὸν

1913 3922 2272 3993 Quapropter,
2311 3942 2330 3973 ι
2368 3922 2588 3977 Salvum
2619 3938 2704 3977 me
2735 3921 2824 3978 fac
2856 3930 3077 3994 propter
3114 3921 3429 3977 misericor-

1842 4019 1986 4073 diam
2026 4027 2196 4070 tuam.
2240 4034 2259 4067 ι
2297 4015 2375 4071 Ne
2408 4017 2612 4080 vincat,
2646 4030 2852 4084 quaeso,
2889 4030 3004 4069 utea
3042 4013 3303 4083 segnities
3328 4013 3428 4065 itit-

1843 4125 2086 4165 mensam
2134 4108 2480 4163 cletnentiam
2528 4124 2593 4163 ac
2636 4108 3025 4178 benignitatem
3060 4115 3247 4159 tuam:
3291 4124 3308 4156 ι
3351 4103 3428 4159 Ne

1841 4200 2012 4263 intres
2062 4200 2116 4254 in
2162 4200 2428 4268 judicium
2477 4212 2600 4253 cum
2641 4199 2818 4253 servis
2866 4198 2976 4252 tuis
3021 4197 3092 4252 ".
3134 4217 3154 4249 ι
3189 4197 3244 4250 Si
3281 4199 3425 4250 eniut

1843 4292 2079 4347 volueris
2112 4291 2321 4360 judicio
2370 4291 2654 4346 nobiscum
2710 4292 3066 4354 contendere,
3108 4290 3449 4360 obstruatur,

1841 4392 2055 4454 Oportet
2085 4398 2246 4437 omne
2271 4398 2355 4446 os,
2380 4383 2528 4437 onmi
2562 4383 2885 4437 destitutum
2916 4382 3252 4437 defensione.
3286 4381 3424 4449 Quid

1837 4476 1984 4530 enim
2023 4474 2223 4530 dicturi
2278 4474 2509 4529 sumus?
2540 4474 2674 4528 Cum
2728 4490 2833 4529 non
2876 4489 3146 4538 essemus,
3183 4474 3424 4535 creasti;

1836 4553 2029 4624 errore
2092 4567 2314 4637 lapsos,
2383 4567 2729 4633 convertisti;
2791 4566 3037 4635 perditos
3090 4566 3421 4635 quas-ivisti;

1839 4662 2083 4733 pretioso
2114 4659 2395 4716 redemisti
2431 4661 2736 4731 sanguine;
2776 4660 2867 4714 Dei
2890 4675 2990 4714 nos
3017 4660 3156 4714 filios
3174 4674 3237 4713 ac
3263 4666 3423 4713 limi-c-

1839 4754 1937 4809 des
1967 4753 2319 4808 constituisti.
2372 4752 2733 4823 Quapropter,
2771 4771 2790 4803 ι
2832 4751 2914 4807 Ne
2949 4752 3262 4807 memineris
3317 4751 3421 4805 ini-

1843 4845 2111 4914 quitatum
2162 4856 2473 4901 nostrarum
2508 4845 2555 4878 ⁹⁹
2591 4863 2608 4901 :
2651 4864 2667 4894 ι
2711 4860 2886 4914 neque
2929 4846 3167 4915 peccatis
3216 4847 3423 4898 nostris

1841 4916 1989 5002 tua'm
2014 4952 2081 4993 ex
2117 4938 2351 4992 adverso
2378 4937 2855 4993 comminationvm
2887 4938 3214 5008 appenderis
3249 4955 3263 4988 :
3289 4939 3418 5006 quin

1839 5031 2041 5099 potius,
2071 5029 2276 5098 justam
2315 5029 2461 5083 illam
2500 5037 2646 5082 tuam
2695 5028 2885 5084 libram
2930 5047 2949 5079 ι
2989 5028 3190 5083 inclina
3219 5043 3284 5081 ex
3315 5026 3419 5081 hoc

1841 5124 1893 5178 in
1921 5124 2024 5179 boc
2058 5123 2112 5189 ¹;
2150 5141 2169 5174 ι
2204 5137 2271 5176 ex
2312 5131 2498 5177 nostro
2535 5136 2703 5176 onere
2734 5123 2788 5174 in
2816 5136 3062 5188 magnam
3097 5122 3242 5176 illam
3272 5131 3415 5174 luam

1840 5213 2301 5268 misericordiam.
2357 5212 2578 5268 Salvum
2614 5230 2699 5269 nte
2732 5216 2816 5271 l'ac
2847 5225 3069 5284 propter
3119 5215 3414 5269 bonitatem
3505 5226 3509 5231 '

1842 5314 2007 5372 tuam,
2038 5320 2138 5376 per
2166 5320 2329 5376 quant
2356 5305 2615 5360 mundum
2647 5309 2917 5376 perditum
2951 5308 3161 5361 salvum
3197 5306 3372 5361 fecisti
3399 5322 3414 5358 :

1840 5414 2137 5470 omnesque
2171 5415 2201 5454 a
2236 5398 2438 5456 saeculo
2471 5398 2597 5470 iusti
2635 5414 2730 5471 per
2767 5415 2885 5455 eam
2922 5401 3059 5454 bona
3089 5398 3416 5470 reprotnissa

150 5540 279 5625 "'"_
295 5542 591 5625 980131",
614 5546 710 5625 ξι.
789 5547 993 5625 ’³Ρρδί
1018 5565 1223 5625 Δ(ηειιιι,
1261 5553 1324 5623 ιί;
1364 5568 1533 5625 cxut,
1556 5553 1612 5606 2.
1689 5555 1736 5625 θζ
1770 5554 1913 5608 Psal.
1940 5571 2126 5617 CXXIX,
2156 5556 2209 5612 5.
2287 5558 2333 5591 ³³
2358 5557 2500 5614 Psal.
2531 5576 2583 5625 ι,
2613 5557 2665 5612 '7.
2743 5558 2789 5590 "
2811 5556 2909 5613 Job
2945 5573 3030 5625 xv,
3078 5556 3160 5614 15.
3239 5556 3284 5591 9"
3315 5555 3417 5614 Job

154 5614 348 5679 “1,48.
425 5615 471 5647 ’⁸
507 5617 648 5670 Psal.
682 5633 851 5683 cunt,
883 5620 938 5672 ‘2.
1015 5621 1059 5652 "
1088 5619 1464 5685 l’s:t|.t.xitv:tt,
1512 5623 1561 5676 8.

1648 5628 1660 5655 ³
1710 5623 1851 5679 Psal.
1901 5641 2087 5692 Ἆλιν,
2124 5629 2173 5681 9.
