4026 6308
301 249 446 322 liii

379 362 568 421 Ταῦτα
606 361 701 415 καὶ
733 358 959 414 πλείονα
991 361 1198 413 τούτων
1225 362 1347 423 ταῖς
1386 358 1618 426 ὲξοόίοις
1660 358 1832 428 ὥραις
1853 358 1880 408 ὁ
1910 361 1955 417 Α

302 453 514 527 λῃστὴς
545 448 1071 521 ἐξομολογούμενος,
1106 451 1199 507 καὶ
1225 450 1292 502 τὰ
1328 450 1541 521 δάκρυα
1576 445 1659 511 οἷς
1709 447 1881 526 ἱλεού-

307 562 476 617 μενος
505 543 596 597 τὸν
638 542 776 595 Θεὸν
800 581 814 605 ,
846 540 1037 594 ἑαυτὸν
1070 540 1355 611 περιέρρει
1386 579 1400 602 ,
1440 539 1522 609 τῷ
1552 542 1650 609 τῆς
1683 537 1878 593 ἑαυτοῦ

306 635 558 704 κεφαλῆς
590 631 1051 703 περικαλύμματι
1079 631 1454 699 ἀπομάσσων,
1501 629 1789 700 παρέδωκε
1819 629 1880 681 τὸ

306 726 535 797 πνεῦμα
564 740 579 757 ⁸
615 726 692 788 ὡς
742 724 968 795 ὕστερον
1012 722 1163 793 παρὰ
1194 722 1303 793 τῶν
1341 721 1881 793 συμπαρακειμένων

305 818 466 889 αὑτῷ
535 814 783 887 ὰκριὸῶς
829 818 857 869 ὁ
889 814 1141 878 τοιοῦτος’
1167 814 1396 878 θάνατος
1429 813 1764 884 διεγνὼσθη.
1819 814 1879 865 '0

304 911 370 965 δὲ
401 907 785 979 φιλάνθρωπος
833 906 965 969 Θεὸς
996 907 1091 960 καὶ
1123 904 1315 976 Σωτὴρ
1351 904 1446 958 τοῦ
1476 904 1673 974 γένους
1700 903 1880 974 ἡμῶν,

306 1002 615 1073 κηδόμενος
643 999 753 1053 τῶν
782 1000 862 1061 είς
897 997 1059 1069 βάθος
1089 999 1354 1052 ἐλθόντων
1389 996 1599 1064 κακῶν,
1624 997 1719 1050 καὶ
1743 996 1882 1049 ἀπο-

306 1090 688 1161 γινωσκόντων
741 1088 841 1157 τὴν
890 1087 1100 1142 ἑαυτῶν
1148 1085 1449 1158 σωτηρίαν,
1493 1086 1573 1148 ὼς
1627 1085 1691 1139 ἂν
1736 1084 1882 1157 ἔχειν

306 1182 641 1255 ἀκούοντες,⁸
664 1182 758 1233 καὶ
785 1180 893 1233 ἀπὸ
935 1180 1035 1249 τῆς
1078 1178 1336 1248 τελευτῆς
1374 1178 1467 1231 τοῦ
1506 1176 1703 1249 λῃστοῦ
1738 1178 1884 1247 6);:-

306 1272 658 1335 λεῖσθαι,κα“ι
675 1271 773 1340 τὴν
799 1269 1137 1339 ἐπιστροφὴν
1164 1270 1239 1340 μὴ
1258 1268 1677 1338 ἀπογινώσκειν,
1703 1270 1884 1339 ἰατρόν

306 1380 439 1416 τινα
466 1360 725 1431 εὐλαϐείᾳ
777 1358 1027 1423 συζῶντα
1067 1360 1192 1413 ἰδεῖν
1223 1342 1517 1430 οἰκονομεῖ,
1549 1360 1715 1414 κατὰ
1758 1363 1884 1424 τοὺς

309 1453 517 1516 ὕπνους
542 1455 599 1506 ὲν
626 1452 810 1523 ἐκείνῃ
840 1455 906 1523 τῇ
939 1453 1097 1505 νυκτὶ
1122 1452 1244 1506 καθ’
1280 1455 1346 1524 ἢν
1381 1454 1473 1507 καὶ
1491 1454 1520 1506 ό
1541 1453 1744 1524 λῃστὴς
1772 1454 1887 1506 ὲτε-

307 1544 577 1613 λεύτησεν
606 1584 620 1609 ,
656 1542 923 1606 Αἰθίοπας
972 1542 1227 1607 ἐλθόντας
1275 1544 1413 1614 πρὸς
1442 1544 1626 1609 αὑτὸν,
1666 1544 1760 1598 καὶ
1805 1540 1885 1608 οἷς

308 1636 651 1706 ἐπεφέροντο
684 1634 914 1705 χᾲρταις
952 1635 1299 1711 ἐγγράφοις,
1329 1635 1398 1687 τὰ
1443 1634 1591 1707 αὐτῷ
1630 1637 1884 1707 ἡμαρτη-

313 1727 457 1797 μένα
488 1727 671 1780 πάντα
714 1725 1175 1790 ὲπιδεικνύοντας.
1238 1726 1440 1780 Ἐδίδου
1475 1727 1533 1780 δὲ
1584 1726 1661 1797 τῷ
1712 1727 1886 1781 ταῦτα

311 1819 610 1891 θεωροῦντι
640 1818 701 1872 τὸ
736 1818 890 1889 ὄναρ,
921 1820 1013 1872 καὶ
1045 1818 1139 1872 δύο
1160 1819 1314 1883 τινὲς
1343 1820 1658 1887 φωτοειδεῖς
1686 1820 1887 1891 ἄνδρας

268 1914 472 1984 λὸρᾷν,
515 1912 650 1982 πρὸς
703 1910 797 1974 οὓς
828 1912 923 1967 καὶ
966 1911 1096 1974 τοὺς
1132 1911 1407 1974 Αἰθίοπας.
1446 1912 1721 1975 ἐκείνους,
1762 1913 1888 1974 τοὺς

310 2001 751 2071 ἐπιφερομένους
781 2000 989 2070 χάρτας
1020 2000 1425 2066 ἐπιδεικνύναι,
1461 2002 1558 2054 καὶ
1599 2000 1886 2071 βούλεσθαι

314 2093 441 2163 μεθ’
478 2094 685 2146 ἑαυτῶν
714 2092 1017 2160 λαμϐάνειν
1044 2091 1137 2143 τὸν
1174 2091 1378 2162 λῃστήν
1399 2109 1412 2123 ⁸
1447 2093 1575 2155 τοὺς
1605 2092 1659 2146 δὲ
1693 2109 1888 2161 φωτει-

310 2182 457 2244 νσὺς
490 2182 688 2251 ἄνδρας
732 2181 840 2233 τῶν
872 2180 1047 2234 ἄλλων
1098 2180 1439 2252 ἀποροῦντας
1465 2222 1478 2247 ,
1532 2182 1719 2251 ζητεῖν
1767 2183 1823 2235 ὲν

310 2277 607 2331 κατέκειτο
644 2273 823 2344 κλίνῃ,
859 2273 912 2324 εἴ
937 2290 1053 2335 πως
1083 2271 1287 2343 εὖρωσί
1318 2290 1370 2326 τι
1399 2274 1494 2326 καὶ
1522 2274 1678 2328 αὐτοὶ
1702 2316 1715 2339 ,
1751 2276 1888 2344 πρὶς

310 2367 418 2436 τὴν
447 2365 555 2419 τῶν
588 2365 860 2429 Αἰθιόπων
912 2366 1266 2435 ἀποτροπήν
1307 2365 1356 2419 οἳ
1394 2366 1487 2418 καὶ
1527 2366 1779 2437 εὑρόντες
1824 2367 1887 2419 τὺ

308 2459 416 2527 τῆς
463 2456 707 2527 κεφαλῆς
736 2455 830 2508 τοῦ
877 2455 1076 2527 λῃστοῦ
1112 2456 1511 2526 περικάλυμμα
1546 2457 1756 2527 πλῆρες
1805 2458 1885 2510 ἔτι

309 2548 569 2618 δακρύων
613 2541 687 2601 ὧν
723 2547 905 2617 ἐξέχεε
935 2548 1219 2618 μετανοῶν
1246 2549 1302 2601 ἐν
1354 2548 1432 2617 τῷ
1470 2549 1684 2618 μέλλειν
1723 2549 1887 2602 αὐτὸν

311 2640 598 2713 τελευτᾷν,
654 2639 814 2692 τοῦτο
858 2639 955 2691 καὶ
994 2640 1092 2709 τὴν
1146 2638 1554 2708 φιλανθρωπίαν
1609 2639 1701 2692 τοῦ
1739 2640 1885 2693 Θεοῦ

315 2729 579 2801 βαλόντες
614 2730 695 2793 εἰς
720 2728 818 2798 τὴν
861 2728 990 2798 μίαν
1026 2728 1340 2797 πλάστιγγα
1385 2730 1483 2798 τῆς
1508 2730 1814 2804 τρυτάνης,
1853 2734 1885 2802 ἢ

314 2822 416 2874 καὶ
449 2820 536 2873 διὰ
562 2821 620 2872 τὸ
658 2820 827 2890 μηδὲν
857 2820 1001 2889 ἔχειν
1026 2822 1106 2880 είς
1130 2820 1187 2873 τὸ
1215 2821 1763 2892 ἀντισταθμίξεσθαι,
1792 2825 1889 2877 καὶ

311 2916 431 2974 τοῖς
476 2913 781 2981 τιθεμένοις
830 2912 1183 2981 βαρύνεσθαι,
1240 2915 1323 2983 ἐφ’
1371 2913 1541 2982 ὕψους
1588 2916 1752 2987 ᾔρετο
1797 2919 1886 2970 καὶ

1469 248 1749 310 ORATIO
1789 247 1869 307 ΙΝ
1909 244 2269 306 PSALMUM
2310 242 2407 303 Vl.

3407 237 3544 302 1149

2054 354 2179 408 llaec
2205 368 2267 407 ac
2307 354 2374 407 iis
2409 351 2560 421 plura
2607 348 2873 406 conﬁtens
2907 347 3046 402 latro
3081 348 3213 401 hora
3246 347 3445 411 exitus,
3482 364 3545 402 ae

1984 446 2273 515 lacrymas,
2321 442 2517 513 quibus
2548 457 2606 496 se
2635 442 2750 510 ipse
2788 440 2954 494 Deum
2991 439 3213 511 placatis
3259 438 3548 506 perfunde-

1984 534 2096 602 bat,
2126 535 2322 605 capitis
2356 534 2526 587 linteo
2566 532 2904 599 abstergens,
2944 528 3148 584 elllavit
3195 528 3452 592 animam,
3492 539 3550 582 ut

1985 628 2323 697 postmodum
2359 639 2455 697 per
2485 640 2580 680 eos
2611 625 2702 693 qui
2733 623 2895 677 vieini
2928 622 3120 676 eodem
3152 620 3551 675 decumbebant

1984 719 2123 784 loco,
2160 716 2767 784 accuratiuscognitum
2798 721 2902 769 est.
2928 713 3180 769 Clemens
3208 721 3389 766 autem
3413 712 3555 766 Deus

1984 826 2049 866 ac
2083 810 2329 867 Salvator
2368 810 2588 864 humani
2629 808 2865 879 generis,
2914 821 3104 862 eorum
3150 819 3334 860 curam
3386 819 3552 875 agens

1986 905 2077 976 qui
2130 900 2399 959 venerunt
2443 894 2499 956 in
2535 912 2879 972 peccatorum
2935 898 3284 970 profundum,
3333 912 3395 951 ac
3440 912 3553 953 suae

1985 998 2178 1054 salutis
2205 997 2473 1068 abjiciunt
2505 1010 2679 1065 spem,
2707 1008 2835 1063 quo,
2870 1008 2934 1047 ex
2981 990 3209 1047 latronis
3247 1000 3421 1045 morte
3454 1004 3551 1043 au-

1984 1082 2195 1146 dientes
2243 1087 2584 1151 commodum
2645 1094 2944 1155 reportent,
2998 1099 3099 1140 nec
3151 1084 3443 1152 desperent
3489 1084 3553 1136 de

1985 1183 2360 1246 conversione,
2387 1179 2491 1250 piis
2511 1178 2799 1248 quemdam
2831 1175 3077 1231 moribus
3112 1174 3401 1237 medicum,
3436 1172 3571 1241 ipsa-

1988 1285 2146 1332 nocte
2191 1290 2293 1345 qua
2345 1273 2488 1327 latro
2533 1271 2808 1335 decessit,
2850 1269 2903 1322 in
2935 1268 3142 1323 somnis
3191 1267 3374 1321 videre
3426 1266 3555 1320 facit

1989 1367 2265 1423 venientes
2299 1364 2367 1420 ad
2396 1378 2518 1420 eum
2558 1361 2866 1430 Ethiopes,
2898 1376 2961 1415 ac
3009 1359 3231 1423 chartis,
3261 1361 3397 1429 quas
3420 1359 3554 1412 scri-

1986 1471 2105 1533 ptas
2128 1460 2456 1523 inferebant,
2492 1457 2608 1528 ejus
2633 1456 2839 1510 scelera
2864 1454 3044 1508 omnia
3077 1460 3433 1507 ostentantes.
3466 1449 3555 1501 Vi-

1987 1554 2146 1609 debat
2178 1564 2393 1621 quoque
2436 1549 2628 1604 borum
2665 1554 2938 1617 spectator
2971 1559 3068 1614 per
3095 1543 3388 1603 somnium,
3423 1543 3558 1594 duos

1988 1643 2250 1713 quosdam
2296 1641 2447 1695 viros
2472 1640 2708 1704 lucidos,
2742 1638 2932 1706 eisque
2968 1632 3226 1704 praefatos
3272 1628 3557 1703 ιιΕἰΙιῑοριις

1990 1733 2167 1786 illatas
2233 1729 2570 1800 proferentes
2635 1726 2965 1781 chartas’ac
3018 1724 3446 1786 contendentes,
3500 1735 3557 1775 ttt

1990 1823 2253 1876 latronem
2306 1833 2488 1875 secum
2540 1819 2853 1886 abriperent
2889 1835 2902 1871 :
2938 1814 3059 1869 illos
3099 1829 3227 1867 vero
3275 1814 3442 1878 viros,
3478 1814 3557 1866 in-

1989 1927 2170 1982 quam,
2193 1910 2312 1967 luce
2332 1910 2664 1989 splendidos,
2686 1923 2809 1963 cum
2834 1906 2940 1961 alia
2961 1908 3232 1989 deessent,
3256 1917 3559 1972 quaerentes

1991 2003 2042 2053 in
2094 2000 2259 2063 lecto,
2305 2014 2411 2070 quo
2443 2000 2488 2054 is
2518 1998 2757 2069 jacebat,
2797 2002 2926 2051 num
2969 2006 3021 2050 et
3068 1996 3171 2066 ipsi
3223 1997 3427 2065 aliquid
3478 1996 3561 2051 fu-

1989 2093 2176 2161 gandae
2207 2093 2378 2147 turbae
2407 2092 2483 2148 illi
2504 2090 2817 2160 Ethinpnm
2838 2088 3084 2143 invenire
3112 2097 3335 2157 possent
3362 2109 3374 2142 :
3408 2103 3561 2143 cum-

1990 2196 2093 2252 que
2125 2183 2158 2237 ii
2187 2183 2416 2237 latronis
2446 2182 2576 2236 illud
2608 2179 2801 2250 capitis
2823 2178 3052 2233 linteum
3078 2178 3328 2248 lacrymis
3354 2181 3559 2243 adhuc,

1990 2290 2125 2345 quas
2164 2277 2433 2346 paenitens
2474 2275 2527 2328 in
2563 2274 2753 2328 mortis
2792 2272 3074 2342 procinctu
3108 2270 3410 2336 cﬂ‘ndisset,
3441 2274 3557 2342 ple-

1988 2384 2115 2421 num
2151 2368 2510 2429 invenissent,
2545 2368 2597 2420 in
2628 2382 2789 2419 unam
2816 2373 3029 2420 statera:
3054 2363 3284 2429 lancem,
3315 2379 3377 2418 ac
3401 2365 3558 2418 simul

1992 2461 2082 2514 Dei
2113 2461 2388 2514 mittentes
2419 2458 2764 2514 clementiam
2790 2474 2805 2523 ;
2842 2470 2962 2526 quae
2990 2440 3208 2526 quidem
3244 2455 3390 2522 lanx,
3418 2458 3558 2525 quod

1991 2552 2123 2604 nihil
2176 2557 2325 2605 esset
2382 2549 2523 2619 quod
2567 2563 2636 2602 ex
2689 2550 2921 2603 adVerso
2977 2549 3217 2617 pandere
3273 2557 3520 2617 gravaret
3543 2585 3575 2611 ,.

1984 2643 2159 2696 altera
2191 2642 2350 2695 illatis
2377 2656 2472 2709 per
2499 2639 2785 2708 JEtltiopes
2818 2640 3033 2708 scriptis
3077 2638 3256 2706 plena,
3287 2653 3348 2691 ac
3391 2639 3441 2692 in
3475 2654 3563 2692 so-

1991 2734 2096 2787 lum
2124 2734 2399 2801 depressa,
2431 2734 2482 2783 in
2515 2729 2748 2783 sublime
2777 2728 2913 2782 levis
2940 2729 3154 2783 sublata
3180 2737 3299 2783 erat
3327 2747 3340 2784 :
3370 2746 3560 2798 magna

1991 2824 2364 2879 cxclamarunt
2417 2816 2630 2875 vorezi
2669 2820 2851 2875 Vincit
2885 2819 2980 2875 Dei
3014 2820 3337 2886 clementia;
3371 2840 3391 2873 ι
3440 2837 3562 2875 mox

1990 2927 2167 2971 autem
2226 2913 2509 2983 IEtltiopcs
2550 2913 2766 2981 quidem
2825 2912 3035 2967 confusi
3082 2914 3364 2976 abierunt;
3427 2913 3562 2964 luris

313 3002 712 3071 ἀνεκουφίζετο
734 3021 746 3032 ·
781 3004 874 3056 καὶ
912 3007 1017 3075 γὰρ
1044 3005 1141 3074 τὴν
1182 3005 1372 3075 ἑτέραν
1405 3008 1453 3058 οἱ
1489 3009 1749 3070 Αἰθίοπες
1772 3013 1886 3073 τοῖς

1996 3024 2120 3069 vero
2164 3008 2360 3075 angeli,
2410 3014 2683 3074 acceptam
2749 3005 2972 3061 latronis
3007 3007 3240 3060 animum
3296 3008 3347 3058 in
3396 3014 3562 3059 conos

309 3094 621 3164 ἐγγράφοις
668 3090 814 3164 εἶχον
863 3096 1304 3167 πεπληρωμένην
1339 3099 1431 3151 καὶ
1473 3099 1883 3172 καθελκομένην

1990 3116 2169 3156 secum
2197 3098 2551 3167 collegerunt.

317 3192 401 3253 είς
431 3190 627 3258 ἔδαφος
652 3208 663 3220 ·
700 3210 717 3242 ι
767 3192 911 3261 Νικᾷ
958 3193 988 3261 ἡ
1025 3193 1404 3262 φιλανθρωπία
1439 3194 1533 3246 τοῦ
1566 3194 1722 3256 Θεοῦ,
1766 3216 1784 3248 ι
1823 3200 1879 3250 ἐν
1923 3197 2133 3270 μεγάλῃ
2158 3196 2309 3264 φωνῇ
2375 3191 2710 3262 ἐξεϐόησαν·
2745 3192 2837 3245 καὶ
2896 3192 3055 3256 εὐθὺς
3103 3193 3149 3245 οἱ
3188 3193 3284 3263 μὲν
3312 3193 3564 3255 Αἰθίοπες

317 3284 1164 3358 κα-ῖῃσχυμμέναινύπείστρεςονν
1192 3289 1239 3341 οἱ
1270 3289 1322 3342 δὲ
1344 3288 1435 3343 τοῦ
1469 3289 1642 3359 gena;
1670 3290 1889 3362 ἄγγελοι
1927 3293 2185 3357 λαϐόντες
2249 3284 2348 3360 τὴν
2388 3286 2567 3359 ψυχὴν
2598 3288 2691 3341 τοῦ
2753 3287 2976 3360 λῃστοῦ,
3018 3290 3096 3352 εἰς
3132 3288 3395 3359 οὐρανοὺς
3446 3289 3564 3360 μεθ’

318 3378 533 3432 ἑαυτῶν
566 3380 959 3447 συνανήγαγον.

395 3468 581 3522 Ταῦτα
634 3471 662 3522 ὁ
714 3470 1005 3540 εἰρημένος
1068 3470 1251 3541 ἰατρὸς
1310 3470 1442 3542 ὄναρ
1474 3470 1641 3535 'iaau,
1693 3473 1897 3537 εὐθέως

318 3558 562 3617 ἀναστὰς
579 3555 653 3618 ὡς
684 3553 799 3627 εἶχε
828 3559 1028 3627 τάχους
1058 3559 1280 3628 ἔρχεται
1311 3563 1393 3622 εἰς
1422 3561 1485 3612 τὸ
1519 3566 1891 3633 νοσοκομεῖον·

321 3647 422 3699 καὶ
452 3649 829 3717 προσεγγίσας
860 3651 923 3717 τῇ
974 3649 1129 3719 κλίνῃ
1178 3650 1274 3701 τοῦ
1324 3648 1559 3721 λῃστοῦ,
1596 3652 1758 3705 αὐτὸν
1795 3654 1894 3722 μὲν

320 3738 571 3808 εὑρίσκει
595 3739 693 3809 ἤδη
718 3739 1122 3792 ἐκπνεύσανταθ
1146 3740 1207 3792 τὸ
1234 3740 1292 3792 δὲ
1317 3742 1712 3812 περικάλυμμα
1743 3743 1893 3814 παρὰ

318 3830 425 3899 τὴν
451 3830 637 3899 κλίνην
668 3832 771 3900 ὁρᾷ
802 3831 1055 3900 κείμενον
1086 3831 1377 3903 διάϐροχον
1410 3834 1532 3885 ὅλον
1562 3835 1624 3885 ἐκ
1655 3834 1761 3886 τῶν
1797 3836 1890 3888 δα·-

320 3920 512 3991 κρύων
540 3938 554 3953 ·
582 3924 678 3974 καὶ
717 3922 781 3991 δὴ
815 3923 1004 3993 μαθὼν
1046 3924 1194 3992 παρὰ
1229 3923 1338 3975 τῶν
1373 3924 1599 3994 πλησίον
1632 3944 1892 3980 κατακει-

323 4012 510 4082 μένων
546 4011 788 4064 ἀσθενῶν
818 4013 912 4064 τοῦ
941 4013 1173 4065 θανάτου
1200 4013 1291 4066 τὸν
1324 4015 1526 4085 τρόπον
1553 4058 1566 4082 ,
1590 4016 1701 4086 -τὴν
1730 4016 1895 4086 μετά-

318 4120 479 4158 νοιαν
504 4144 517 4167 ,
554 4104 697 4156 αὐτὰ
726 4105 791 4156 τὰ
819 4106 1046 4174 ῥήματα
1071 4105 1106 4158 ἃ.
1134 4106 1270 4177 πρὸς
1303 4107 1434 4159 (θεὸν
1461 4105 1893 4178 ἐξομολοχούμε·

320 4211 415 4256 νος
444 4195 648 4260 ἔλεγεν,
692 4195 879 4249 ἄπεισι
911 4197 1046 4266 πρὸς
1081 4198 1175 4250 τὸν
1204 4198 1401 4267 εὐσεϐῆ
1439 4199 1533 4251 καὶ
1568 4201 1895 4254 πιστότατον

323 4284 575 4355 βασιλέα,
613 4287 752 4356 ἔχων
778 4289 869 4339 ἐπὶ
896 4291 1083 4357 χεῖρας
1115 4289 1176 4340 τι
1214 4290 1574 4358 περικλυσθὲν
1599 4292 1895 4361 κεφαλόὸε-

2071 3467 2169 3531 Ubi
2207 3481 2366 3536 porro
2397 3465 2655 3535 praefatus
2687 3465 2931 3520 medicus
2956 3466 3067 3535 inec
3093 3466 3143 3520 in
3176 3472 3379 3524 somnis
3400 3472 3569 3529 νΜὶε-

1994 3573 2098 3626 set,
2134 3576 2365 3630 surgens
2418 3560 2628 3623 statim,
2682 3574 2840 3628 quam
2871 3560 2977 3612 cito
3014 3561 3207 3628 potuit,
3241 3565 3306 3616 ad
3349 3567 3562 3619 domum

1993 3671 2110 3709 eam
2145 3655 2483 3707 inﬁrmorum
2512 3652 2660 3704 venit
2699 3666 2711 3702 :
2750 3652 3080 3718 propiusque
3116 3653 3180 3703 ad
3218 3652 3445 3709 latronis
3472 3674 3563 3712 ac-

1962 3746 2191 3819 'Cedens
2233 3742 2454 3805 lectum,
2503 3742 2676 3808 ipsum
2721 3740 2936 3807 quidem
2981 3741 3094 3809 jam
3128 3743 3364 3796 animam
3397 3745 3566 3799 exltae

1994 3837 2132 3888 lasse
2163 3832 2385 3886 invenit.
2421 3828 2576 3884 Videt
2623 3843 2749 3882 vero
2793 3826 2847 3881 in
2879 3828 3019 3882 lecto
3069 3831 3346 3886 sudarium
3396 3844 3564 3888 totum

1993 3922 2245 3993 lacrymis
2298 3919 2611 3979 madidum;
2675 3932 2905 3987 cumque
2939 3934 2967 3971 a
3005 3919 3161 3973 simul
3193 3937 3223 3976 e
3264 3926 3566 3993 propinqui.

1993 4012 2441 4069 deetttnbentibus
2484 4009 2735 4075 inﬁrmis,
2795 4011 2915 4080 ejus
2961 4013 3153 4065 ntnrtis
3214 4013 3569 4070 intellexisset

1995 4104 2234 4169 modum,
2273 4100 2784 4170 paenitentiamque,
2820 4114 2883 4155 ac
2911 4100 3023 4169 ipsa
3064 4103 3225 4156 verba
3266 4120 3384 4173 qua:
3432 4121 3563 4161 cen-

1995 4194 2234 4250 l‘essione
2265 4195 2331 4247 ad
2374 4193 2541 4247 Deum
2578 4193 2889 4262 prolocutus
2937 4201 3101 4259 esset,
3136 4195 3244 4248 abit
3281 4197 3461 4250 statim
3500 4216 3569 4250 :tzt

2000 4287 2396 4355 plentlssimum
2440 4299 2506 4341 ac
2553 4284 3075 4339 Christianissimmn
3141 4287 3563 4355 imperatorem,

323 4393 466 4445 σμον
500 4377 600 4445 τῆς
649 4381 943 4447 μετανοίας
974 4382 1086 4443 τοῖς
1128 4380 1403 4450 δάκρυσι·
1439 4383 1533 4434 καὶ
1582 4384 1891 4447 ἐπιδεικνὺς

1999 4379 2158 4429 udum
2195 4376 2430 4445 undique
2458 4375 2790 4446 poenitentiae
2821 4377 3079 4447 lacrymis
3117 4376 3296 4434 ferens
3326 4381 3569 4436 manibus

319 4466 478 4535 αὐτῷ
503 4467 563 4519 τὺ
603 4469 1016 4539 ἐπιφερόμενον,
1048 4470 1140 4522 καὶ
1174 4470 1534 4542 διηγούμενος
1571 4474 1714 4543 ἅπερ
1756 4474 1898 4527 κατὰ

319 4559 453 4620 τοὺς
498 4557 699 4621 ὕπνους
744 4560 1011 4614 ἐθεάσατο
1038 4599 1051 4622 ,
1099 4562 1193 4614 καὶ
1229 4561 1376 4634 ειπερ
1420 4563 1612 4635 μαθεῖν
1647 4563 1891 4633 ἴσχυσεν,

331 4668 354 4701 ο
395 4648 846 4719 Εὑχαριστοῦμεν
871 4651 946 4722 τῷ
973 4651 1114 4721 Θεῷ,
1144 4651 1323 4720 λέγων
1351 4694 1364 4718 ,
1402 4654 1762 4709 εὐσεϐέσι-ατε
1802 4656 1900 4727 βα-

328 4738 509 4800 σιλεῦ,
541 4740 619 4791 ὅτι
647 4740 941 4804 ἀκούοντες
970 4740 1171 4814 λῃστὴν
1196 4742 1441 4795 σωθέντα
1470 4744 1536 4797 δι’
1575 4743 1902 4818 ἐξομολογή-

330 4845 475 4891 σεως
510 4832 601 4882 ἐπὶ
641 4830 733 4883 τοῦ
757 4831 990 4905 σταυροῦ
1022 4834 1174 4903 παρὰ
1197 4833 1291 4886 τοῦ
1319 4833 1575 4906 οὐρανίου
1610 4836 1898 4907 βασιλέως,

325 4919 430 4973 νῦν
458 4920 674 4991 εἴδομεν
698 4923 792 4974 ἐπὶ
830 4922 927 4975 σοῦ
971 4922 1064 4977 τοῦ
1093 4915 1342 4992 ἐπιγείου
1380 4926 1666 4996 βασιλέως,
1700 4928 1902 5000 λῃστὴν

326 5012 519 5083 ἓτερον
550 5016 896 5086 σεσωσμένον
930 5016 995 5069 δι’
1031 5017 1479 5088 ὲξομολογὴσεως
1520 5019 1643 5089 ἴσης
1682 5021 1776 5073 καὶ
1803 5038 1902 5091 με·

326 5104 573 5167 τανοίας.
615 5123 634 5156 ι

406 5285 594 5339 Ταῦτα
641 5287 716 5365 μὴ
761 5287 923 5357 μόνον
966 5287 1256 5359 ἀκούωμεν
1304 5286 1492 5352 ἁπλῶς
1518 5327 1533 5352 ,
1584 5288 1903 5357 ἀγαπητοὶ,

326 5378 474 5435 ἀλλὰ
512 5379 606 5433 καὶ
649 5377 999 5448 πιστεύωμεν
1050 5378 1227 5449 ἁληθῆ
1256 5375 1432 5431 εἶναι’
1484 5378 1687 5448 μᾶλλον
1728 5378 1786 5432 δὲ
1831 5378 1903 5448 μὴ

331 5470 504 5544 μόνον
562 5472 891 5541 ἀκούωμεν,
923 5471 1061 5525 ἀλλὰ
1105 5473 1198 5525 καὶ
1246 5469 1906 5542 προπαρασκευαζώμεθα

331 5563 470 5633 πρὶν
499 5564 786 5634 ἐπιστῇιτὺ
814 5563 1000 5626 τέλος,
1056 5562 1463 5634 προφθὰνοντες
1510 5564 1568 5617 τὸ
1616 5564 1906 5634 πρόσωπον

330 5652 429 5704 τοῦ
464 5653 597 5705 Θεοῦ
628 5655 695 5705 δι’
735 5655 1069 5718 ὲττστρπσςῆς
1096 5656 1188 5707 καὶ
1222 5653 1457 5718 ἀληθοῦς
1489 5655 1781 5718 μετανοίας
1804 5670 1815 5683 ·
1838 5653 1905 5701 δι’

1998 4470 2190 4540 capitis
2218 4469 2345 4523 illud
2375 4468 2653 4523 sudarium
2682 4485 2694 4521 :
2719 4476 3112 4537 ostentansque
3140 4470 3333 4537 ipsum,
3368 4486 3429 4525 ac
3449 4487 3570 4542 quae

1998 4560 2222 4614 vidisset
2254 4560 2306 4639 in
2336 4560 2564 4624 somnis,
2600 4573 2827 4629 qumque
2863 4559 3074 4613 discere
3121 4560 3401 4628 potuisset,
3443 4579 3569 4616 uar-

1998 4667 2169 4708 rans:
2209 4670 2227 4703 ι
2266 4652 2542 4717 Gratias,
2581 4651 2788 4721 inquit,
2851 4650 3188 4720 pientissime
3250 4639 3566 4721 imperator,

1999 4758 2223 4814 agamus
2270 4743 2413 4809 Deo,
2455 4744 2597 4813 quod
2643 4741 2904 4796 latronem
2955 4743 3255 4804 audientes.
3294 4759 3321 4797 a
3362 4745 3571 4800 cmlcsti

2001 4833 2246 4905 chc'in
2280 4850 2443 4890 cruce
2475 4849 2570 4903 per
2607 4837 3003 4891 confessionem
3050 4845 3400 4890 consecutum
3433 4837 3576 4890 salu-

2004 4936 2148 4993 tem;
2173 4916 2337 4981 alium
2363 4927 2719 5005 nihilominus
2748 4926 3038 4992 latronem,
3060 4929 3164 4981 tuis
3190 4928 3347 4981 modo
3373 4926 3570 4981 terreni

2005 5008 2346 5089 imperatoris
2401 5020 2754 5089 temporibus,
2817 5021 3008 5090 aequali
3056 5019 3298 5074 exhibita
3353 5019 3571 5074 confes-

2004 5109 2154 5164 sione
2185 5125 2248 5165 ac
2277 5112 2613 5180 poenitentia,
2664 5111 2890 5167 salutem
2930 5110 3061 5163 item
3099 5110 3351 5180 adeptum
3388 5111 3569 5165 videav

2008 5212 2148 5251 mus.
2188 5216 2206 5250 ι

2000 5306 2007 5312 ί
2079 5287 2286 5344 Nedum
2341 5290 2477 5354 haec,
2518 5290 2850 5352 rltarissimi,
2899 5290 3217 5359 simpliciter
3267 5296 3569 5363 audiamus,

2009 5394 2197 5433 verum
2254 5379 2416 5433 etiam
2466 5392 2591 5432 vera
2649 5393 2772 5434 esse
2822 5382 3142 5447 credamus;
3194 5383 3437 5451 quininto
3485 5403 3579 5441 ne-

2011 5471 2136 5525 dum
2170 5466 2468 5534 audiamus,
2529 5485 2715 5524 rerum
2765 5474 2929 5528 etiam
2983 5483 3214 5540 mature,
3264 5477 3579 5547 priusquam

2014 5562 2133 5617 linis
2190 5562 2371 5626 instet,
2432 5577 2816 5630 prmparemur,
2893 5580 3334 5638 przttorcupnntes
3387 5570 3579 5627 faciem

2014 5652 2223 5706 Domini
2268 5668 2361 5721 per
2398 5653 2800 5708 conversionem
2839 5670 2899 5709 ac
2932 5670 3123 5711 veram
3172 5662 3578 5718 omnitentiam;
