4026 6308
212 205 364 274 1145

212 410 484 480 δμοίωσιν
512 407 569 461 δὲ
605 407 703 478 τῆς
730 406 824 460 τοῦ
862 407 1037 475 Λόγου
1067 406 1396 477 σαρκώσεως
1459 405 1520 459 τὸ
1545 404 1799 458 σύνθετον

215 500 383 570 ἡμῶν
418 500 518 569 τῆς
545 497 727 568 ψυχῆς
758 498 851 552 καὶ
880 497 974 551 τοῦ
1005 496 1280 568 σώματος.
1302 498 1523 552 Μᾶλλον
1548 497 1607 551 δὲ
1631 496 1796 552 πάλιν
1826 508 1837 509 ί

214 594 313 645 ἐπ’
338 592 509 662 αὑτὴν
535 590 629 645 τοῦ
653 591 813 659 λόγου
855 590 955 661 τὴν
982 591 1154 661 ἀρχὴν
1182 590 1591 663 άναδράμωμεν
1613 605 1627 621 ·
1653 591 1797 642 ἐκεῖ·

215 680 321 735 θεν
354 680 546 750 ῶσπερ
581 678 645 737 ἐκ
688 696 833 742 τινος
875 681 1059 749 πηγῆς
1094 678 1313 750 πρῶτον
1344 678 1636 748 ζητοῦντες
1659 718 1674 742 ,
1714 677 1795 741 τὸ,

213 774 279 826 τί
324 774 522 843 δήποτε
574 766 651 842 μῆ
690 771 813 826 καθ’
842 772 1136 841 ὁμοιότητα
1161 771 1267 824 τῶν
1292 762 1515 823 ’λοιπῶν
1540 769 1799 837 λογικῶν,

212 863 398 933 ἧγουν
426 862 536 915 τῶν
559 860 829 929 ἀγγέλων,
864 860 897 929 ἦ
933 860 1095 915 πάλιν
1132 861 1251 913 κατ’
1288 859 1513 929 ἰσότητα
1547 857 1656 911 τῶν
1698 860 1800 928 ὲμ-

210 954 414 1024 ψύχων
465 951 620 1017 ζώων
672 952 1048 1023 ὁμοιοτρόπως
1099 952 1198 1014 τὰς
1237 950 1655 1021 προπατορικὰς
1704 949 1800 1002 καὶ

215 1044 537 1115 κορυφαίας
581 1042 741 1112 ἡμῶν
791 1043 820 1094 ὁ
870 1042 1003 1104 Θεὸς
1050 1042 1415 1107 ὑποστάσεις,
1466 1039 1560 1094 τοῦ
1607 1040 1797 1110 ’Δδὰμ,

214 1133 405 1203 λέγω,
429 1134 646 1203 καὶτῆς
676 1131 845 1198 Εὔας,
888 1134 981 1186 καὶ
1014 1132 1110 1186 τοῦ
1143 1131 1496 1204 προελθόντος
1531 1132 1590 1197 ἐξ
1619 1131 1800 1185 αὑτῶν

214 1224 383 1289 0ch,
426 1225 764 1295 πεποίηκεν·
826 1224 972 1278 ἀλλὰ
1009 1224 1097 1277 τὸν
1132 1223 1230 1295 μὲν
1290 1225 1463 1293 ’Δδᾶμ
1535 1222 1801 1286 ἀναιτίως

212 1318 321 1371 καὶ
376 1316 691 1388 άγεννήτως
730 1315 1009 1388 ὑπέστησε
1034 1332 1048 1347 ·
1082 1315 1178 1368 τὸν
1221 1314 1280 1369 δὲ
1326 1314 1578 1385 δεύτερον
1633 1312 1800 1368 αὑτοῦ

214 1410 554 1481 ἄνθρωπον,
586 1412 680 1466 τὸν
718 1412 858 1479 υἰὸν,
904 1411 1165 1481 γεννητόν
1186 1426 1200 1440 ·
1231 1411 1331 1482 τὴν
1370 1410 1430 1465 δὲ
1464 1409 1606 1464 Εὕαν
1627 1450 1642 1474 ,
1675 1408 1802 1462 οὑτε

212 1501 527 1570 γεννητῶς,
556 1500 682 1556 οὔτε
709 1501 872 1556 πάλιν
913 1502 1203 1565 ἀναιτίως,
1244 1499 1383 1555 ἀλλὰ
1419 1498 1645 1570 ληπτῶς
1678 1499 1802 1569 ἤτοι

211 1592 613 1665 ὲκπορευτῶς,
664 1594 729 1648 ἐκ
786 1595 887 1665 τῆς
935 1593 1127 1656 οὐσίας
1170 1591 1266 1645 τοῦ
1315 1591 1568 1645 άναιτίου
1627 1590 1801 1661 ’Δδὰμ

215 1684 556 1749 ἐξελθοῦσαν
596 1685 857 1756 ἀρρήτως
888 1683 1155 1737 οὑσίωσεν
1177 1697 1193 1713 ·
1234 1684 1332 1737 καὶ
1376 1683 1572 1754 μήπως
1595 1682 1706 1753 ἄρα
1739 1681 1797 1735 αἰ

213 1778 376 1847 τρεῖς
436 1770 597 1831 αὗται
646 1776 755 1830 τῶν
801 1775 1085 1846 προγόνων
1141 1772 1417 1842 κεφαλαὶ,
1463 1773 1646 1840 πάσης
1697 1772 1799 1841 τῆς

214 1866 975 1937 ἀνθρωπότητος·όμοοὺσιοι
1029 1866 1393 1930 ὑποστάσεις,
1436 1863 1556 1919 κατ’
1610 1864 1800 1918 εἰκόνα

214 1958 379 2022 τινὰ,
401 1958 477 2021 ὡς
514 1959 612 2013 καὶ
651 1958 900 2030 Μεθοδίῳ
930 1959 1109 2022 δοκεῖ,
1142 1955 1389 2020 τυπικῶς
1430 1955 1801 2025 γεγόνασιτῆς

216 2051 394 2119 ἁγίας
425 2051 523 2103 καὶ
550 2051 839 2121 ὁμοουσίου
872 2051 1105 2123 Τριάδος
1130 2068 1144 2082 ·
1164 2050 1260 2103 τοῦ
1298 2050 1398 2120 μὲν
1428 2050 1676 2104 ἀναιτίαν
1705 2050 1802 2104 καὶ

215 2143 532 2213 ἀγεννήτου
585 2142 780 2212 Ἀδάμ,
823 2142 997 2196 τύπον
1042 2143 1136 2196 καὶ
1175 2142 1361 2195 εἰκόνα
1394 2140 1612 2211 ἔχοντος
1640 2181 1656 2206 ,
1703 2138 1799 2194 τοῦ

216 2232 477 2286 ὰναιτίου
530 2233 625 2286 καὶ⁹
674 2233 894 2293 πάντων
940 2234 1116 2286 αἰτίου
1170 2231 1615 2303 παντοκράτορος
1662 2229 1798 2284 Θεοῦ

219 2324 324 2379 καὶ
359 2324 606 2395 Πατρός·
645 2310 740 2378 τοῦ
795 2324 852 2377 δὲ
903 2323 1167 2393 γεννητοῦ
1205 2323 1370 2378 αὑτοῦ
1426 2322 1568 2387 υἰοῦ,
1617 2322 1802 2375 εἰκόνα

220 2414 856 2485 προδιαγράιροντοςιτοῦ
879 2414 1140 2485 γεννητοῦ
1174 2413 1306 2467 Υίοῦ
1343 2414 1437 2467 καὶ
1468 2414 1647 2481 Λόγου
1696 2413 1796 2466 τοῦ

222 2505 401 2558 Θεοῦ·
447 2505 547 2574 τῆς
580 2505 638 2558 δὲ
672 2505 1016 2575 ὲκπορευτῆς
1049 2503 1194 2569 Εὑας
1216 2544 1231 2571 ,
1283 2504 1661 2575 σημαινούσης
1701 2506 1802 2576 τὴν

223 2596 329 2649 τοῦ
373 2597 532 2664 ἁγίου
577 2595 894 2667 Πνεύματος
946 2596 1291 2666 ὲκπορευτὴν
1336 2596 1659 2650 ὑπόστασιν.
1710 2596 1804 2650 Διὸ

224 2688 353 2741 οὑδὲ
393 2688 730 2758 ἐνεφύσησεν
773 2688 909 2758 αὐτῇ
957 2687 987 2739 ὀ
1025 2687 1158 2751 Θεὸς
1188 2688 1356 2758 πνοὴν
1390 2687 1567 2757 ζωῆς,
1606 2688 1695 2741 διὰ
1742 2687 1805 2742 τὸ

225 2779 404 2833 τύπον
438 2779 611 2849 αὑτὴν
643 2776 783 2834 εἶναι
824 2778 926 2859 τῇς
958 2778 1052 2832 τοῦ
1095 2778 1251 2847 ἁγίου
1281 2778 1601 2849 Πνεύματος
1633 2780 1804 2850 πνοῆς

226 2872 331 2925 καὶ
391 2871 579 2943 ζωῆς·
642 2873 737 2927 καὶ
773 2872 867 2925 διὰ
923 2872 985 2925 τὸ
1039 2873 1259 2943 μέλλειν
1308 2874 1479 2944 αὑτὴν
1524 2873 1595 2926 δι’
1644 2875 1802 2943 ἁγίου

226 2965 557 3034 Πνεύματος
594 2964 852 3029 δέξασθαι
884 2964 1015 3018 Θεὸν
1036 3006 1051 3031 ,
1085 2965 1176 3019 τὸν
1219 2965 1386 3029 ὅντως
1420 2965 1550 3023 ὄντα
1582 2966 1802 3021 πάντων

228 3056 407 3127 πνοὴν
436 3058 543 3109 καὶ·
560 3056 728 3127 ζωήν.
767 3056 930 3111 Ὅθεν
963 3058 1058 3111 καὶ
1099 3056 1249 3111 ἔστιν
1294 3056 1500 3115 ἰδέσθαι
1534 3058 1630 3111 καὶ
1669 3057 1802 3115 θαυ-

229 3144 434 3213 μάσαι,
466 3146 548 3199 ὃτι
581 3148 609 3200 ό
638 3146 738 3215 μὲν
762 3145 1059 3217 ἀγέννητος
1102 3145 1277 3216 Ἀδάμ
1321 3144 1480 3201 ἄλλον
1508 3147 1806 3219 ἀγέννητον

226 3236 262 3305 ἢ
301 3237 542 3291 ἀναίτιον
573 3239 631 3290 ὲν
662 3236 973 3308 ἀνθρώποις
1005 3237 1105 3290 οὑκ
1148 3237 1309 3308 ἔσχεν
1337 3238 1524 3308 ὅμοιον
1552 3256 1564 3269 ·
1615 3239 1807 3311 ῶσπερ

228 3327 358 3380 οὑδὲ
394 3329 428 3398 ἡ
464 3326 776 3399 ἐκπορευτὴ
811 3326 958 3381 Εὔα·
1019 3327 1095 3392 ὡς
1128 3328 1290 3382 τύποι
1344 3328 1567 3399 ἀληθεῖς
1614 3332 1806 3411 χὺπάρ-
1850 3380 1853 3385 .

229 3435 428 3489 χοντες
466 3417 561 3471 τοῦ
591 3420 889 3489 άγεννήτου
923 3420 1161 3490 Πατρὸς,
1202 3422 1297 3473 καὶ
1325 3420 1418 3473 τοῦ
1448 3422 1605 3490 άγίου
1631 3423 1807 3477 Πνεύ-

233 3527 410 3582 ματος
430 3526 442 3539 ·
471 3511 499 3563 ὁ
526 3510 582 3563 δὲ
615 3512 874 3582 γεννητὸς
911 3510 1038 3575 Υἰὸς
1074 3512 1283 3575 πάντας
1312 3512 1651 3584 ἀνθρώπους,
1678 3532 1806 3583 γεν-

231 3603 438 3671 νητοὺς
469 3603 617 3665 υἱοὺς
649 3602 832 3666 ὄντας,
862 3602 1127 3672 ἀδελφοὺς
1157 3604 1360 3674 ὁμοίως
1392 3604 1550 3676 ἔσχεν
1580 3604 1658 3667 ὡς
1685 3604 1806 3659 κατ’

232 3694 427 3747 εἰκόνα
457 3697 552 3747 καὶ
582 3694 844 3764 ὁμοίωσιν
870 3695 1109 3764 τυπικὴν
1143 3696 1406 3767 ὑπάρχων
1436 3697 1677 3768 Χριστοῦ
1712 3697 1805 3753 τοῦ

232 3785 502 3855 γεννητοῦ
534 3784 664 3838 Υἰοῦ
685 3827 699 3849 ,
735 3785 795 3849 ὃς
832 3786 1056 3854 ἐγένετο
1089 3787 1377 3858 ἄνθρωπος
1399 3829 1413 3855 ,
1458 3790 1807 3859 πρωτότοκος

230 3879 369 3934 ἄνευ
412 3879 619 3949 σπορᾶς
654 3878 712 3930 ἐν
744 3877 964 3942 πολλοῖς
990 3879 1260 3948 ἀδελφοῖς.
1297 3881 1361 3934 Εἰ
1407 3881 1464 3935 δὲ
1506 3880 1582 3953 μὴ
1630 3880 1805 3945 οὕτω,

235 3970 341 4021 καὶ
377 3968 521 4023 κατὰ
552 3970 713 4024 τοῦτο
742 3970 804 4023 τὸ
846 3970 970 4023 κατ’
1006 3972 1194 4026 εἰκόνα
1222 3971 1420 4039 ταῦτα,
1459 3971 1514 4026 τί
1565 3972 1627 4044 δή
1678 3989 1809 4033 ποτε

238 4062 323 4132 μὴ
352 4062 637 4128 τέσσαρες,
668 4062 762 4117 δύο
787 4104 801 4128 ,
827 4062 860 4134 ἢ
895 4062 1140 4125 πλείονες
1165 4052 1491 4128 ὑποστάσεις
1528 4064 1635 4118 τῶν
1676 4082 1809 4138 προ-

234 4152 501 4221 πατόρων
516 4153 1271 4225 γεγόνασι,παρη>.λαγμένας
1300 4153 1519 4226 ἔχουσαι
1548 4155 1644 4218 τὰς
1678 4156 1810 4209 ὑποπ-

235 4244 508 4307 στατικὰς
536 4245 717 4298 αὑτῶν
752 4245 1060 4315 ἰδιότητας,
1111 4246 1256 4314 λέγω
1301 4246 1368 4317 δὴ
1417 4245 1478 4299 τὸ
1515 4246 1811 4317 ἀγέννητον

1186 205 1269 267 IN
1314 205 1546 267 ILLUD
1586 216 1600 253 τ
1645 201 2058 265 SECUNDUM
2097 202 2508 265 IMAGINEM.

210 320 322 389 μὲν
356 314 472 370 εστι
501 314 684 386 γυμνὴ
718 314 750 386 ή
779 313 947 384 ψυχὴ,
975 312 1073 384 τῆς
1102 315 1317 385 γυμνῆς
1344 315 1594 384 θεότητος
1622 330 1635 344 ·
1670 312 1791 368 καθ’

1903 313 2019 367 cide
2077 313 2430 382 praeitgttrans
2483 331 2497 366 :

3324 203 3459 270 1146

2549 310 2726 366 forean
2779 318 2955 367 autem
3010 314 3187 369 anima
3234 320 3457 371 seorsim

1898 412 2111 473 sumpta
2160 415 2240 459 est
2289 405 2358 459 ad
2397 403 2691 471 imaginem
2725 417 2885 456 mene
2913 403 3254 471 Divinitatis,
3292 417 3459 461 totum

1899 508 2029 549 vero
2083 510 2150 550 ex
2200 495 2382 549 anima
2430 502 2617 549 nostra
2666 503 2723 550 et
2761 509 2989 565 corpore
3021 500 3354 557 coalescens.
3394 501 3462 555 ad

1898 583 2300 638 similitudinem
2330 582 2490 637 Verbi
2515 584 2680 638 divini
2708 585 3115 641 incarnationis.
3154 586 3257 641 Sed
3287 589 3467 657 potius

1900 676 1966 729 ad
2016 664 2283 730 sermonis
2330 675 2658 744 principium
2707 685 3082 744 revertamur,
3133 679 3277 742 inde,
3310 681 3465 748 quasi

1900 778 1965 816 ex
1996 762 2148 817 futile
2172 764 2428 832 quodam,
2459 768 2689 830 primum
2717 764 3050 833 inquirentes
3076 782 3241 835 quare
3269 784 3373 821 non
3398 770 3467 822 ad
3532 780 3543 789 '

1901 855 2309 908 similitudinem
2343 866 2660 910 czeterorum
2690 857 3050 924 spiritualium
3082 858 3317 922 entinm,
3371 875 3468 914 seu

1872 945 2250 1016 ‘angelorum,
2303 947 2384 1000 vel
2416 947 2577 1000 etiam
2632 950 2698 1000 ad
2754 950 2925 1002 instar
2993 949 3306 1003 animalium
3355 952 3468 1019 pri-

1902 1038 2102 1091 marias
2151 1038 2414 1106 majorum
2459 1048 2766 1095 .tostrornm
2823 1056 3083 1109 personas
3144 1045 3282 1097 Deus
3335 1043 3472 1096 iece-

1902 1126 2008 1193 rit,
2055 1128 2247 1183 Adnmi
2314 1130 2434 1182 dico
2497 1128 2746 1198 Evzeqne,
2800 1141 2851 1185 et
2904 1133 2996 1184 lilii
3046 1149 3111 1186 ex
3166 1135 3294 1201 ipsis
3342 1136 3467 1198 orti,

1901 1219 1997 1273 sed
2035 1220 2303 1275 Adnmum
2335 1220 2555 1290 quidem
2600 1223 2808 1290 absque
2836 1236 3060 1291 parente
3091 1235 3143 1279 et
3174 1226 3470 1295 ingenitum

1903 1309 2234 1374 condiderit,
2263 1310 2555 1365 secundum
2586 1322 2764 1366 autem
2792 1314 2860 1368 ab
2880 1328 2946 1368 eo
2972 1316 3262 1381 hominem,
3290 1316 3342 1370 id
3367 1328 3471 1381 est,

1901 1400 2020 1469 ejus
2051 1400 2219 1454 lilium
2254 1403 2515 1471 genitum,
2552 1402 2716 1457 Evam
2742 1419 2871 1458 vero
2905 1422 3081 1477 neque
3104 1410 3340 1478 genitam
3373 1424 3464 1464 ηερ

1902 1505 2006 1560 que
2038 1492 2352 1562 ingenitam,
2388 1494 2481 1549 sed
2513 1495 2870 1565 desumptive,
2905 1499 3019 1552 sive
3049 1515 3147 1569 per
3171 1502 3474 1569 processio-

1905 1582 1989 1637 nis‘
2039 1583 2298 1648 modum,
2363 1601 2430 1639 ex
2483 1586 2648 1653 ipsius
2702 1587 2925 1656 ingeniti
2971 1591 3165 1649 Adatni
3216 1591 3471 1647 substan-

1826 1659 1873 1719 Β
1904 1675 1974 1729 tia
2015 1690 2290 1743 egressam
2342 1676 2689 1734 ineli‘abiliter
2735 1678 2987 1747 tinxerit;
3043 1683 3169 1736 item
3201 1684 3474 1752 quomodo

1899 1763 2005 1817 illae
2057 1773 2166 1826 tres
2223 1775 2502 1835 parentum
2553 1776 2859 1823 nostrorum
2908 1784 3172 1838 personae,
3209 1773 3474 1827 universa;

1902 1857 2227 1913 humanitati
2282 1860 2812 1926 consubstantiales,
2871 1862 3049 1931 typice
3082 1864 3149 1917 ad
3182 1865 3472 1933 imaginem

1901 1963 2101 2005 sancta:
2152 1960 2207 2004 et
2251 1951 2734 2008 consubstantialis
2775 1953 3100 2021 Trinitatis,
3160 1964 3219 2009 ut
3252 1957 3472 2012 Metho-

1903 2041 1992 2095 dio
2020 2041 2228 2110 placet,
2275 2042 2387 2095 sint
2408 2041 2614 2097 etfectre
2634 2083 2651 2108 ,
2698 2043 2906 2098 Adamo
2934 2045 3200 2114 siquidem
3234 2056 3290 2099 ut
3320 2046 3472 2115 inge-

1905 2134 2041 2198 nito,
2074 2134 2299 2203 ingeniti
2330 2144 2384 2188 et
2414 2135 2790 2191 universorum
2816 2136 3084 2202 Factoris,
3107 2136 3282 2193 Patris
3303 2140 3475 2193 omni-

1902 2226 2160 2296 potentis,
2194 2236 2376 2298 typum
2417 2236 2471 2282 et
2504 2228 2790 2296 imaginem
2822 2227 3116 2294 ‘refcrunt;
3155 2229 3265 2283 tilio
3293 2241 3471 2284 autem

1904 2316 2021 2384 ejus
2064 2318 2244 2386 genito
2271 2356 2288 2382 ,
2346 2317 2505 2372 Verbi
2548 2314 2743 2381 divini,
2782 2318 2900 2372 Filii
2937 2320 3132 2388 geniti,
3185 2322 3470 2391 imaginem

1904 2410 2318 2480 prteiigurante;
2372 2410 2695 2478 procedente
2720 2425 2847 2464 vero
2877 2411 3005 2475 Eva.
3040 2414 3216 2468 sancti
3243 2415 3474 2485 Spiritus

1904 2504 2282 2574 procedentem
2320 2518 2601 2572 personam
2637 2505 3010 2573 signiﬁcante,
3066 2507 3206 2561 unde
3237 2508 3471 2562 animum

1905 2595 2034 2648 vitae
2086 2594 2226 2647 Deus
2267 2594 2319 2646 itt
2352 2608 2472 2647 eam
2509 2593 2614 2647 non
2647 2594 2968 2663 lnSpiravit,
3032 2604 3090 2649 ιιι
3136 2607 3290 2667 typus
3319 2598 3475 2653 ﬂeret

1907 2685 2081 2740 sancti
2135 2685 2370 2754 Spiritus
2427 2685 2520 2754 qui
2568 2685 2750 2739 anima
2796 2696 2850 2739 et
2898 2688 3005 2742 vita
3052 2696 3174 2753 est,
3236 2697 3293 2743 et
3346 2691 3475 2758 quia

1907 2791 2003 2846 per
2026 2775 2309 2846 ‘Spiritum
2357 2787 2601 2832 sanctum
2651 2787 2796 2832 esset
2829 2778 2995 2834 Deum
3025 2791 3330 2850 receptura,
3359 2798 3478 2837 om-

1909 2870 2057 2924 nium
2106 2884 2234 2924 vere
2286 2871 2520 2926 animam
2569 2877 2624 2924 ct
2667 2870 2854 2926 vitam.
2916 2872 2994 2927 Ex
3029 2888 3135 2942 quo
3185 2875 3361 2927 videre
3392 2886 3477 2930 est

1909 2972 1962 3015 et
1991 2960 2176 3015 mirari
2210 2961 2356 3030 quod
2388 2961 2662 3031 ingenitus
2688 2962 2927 3017 Adamus
2960 2964 3161 3018 nnlhun
3194 2965 3334 3021 inter
3358 2980 3478 3020 ont-

1907 3067 2004 3108 ncs
2032 3053 2277 3109 homines
2307 3053 2412 3109 sibi
2444 3053 2700 3120 similem,
2732 3069 2824 3109 seu
2853 3054 3168 3123 ingenitum,
3202 3056 3475 3120 habuerit.

1904 3161 2075 3215 neque
2105 3147 2401 3216 procedens
2435 3147 2563 3214 Eva,
2597 3162 2664 3203 eo
2693 3148 2835 3217 quod
2861 3158 3043 3201 essent
3074 3163 3197 3203 vere
3227 3151 3333 3220 typi
3366 3150 3472 3204 Pa—

1904 3238 2004 3291 tris
2033 3238 2256 3308 ingeniti
2282 3249 2335 3292 et
2360 3238 2597 3309 Spiritus
2637 3240 2835 3302 sancti.
2868 3239 3009 3294 ﬁlius
3061 3251 3237 3294 autem
3262 3241 3474 3311 genitus

1903 3342 2094 3380 omnes
2128 3310 2374 3382 homines
2414 3328 2517 3383 sibi
2549 3329 2754 3384 similes
2777 3371 2794 3395 ,
2837 3340 2895 3384 ut
2932 3332 3140 3400 genitos
3162 3372 3177 3393 ,
3228 3333 3477 3388 habuerit

1904 3424 1958 3469 et
1998 3417 2226 3481 fratres,
2273 3420 2398 3485 quia
2440 3420 2506 3471 ad
2544 3420 2833 3489 imaginem
2865 3429 2919 3474 et
2947 3420 3352 3477 similitudinem
3388 3433 3472 3494 ty.

1907 3505 2081 3574 picam
2110 3514 2230 3561 erat
2252 3506 2478 3573 Christi,
2506 3507 2625 3560 Filii
2652 3509 2841 3576 geniti,
2867 3511 2955 3577 qni
2986 3510 3147 3564 homo
3173 3512 3346 3565 {actus
3368 3523 3474 3578 est,

1906 3597 2291 3666 primogenitus
2324 3596 2442 3652 sine
2474 3599 2679 3653 semine
2714 3599 2765 3654 in
2794 3601 2979 3655 multis
3005 3601 3285 3658 fratribus.
3320 3602 3473 3670 Quod

1905 3688 1950 3742 si
1985 3688 2055 3742 ita
2091 3703 2197 3743 non
2224 3697 2368 3749 esset
2393 3728 2409 3753 ,
2461 3704 2636 3759 neque
2673 3705 2737 3744 eo
2766 3706 2927 3745 sensu
2960 3695 3026 3746 ad
3059 3695 3345 3762 imaginem
3377 3696 3472 3750 Dei

1907 3780 2031 3836 laeti
2060 3791 2241 3836 essent
2260 3790 2691 3851 protoparentes,
2710 3797 2807 3835 cur
2831 3797 2936 3836 non
2960 3796 3208 3852 quatuor,
3230 3797 3321 3838 aut
3343 3788 3471 3851 duo,

1905 3881 1998 3926 aut
2047 3871 2226 3940 plures
2269 3870 2488 3926 fuerunt
2533 3887 2814 3942 personae,
2890 3874 3205 3943 personales
3251 3876 3475 3945 singulae

1905 3972 1961 4017 et
2001 3962 2247 4018 diversas
2279 3961 2543 4018 habentes
2580 3962 2938 4033 preprietates
2962 4003 2978 4027 ,
3038 3964 3332 4033 ingenitum
3366 3966 3475 4019 sci-

1908 4051 2034 4105 licet
2065 4059 2119 4105 et
2148 4051 2389 4122 genitum
2416 4051 2512 4106 sed
2546 4054 2863 4122 procedens,
2886 4061 2938 4105 et
2968 4061 3074 4107 tres
3107 4055 3351 4109 tantum?
3386 4053 3477 4111 Sic

1908 4143 1959 4195 in
1994 4143 2097 4198 hoc
2131 4142 2197 4196 ad
2231 4142 2518 4213 imaginem
2562 4151 2618 4197 et
2659 4142 3069 4200 similitudinem
3099 4146 3262 4200 habet
3294 4147 3345 4201 in
3377 4150 3476 4203 tri-

1909 4238 2009 4292 bus
2035 4235 2280 4305 personis
2313 4236 2544 4305 typicam
2574 4235 2917 4301 Trinitatem,
2953 4239 3005 4292 in
3036 4239 3265 4294 unitate.

234 4334 420 4388 καὶτὸ
449 4336 730 4405 γεννητὸν,
758 4335 938 4389 καὶτὸ
972 4335 1327 4406 ὲκπορευτὸν,
1367 4336 1504 4391 ἀλλὰ
1554 4340 1707 4407 τρεῖς
1771 4335 1865 4390 καὶ
1907 4330 2077 4402 μόνας
2102 4346 2118 4395 ς
2162 4325 2370 4381 Οὐκοῦν
2419 4326 2562 4398 ἔχεις
2599 4328 2661 4381 τδ
2708 4332 2826 4383 κατ’
2892 4332 3076 4386 εἰκόνα
3130 4331 3224 4385 καὶ
3280 4331 3480 4403 ὁμοίως

236 4441 350 4485 σιν,
380 4423 616 4494 τυπικὴν
655 4423 857 4494 Τριάδα
891 4426 949 4477 ἐν
984 4424 1174 4492 μονάδι
1201 4466 1218 4491 ,
1250 4425 1309 4478 ἐν
1331 4427 1510 4495 τρισὶν
1557 4426 1937 4479 ὑποστάσεσιν.

326 4513 642 4565 Ἀκόλουθόν
668 4529 728 4565 σε
758 4512 950 4585 μαθεῖν
977 4514 1073 4566 καὶ
1105 4513 1307 4584 μονάδα
1334 4517 1394 4567 ὲν
1428 4515 1617 4585 Τριάδι
1644 4533 1657 4546 ·
1690 4516 1805 4580 πῶς

1982 4508 2242 4578 Sequitur
2270 4520 2329 4563 ut
2357 4509 2533 4565 discas
2558 4518 2611 4565 et
2637 4512 2897 4566 unitatem
2927 4512 2979 4566 in
3005 4512 3269 4569 Trinitate
3296 4534 3310 4571 :
3334 4518 3479 4585 quod

234 4605 301 4659 δὲ
352 4603 511 4657 τοῦτο
550 4604 733 4667 καλῶς
781 4602 1076 4673 διαγνῶναι
1106 4604 1307 4677 δυνήσῃ
1332 4644 1347 4670 ,
1390 4604 1621 4659 ἄκουσόν
1665 4623 1811 4669 τινος

234 4697 355 4752 τῶν
408 4698 587 4765 σοφῶν
650 4713 731 4751 σοι
790 4695 1206 4767 παραινοῦντος,
1262 4697 1357 4749 καὶ
1394 4696 1644 4763 λέγοντος
1670 4713 1683 4725 ’
1746 4697 1810 4750 Εἰ

236 4786 426 4857 βούλει
468 4785 669 4853 γνῶναι
708 4784 842 4839 Θεὸν
870 4827 883 4852 ,
917 4783 1207 4857 προλαϐὼν
1264 4784 1433 4853 γνῶθι
1482 4786 1676 4838 σαυτὸν
1746 4787 1810 4839 ἐκ

237 4880 346 4948 τῆς
379 4876 579 4932 σαυτοῦ
601 4920 615 4945 ,
650 4879 809 4946 φησὶ,
840 4880 1208 4946 κατασκευῆς,
1240 4877 1304 4930 ὲκ
1331 4877 1430 4945 τῆς
1469 4870 1668 4931 σαυτοῦ
1692 4894 1815 4932 συνσ-

239 4974 482 5039 θέσεως,
535 4972 601 5026 ἐκ
646 4973 757 5025 τῶν
793 4972 945 5036 ἐντὸς
996 4971 1234 5026 ἑαυτοῦ·
1289 4971 1454 5025 εἴσιθι
1505 4971 1708 5034 ὑποδὺς
1756 4972 1814 5025 ὲν

243 5064 454 5136 σαυτῷ·
487 5064 778 5134 διάσλεψον
807 5066 863 5117 ὲν
906 5064 1155 5135 ἐσόπτρῳ
1189 5062 1297 5118 τινὶ
1329 5065 1386 5115 ὲν
1415 5065 1481 5133 τῇ
1511 5062 1654 5133 ψυχῇ
1685 5063 1814 5115 ἑαυ-

240 5156 378 5211 τοῦ·
430 5157 709 5227 διάκρινον
747 5156 847 5225 τὴν
895 5155 1100 5227 ταύτης
1152 5154 1521 5225 κατασκευὴν,
1568 5154 1662 5206 καὶ
1707 5152 1813 5225 ὄψῃ

246 5247 450 5303 σαυτὸν
482 5249 604 5298 κατ’
633 5246 816 5299 εἰκόνα
845 5246 940 5297 κειιί⁹
976 5244 1236 5314 ὁμοίωσιν
1268 5244 1404 5298 Θεοῦ
1449 5245 1811 5314 τυγχάνοντα.

258 5337 570 5407 ’Δνὼνυμός
614 5354 707 5390 σου
749 5338 860 5407 γάρ
908 5338 1004 5390 καὶ
1038 5336 1334 5405 ἄγνωστος,
1367 5337 1461 5390 καὶ
1506 5335 1687 5405 νοερὰ,
1719 5336 1817 5388 xui.

243 5430 516 5494 ἀθάνατος
544 5432 645 5499 τῆς
674 5428 851 5500 ψυχῆς
875 5429 1101 5505 ήυοὺσία
1131 5429 1253 5482 κατ’
1286 5427 1471 5481 εἰκόνα
1499 5427 1595 5481 καὶ
1618 5428 1818 5497 ὁμοίω-

247 5537 332 5585 σιν
357 5521 597 5593 τυπικὴν
631 5521 726 5575 τοῦ
758 5522 1046 5593 ἁνωνύμου
1076 5523 1170 5575 καὶ
1202 5520 1543 5593 άγνωρίστου
1572 5520 1667 5573 καὶ
1693 5519 1822 5573 ἀθα-

180 5618 190 5627 “
246 5615 405 5679 γὰτον
441 5614 577 5669 Θεοῦ
605 5614 970 5682 καθέστηκεν·
1006 5612 1128 5667 οὔτε
1158 5612 1263 5683 γάρ
1292 5612 1451 5680 Θεοῦ,
1486 5612 1608 5666 οὔτε
1638 5612 1818 5683 ψυχῆς

1917 4613 1977 4657 ut
2006 4603 2288 4672 perspicue
2317 4602 2581 4673 intelligas
2606 4642 2622 4668 ,
2678 4606 2798 4657 audi
2830 4605 3064 4675 aliquem
3092 4620 3122 4661 e
3144 4608 3477 4675 sapientibus

1919 4692 2012 4746 tibi
2043 4694 2309 4748 dicentem
2364 4707 2379 4745 :
2431 4692 2486 4747 Si
2521 4693 2602 4748 vis
2641 4693 2805 4748 Deum
2839 4712 3193 4766 cognoscere,
3247 4699 3477 4767 teipsunt

1915 4783 2066 4853 prius
2091 4798 2275 4850 nosce,
2306 4785 2407 4840 hoc
2432 4793 2516 4839 est
2547 4800 2614 4839 ex
2646 4794 2733 4839 tua
2758 4789 3012 4851 essentia,
3044 4804 3109 4842 ex
3141 4797 3227 4843 tua
3259 4806 3479 4859 campo.

1909 4874 2125 4941 sitione,
2165 4890 2233 4929 ex
2267 4876 2371 4932 tuis
2400 4877 2778 4943 interioribus;
2832 4878 2884 4931 in
2919 4882 3149 4947 teipsunt
3179 4882 3475 4949 descende;

1910 4965 1965 5019 in
2026 4967 2267 5021 animam
2325 4977 2472 5022 tuam
2553 4969 2699 5023 velut
2767 4970 2823 5023 in
2881 4975 3146 5038 quoddam
3201 4973 3476 5041 Spei-olunt

1910 5058 2097 5112 oculos
2124 5058 2264 5126 ﬁge;
2305 5060 2421 5128 ejus
2451 5058 2702 5113 discerne
2731 5062 3047 5123 essentiam,
3081 5072 3135 5117 et
3165 5070 3216 5116 te
3247 5066 3311 5116 ad
3341 5066 3478 5117 ima-

1910 5149 2088 5218 ginem
2116 5150 2593 5205 etsimilitudinem
2633 5151 2723 5203 Dei
2759 5164 2996 5206 creatum
3034 5154 3236 5209 videbis
3270 5173 3284 5210 :
3323 5156 3479 5208 inno-

1911 5240 2142 5309 minata,
2197 5242 2410 5311 ignota,
2459 5241 2759 5312 spiritualis
2809 5245 3237 5313 immortalisque
3287 5249 3481 5302 animae

1913 5340 2015 5393 tuae
2039 5335 2339 5388 substantia
2366 5343 2447 5390 est
2474 5334 2540 5388 ad
2571 5334 2859 5403 imaginem
2888 5346 2940 5390 et
2964 5337 3371 5393 similitudinem
3397 5352 3480 5412 ty-

1911 5428 2086 5498 picam
2113 5428 2458 5493 innominati,
2487 5427 2899 5496 inintelligibilis
2924 5440 2978 5483 et
3007 5430 3329 5488 immortalis
3355 5433 3479 5495 Dei:

1915 5534 2092 5586 neque
2125 5521 2270 5574 enim
2307 5521 2400 5577 Dei
2457 5535 2630 5591 neque
2668 5521 2966 5589 spiritualis
3000 5525 3195 5580 animae
3230 5536 3481 5582 naturam

1917 5612 2068 5666 novit
2114 5627 2348 5683 unquam
2405 5614 2565 5669 homo
2616 5615 2667 5669 in
2711 5614 2815 5671 hoc
2855 5615 3052 5672 sarculo
3080 5615 3315 5690 degens;
3362 5634 3499 5697 quq
