3910 6300
523 210 656 274 1147
1715 210 1774 270 s.
1816 207 2216 271 ANASTASII
2246 193 2570 270 SlNAITrE
2835 205 2838 210 ·
3124 205 3128 210 ·
3667 209 3824 275 ms

521 333 717 388 corpus
749 333 778 374 e
807 325 1040 388 quatuor
1063 317 1350 374 elementis
1375 326 1631 375 constans
1661 317 1902 375 viviﬁcat
1922 361 1936 388 ,
1979 317 2092 373 col-

2222 317 2418 387 .ογικῆς
2438 317 2630 370 οὐσίαν
2672 316 2818 385 ἔγνω
2841 316 2952 371 τῶν
2980 317 3038 371 ὲν
3065 315 3222 370 αἰῶνι
3259 333 3342 378 τις
3389 323 3820 387 γεγενημένων

523 411 642 482 ligit
691 423 747 466 et
787 421 1108 475 conservat,
1183 413 1360 466 anima
1411 417 1497 466 est
1543 412 1610 464 ad
1661 410 1950 482 imaginem
1999 410 2093 464 Dei

2222 408 2294 462 wo
2305 409 2505 479 ρώπων
2523 426 2536 440 ο
2570 408 2834 472 ζωοποιὸς
2861 409 2957 463 καὶ
2980 409 3280 480 συστατικὴ
3314 409 3410 461 καὶ
3440 410 3820 479 «pawn-taxi;

524 504 792 555 universa:
824 500 1155 570 providentis
1185 510 1450 556 creaturae
1475 486 1623 555 infra
1651 509 1710 556 et
1735 514 1896 568 supra
1925 517 1939 553 :
1965 511 2101 569 qua-

2222 519 2228 570 ι
2283 499 2433 575 ψυχὴ
2482 501 2718 572 ὑπάρχει
2751 503 2854 572 τῆς
2907 501 3298 572 τετραστοίχου
3361 499 3463 553 τοῦ
3534 499 3818 567 σώματος

526 599 752 661 propter
783 592 1056 646 nescimus
1089 591 1178 645 ubi
1212 591 1354 645 Deus
1381 591 1606 657 habitet,
1632 591 1725 646 sed
1753 599 1956 644 tantum
1982 603 2101 642 cre-

2222 591 2430 656 ›ύσεως,
2469 593 2589 647 κατ’
2619 593 2806 646 εικόνα
2833 593 2969 646 Θεοῦ
3000 591 3092 646 τοῦ
3130 591 3437 662 προνοητοῦ
3471 592 3683 659 πάσης
3715 590 3814 655 τῆς

527 685 709 740 dimus
742 697 866 736 eum
898 683 950 734 in
979 682 1232 736 omnibus
1257 696 1412 748 esse;
1467 696 1640 752 neque
1669 681 1872 751 pariter
1898 681 2099 735 scimus

2222 685 2605 756 ἐτραπεράτου
2657 685 2751 738 καὶ
2803 685 2909 754 τῆς
2956 684 3069 738 ἄνω
3108 687 3358 748 κτίσεως.
3407 684 3640 750 Διόπερ
3689 680 3812 732 εὖτε

529 776 620 828 ubi
654 775 858 828 habitet
890 773 1069 826 anima
1104 774 1156 826 in
1184 788 1432 842 corpore,
1485 773 1736 828 novimus
1765 779 1942 826 autem
1974 779 2098 824 atauo

2222 773 2286 826 av
2325 773 2418 827 τοῦ
2446 773 2586 828 Θεοῦ
2630 776 2796 828 τόπον
2840 775 2968 829 ἔνθα
2998 777 3268 838 κατοικεῖ,
3310 773 3456 827 ἀλλὰ
3495 773 3686 842 μόνον
3729 788 3812 820 πι-

532 873 647 927 tum
681 881 796 921 eam
834 865 886 918 in
917 879 982 919 eo
1007 879 1126 918 esse
1156 874 1210 918 et.
1236 880 1414 933 agere.

2222 865 2490 938 ττεύομεν,
2516 867 2597 921 ὅτι
2617 870 2674 920 ὲν
2698 867 2863 921 παντί
2890 871 3060 922 ἐστιν⁹
3088 866 3214 921 οὔτε
3239 867 3348 938 μὴν
3369 867 3468 918 τὸν
3501 864 3696 918 τόπον
3718 863 3812 930 τῆς

526 957 709 1026 ψυχῆς
737 955 960 1026 οἴδαμεν
997 954 1128 1009 ἔνθα
1156 957 1298 1009 οἰκεῖ
1333 957 1390 1009 ὲν
1420 955 1498 1026 τῷ
1535 955 1746 1026 σώματι
1781 970 1793 986 ο
1827 949 1965 1005 ἀλλά
2027 950 2190 1021 μόνον
2251 957 2618 1030 ἐπιστάμεθα,
2654 960 2736 1014 ὅτι
2763 961 2822 1013 έν
2845 959 2925 1029 τῷ
2991 961 3245 1032 παναγιῳ
3309 958 3536 1029 σώματί
3571 959 3813 1010 ἐστικαὶ

529 1049 766 1119 ἐνεργεῖ.
851 1053 856 1059 “
1357 1051 1423 1092 ’-
3044 1121 3050 1127 .

601 1143 788 1195 Altero
840 1142 1004 1196 etiam
1050 1133 1212 1197 modo
1265 1143 1443 1196 anima
1482 1153 1574 1198 tua
1613 1145 1786 1199 estad
1811 1146 2102 1216 imaginem

2277 1142 2432 1212 Ἔχει
2482 1157 2576 1196 σου
2623 1142 2718 1196 καὶ
2757 1141 2948 1213 ἕτερον
2981 1142 3102 1196 κατ’
3139 1141 3327 1196 εἰκόνα
3361 1141 3510 1196 Θεοὖ
3543 1145 3582 1213 ἡ
3617 1143 3770 1214 *εἶνηῆ
3793 1160 3808 1175 ’

534 1233 663 1298 Dei,
697 1233 966 1302 siquidem
999 1235 1228 1289 diversae
1251 1243 1333 1290 est
1356 1243 1562 1288 naturae
1591 1249 1656 1288 ac
1681 1235 1858 1290 omnis
1888 1246 2104 1291 creatu-

2222 1233 2344 1303 »ἐγω
2369 1233 2434 1305 δὴ
2454 1233 2519 1286 τὸ
2553 1233 2896 1303 έτεροούσιον
2928 1234 3096 1312 αὐτὴν
3135 1230 3276 1288 εἶναι
3331 1234 3530 1304 πάσης
3573 1235 3812 1300 atus-7%,;

534 1340 634 1392 ra;
695 1325 839 1394 quod
873 1339 1003 1378 vero
1038 1325 1340 1380 mirabilius
1371 1333 1486 1391 est,
1545 1341 1718 1393 neque
1747 1334 1921 1394 potest
1953 1342 2106 1383 mens

2222 1325 2453 1394 ρύσεως·
2486 1326 2548 1378 τὸ
2589 1325 2646 1378 δὲ
2686 1326 2903 1380 πάντων
2937 1326 3380 1398 παραδοξότερον
3425 1325 3530 1378 τοῦ
3583 1329 3654 1379 ὲν
3684 1329 3808 1396 ﬁgit

535 1418 772 1472 humana
805 1417 900 1470 Dei
926 1417 1620 1486 exsistentiaﬁprobationes
1642 1424 1908 1484 evertere,
1933 1431 2106 1488 neque

2222 1417 2326 1470 ιατ⁸
2357 1415 2576 1482 εἰκόνα,
2623 1417 2802 1470 ὲκεϊνό
2861 1419 3034 1482 ἐστιν,
3067 1417 3150 1470 ὅτι
3196 1415 3322 1470 οὔτε
3358 1417 3468 1486 τῆς
3522 1416 3634 1470 τοῦ
3678 1416 3806 1470 Θεοῦ

535 1507 708 1577 magis
737 1507 930 1574 animae
956 1517 1177 1573 nostrae,
1206 1523 1426 1577 quoque
1455 1509 1612 1564 modo
1640 1511 1706 1564 ad
1731 1510 2100 1565 exsistentiam

2222 1505 2499 1574 ὗπὰρξεως
2529 1507 2658 1571 τοὺς
2689 1507 2885 1575 λόγους
2961 1507 3302 1578 ἀνθρώπινος
3348 1507 3487 1572 νοῦς
3527 1509 3806 1561 natasti-

534 1599 766 1654 venerit.
834 1597 974 1664 Sed,
1027 1613 1163 1667 age,
1213 1599 1497 1654 veniamus
1525 1615 1666 1654 nunc
1699 1601 1764 1654 ad
1794 1615 2102 1669 supremum

2222 1615 2297 1652 rat
2341 1598 2564 1652 δύναται
2591 1637 2606 1662 ,
2639 1597 2766 1650 οὕτε
2796 1597 2898 1667 τῆς
2930 1597 3172 1668 ψυχικῆς
3209 1600 3372 1670 ἡμῶν
3414 1600 3668 1664 οὐσίας,
3699 1601 3806 1662 πρὶς

535 1691 786 1760 imaginis
818 1700 872 1746 et
903 1689 1272 1746 similitudinis
1306 1691 1520 1744 modum
1541 1730 1556 1754 ,
1616 1691 1682 1744 ad
1713 1691 2108 1746 ostendendum

2222 1689 2288 1750 εἰς
2350 1685 2586 1757 ὓπαρξιν
2641 1686 2854 1756 πέφυκέ
2919 1702 3001 1740 τε
3043 1690 3139 1741 καὶ
3182 1689 3598 1758 παραγίνεται.
3670 1690 3806 1741 Ἀλλ’

534 1785 590 1839 in
620 1785 824 1850 anima,
858 1784 1004 1854 quod
1033 1797 1220 1838 sumus
1247 1782 1504 1852 polliciti,
1549 1783 1811 1838 unitatem
1841 1782 2104 1838 Divinita-

2222 1777 2304 1848 ιγε
2331 1777 2394 1850 δὴ
2430 1778 2520 1830 ἐπ’
2547 1777 2682 1832 αὐτὸ
2719 1777 2782 1831 τὺ
2824 1777 3164 1849 κυριώτατον
3191 1779 3287 1832 τοῦ
3320 1780 3450 1832 κατ’
3481 1781 3688 1834 εἰκόνα
3719 1783 3804 1832 καὶ

537 1875 609 1932 tis
643 1873 696 1928 in
726 1870 997 1929 Trinitate
1051 1890 1066 1930 :
1120 1871 1468 1927 manifestum
1499 1881 1583 1928 est
1611 1881 1789 1928 autem
1833 1873 1931 1928 tria
1961 1887 2102 1940 esse,

2222 1870 2466 1941 lpoieoatv
2497 1870 2764 1940 ἔλθωμεν,
2800 1871 2952 1934 ὅπως
2981 1871 3122 1925 κατὰ
3151 1873 3274 1941 ,τὰς
3299 1872 3654 1944 ὑποσχέσεις
3697 1874 3804 1928 δεξ-

537 1966 776 2021 animam
805 1965 1033 2030 scilicet,
1065 1965 1348 2034 spirituale
1373 1965 1488 2033 ejus
1510 1953 1734 2021 verbum
1767 1974 1820 2020 ct
1846 1974 2103 2032 mentem,

2222 1963 2388 2032 Ξωμεν
2417 1962 2478 2016 τὸ
2525 1962 2816 2029 μοναδικῖν
2855 1963 2954 2032 τῆς
2983 1964 3043 2016 ὲν
3077 1963 3272 2034 Τριάδι
3301 1963 3578 2034 θεότητος
3613 1981 3627 1993 ·
3665 1969 3806 2027 ποῖον

535 2072 700 2128 quam
732 2058 984 2128 spiritum
1013 2066 1171 2111 vocat
1193 2055 1503 2126 Apostolus,
1531 2071 1652 2111 cum
1677 2057 1929 2112 admonet
1955 2064 2014 2110 ut
2035 2057 2106 2110 si-

2222 2051 2264 2106 ῑέ
2293 2053 2411 2105 ἐστι
2439 2051 2598 2106 τοῦτο
2631 2093 2646 2120 ,
2686 2051 2910 2122 εὔδηλον
2943 2053 3028 2106 ὅτι
3059 2053 3095 2122 ἡ
3133 2053 3385 2124 ἡμετέρα
3429 2055 3615 2108 πάλιν
3645 2054 3802 2123 ψυχὴ,

537 2164 661 2205 nius
684 2148 856 2206 sancti
891 2149 1067 2203 anima
1093 2156 1148 2202 et
1171 2162 1396 2216 corpore
1423 2156 1476 2202 et
1503 2148 1748 2217 spiritu'.
1770 2147 1939 2204 Porro
1960 2146 2109 2217 inge-

2222 2143 2305 2196 ιαι
2342 2141 2372 2193 ό
2405 2143 2612 2214 ταύτης
2659 2145 2848 2214 νοερὺς
2896 2143 3053 2212 λόγος
3081 2183 3096 2210 ,
3132 2143 3226 2197 καὶ
3255 2145 3285 2196 ὸ
3319 2144 3453 2208 νσῦς
3483 2162 3502 2177 ο
3566 2147 3754 2199 ὅντινα
3779 2149 3806 2200 ὁ

538 2242 650 2297 nita
677 2250 762 2296 est
790 2241 969 2296 anima
1001 2249 1186 2294 nostra
1239 2241 1515 2320 intypum
1549 2237 1771 2305 ingenitl
1805 2237 1900 2292 Dei
1928 2245 1983 2292 et
2006 2238 2109 2292 Pa-

541 2335 674 2400 tris;
713 2348 818 2388 non
851 2341 1030 2391 autem
1067 2331 1362 2401 ingenitum
1400 2329 1516 2399 ejus
1544 2329 1828 2398 spirituale
1859 2328 2106 2396 verbum,

540 2427 636 2482 sed
685 2425 752 2479 ab
781 2439 845 2478 ea
875 2423 1119 2494 genitum
1163 2421 1542 2488 inefl‘abiliter,
1600 2421 1972 2492 invisibiliter,
2024 2421 2110 2475 in-

539 2516 958 2580 enarrabiliter,
1007 2517 1126 2570 sine
1173 2514 1394 2578 labore,
1443 2515 1494 2568 in
1534 2523 1714 2584 typum
1750 2513 1916 2585 geniti
1949 2513 2109 2582 Filii;

541 2621 694 2662 mens
720 2620 849 2661 vero
881 2620 1057 2674 neque
1085 2605 1345 2674 ingenita,
1395 2619 1570 2672 neque
1595 2605 1776 2675 genita
1796 2643 1811 2670 ,
1859 2605 1952 2660 sed
1984 2619 2113 2674 pro-

540 2699 760 2761 cedens,
791 2697 970 2752 omnia
999 2697 1332 2762 discurrens,
1365 2696 1545 2750 omnia
1574 2707 1844 2761 scrutans,
1871 2696 2115 2752 invisibi-

540 2790 666 2844 liter
717 2787 1107 2852 considerans,
1166 2787 1233 2840 ad
1284 2787 1578 2854 imaginem
1617 2796 1670 2841 et
1706 2787 2112 2841 similitudinem

541 2880 866 2936 sanctissimi
901 2888 958 2934 et
990 2879 1331 2948 procedentis
1363 2877 1629 2948 Spiritus,
1685 2880 1750 2932 de
1781 2894 1887 2948 quo
1918 2879 2117 2935 dicitur

541 2975 684 3044 quod
715 2974 900 3028 omniin
931 2981 1208 3028 scrutatur
1232 3011 1248 3038 ,
1299 2971 1462 3024 etiam
1495 2970 1756 3040 profunda
1786 2967 1936 3025 Dei‘.
1995 2972 2116 3026 Non

541 3075 625 3123 est
655 3067 954 3135 procedens
979 3065 1162 3119 anima
1195 3063 1494 3132 usquedum
1524 3073 1610 3118 cst
1637 3063 1688 3116 in
1715 3077 1964 3132 corpore,
1995 3063 2118 3120 alio-

542 3161 704 3230 quin,
752 3159 798 3214 si
832 3158 1170 3228 procederet,
1209 3156 1260 3210 in
1294 3165 1570 3210 momento
1593 3170 1956 3222 moreremur;
2008 3171 2117 3210 non

541 3261 626 3309 est
669 3251 966 3319 ingenitum
1016 3249 1240 3304 verbum
1288 3259 1573 3312 nostrum,
1633 3247 1868 3317 alioquin
1917 3248 2118 3318 stupidi

544 3353 593 3398 et
647 3341 788 3396 bruti
835 3355 1118 3405 essemus;
1177 3341 1318 3409 quod
1353 3348 1532 3393 autem
1566 3347 1647 3392 est
1687 3354 1848 3408 quam
1884 3341 2119 3394 maxime

545 3417 820 3492 mirabile:
837 3430 1074 3482 animam
1100 3429 1315 3497 quidem
1343 3427 1641 3497 simplicem
1665 3428 1948 3493 habemus,
1969 3445 2119 3484 men-

548 3536 652 3578 tem
695 3536 911 3592 quoque
961 3537 1122 3574 unam
1171 3530 1226 3576 et
1271 3521 1680 3582 inconcrctam,
1736 3523 1958 3574 verbum
1986 3537 2119 3576 vero

551 3616 771 3684 duplex,
813 3613 1079 3682 duplicem
1112 3614 1316 3667 habens
1343 3613 1773 3683 generationem,
1801 3613 1930 3667 licet
1954 3629 2117 3667 unum

547 3719 602 3761 et
658 3707 946 3762 indivisum
1001 3699 1219 3766 maneat
1282 3723 1296 3760 :
1359 3715 1651 3774 generatur
1697 3699 1855 3760 enim'
1898 3707 2117 3760 verbum

549 3802 610 3854 in'
652 3801 852 3862 corde,
917 3797 1450 3868 incomprehensibili
1499 3808 1551 3851 et
1597 3798 2118 3867 incorporea-gene—

549 3893 780 3954 ratione,
827 3891 970 3943 intus
1001 3902 1220 3957 quoque
1248 3897 1428 3942 manet
1455 3886 1762 3952 invisibile;
1819 3889 1994 3942 denuo
2024 3903 2120 3941 au-

549 3995 657 4037 tem
707 3981 1064 4050 corporaliter
1113 3993 1210 4048 per
1253 3978 1393 4033 labia
1436 3987 1726 4048 generatur
1775 3987 1830 4034 et
1868 3981 2121 4036 omnibus

549 4073 896 4128 manifestum
951 4071 1048 4137 ﬁt;
1124 4085 1222 4124 nec
1272 4079 1452 4124 tamen
1511 4084 1540 4122 a
1591 4080 1890 4138 generante
1941 4071 2119 4124 anima

549 4166 790 4230 recedit,
859 4173 915 4216 ut
973 4177 1039 4216 ex
1082 4160 1281 4230 duplici
1328 4160 1476 4214 verbi
1521 4161 1694 4214 nostri
1740 4164 2114 4230 generatione,

2219 2235 2542 2299 Ἀπόστολος
2581 2235 2800 2306 πνεῦμα
2839 2237 3303 2307 προσηγόρευσεν,
3336 2237 3430 2290 ὅτε
3481 2239 3803 2292 διακελεύε-

2207 2344 2300 2381 ται
2326 2329 2518 2398 ἁγίους
2550 2329 2698 2398 ἡμᾶς
2740 2322 2879 2380 εἶναι
2913 2331 2979 2398 τῇ
3017 2329 3163 2400 ψυχῇ
3211 2329 3306 2398 καὶ
3333 2327 3416 2399 τῷ
3458 2330 3694 2400 σώματι
3721 2333 3804 2382 καὶ

2210 2421 2286 2492 τῷ
2331 2419 2624 2490 πνεύματι.
2684 2419 3006 2490 Ἀγέννητος
3043 2421 3144 2490 μὲν
3182 2421 3292 2490 γὰρ
3338 2420 3526 2474 πάλιν
3580 2423 3732 2474 ἐστὶν
3775 2424 3802 2489 ἡ

2211 2513 2356 2584 ψυχὴ
2407 2514 2500 2566 καὶ
2538 2511 2777 2575 ἀναίτιος
2831 2515 2912 2577 εις
2972 2517 3145 2566 τύπον
3198 2513 3296 2566 τοῦ
3351 2515 3674 2584 ἁγεννήτου
3719 2513 3801 2566 καὶ

2211 2607 2460 2660 ἅναιτίου
2509 2605 2646 2658 Θεοῦ
2699 2606 2793 2658 καὶ
2844 2605 3060 2675 Πατρός
3080 2609 3098 2634 ·“
3149 2605 3251 2658 οὐκ
3302 2605 3628 2674 ἁγέννητος
3675 2606 3731 2659 δὲ
3775 2606 3802 2658 ὁ

2215 2696 2398 2768 νοερὸς
2441 2697 2614 2766 αὐτῆς
2647 2695 2826 2764 λόγος,
2863 2694 2976 2747 ἀλλ’
3015 2695 3072 2760 ἐξ
3102 2697 3275 2766 αὐτῆς
3307 2697 3676 2766 γεννώμενος
3707 2696 3798 2768 sp-

2217 2788 2395 2858 ῥήτως
2429 2787 2524 2840 καὶ
2555 2787 2828 2857 ἀοράτως,
2859 2786 3285 2857 ἀνερμηνεύτως
3306 2788 3406 2840 καὶ
3435 2787 3703 2851 ἀπαθῶς,
3731 2789 3799 2850 εἰς

2215 2879 2386 2932 τύπον
2412 2878 2506 2933 τοῦ
2539 2879 2802 2949 γεννητοῦ
2830 2879 2963 2931 Υἱοῦ
2992 2895 3006 2908 ·
3043 2879 3071 2930 ό
3100 2879 3158 2932 δὲ
3215 2877 3343 2940 νοῦς
3398 2879 3532 2932 οὐδὲ
3566 2880 3800 2941 ἀναίτιός

2144 2949 2184 3006 c
2217 2973 2388 3036 ἐστιν,
2435 2969 2560 3022 οὐδὲ
2590 2969 2850 3038 γεννητὸς
2869 3008 2883 3032 ,
2913 2967 3026 3021 ἀλλ’
3058 2968 3398 3038 ὲκπορευτδς
3423 3008 3440 3032 ,
3471 2970 3665 3041 πάντη
3697 2971 3804 3022 δια-

2217 3062 2452 3134 τρέχων,
2507 3060 2598 3113 καὶ
2650 3059 2720 3112 τὰ
2766 3059 2944 3112 πάντα
2996 3059 3350 3113 διασκοπῶνο
3409 3062 3514 3114 καὶ
3563 3062 3802 3132 ἀοράτως

2217 3152 2515 3224 ψηλαφῶν,
2547 3152 2668 3206 κατ’
2708 3153 2895 3206 εἰκόνα
2942 3155 3036 3204 καὶ
3067 3153 3328 3222 ὁμοίωσιν
3375 3153 3476 3205 τοῦ
3533 3156 3804 3220 παναγῶν

2218 3247 2314 3298 καὶ
2343 3244 2678 3315 ἐκπορευτοῦ
2717 3243 3060 3314 Πνεύματος.
3090 3245 3225 3314 Περὶ
3253 3236 3316 3296 οὗ
3344 3246 3602 3314 εἴρηται,
3631 3248 3719 3299 ὅτι
3747 3244 3801 3298 ca

2219 3335 2447 3405 Πνεῦμα.
2493 3334 2674 3387 πάντα
2722 3335 2918 3404 ἐρευνᾷ
2945 3335 3037 3386 καὶ
3081 3333 3150 3386 τὰ
3185 3333 3328 3404 βάθη
3362 3337 3458 3388 τοῦ
3497 3336 3666 3390 Θεοῦ.
3699 3338 3800 3390 ιῖὖκ

2219 3428 2366 3481 ἔστιν
2399 3429 2708 3497 ἐκπορευτὴ
2742 3430 2775 3498 ἡ
2815 3428 2988 3498 ψυχὴ,
3032 3427 3140 3490 ἓως
3180 3421 3242 3480 οὗ
3279 3430 3436 3480 ἐστιν
3466 3431 3534 3480 ἐν
3585 3429 3664 3496 τῷ
3711 3427 3802 3481 seb-

2222 3536 2419 3590 ματι··
2450 3521 2575 3572 ἐπεὶ
2621 3518 3018 3590 εἰ·ὲκπορευτὴ
3065 3515 3155 3587 ἦν,
3214 3517 3324 3588 ἄρα
3366 3518 3435 3570 ἂν
3496 3520 3629 3571 καθ’
3664 3520 3800 3588 ὤραν

2220 3613 2658 3682 ἀπεονήσκομενν.
2687 3612 2800 3664 Οὐκ
2836 3611 2984 3664 ἔστιν
3011 3610 3310 3679 ἁγέννητος
3347 3612 3376 3662 ὁ
3411 3610 3579 3678 λόγος
3613 3613 3798 3680 ἡμῶν,

2219 3705 2343 3756 ἐπεὶ
2379 3703 2568 3770 ἄλογοι
2603 3719 2748 3765 τινες
2786 3703 2881 3755 καὶ.
2912 3701 3208 3771 κτηνώδεις

2220 3793 2652 3864 παραδοξότερον
2681 3792 2792 3844 τῶν
2821 3791 3142 3860 παραδόξων
3163 3789 3396 3855 τούτων,
3422 3792 3612 3842 ἐκεῖνό
3639 3795 3796 3851 ἐστιν,

2219 3888 2300 3940 ὃτι
2331 3887 2511 3956 ψυχὴν
2545 3887 2644 3955 μὲν
2678 3884 2860 3952 ἁπλῆν
2903 3900 3026 3934 τινα
3058 3882 3278 3950 ἔχομεν,
3314 3882 3527 3950 ὁμοίως
3547 3883 3656 3934 ’καὶ
3685 3881 3800 3934 νοίν

2224 3979 2508 4048 μοναδικὸν
2551 3978 2644 4030 καὶ
2673 3975 2988 4039 ἀσύνθετον,
3038 3973 3197 4041 λόγον
3235 3973 3290 4025 δὲ
3322 3973 3578 4033 διπλοῦν,
3613 3974 3797 4040 (istiis-

2221 4070 2412 4140 ἔχοντα
2437 4069 2502 4122 τὸ
2527 4069 2658 4122 αὐτὸ
2681 4067 2778 4137 τὴν
2803 4067 3080 4136 γέννησιν,
3111 4067 3206 4117 καὶ
3230 4065 3328 4117 ’ἐνα
3363 4067 3462 4116 καὶ
3489 4066 3787 4134 ἀμέριστον

2222 4163 2646 4232 φυλαττόμενον.
2680 4161 2948 4214 Γεννᾶται
2994 4161 3105 4230 γὰρ
3127 4162 3154 4212 ὁ
3186 4159 3342 4226 λόγος
3384 4160 3445 4210 ἐν
3477 4162 3550 4230 τῇ
3584 4160 3795 4228 καρδὲᾳ,

3252 3701 3561 3770 ὑπήρχομε
3579 3724 3597 3750 ι
3621 3720 3634 3730 ο
3665 3704 3722 3754 τὸ
3751 3702 3798 3752 δὲ

547 4271 647 4325 pro
675 4254 904 4324 quadam
933 4253 1167 4320 imagine
1192 4261 1246 4305 et
1273 4250 1650 4315 similitudine,
1679 4252 1949 4320 duplicem
1978 4253 2116 4308 Ver-

2223 4254 2476 4325 γέννησιν
2531 4272 2654 4307 τινα
2722 4253 3109 4322 ἀκατάληπτον
3163 4252 3258 4307 καὶ
3312 4249 3656 4318 ἀσώματον·
3713 4254 3796 4302 καὶ

551 4347 601 4400 bi
629 4345 793 4398 divini
827 4343 1232 4413 generationem
1262 4354 1740 4410 cognosceremus,
1765 4343 1855 4409 qui
1881 4343 2125 4400 invisibi-

550 4439 676 4493 liter
706 4447 760 4490 et
789 4433 1136 4490 ineﬂ'ahiliter
1173 4449 1202 4486 ιι
1234 4432 1396 4488 Patre
1421 4442 1502 4488 est
1529 4433 1747 4503 genitus
1776 4445 1900 4489 ante
1928 4440 2122 4493 saecula

549 4541 604 4583 et
634 4529 686 4582 in
721 4526 898 4590 Patre,
936 4523 1094 4593 quasi
1129 4523 1185 4578 ln
1214 4523 1392 4577 anima
1425 4523 1658 4578 latenter
1682 4533 1900 4588 manet,
1952 4526 2125 4582 donec

551 4637 620 4676 ex
654 4629 842 4674 saneta
871 4615 1118 4686 Virgine,
1150 4615 1294 4669 velut
1323 4629 1388 4669 ex
1415 4614 1579 4670 corde
1603 4615 1859 4684 quodam,
1886 4617 2124 4674 incorru-

2225 4349 2373 4418 μένει
2403 4345 2551 4400 ἔνδον
2588 4345 2956 4416 ἅγνώριστον·
2977 4346 3074 4400 καὶ
3107 4347 3362 4414 γεννᾶται
3388 4345 3660 4416 δευτέραν
3685 4351 3794 4414 γέν·

2221 4454 2378 4508 νησιν
2436 4438 2536 4508 τὴν
2596 4437 2919 4508 σωματικὴν
2963 4435 3051 4488 διὰ
3097 4435 3360 4505 χειλέων,
3397 4437 3492 4488 καὶ
3527 4438 3653 4487 τότε
3696 4437 3790 4496 τείς

2223 4532 2356 4583 πᾶσι
2405 4527 2754 4600 γνωρξζεται,
2789 4529 2891 4599 τῆς
2942 4527 2999 4580 δὲ
3034 4527 3378 4596 γεννησὰσης
3429 4527 3602 4579 αὐτὸν
3629 4527 3794 4594 ψυχῆς

2220 4620 2288 4673 οὔ
2339 4619 2674 4690 χωρίζεται’
2729 4619 2818 4672 ἵνα
2868 4617 2956 4670 διὰ
2998 4619 3108 4672 τῶν
3139 4617 3232 4670 δύο
3276 4617 3371 4669 τοῦ
3428 4617 3598 4683 λόγου
3653 4618 3796 4685 ἡμῶν

552 4708 814 4776 ptihilitcr
849 4717 904 4760 et
937 4701 1140 4774 absque
1169 4705 1354 4759 dolore
1379 4743 1394 4768 ,
1449 4705 1746 4758 secundum
1777 4720 1997 4760 carnem
2031 4723 2116 4761 na-

2222 4711 2534 4782 γεννήσεων
2611 4712 2797 4778 σαφῶς
2827 4711 2927 4776 τὰς
2963 4709 3057 4764 δύο
3094 4709 3190 4764 τοῦ
3227 4709 3364 4764 Θεοῦ
3406 4711 3590 4776 Λόγου
3621 4711 3798 4780 γεννή-

553 4808 799 4851 sceretur
829 4803 884 4848 et
914 4794 1069 4849 nobis
1099 4791 1454 4862 corporaliter
1483 4807 1551 4846 ex
1577 4791 1744 4846 altera
1769 4794 2120 4864 generatione

551 4897 858 4958 appareret.

2229 4817 2344 4864 σεις
2375 4801 2496 4855 κατ’
2541 4803 2727 4856 εἰκόνα
2762 4802 2884 4856 τινὰ
2919 4803 3014 4856 καὶ
3063 4792 3328 4872 ὁμοίωσιν
3375 4803 3671 4872 μάθωμεν.
3712 4802 3790 4852 Fs-

2225 4892 2486 4964 γέννηται
2519 4894 2630 4964 γὰρ
2677 4895 2926 4964 ἀοράτως
2971 4895 3065 4948 καὶ
3093 4893 3518 4964 ἁνερμηνεύτως
3559 4895 3668 4964 πρὸ
3700 4891 3794 4944 τῶν

551 4982 764 5034 αἰώνων
800 4983 864 5032 έκ
902 4977 1116 5048 Πατρδς
1135 5015 1151 5040 ,
1183 4977 1278 5031 καὶ
1308 4977 1456 5047 μένει
1487 4977 1800 5046 ἄγνωστος,
1827 4979 1903 5044 ὡς
1959 4979 2018 5036 ἐν
2047 4999 2154 5036 τινι
2190 4985 2334 5058 ψυχῇ
2367 4987 2500 5056 πρὸς
2523 4987 2614 5040 τὸν
2645 4989 2888 5060 Πατέρα·
2927 4989 3054 5053 ἕως,
3079 4987 3269 5057 ὥσπερ
3300 4989 3363 5040 ἐκ
3387 4988 3620 5060 καρδίας
3643 4986 3793 5047 τινος,

550 5075 648 5143 τῆς
677 5073 840 5140 ἁγίας
871 5071 1151 5144 Παρθένου
1191 5069 1447 5143 ἀφθόρως
1509 5073 1604 5125 καὶ
1633 5072 1850 5138 ἀπόνως
1873 5075 2197 5145 γεγέννηται
2222 5079 2284 5133 τὸ
2309 5082 2450 5134 κατά
2515 5080 2716 5153 σάρκα,
2761 5083 2857 5137 καὶ
2917 5082 3246 5154 ὲνεφανίσῢη
3305 5084 3443 5154 ἡμῖν
3474 5080 3794 5151 σωματικῶς

549 5166 636 5220 διὰ
667 5167 929 5236 δευτέρας
959 5165 1288 5235 γεννήσεως.

620 5258 876 5311 Cernitur
921 5259 1082 5320 etiam
1143 5259 1195 5311 in
1243 5257 1498 5326 homine,
1564 5259 1718 5327 quasi
1776 5261 1828 5313 in
1884 5261 2116 5330 imagine

551 5363 604 5406 et
637 5365 759 5424 typo
784 5393 800 5419 ,
849 5355 1046 5424 duplex
1080 5355 1160 5409 vis
1193 5355 1243 5409 in
1277 5355 1566 5426 imaginem
1593 5365 1646 5411 et
1669 5367 1850 5428 typum
1873 5357 2074 5412 Christi
2103 5375 2118 5412 :

551 5448 1004 5515 quemadmodum
1031 5450 1174 5504 enim
1210 5451 1326 5522 ejus
1353 5450 1610 5506 divinitas
1642 5452 1747 5522 egit
1783 5451 2116 5518 tlteatnit'ice,

629 5597 644 5626 ¹
688 5597 900 5654 Coluss.
928 5620 964 5664 ι,
1001 5603 1090 5656 22.
1169 5607 1187 5635 ³
1223 5605 1238 5656 l
1268 5605 1392 5656 (Zur.
1433 5621 1490 5664 ll,
1533 5606 1630 5657 1ορ

2307 5263 2532 5336 Ὀρᾶται
2560 5263 2720 5318 πάλιν
2757 5263 2832 5327 ὡς
2863 5264 2920 5316 ὲν
2951 5262 3122 5316 εἰκόνι
3168 5261 3281 5315 τινὶ
3312 5261 3411 5315 καὶ
3443 5261 3606 5331 τύπῳ
3630 5301 3646 5325 ,
3669 5262 3794 5326 λέγω

2227 5358 2286 5411 ἐν
2323 5355 2729 5428 ’τῷ-ἀνθρώπῳ,
2768 5359 2862 5409 καὶ
2905 5354 3058 5425 διττή
3098 5371 3183 5414 τις
3239 5353 3526 5423 ἐνεργείας
3572 5354 3792 5423 ἒμςαςις

2227 5451 2306 5512 εἰς
2331 5441 2639 5504 εἰκόνακαὶ
2663 5450 2830 5504 τύπον
2858 5447 3099 5518 Χριστοῦ
3127 5462 3142 5476 ο
3165 5445 3422 5517 καθάπερ
3440 5447 3550 5516 γὰρ
3582 5448 3616 5518 ἡ
3647 5443 3792 5499 αἰτοξ
