4026 6308
353 321 492 393 “53

1761 343 2016 408 SERth
2053 343 2166 409 III.

3451 361 3588 431 “Si

343 439 512 494 οἱονεὶ
552 441 950 513 προθεμελίους
991 447 1303 513 καταϐολὰς
1343 447 1731 522 ἀνορύττοντες
1756 499 1772 524 ,
1826 459 1921 512 καὶ

2037 463 2155 529 rint,
2213 465 2278 519 iis
2297 465 2530 534 primum
2565 469 2776 526 radices
2805 484 3014 536 eorum,
3044 472 3431 544 cardinomqne
3469 476 3592 530 fon-

343 530 714 602 γυμνοῦντες,
747 535 841 590 καὶ
872 539 1383 608 προκατασείοντες,
1412 546 1716 616 τηνικαῦτα
1749 549 1922 618 εὐμα-

348 622 461 694 ρῶς
482 667 498 690 ,
531 623 609 690 ὠς
641 625 844 697 ἄριστα
876 628 1192 699 διαγνόντες
1215 674 1230 698 ,
1275 633 1478 706 ἄριστα
1508 639 1600 690 καὶ
1652 639 1924 710 ἰατρεύειν

345 715 693 786 δυνήσονται.
732 719 846 774 Ούκ
875 722 1196 788 εἰσιτοίνυν
1231 723 1446 792 λαλιαὶ,
1481 729 1604 782 οὐδὲ
1633 729 1818 798 λόγοι,
1849 726 1924 786 ὧν

345 807 470 878 οὐχὶ
517 808 806 896 ἀκούονται
853 813 911 866 αί
953 816 1131 882 φωναὶ
1159 817 1340 872 αὐτῶν
1361 833 1376 848 ο
1410 819 1546 874 ἀλλά
1579 824 1687 896 μὴν
1721 827 1814 878 καὶ
1844 827 1925 888 είς

349 895 662 968 πᾶσαν.’τὴν
687 901 792 970 γῆν
821 901 1043 972 ἐξῆλθεν
1067 907 1094 958 ὁ
1123 906 1362 978 φθόγγος
1393 911 1596 979 αὐτῶν,
1633 895 1728 968 καὶ
1753 917 1831 979 είς
1857 915 1926 969 τὰ

350 988 568 1058 πέρατα
594 991 691 1060 τῆς
708 993 1039 1064 οἰκουμένης
1065 998 1134 1050 τὰ
1165 1000 1389 1069 ῥήματα
1417 1001 1619 1059 αὐτῶν.
1645 1005 1922 1075 Ἐκείνων,

349 1082 518 1151 λέγω,
558 1084 667 1138 τῶν
699 1087 1038 1156 πολεμικῶν,
1074 1091 1358 1160 Περσικῶν
1391 1111 1451 1146 τε
1482 1096 1576 1148 καὶ
1603 1093 1926 1167 Ῥωμαϊκῶν

351 1175 731 1245 παρατάξεων,
763 1178 924 1249 ἡνίκα
952 1181 1042 1233 τὸν
1055 1184 1342 1250 «νικητικὸν
1360 1184 1620 1254 τρόπαιον
1640 1185 1734 1240 τοῦ
1759 1189 1926 1240 Σταυ-

351 1266 452 1336 ροῦ
487 1268 777 1338 συνεργείᾳ
813 1269 949 1324 Θεοῦ
989 1272 1258 1344 ἐπανῆλθε
1305 1275 1427 1346 μεθ’
1473 1275 1795 1348 Ἡρακλείου
1831 1278 1924 1332 τοῦ

350 1359 620 1432 βασιλέως
653 1365 710 1416 ὲν
749 1363 1129 1436 Ἰερουσαλήμ.
1217 1351 1224 1358 ’
1706 1425 1736 1444 κ
1881 1426 1888 1432 .

424 1445 593 1514 Οὗτος
631 1454 695 1524 δὴ
741 1457 770 1508 ὁ
800 1457 898 1526 τῆς
943 1454 1262 1529 Ῥωμαῖκῆς
1301 1459 1425 1512 κατ’
1475 1459 1686 1514 ἐκείνου
1730 1459 1924 1530 καιροῦ

349 1545 697 1615 σκηπτοῦχος
753 1547 1028 1616 βασιλείας
1086 1549 1411 1626 Ἡράκλειος
1451 1551 1544 1604 ἐπὶ
1583 1553 1654 1606 τὰ
1683 1553 1928 1606 Χαλδαίά

345 1651 410 1688 τε
457 1635 552 1689 καὶ
595 1637 844 1705 Περσικά
898 1638 1136 1708 μέλεθρα
1181 1641 1280 1704 τάς
1333 1642 1560 1713 πορείας
1604 1645 1926 1713 ποιούμενος

347 1725 498 1780 κατά
523 1726 622 1795 τὴν
662 1727 980 1798 Ἀντιοχέων
1002 1730 1178 1792 πόλιν,
1207 1735 1592 1803 περιτυγχάνει
1623 1713 1730 1787 τινὶ
1769 1734 1926 1789 Ἀθα-

2029 552 2303 620 damenta,
2328 557 2563 612 eruenda
2585 567 2731 625 sunt,
2757 559 3078 614 denudanda
3111 560 3179 615 ab
3213 562 3430 632 imoque
3462 579 3594 618 con-

2031 645 2278 700 cutienda
2312 661 2328 698 :
2365 656 2492 703 tunc
2533 651 2730 720 quippe
2761 651 2937 716 facile,
2963 669 3086 707 cum
3105 653 3252 722 ipsos
3276 657 3476 722 optimc
3503 672 3594 711 co-

2029 735 2370 802 gnorint,eis
2405 754 2620 809 quoque
2656 751 2904 810 poterunt
2947 744 3162 810 egregie
3210 745 3432 799 mederi.
3477 745 3592 799 Non

2029 825 2192 895 igitur
2217 845 2405 894 nugas,
2449 841 2538 884 aut
2571 833 2747 885 inania
2779 833 2940 888 verba
2974 833 3327 900 proferemus,
3361 850 3592 900 quorum

2027 931 2134 970 non
2170 919 2464 974 audiantur
2497 936 2652 976 voces
2683 939 2696 976 :
2735 924 2826 976 sed
2858 925 2910 976 in
2948 939 3162 977 omnem
3197 925 3360 978 etiam
3392 933 3594 978 terram

2027 1007 2193 1062 exivit
2234 1022 2398 1064 sonus
2443 1025 2660 1079 eorum,
2689 1023 2744 1067 ct
2792 1013 2844 1067 itt
2891 1016 3024 1068 lines
3051 1015 3199 1069 orbis
3238 1024 3396 1068 terra:
3429 1015 3594 1068 verba

2027 1112 2233 1156 eorum.
2265 1100 2484 1165 Eorum,
2521 1103 2759 1172 inquam,
2792 1104 3097 1158 militarium
3127 1106 3399 1170 ordinum,
3423 1105 3597 1160 Persi-

2028 1205 2209 1246 carum
2241 1193 2716 1264 Romanarumque
2742 1195 3028 1260 classium,
3061 1213 3183 1251 cum
3235 1199 3586 1251 victoriosum

2027 1281 2217 1337 Crucis
2271 1295 2532 1354 tropaeum
2580 1287 2765 1342 divino
2808 1287 3116 1354 adjutorio,
3154 1303 3276 1343 cum
3335 1288 3587 1344 Heraclio

2029 1386 2152 1438 rege
2181 1373 2232 1426 in
2265 1372 2564 1429 Jerusalem
2599 1392 2872 1431 reversum
2905 1389 3010 1432 est.-

2085 1465 2183 1518 liic
2205 1467 2409 1521 scilicet
2435 1467 2664 1522 Romani
2683 1470 2892 1538 imperii
2919 1487 2978 1524 ca
2999 1480 3320 1539 tempestate
3353 1473 3596 1528 modera-

2029 1563 2113 1608 tor
2141 1554 2439 1622 lleraclios,
2466 1573 2585 1612 cum
2617 1570 2732 1628 post
2768 1560 3068 1626 Chaldmos,
3103 1563 3404 1633 Persasque
3431 1579 3594 1633 supe-

2027 1653 2174 1698 ratos
2205 1645 2306 1698 iter
2335 1648 2400 1698 ad
2433 1647 2898 1705 Autiocltenortnn
2933 1653 3207 1706 civitatem
3238 1655 3592 1722 instituisset,

2029 1733 2082 1788 in
2111 1734 2469 1792 Athanasium
2513 1742 2796 1808 quemdam
2837 1743 3028 1797 incidit
3057 1745 3276 1810 odihilis
3323 1743 3594 1800 Jacobita—

345 1815 526 1888 νασίῳ
584 1818 904 1890 πατριάρχῃ
957 1817 1236 1892 λεγομένῳ
1283 1823 1384 1890 τῆς
1428 1823 1537 1877 τῶν
1595 1820 1925 1877 Ἰακωσιτῶν

2037 1841 2145 1880 rum
2203 1827 2536 1885 hierarchias
2570 1833 2930 1901 patriarcltam
2985 1844 3378 1904 nuncupatum,
3420 1837 3597 1891 homi-

353 1908 739 1979 μισιεραρχίας
759 1949 775 1975 ,
812 1909 974 1980 δεινῷ
998 1927 1104 1964 τινι
1135 1911 1249 1964 ὅντι
1282 1915 1408 1984 περὶ
1441 1913 1634 1983 λόγους
1655 1955 1670 1978 ,
1700 1915 1792 1968 καὶ
1827 1931 1928 1968 κα-

348 1995 576 2070 κούργῳ
601 1999 668 2070 τῇ
702 1999 812 2052 τῶν
855 1999 1042 2072 Σύρων
1081 2001 1311 2073 έμφύτῳ
1341 1993 1668 2075 πανουργία.
1703 2005 1812 2058 Καὶ
1841 2021 1928 2061 xt-

349 2089 527 2162 νήσας
556 2089 695 2161 πρὸς
725 2089 887 2144 αὑτὸν
929 2093 1056 2156 τοὺς
1086 2093 1216 2163 περὶ
1248 2093 1486 2156 πίστεως
1523 2094 1634 2148 τῶν
1667 2094 1761 2148 δύο
1793 2095 1929 2165 Χρι·

349 2181 483 2236 στοῦ
511 2180 728 2251 φύσεων
756 2182 953 2252 λόγους
975 2223 990 2247 ,
1020 2185 1048 2236 ὁ
1091 2183 1342 2255 βασιλεὺς
1383 2186 1714 2256 ὕπισχνεῖτο,
1758 2186 1833 2250 ὡς
1879 2187 1929 2240 εἰ

349 2271 605 2345 πεισθείη
631 2273 781 2344 αὐτῷ
805 2314 820 2338 ,
844 2275 938 2328 καὶ
963 2273 1182 2344 δέξηται
1213 2277 1314 2346 τὴν
1343 2277 1506 2346 ἁγίαν
1539 2276 1756 2331 σύνοδον
1785 2277 1930 2332 Χαλ-

349 2362 623 2433 κηδόνος,
671 2365 1018 2436 πατριάρχην
1065 2367 1230 2419 αὑτὸν
1276 2367 1542 2440 καθιστᾷν
1586 2369 1687 2436 τῆς
1740 2368 1929 2422 αύτὸοι

351 2453 518 2524 ἁγίας
547 2455 842 2527 κοιθολικῆςι
882 2457 1232 2527 Ἐκκλησίοις.
1263 2459 1389 2513 Εἴτε
1416 2451 1508 2514 οὖν
1537 2460 1594 2513 ὲν
1617 2461 1926 2533 ὑποκρίσει,

351 2547 466 2601 εἴτε
493 2548 590 2600 καὶ
614 2549 736 2602 καθ’
767 2547 957 2621 ἕτερον
985 2550 1186 2621 τρόπον
1214 2553 1366 2621 ὅμως
1415 2551 1636 2619 ἐδέξατο
1659 2549 1758 2622 τὴν
1794 2551 1928 2604 σύν-

351 2640 478 2699 οδον
525 2640 556 2692 ὁ
589 2638 907 2704 Ἀθανάσιος
929 2680 945 2703 ,
981 2641 1324 2712 ὁμολογήσας
1358 2642 1460 2706 τὰς
1486 2641 1581 2696 δύο
1609 2644 1668 2696 ἐν
1701 2641 1929 2714 Χριστῷ

353 2729 644 2801 ἡνωμένας
668 2729 878 2800 φύσεις.
906 2731 1014 2784 Καὶ
1036 2731 1240 2786 τούτων
1265 2731 1656 2804 στοιχηθέντων
1677 2732 1930 2804 ἠρώτησε

349 2816 449 2872 τὸν
473 2816 696 2888 βασιλέα
723 2819 854 2890 περὶ
879 2818 981 2888 τῆς
1010 2819 1292 2890 ἐνεργείας
1310 2859 1327 2883 ,
1353 2821 1448 2874 καὶ
1479 2820 1588 2873 τῶν
1609 2819 1930 2891 θελημάτων

351 2906 441 2972 τὸ,
477 2907 594 2971 πῶς
623 2908 704 2961 δεῖ
741 2907 916 2962 ταῦτα
947 2908 1128 2977 λέγειν
1171 2910 1228 2962 ὲν
1255 2908 1334 2980 τῷ
1373 2909 1624 2980 Χριστῷ,
1657 2909 1856 2979 διπλᾶ,
1892 2911 1926 2982 ἢ

356 2999 660 3069 μοναδικά;
699 2997 760 3054 Ὅ
805 2999 935 3074 γοῦν
973 2999 1228 3070 βασιλεὺς
1281 2999 1675 3072 ξενοφωνηθεὶς
1721 3002 1815 3056 ἐπὶ
1859 3005 1927 3074 τῇ

353 3090 649 3160 ἐρωτήσει,
673 3092 770 3146 ἅτε
797 3090 862 3162 δὴ
889 3089 1042 3144 οῦπω
1066 3093 1206 3145 κατά
1232 3092 1359 3166 τοὺς
1384 3092 1684 3163 ἡμετέρους
1704 3095 1928 3164 καιροὺς

354 3149 646 3252 κίνηθὲιστί
667 3219 684 3243 ,
713 3149 916 3250 γράςὲει
948 3181 1084 3251 πρὸς
1114 3149 1512 3252 Μαρτινᾶνέδν
1554 3149 1744 3236 iuet?“
1782 3149 1932 3236 οἱ)ώᾷ
1957 3149 2000 3206 (³

360 3287 474 3342 μης
506 3271 634 3342 περὶ
669 3272 881 3325 τούτουο
913 3272 1114 3342 ὁμοίως
1145 3273 1240 3325 καὶ
1269 3273 1406 3342 πρὸς
1435 3273 1660 3344 Σέργιον
1687 3272 1778 3326 τὸν
1809 3273 1934 3326 ὲπίι

359 3380 564 3416 σκοπον
591 3364 1236 3427 Κωνσταντινουπὸλεως.
1271 3365 1382 3416 Kal.
1411 3367 1438 3418 ὁ
1468 3364 1566 3435 μὲν
1595 3365 1784 3428 πάπας
1809 3351 1965 3436 έσήέ

357 3471 534 3528 μανεν
557 3456 706 3526 αὐτῷ
743 3455 886 3510 κατά
924 3455 1025 3527 τὴν
1057 3455 1358 3525 παράδοσιν
1401 3455 1509 3508 τῶν
1551 3455 1724 3524 ἁγίων
1755 3455 1934 3510 [lard-

357 3565 495 3619 ρων,
524 3548 718 3614 λέγων,
745 3549 828 3603 ὅτι
853 3547 980 3602 ἔνθα
1008 3549 1102 3602 δύο
1128 3547 1318 3616 φύσεις
1342 3547 1718 3618 γνωρίζονται,
1741 3546 1935 3617 κτιστὴ

355 3641 498 3711 ὁμοῦ
527 3657 586 3694 τε
616 3641 710 3697 καὶ
735 3641 1010 3705 ἀκτιστος,
1043 3640 1261 3710 ἀνάγκη
1290 3643 1441 3694 πᾶσα
1465 3640 1612 3710 ἔχειν
1635 3639 1936 3704 ἀὑτάςκαὶ

359 3733 460 3796 τὰς
508 3731 602 3786 δύο
647 3731 828 3786 αὐτῶν
861 3729 1098 3802 φυσικὰς
1136 3732 1407 3802 ἰδιότητας
1429 3772 1444 3798 ,
1479 3730 1624 3799 λέγω
1653 3730 1720 3802 δὴ
1748 3731 1816 3785 τά
1847 3729 1937 3783 θε-

356 3823 618 3894 λήματα,
645 3825 743 3878 καὶ
777 3821 879 3888 τάς
906 3823 1206 3893 ἐνεργείας·
1238 3815 1314 3877 ὧν
1341 3824 1452 3893 γὰρ
1512 3823 1548 3894 ἡ
1587 3821 1805 3892 θέλησις
1841 3820 1938 3874 καὶ

357 3923 394 3990 ἡ
435 3919 686 3992 ἐνέργεια
719 3919 818 3992 μία
843 3960 860 3985 ,
905 3917 1112 3974 τούτων
1146 3909 1364 3982 πάντως
1391 3917 1490 3971 καὶ
1533 3919 1566 3988 ἡ
1608 3916 1771 3986 φύσις
1805 3915 1936 3987 μία,

361 4012 460 4064 καὶ
487 4011 550 4064 οὐ
583 4011 676 4065 δύο
702 4010 1054 4082 τυγχάνουσι.
1086 4009 1273 4064 Ταῦτα
1303 4009 1400 4064 καὶ
1427 4009 1497 4064 τὰ
1527 4008 1756 4066 τοιαῦτα
1779 4009 1939 4079 Μαρ-

358 4099 513 4153 τίνου
539 4100 605 4154 τὰ
640 4100 964 4172 γράμματα.

451 4358 510 4412 '0
536 4359 594 4412 δὲ
627 4359 1247 4421 Κωνσταντινουπόλεως
1275 4357 1522 4429 Σέργιος,
1546 4356 1642 4410 ἀτε
1670 4354 1736 4428 δὴ
1771 4357 1942 4426 Συρο-

2029 1933 2148 1971 nem
2170 1933 2417 1978 sermone
2445 1931 2774 1992 promptum,
2807 1933 2862 1978 et
2891 1925 3193 1994 improbum
3217 1927 3398 1980 nativa
3431 1925 3596 1998 Syro-

2028 2024 2146 2064 rum
2194 2010 2509 2066 calliditate.
2557 2013 2802 2084 Cumque
2833 2015 2936 2070 sihi
2967 2017 3196 2071 invicem
3243 2017 3313 2071 de
3359 2017 3590 2085 duplicis

2027 2097 2227 2155 Christi
2251 2111 2457 2156 natura:
2489 2102 2592 2157 ﬁde
2629 2105 3126 2160 communicassent
3167 2107 3506 2170 sententias,
3545 2107 3596 2160 id

2030 2192 2243 2245 tandem
2275 2193 2546 2262 pollicitus
2575 2203 2653 2248 est
2691 2195 3008 2264 imperator,
3037 2197 3080 2250 si
3111 2197 3216 2252 sibi
3263 2211 3466 2251 morem
3505 2211 3598 2267 ge-

2029 2291 2195 2346 reret,
2228 2295 2580 2354 sanctamque
2611 2285 3107 2341 Chalcedouensem
3135 2289 3398 2358 synodum
3428 2289 3599 2344 susci-

2028 2383 2214 2442 peret,
2269 2373 2441 2442 ipsum
2489 2377 2607 2445 ejus
2630 2386 2830 2430 sanctae
2864 2377 3146 2430 Catholica:
3193 2376 3444 2431 Ecclesia:
3505 2391 3601 2446 pa--

2031 2461 2318 2516 triarcham
2359 2461 2472 2518 fore
2519 2464 2966 2518 constitutorum.
3003 2462 3128 2516 Sive
3163 2463 3326 2532 igitur
3378 2462 3596 2517 simula-

2031 2552 2196 2620 tione,
2250 2553 2363 2608 sive
2410 2554 2515 2607 alio
2559 2553 2751 2622 quovis
2814 2551 2976 2606 modo
3029 2555 3271 2623 suscepit
3335 2553 3600 2624 synodum

2027 2642 2379 2710 Athanasius,
2415 2645 2682 2715 simulque
2708 2646 2844 2699 duas
2877 2647 2929 2700 itt
2957 2647 3178 2700 Christo
3221 2644 3402 2698 unitas
3436 2653 3598 2697 natu-

2028 2748 2118 2788 ras
2135 2747 2254 2788 esse
2277 2733 2556 2788 confessus
2575 2744 2678 2788 est.
2700 2732 2742 2786 ιι
2751 2738 2792 2786 is
2815 2733 2888 2788 ita
2905 2734 3234 2802 compositis,
3251 2733 3363 2802 ipse
3381 2730 3449 2787 de
3474 2745 3602 2800 ope-

2031 2823 2349 2888 rationibus,
2376 2834 2428 2879 et
2457 2825 2819 2881 voluntatibus
2852 2835 3200 2894 percontatur
3225 2841 3256 2878 a
3299 2841 3456 2894 rege,
3479 2824 3602 2878 uni-

2028 2929 2220 2970 canme
2269 2923 2476 2969 tantum
2530 2932 2596 2968 an
2641 2916 2880 2984 duplices
2913 2917 3012 2971 has
3046 2901 3250 2985 pariter
3283 2917 3340 2970 in
3383 2915 3603 2970 Christo

2028 3015 2274 3074 oporteat
2287 3005 2546 3073 proﬁteri.
2563 3005 2887 3070 Qna'stiouis
2909 3006 3190 3072 utriusque
3204 3003 3439 3068 novitate
3456 3015 3604 3054 com-

2034 3106 2209 3167 motus
2226 3110 2314 3150 rex
2335 3095 2629 3167 (nunquam
2647 3097 2842 3148 etenim
2866 3096 2930 3148 ad
2951 3105 3130 3148 nostra
3151 3094 3264 3147 haec
3281 3106 3448 3159 uSqtte
3469 3099 3605 3144 tem-

2033 3201 2163 3255 pora
2189 3189 2422 3241 excitata
2463 3186 2680 3256 fuerat),
2715 3187 2782 3241 de
2833 3187 2916 3240 his
2959 3186 3026 3238 ad
3083 3183 3370 3238 Mat-tinum
3413 3181 3604 3237 scribit

2034 3295 2226 3348 papam
2250 3277 2577 3342 Romanum,
2622 3277 2915 3347 itidemque
2939 3279 3005 3332 ad
3059 3276 3304 3346 Sergium
3330 3272 3603 3328 Constan-

2037 3369 2287 3438 tiu0polis
2303 3369 2638 3438 episcopum.
2673 3369 2846 3437 Atque
2891 3383 2920 3422 a
2966 3383 3102 3438 papa
3131 3366 3345 3435 quidem
3379 3377 3602 3432 respon-

2035 3474 2152 3514 sum
2183 3459 2416 3526 accipit,
2443 3475 2551 3528 quo
2581 3461 2834 3516 videlicet
2861 3461 2964 3515 sibi
3001 3457 3412 3530 signiﬁcabatur
3447 3453 3604 3522 juxta

2035 3557 2346 3604 sanctorum
2411 3549 2629 3604 Patrum
2698 3551 3072 3615 traditionem,
3145 3548 3236 3604 ubi
3303 3547 3422 3602 duae
3482 3558 3606 3600 esse

2038 3647 2336 3694 noscuntur
2367 3648 2593 3705 naturae,
2625 3649 2805 3694 creata
2836 3641 3092 3694 nimirum
3114 3679 3132 3703 ,
3171 3648 3332 3709 atque
3367 3641 3606 3693 inrreata

2037 3729 2242 3796 simul,
2307 3731 2382 3786 ibi
2441 3744 2666 3786 necesse
2706 3734 2908 3800 pariter
2956 3745 3116 3797 esse,
3164 3743 3607 3800 unamquamque

2039 3822 2308 3878 naturales
2336 3837 2465 3878 suas
2511 3821 2708 3877 habere
2740 3821 3134 3890 proprietates;
3175 3821 3328 3886 duas,
3362 3819 3605 3888 inquam,

2039 3912 2386 3980 voluntates,
2429 3921 2594 3980 atque
2635 3909 2982 3980 Operationes
3028 3926 3042 3962 :
3081 3923 3310 3978 quorum
3373 3920 3609 3974 namque

2039 4003 2304 4068 voluntas,
2324 4001 2672 4072 Operatioquc
2689 4015 2793 4055 una
2815 4011 2917 4067 est,
2944 4000 3134 4054 horum
3157 3997 3362 4069 pariter
3391 3997 3607 4050 unicam

2039 4095 2291 4158 Omnino,
2339 4109 2444 4148 non
2479 4092 2746 4162 duplicem
2798 4089 3124 4147 censendam
3177 4102 3298 4142 esse
3334 4095 3605 4140 naturam.

2043 4187 2193 4241 llanc
2222 4199 2444 4257 prorsus
2467 4184 2790 4239 sententiam
2813 4180 3026 4237 Martini
3055 4180 3248 4235 litterae
3277 4176 3608 4247 complecte-

2039 4279 2256 4335 bantur.

2115 4370 2339 4441 Sergios
2393 4383 2520 4425 vero
2557 4365 3111 4436 Constantiuopolita,
3139 4363 3230 4434 qui
3277 4362 3484 4420 scilicet
3541 4377 3607 4416 ex

363 4455 533 4524 γενὴς
559 4454 838 4526 ὑπάρχων,
869 4453 946 4518 ὡς
988 4453 1054 4525 δὴ
1079 4453 1236 4522 λόγος
1258 4493 1275 4518 ,
1305 4452 1402 4505 καὶ
1433 4449 1638 4518 γονέων
1685 4447 1935 4504 ἰακωϐι-

2048 4456 2204 4530 Syria
2234 4463 2472 4512 traxerat
2505 4466 2690 4526 genus,
2721 4465 2882 4524 atque
2926 4470 2994 4510 ex
3018 4451 3286 4538 _Jacobitis
3327 4453 3606 4522 prognatis

363 4545 488 4599 τῶνο
505 4545 756 4614 ἔγγονος,
796 4546 863 4600 τά
907 4547 1122 4601 ἐναντία
1153 4545 1432 4616 Μαρτίνου
1465 4543 1755 4598 ἐπέστελλε
1802 4541 1940 4613 πρὸς

377 4637 716 4707 Ἡράκλειον,
751 4638 879 4709 μίαν
905 4655 965 4692 τε
1001 4637 1232 4709 φυσικὴν
1259 4638 1498 4709 θέλησιν,
1531 4637 1628 4692 καὶ
1662 4637 1942 4708 ἐνέργειαν

365 4731 429 4783 ιν
457 4729 676 4801 Χριστῷ
705 4731 1062 4803 ὁμολογήσας.
1089 4731 1390 4802 Δεξάμενος
1415 4725 1508 4785 οῦν
1537 4731 1566 4782 ὁ
1588 4728 1845 4800 βασιλεὺς
1880 4729 1940 4796 ἐξ

367 4825 697 4896 ἀμφοτέρων
729 4825 796 4879 τά
820 4825 1124 4898 γράμματα
1154 4825 1436 4895 ὲστοίχησε
1471 4821 1673 4894 μᾶλλον
1698 4823 1811 4887 τοῖς
1839 4821 1944 4875 ὑπὸ

366 4917 599 4987 Σεργίου
650 4921 958 4989 γραφεῖσιν·
1011 4918 1154 4988 ἀπερ
1202 4919 1296 4970 καὶ
1358 4917 1675 4980 Ἀθανάσιος
1727 4915 1947 4978 ὑπτίαις

369 5007 563 5078 χερσὶν
610 5009 860 5078 ἀσμένως
891 5010 1138 5074 ἐδέξατο,
1173 5008 1250 5071 ὡς
1293 5007 1599 5079 κακοῦργος
1639 5005 1946 5078 γινώσκων,

368 5100 456 5156 δτι
485 5099 612 5154 ἔνθα
642 5101 738 5171 μία
775 5101 1025 5173 ἐνέργεια
1055 5101 1290 5172 εἴρηται,
1327 5103 1446 5154 ἐκεῖ
1475 5100 1694 5163 πάντως
1721 5101 1817 5154 καὶ
1847 5099 1947 5170 μία

370 5189 536 5260 φύσις
559 5189 908 5262 γνωρίζεται.
935 5188 1066 5246 Εἶτα
1089 5191 1477 5246 ἀποστέλλεται
1497 5193 1525 5246 ὁ
1551 5190 1739 5254 πάπας
1764 5187 1949 5262 Κῦρος

370 5283 466 5334 ἑν.
503 5281 912 5352 Ἀλεξανδρεία,
963 5285 1110 5337 ποιεῖ
1150 5283 1347 5346 καύτὸς
1387 5283 1589 5352 ὁμοίως
1645 5282 1807 5335 κάκεῖ
1851 5283 1949 5352 τὴν

375 5373 659 5445 ὑδροδαφῆ
687 5375 903 5444 ἐκείνην
923 5375 1011 5428 διὰ
1053 5375 1331 5448 Θεοδώρου
1365 5373 1460 5428 τοῦ
1489 5374 1791 5446 Φαρανίτου
1820 5373 1953 5427 ἓνω·

373 5480 485 5529 σιν,
521 5465 719 5534 μᾶλλον
767 5466 826 5518 δὲ
853 5466 1086 5520 κένωσιν
1131 5465 1282 5536 μίαν,
1333 5466 1528 5520 καύτοὶ
1579 5464 1769 5518 αὐτόθι
1814 5465 1950 5536 γρά-

370 5557 580 5628 ψαντες
624 5559 683 5611 έν
729 5557 954 5629 Χριστῷ
985 5559 1224 5629 φυσικὴν
1264 5560 1365 5628 τὴν
1397 5553 1698 5629 ἰνέργειαν.
1735 5555 1952 5610 Τούτων

375 5647 444 5718 δὴ
475 5645 664 5701 λοιπὸν
703 5647 848 5701 οὓτω
883 5643 1025 5702 κατᾶ
1064 5649 1172 5702 τῶν
1217 5649 1535 5720 Ἀντιοχέων
1569 5648 1663 5701 καὶ
1703 5646 1952 5712 Ἀλεξανο

379 5739 558 5802 Epid»!
582 5738 1200 5810 παρακολουθησάντων,
1237 5741 1316 5804 είς
1358 5741 1500 5810 μέγα
1527 5739 1729 5802 δνειδος
1760 5740 1792 5810 ὴ
1827 5738 1953 5791 σύν-

2046 4549 2219 4620 stirpe
2249 4547 2579 4610 dimanabat,
2639 4543 2847 4601 litteras
2889 4545 2955 4598 ad
3008 4533 3314 4598 i-leracliutn
3356 4542 3502 4598 dedit
3557 4541 3609 4595 iu

2047 4643 2332 4697 adversam
2363 4638 2599 4694 Martiuo
2627 4637 2956 4693 sententiam
2999 4636 3338 4705 conscriptas
3358 4674 3394 4712 ,η
3416 4633 3612 4702 quibus

2047 4734 2259 4789 unicam
2311 4733 2609 4786 naturalem
2649 4713 3014 4794 voluntatem,
3048 4717 3529 4797 Operationemquc
3560 4725 3614 4779 iu

2047 4823 2262 4879 Christo
2290 4824 2665 4878 confitebatur.
2719 4819 2938 4875 Litteris
2983 4821 3034 4873 in
3094 4820 3236 4872 hunc
3265 4832 3424 4885 quem
3474 4816 3617 4870 dixi-

2049 4931 2168 4970 mus
2203 4915 2417 4969 modutn
2467 4914 2534 4968 ab
2573 4923 2800 4976 otr0qoe
2832 4910 3068 4981 acceptis
3119 4911 3434 4979 imperator,
3485 4907 3615 4960 Ser-

2048 5011 2119 5080 gii
2153 5009 2330 5077 potius
2353 5008 2631 5064 sententiae
2663 5010 2937 5062 adhmrere
2967 5004 3270 5068 constituit,
3306 5018 3466 5071 quam
3499 4999 3615 5069 epi-

2051 5101 2184 5154 stola
2209 5111 2580 5166 expresserat,
2621 5113 2889 5168 quamque
2915 5096 3244 5152 Athanasius
3271 5094 3466 5164 gaudio
3500 5093 3615 5148 ela-

2053 5202 2138 5246 tus
2167 5191 2432 5260 resupinis
2451 5201 2740 5259 exceperat
2770 5191 3052 5255 manibus,
3079 5188 3168 5257 qui
3201 5187 3408 5242 scilicet
3453 5185 3612 5240 calli-

2051 5280 2150 5336 dus
2205 5288 2384 5346 uorat,
2436 5277 2510 5332 ibi
2563 5278 2782 5332 omnino
2827 5278 3036 5331 unicam
3076 5285 3323 5330 naturam
3385 5273 3615 5342 intelligi

2054 5384 2324 5442 oportere,
2353 5372 2442 5426 ubi
2477 5372 2654 5446 unica,
2685 5384 2805 5424 esse
2849 5369 3092 5438 operatio
3114 5367 3407 5423 diceretur.
3445 5366 3620 5438 Cyrus

2056 5466 2261 5521 interea
2291 5466 2532 5536 pontifex
2557 5463 2939 5519 Alexandriam
2981 5463 3245 5526 mittitm',
3277 5477 3386 5531 quo
3423 5461 3526 5513 loci
3566 5473 3620 5513 ct
3645 5498 3662 5510 .

2059 5559 2173 5628 ipse
2201 5557 2453 5611 similiter
2473 5572 2567 5627 per
2600 5556 2937 5611 Theodorum
2969 5551 3310 5609 Pharanitem
3345 5566 3408 5604 eo
3437 5551 3615 5604 onita~

2057 5647 2150 5713 tis,
2174 5646 2286 5700 sive
2309 5645 2488 5715 potius
2525 5644 2802 5700 inanitatis
2833 5643 3084 5714 dogmate
3131 5641 3404 5707 inﬁcitur;
3450 5652 3618 5708 quare

2061 5738 2274 5806 utrique
2324 5736 2536 5790 unicam
2581 5737 2718 5792 hanc
2781 5733 3077 5788 naturalem
3141 5733 3505 5800 operationem
3565 5726 3620 5780 in
