4026 6308
202 301 341 367 Il57

1619 320 1872 381 SERMO
1916 324 2033 385 III.

2003 202 2025 237 C

3224 304 3235 311 ’
3317 329 3451 399 1153

196 418 294 469 τοῦ
362 418 637 491 ἡμετέρου
691 421 821 476 λαοῦ
854 423 1123 491 .ἔπαυσε,
1184 429 1283 498 τὴν
1335 430 1611 503 μάχαιραν
1671 433 1778 487 τῶν

1901 447 2131 507 rxcepta,
2182 436 2369 509 viginti
2400 454 2667 496 annorum
2719 442 2918 511 spatio,
2967 457 3185 499 cessare
3234 445 3456 501 omnino

198 508 417 581 ἐχθρῶν
464 514 586 585 κατ’
644 514 889 585 ἀλλήλων
949 519 1130 573 αὑτῶν
1190 521 1387 589 ἤγαγε,
1449 523 1549 587 τὰς
1600 523 1786 595 χώρας

199 602 482 655 ἀνέπαυσε
514 642 528 664 ,
590 605 692 674 τὴν
749 607 1021 662 Θάλατταν
1085 610 1315 681 πλόϊμον
1365 615 1630 682 ἐποίησε,
1684 615 1783 680 τὰς

196 696 582 764 αἰχμαλωσίας
624 698 942 784 διεκώλυσε,
1009 703 1103 754 καὶ
1154 705 1307 776 ,πάσῃ
1371 708 1434 775 τῇ
1500 706 1783 776 Ῥωμανίᾳ

197 784 386 838 ἄνεσιν
423 789 516 841 καὶ
551 790 901 859 παράκλησιν
939 794 1031 845 καὶ
1079 794 1306 864 εἰρήνην
1336 794 1396 846 οὐ
1436 796 1661 865 μετρίαν
1696 812 1786 848 πε-

199 877 456 947 ποίηκεν.
504 880 668 934 Ἀλλά
712 881 774 951 δὴ
833 883 1005 935 ταῦτα
1055 886 1235 938 πάντα
1283 886 1333 938 οἱ
1386 886 1781 957 ματαιὸφρονες

197 969 305 1021 οὑκ
335 970 605 1037 ἔγνωσαν,
623 972 742 1024 οὐδὲ
773 973 1038 1043 συνῆκαν,
1063 976 1119 1027 ὲν
1141 977 1323 1030 σκότει
1344 977 1779 1048 διαπορεύονται,

199 1059 295 1111 ἐπὶ
336 1061 676 1130 καπηλείων,
711 1065 807 1115 καὶ
855 1064 1173 1134 βαλανείων,
1227 1068 1321 1120 καὶ
1363 1069 1655 1139 κορασίων,
1690 1069 1784 1121 καὶ

198 1152 496 1221 ἑταιρίδων
527 1154 673 1222 ἡμᾶς
702 1155 1076 1226 διασύροντες,
1124 1158 1217 1210 καὶ
1265 1160 1587 1227 φάσκοντες,
1617 1160 1700 1211 ὅτι
1734 1160 1782 1212 οί

200 1246 299 1299 δύο
332 1248 616 1318 θελήματα
645 1250 895 1317 λέγοντες
924 1254 981 1304 ἐν
1010 1252 1089 1323 τῷ
1118 1255 1360 1324 Χριστῷ,
1394 1256 1609 1317 πάντως
1636 1254 1696 1306 τὸ
1725 1253 1784 1307 ἓν

201 1325 413 1407 ἀγαθὸν
439 1341 684 1409 λέγουσι,
720 1345 779 1396 τὸ
808 1346 863 1397 δὲ
887 1345 1075 1416 ἓτερον
1101 1348 1357 1417 πονηρὸν,
1394 1347 1456 1399 τὸ
1499 1347 1554 1399 ἓν
1581 1347 1781 1411 θεῖκὸν,
1836 1357 1840 1361 ’

201 1431 268 1485 τὸ
293 1433 349 1485 δὲ
383 1434 469 1485 ἕτε
483 1451 572 1505 ρον
603 1434 931 1490 διαϐολικόν.
970 1438 1090 1499 Πῶς
1128 1439 1236 1508 γὰρ
1269 1438 1491 1495 δυνατὸν
1534 1438 1670 1509 ὅλως
1697 1437 1786 1489 λέ-

202 1542 327 1592 γειν
347 1526 689 1596 ἀνθρώπινον
719 1529 930 1598 Οέλημα
955 1532 1012 1582 ὲν
1034 1531 1253 1601 Χριστῷ
1276 1549 1291 1596 ;
1316 1530 1412 1583 τοῦ
1457 1531 1783 1583 Ἀποστὸλου

200 1621 482 1687 λέγοντος,
514 1624 596 1674 ὅτι
645 1642 664 1673 ι
704 1624 776 1674 Τὸ
824 1623 1041 1694 θέλημα
1085 1627 1184 1691 τῆς
1230 1626 1434 1694 σαρκὸς
1465 1624 1615 1693 νόμῳ
1648 1621 1784 1674 Θεοῦ

202 1715 306 1783 οὑχ
354 1716 756 1768 ὑποτάσσεται·
799 1734 817 1765 ι
855 1717 945 1769 καί
973 1731 984 1743 ’
1027 1736 1045 1768 ι
1092 1716 1165 1768 Τὸ
1193 1716 1404 1784 θέλημα
1439 1715 1536 1780 τῆς
1588 1712 1790 1781 σαρκὸς

1883 528 2012 584 fecit
2049 531 2447 598 gentisnost'ra:
2478 533 2793 601 perniciem,
2847 534 3165 602 gladiosque
3207 534 3454 588 inimico-

1885 636 2001 674 rum
2036 622 2087 674 in
2118 622 2262 690 ipsos
2286 623 2513 675 invicem
2535 625 2807 679 convertit
2833 643 2846 677 :
2874 626 3187 678 civitatibus
3208 627 3451 692 requiem

1884 713 2133 776 contulit,
2167 715 2436 780 placidqu
2487 713 2615 769 fecit
2651 732 2820 781 tuare,
2864 715 3137 784 sanguinis
3160 716 3459 770 ellnsioucs

1885 805 2059 859 valide
2113 806 2379 871 cohibuit,
2437 807 2813 874 universisque
2862 807 3139 859 Romanis!
3190 809 3455 873 requiem,

1881 896 2302 961 relaxationem,
2341 897 2794 959 consolationem,
2825 912 3125 966 pacemque
3158 897 3453 950 incredibi-

1883 985 1986 1041 lem
2018 988 2370 1055 comparavit.
2402 986 2595 1040 Verum
2625 988 2735 1041 haec
2765 1004 2896 1041 sane
2919 990 3100 1041 omnia
3138 988 3458 1054 insipientes

1883 1093 1992 1134 non
2017 1089 2406 1147 cognoverunt,
2460 1094 2634 1147 neque
2670 1079 3086 1143 intellexerunt;
3124 1079 3176 1129 in
3217 1078 3454 1130 tenebris

1884 1172 2183 1232 ambulant,
2208 1181 2367 1239 atque
2394 1185 2490 1239 per
2519 1186 2811 1237 cauponas,
2834 1186 2929 1237 per
2951 1173 3163 1233 balnea,
3201 1172 3453 1234 interque

1887 1260 2326 1315 muliercularum
2370 1262 2609 1328 agmina,
2642 1271 2691 1314 et
2723 1260 3003 1326 lupanaria
3040 1259 3195 1311 nobis
3252 1258 3453 1312 Calum-

1885 1353 2129 1414 niautnr,
2160 1352 2367 1406 aientes
2397 1367 2492 1406 eos
2518 1353 2607 1420 qui
2628 1353 2760 1405 duas
2783 1368 2902 1406 esse
2935 1354 2983 1403 iu
3015 1351 3232 1405 Christo
3269 1350 3458 1401 volun-

1887 1454 2026 1499 tates
2080 1445 2371 1508 atﬁrmanl,
2430 1446 2652 1497 alteram
2705 1446 2897 1497 bonam
2950 1444 3174 1495 omnin
3234 1455 3457 1508 ponere,

1888 1538 2109 1592 alteram
2144 1538 2407 1605 iniquam,
2446 1553 2605 1587 uuam
2645 1538 2900 1596 divinam,
2930 1536 3152 1585 alti-ram
3190 1548 3317 1583 vero
3352 1532 3461 1582 dia-

1887 1628 2138 1680 bolicatu.
2164 1628 2275 1691 Qua
2299 1627 2464 1690 enim,
2494 1626 3002 1693 inquiunt{ratione
3031 1626 3141 1676 lieni
3179 1636 3374 1691 po:est,
3403 1631 3461 1673 ιιι

1889 1717 2126 1771 humana
2162 1731 2283 1770 esse
2320 1718 2370 1769 in
2425 1717 2645 1771 Christo
2679 1719 2891 1768 dicatur
2941 1716 3214 1776 voluntas,
3271 1714 3454 1764 aieute

202 1802 475 1870 ἐχθραείς
505 1803 656 1855 Θεὸνο
684 1803 834 1857 »καί·
874 1823 892 1855 ι
926 1801 1112 1871 Ἰὶμέν
1143 1821 1272 1881 ποτε
1305 1804 1397 1855 καὶ
1434 1804 1595 1873 ἡμεῖς
1628 1804 1784 1854 ἀπει-

1901 1808 2147 1877 Apostolo
2179 1810 2322 1877 quod
2362 1826 2380 1859 ι
2420 1808 2671 1861 voluntas
2710 1809 2891 1861 carnis
2934 1807 3040 1857 Deo
3076 1818 3178 1857 non
3238 1801 3463 1866 subjici-

204 1892 347 1955 θεῖς,
405 1894 689 1957 ποιοῦντες
715 1895 783 1948 τὰ
818 1894 1100 1963 Οελήματα
1151 1896 1248 1967 τῆς
1282 1894 1487 1965 σαρκός
1513 1910 1526 1922 '
1571 1894 1633 1946 τὸ
1676 1892 1785 1963 γὰρ

205 1984 426 2055 θέλημα
468 1987 566 2057 τῆς
596 1987 798 2058 σαρκὸς
833 1988 1086 2051 θάνατος.
1131 2007 1149 2040 ι

287 2251 474 2305 Ταῦτα
502 2254 595 2306 καὶ
620 2253 690 2307 τὰ
716 2255 940 2308 τοιαῦτα
967 2255 1014 2306 οἱ
1041 2254 1135 2324 τῆς
1167 2253 1424 2323 ἀληθείας
1455 2253 1643 2324 ἐχθροὶ
1666 2249 1788 2305 καθ’

207 2348 242 2415 ἡ
253 2344 375 2416 μῶν
410 2347 750 2412 ὑλακτοῦσιν,
786 2349 861 2412 ὡς
895 2350 1080 2416 κύνες,
1109 2350 1202 2404 καὶ
1236 2351 1414 2411 ἵπποι,
1442 2352 1533 2402 καὶ
1555 2349 1787 2419 ἡμίονοι,

207 2433 296 2500 οἷς
329 2439 428 2491 οὐκ
462 2440 578 2492 ἔστι
613 2439 848 2504 σύνεσις,
882 2442 1344 2513 συκοφαντοῦντες
1378 2426 1552 2514 ἡμᾶς,
1586 2440 1661 2503 ὡς
1698 2438 1790 2491 δύο

209 2520 508 2601 πρόσωπα,
540 2532 634 2584 καὶ
668 2530 759 2584 δύο
789 2532 1121 2595 ὑποστάσεις
1146 2533 1403 2598 λέγοντας
1454 2531 1512 2582 ὲν
1544 2529 1787 2599 Χριστῷ,

208 2624 313 2676 καὶ
344 2623 433 2675 δύο
466 2623 802 2694 διορισμοὺς,
851 2625 946 2676 καὶ
980 2624 1072 2676 δύο
1112 2624 1362 2685 ἐναντίας
1393 2621 1663 2685 ἔξουσίας,
1699 2620 1791 2672 καὶ

208 2716 587 2786 ἀρνουμένους
609 2716 706 2786 τὴν
725 2717 1020 2769 Θεοτόκον
1042 2716 1247 2784 φωνὴν,
1280 2715 1375 2767 καὶ
1402 2696 1580 2766 πάντα
1605 2711 1789 2774 διπλᾶ,

212 2808 314 2861 καὶ
348 2807 654 2878 διῃρημένα
706 2807 797 2859 ἐπὶ
845 2805 1011 2859 αὑτοῦ
1062 2805 1509 2874 δογματίζοντας,
1558 2803 1652 2855 καὶ
1700 2800 1794 2854 δύο

213 2900 523 2968 ἐνεργείας.
556 2898 769 2968 ἀγαθήν
791 2914 850 2951 τε
882 2899 975 2949 καὶ
1012 2896 1251 2967 πονηρὰν
1280 2896 1366 2947 ἐπ’
1391 2893 1555 2949 αὑτοῦ
1584 2891 1792 2964 κηρύτ-

212 3009 433 3055 τοντας.
471 2991 548 3043 Δι’
580 2983 820 3043 ὧντινων
871 2988 1149 3062 φλυαριῶν
1187 3006 1248 3040 τε
1291 2987 1385 3040 καὶ
1419 2983 1794 3054 συκοφαντιῶν

214 3081 462 3149 ἔὸλαψαν
479 3082 663 3145 λαοὺς,
682 3080 905 3155 ἕσχισαν
933 3078 1279 3148 Ἐκκλησίας,
1300 3078 1569 3148 ἐτάραξαν
1584 3074 1790 3147 χώρας,

1896 1901 2017 1953 litt"
2062 1917 2081 1950 ι
2115 1909 2165 1952 el
2200 1917 2213 1952 :
2251 1917 2268 1949 ι
2309 1898 2565 1951 Voluntas
2597 1898 2778 1951 carnis
2803 1897 3085 1950 inimicitia
3117 1897 3167 1948 iu
3202 1895 3400 1947 Deum'
3433 1912 3451 1945 ι

1892 2001 1945 2047 et
1981 2011 1999 2043 ι
2034 1992 2258 2047 Fuimus
2289 1991 2578 2060 aliquando
2602 1992 2765 2043 etiam
2804 2005 2900 2044 nos
2936 1988 3044 2042 Deo
3080 1988 3458 2042 ittOlledienles

1894 2085 2076 2138 carnis
2103 2083 2430 2137 voluntatem
2456 2084 2760 2153 facientes;
2796 2083 3044 2135 voluntas
3077 2094 3307 2146 namque
3336 2092 3462 2131 car-

1894 2174 1981 2229 nis
2014 2189 2158 2227 tuors
2186 2172 2345 2227 est‘?
2384 2191 2403 2225 θ

1969 2262 2112 2326 Hmc,
2142 2265 2444 2331 horumque
2466 2259 2665 2313 similia
2688 2260 2947 2314 adversus
2973 2274 3072 2312 nos
3095 2259 3297 2310 latrant
3322 2255 3463 2310 veri-

1900 2356 2029 2411 tatis
2063 2356 2274 2420 hostes,
2302 2364 2361 2408 ut
2397 2367 2585 2412 canes,
2613 2361 2666 2404 et
2700 2353 2848 2419 equi,
2870 2359 2924 2404 et
2950 2350 3102 2414 muli,
3134 2350 3329 2416 quibus
3353 2363 3458 2401 non
3498 2335 3503 2339 ’

1897 2458 1980 2503 est
2017 2448 2346 2510 intellectus,
2383 2443 2771 2498 calumniantes
2801 2438 2981 2503 nobis,
3008 2447 3261 2504 tanquam
3325 2440 3460 2491 duas

1897 2554 2191 2609 personas,
2263 2539 2503 2606 duasque
2563 2533 2939 2589 snbsistentias
3023 2532 3327 2586 diceremus
3410 2530 3464 2582 in

1897 2630 2133 2690 Cluisto,
2184 2630 2485 2697 duplexque
2536 2628 2662 2679 item
2721 2626 3008 2678 discrimen
3062 2620 3464 2686 distinctionis,

1900 2723 2142 2787 duasque
2178 2719 2483 2773 contrarias
2528 2725 2862 2786 potestates;
2901 2725 2954 2768 et
2996 2714 3292 2768 Tlteotocon
3340 2712 3466 2766 Dei-

1899 2829 2043 2881 paraz
2096 2826 2285 2867 vocem
2336 2824 2689 2879 negaremus,
2739 2809 3030 2876 omniaque
3076 2807 3332 2872 diversa,
3382 2814 3469 2858 at-

1901 2920 2006 2972 que
2052 2904 2309 2959 disﬁncta
2360 2913 2724 2957 statueremus
2771 2901 2823 2954 in
2889 2882 3036 2968 ipso,
3072 2898 3336 2967 duplicem
3371 2897 3467 2951 de-

1908 2996 2070 3065 nique
2094 2996 2486 3066 operationem,
2546 2994 2740 3047 bonam
2771 3001 2825 3047 et
2851 2991 3049 3044 malam
3090 2990 3144 3043 in
3176 3005 3239 3044 eo
3266 2986 3472 3041 ceusti-

1906 3098 2201 3144 tuerentus.
2244 3086 2451 3153 Quibus
2477 3086 2739 3149 dicteriis,
2770 3092 2824 3138 et
2855 3081 3143 3137 calumniis
3174 3080 3470 3134 maximum

215 3176 519 3246 ὲνὺϐρισαν
543 3176 642 3245 τὴν
672 3175 878 3240 πίστιν,
911 3175 1074 3245 ἱερεῖς
1103 3172 1428 3241 ἁπέσχισαν,
1465 3171 1795 3241 μονάζοντας

1901 3181 2193 3237 intulerunt
2253 3180 2461 3250 populis
2510 3180 2789 3240 damnum,
2824 3177 3123 3231 scisserunt
3172 3171 3471 3243 Ecclesias,

216 3271 558 3339 ἐπλάνησαν,
585 3270 854 3340 ἄρχοντας
888 3267 1144 3338 ἐμίαναν,
1171 3267 1239 3318 τὰ
1264 3265 1447 3318 πάντα
1476 3264 1794 3324 ἐσάλευσαν,

218 3363 406 3415 πᾶσαν
437 3361 609 3426 πόλιν,
630 3362 810 3414 πᾶσαν
842 3359 1059 3431 κώμην,
1099 3361 1282 3411 πᾶσαν
1316 3356 1606 3427 ἐπαρχίαν,
1638 3355 1800 3421 διωγ-

228 3457 368 3525 μοὺς
414 3455 768 3523 ποιήσαντες,
790 3451 1107 3522 αἰκισμοὺς,
1126 3450 1417 3518 ὲτασμοὺς,
1438 3445 1798 3517 ἀφορισμοὺς,

220 3545 466 3614 ἐξορίας,
520 3542 845 3607 καταδίκας,
885 3541 1003 3604 οἵας
1033 3539 1155 3594 οὐδὲ
1196 3537 1465 3610 ’Δρειανολ⁵
1512 3536 1655 3589 κατὰ
1704 3535 1802 3604 τῆς

235 3637 594 3707 Ἐκκλησίας,
632 3627 790 3705 μῖσός
824 3652 883 3687 τε
932 3633 1179 3687 τοιοῦτον
1213 3630 1350 3701 πρὸς
1382 3629 1528 3701 ἡμᾶς
1565 3627 1800 3696 ἔχοντες,

222 3726 344 3784 οἷον
362 3727 486 3782 οὔτε
505 3728 640 3796 προς
674 3726 989 3790 Ἰουδαίους,
1010 3725 1042 3795 ἢ
1060 3713 1361 3795 Σαμαράς,
1387 3720 1420 3793 ἢ
1443 3718 1799 3787 Μανιχαίους,

224 3822 260 3891 ἢ
318 3819 609 3888 Ἕλληνας,
666 3819 699 3888 ἢ
753 3818 1068 3878 ἀποστάτας
1103 3815 1348 3884 ἔχουσιν·
1405 3810 1722 3883 αἱρούμενοι
1748 3809 1805 3861 δὲ

227 3912 437 3983 μᾶλλον
471 3910 786 3973 συνδυάζειν
814 3907 911 3961 καὶ
938 3905 1356 3971 συναυλίζεσθαι
1377 3906 1489 3967 τοῖς
1512 3905 1581 3954 τὰ
1610 3900 1806 3953 εἴδωλα

227 4000 655 4075 προσκυνοῦσιν,
681 4000 714 4070 ἢ
738 4002 872 4071 ἡμῖν
896 4002 1007 4062 τοῖς
1032 3999 1130 4062 τὰς
1150 3998 1244 4051 δύο
1267 3996 1513 4067 Χριστοῦ
1538 3995 1806 4064 ἰδιότητας

225 4094 563 4163 ἀδιαιρέτως
619 4091 863 4159 λέγουσι,
912 4092 1008 4146 καὶ
1061 4084 1416 4159 συνεύχεσθαι
1470 4086 1671 4158 μᾶλλον
1710 4085 1808 4139 σὺν

241 4186 528 4246 Ἰουδαίοις
561 4183 937 4254 ἐκλεγόμενοι,
964 4183 997 4253 ἢ
1032 4184 1129 4236 σὺν
1163 4183 1294 4253 ἡμῖν
1321 4183 1435 4243 τοῖς
1455 4177 1810 4248 ὁμολογοῦσιν

229 4283 293 4332 ἐν
338 4276 569 4348 ,Χριστῷ
629 4274 782 4330 Θείαν
843 4293 903 4328 τε
939 4276 1035 4330 καὶ
1094 4271 1446 4344 ἀνθρωπίνην
1486 4271 1812 4341 ἁδιαιρέτως

230 4368 462 4437 θέλησίν
493 4384 551 4419 τε
586 4368 680 4420 καὶ
710 4368 995 4437 ἐνέργειαν
1017 4381 1029 4393 ·
1066 4366 1141 4436 μὴ
1190 4365 1529 4436 βουλόμενοι,
1568 4364 1711 4434 τάχα
1755 4364 1813 4417 δὲ

1902 3277 2188 3329 turbarunt
2207 3275 2391 3336 urbes,
2426 3271 2620 3340 injuria
2651 3270 2809 3323 iidem
2837 3266 3157 3330 all'ecernnt,
3181 3264 3477 3319 schismate

1896 3366 2199 3423 diviserunt
2236 3363 2548 3418 sacerdotes
2572 3400 2587 3426 ,
2633 3360 2964 3428 deceperunt
3010 3355 3309 3419 solitarios,
3343 3367 3474 3407 con-

1903 3458 2231 3511 taminarunt
2262 3453 2554 3523 principes.
2599 3450 2778 3505 omnia
2817 3448 3183 3511 concitarunt,
3228 3445 3280 3498 in
3317 3443 3467 3498 omni

1902 3548 2054 3611 urbe,
2105 3546 2157 3600 in
2216 3543 2361 3598 omni
2414 3543 2673 3607 incolatu,
2732 3542 3149 3611 principatnque
3213 3552 3473 3608 persecu-

1904 3639 2105 3693 tionem
2156 3642 2584 3697 commoventes,
2620 3633 2866 3703 iujurias,
2910 3630 3309 3700 inquisitiones,
3354 3643 3479 3682 scn-

1906 3730 2139 3800 teutias,
2190 3726 2403 3791 exsilia,
2451 3725 2974 3789 condemnationes,
3047 3722 3231 3792 quales
3305 3736 3480 3790 neque

1904 3823 2091 3878 Ariani
2174 3828 2585 3876 commoverunt
2659 3818 2868 3886 uspiam
2952 3814 3215 3869 adversus
3293 3810 3481 3865 Eccle-

1907 3917 2064 3978 siam,
2093 3919 2243 3966 tanto
2269 3925 2368 3966 nos
2393 3910 2517 3963 odio
2546 3906 2840 3979 prosecuti,
2876 3914 3138 3975 quantum
3172 3918 3345 3971 neque
3377 3901 3475 3954 ad-

1909 4022 2100 4062 versus
2121 4005 2360 4068 Judazos,
2398 4000 2482 4057 vel
2529 4000 2849 4062 Samaritas,
2887 3998 2971 4053 vel
3011 3996 3363 4057 Maniclueos,
3397 3990 3482 4046 vel

1908 4097 2148 4164 Gnaeos,
2189 4096 2274 4151 vel
2319 4080 2651 4154 recesseres,
2685 4091 2801 4145 sive
2822 4097 3099 4160 apostatas
3128 4087 3311 4141 animo
3340 4099 3480 4137 con-

1911 4191 2211 4262 cepissent,
2247 4188 2575 4243 commorari
2604 4186 2809 4254 petitis,
2843 4182 3189 4252 cepttlariqne
3217 4179 3480 4248 eligentes

1868 4322 1871 4325 ς
1911 4298 2032 4338 cum
2065 4279 2332 4335 idolorum
2365 4276 2666 4331 cultoribus
2696 4271 3199 4343 quam'nobiscum,
3230 4269 3320 4336 qui
3350 4266 3486 4319 duas

1914 4371 2148 4427 indivise
2183 4367 2383 4423 Christi
2410 4368 2768 4435 proprietates
2799 4364 3149 4433 proﬁtemur;
3184 4368 3238 4412 et
3287 4353 3485 4426 praefe-

234 4464 383 4536 μήτε
412 4461 708 4531 δυνάμενοι
769 4460 1073 4530 διακρῖναι,
1100 4458 1168 4512 στί
1209 4462 1312 4529 μὲν
1366 4458 1479 4511 ἔστι
1524 4457 1587 4511 τὸ
1634 4456 1799 4511 οεῑκδι

1920 4472 2101 4520 rentes
2132 4477 2253 4517 eum
2272 4459 2473 4515 Judaeis
2497 4459 2743 4513 oratione
2770 4455 3085 4517 convenire,
3114 4468 3277 4520 quam
3302 4448 3488 4503 nobis-

232 4555 338 4608 zal.
362 4553 619 4607 άκτιστον
651 4550 884 4621 θέλημα,
913 4550 966 4603 τί
1011 4551 1069 4603 δέ
1100 4552 1217 4603 ἐστι
1248 4550 1310 4602 τὸ
1356 4550 1670 4603 Θεόκτιστον
1719 4551 1815 4604 καὶ

190 4644 193 4645 ⁷
234 4646 527 4702 οεόσδοτον
559 4645 658 4714 τῆς
702 4643 928 4714 λογικῆς
957 4641 1115 4712 ἡμῶν
1161 4641 1343 4711 ψυχῆς
1372 4641 1586 4711 Θέλημα
1608 4680 1623 4706 ,
1659 4640 1725 4694 δι’
1755 4634 1818 4696 οὗ

231 4739 554 4810 θελήματος
591 4735 882 4807 ἐργάζεται
916 4734 979 4789 τὸ
1032 4734 1237 4802 ἀγαθὸν
1268 4735 1360 4788 καὶ
1388 4733 1684 4804 εὐάρεστον
1720 4733 1818 4787 τοῦ

232 4829 381 4886 Θεοῦ
410 4828 656 4898 θέλημα·
690 4827 743 4879 τί
780 4827 839 4880 δὲ
884 4826 1048 4880 πάλιν
1075 4825 1193 4879 ἐστὶ
1238 4824 1298 4877 τὸ
1334 4824 1620 4897 οςαρκικὺν,
1658 4825 1823 4895 ἤγουν

235 4919 553 4978 διαϐολικὸν
583 4918 674 4973 καὶ
728 4917 914 4972 ὑλικὸν
945 4916 1178 4988 Θέλημα,
1223 4919 1360 4988 ὅτερ
1402 4919 1430 4970 ὁ
1468 4916 1611 4979 θεῖος
1657 4918 1819 4970 Ἀπό-

241 5013 463 5074 οτολος,
495 5012 586 5063 καὶ
619 5011 789 5063 πᾶσαι
821 5009 877 5062 αί
911 5008 1124 5079 Γραφαὶ
1152 5006 1498 5062 διαϐάλλουσι
1551 5008 1649 5060 καὶ
1686 5008 1823 5061 ἀπο-

243 5104 558 5158 ϐάλλονται.

1916 4572 2061 4624 cum,
2098 4555 2189 4626 qui
2222 4554 2459 4608 divinam
2483 4553 2886 4621 humanamque
2913 4549 3145 4602 indivise
3197 4545 3249 4599 in
3273 4541 3490 4598 Christo

1916 4651 2150 4706 fatemur
2181 4647 2535 4710 voluntatem,
2574 4658 2737 4713 atque
2765 4642 3179 4713 operationem;
3211 4649 3332 4690 cum
3390 4645 3488 4685 no-

1920 4742 2042 4807 lint,
2087 4754 2266 4809 neque
2290 4753 2420 4793 vero
2458 4738 2675 4808 possint
2697 4736 2954 4790 continuo
2982 4732 3312 4793 discernere,
3341 4737 3492 4793 quze-

1921 4848 2043 4888 nam
2079 4833 2155 4895 sit,
2181 4832 2385 4897 divina,
2428 4840 2592 4900 atque
2641 4830 2881 4884 increata
2921 4826 3170 4880 voluntas
3193 4862 3208 4887 ,
3242 4831 3491 4890 quamam

1925 4932 2052 4983 vero
2080 4936 2143 4977 ea
2177 4922 2248 4976 sit
2272 4920 2544 4984 voluntas,
2579 4934 2699 4990 quae
2726 4935 2756 4973 a
2794 4918 2901 4972 Deo
2941 4924 3124 4971 creata
3182 4921 3288 4976 est,
3323 4911 3495 4963 dono-

1929 5028 2032 5083 que
2059 5014 2257 5069 tributa
2290 5011 2538 5073 rationali
2580 5020 2779 5066 nostra:
2814 5017 3044 5071 naturae,
3090 5019 3197 5074 qua
3245 5000 3498 5056 videlicet

1934 5104 2206 5160 voluntate
2222 5101 2418 5157 bonum
2441 5116 2750 5170 operamur,
2775 5109 2937 5169 atque
2957 5094 3298 5152 sanctissima
3319 5090 3501 5146 divina

246 5198 557 5254 voluntasa
600 5197 756 5252 nobis
799 5194 1125 5264 adimpletur
1157 5215 1171 5251 :
1201 5193 1439 5265 quidque
1468 5209 1655 5249 rursus
1691 5194 1946 5260 carnalis,
1995 5196 2111 5252 sive
2136 5194 2458 5263 ,diabolica,
2526 5203 2691 5262 atque
2755 5190 3053 5247 materialis
3112 5189 3369 5242 voluntas
3401 5182 3495 5248 sit,

247 5304 420 5360 quam
453 5300 676 5343 sanctus
704 5287 1015 5356 Apostolus,
1045 5288 1417 5358 universeque
1463 5287 1657 5342 divinae
1697 5286 1917 5343 Litterze
1951 5287 2263 5357 improbant
2287 5296 2450 5355 atque
2478 5285 2748 5355 rejiciunt.

326 5381 454 5434 Ὅτι
481 5380 590 5451 γὰρ
617 5381 717 5450 τὴν
756 5379 1034 5450 ἁμαρτίαν
1061 5378 1324 5444 πολλάκις
1350 5379 1533 5451 σάρκα
1571 5379 1827 5448 ὀνομάζει

246 5476 281 5528 ὁ
315 5472 552 5536 Παῦλος,
602 5472 837 5526 ἄκουσον
866 5470 1029 5533 αὑτοῦ
1057 5471 1330 5539 λέγοντος,
1362 5474 1445 5526 ὅτι
1491 5490 1508 5524 ι
1544 5472 1693 5543 Σὰρξ
1735 5473 1832 5525 καὶ

254 5560 406 5636 αἷμα
437 5563 716 5634 βασιλείαν
763 5560 902 5615 Θεοῦ
940 5564 1001 5615 οὑ
1039 5563 1537 5635 κληρονομήσουσι,
1569 5566 1662 5618 καὶ
1691 5565 1740 5617 οἱ
1775 5566 1833 5619 ἐν

339 5720 532 5777 ‘Rom.
566 5737 680 5786 vui,
716 5723 771 5777 7.
850 5722 871 5751 ’
913 5720 1041 5775 ibid.
1119 5725 1137 5755 ³
1170 5724 1299 5779 ibid.
1326 5724 1380 5779 6.

2007 5378 2161 5446 Quod
2192 5388 2372 5433 autem
2406 5384 2686 5448 peccatum
2732 5373 2965 5446 appellet
3000 5371 3197 5427 Paulus
3235 5382 3378 5437 swpe
3398 5380 3503 5421 sm-

1938 5470 2058 5539 pius
2089 5485 2331 5535 carnem,
2365 5468 2489 5523 audi
2532 5469 2703 5538 ipsum
2729 5466 2997 5521 dicentem
3028 5460 3171 5533 quod
3208 5477 3228 5512 ι
3260 5456 3423 5524 Caro,
3448 5465 3505 5510 ct

1941 5563 2161 5635 sanguis
2189 5577 2415 5633 regnum
2451 5561 2544 5618 Dei
2580 5576 2686 5616 non
2720 5558 3074 5632 possidebunt
3101 5555 3157 5624 ‘;
3197 5575 3216 5609 ι
3239 5561 3294 5611 et
3325 5569 3339 5607 :
3373 5548 3507 5620 «qui

1460 5726 1673 5779 ⁵1001⁸.
1707 5740 1792 5790 xv,
1835 5724 1923 5780 50.
