4026 6308
588 313 722 382 1159

1784 328 1845 392 s.
1889 328 2287 397 ANASTASII
2325 322 2650 397 SINAIT/E

3690 320 3833 395 1169

587 436 639 485 in
685 447 844 489 carne
893 444 1038 502 sunt,
1095 440 1204 495 Deo
1254 444 1468 514 placere
1511 459 1613 500 nou
1669 449 1976 516 possunt';
2020 469 2039 502 ι
2086 450 2151 504 Et

2266 451 2425 521 σαρκὶ
2471 451 2642 514 ὄντες,
2672 447 2789 518 Θεῷ
2821 448 3019 518 ἀρέσαι
3049 445 3108 498 οὐ
3138 434 3393 498 δύνανται
3418 446 3432 474 ³
3467 461 3485 494 ι
3527 442 3623 496 καί
3643 461 3657 473 ·
3698 462 3719 494 ι
3770 444 3831 498 '0

591 540 612 574 ι
649 524 740 592 qui
765 527 1001 581 seminat
1032 531 1082 584 in
1112 546 1296 596 carne,
1340 536 1405 589 de
1436 550 1601 597 carne
1630 538 1793 592 etiam
1824 550 1991 595 metet
2023 555 2151 597 cor-

558 614 894 681 ’ruptionem
932 618 987 679 ⁶;
1034 639 1052 671 ι
1081 632 1174 677 et:
1213 642 1232 675 ‹
1270 623 1326 679 Si
1353 627 1653 681 secundum
1701 644 1919 685 carnem
1966 633 2157 687 ambu-

588 702 831 763 iaveritis
854 750 868 771 ,
902 712 1140 766 futurum
1174 727 1255 769 est
1288 725 1344 770 ut
1382 720 1617 786 perealis
1643 720 1686 788 ";
1727 739 1745 772 ι
1782 738 2004 778 carnem
2030 738 2157 794 pec-

589 806 769 850 catum
818 803 1127 870 nominans,
1165 822 1270 859 non
1312 819 1488 862 autem
1541 813 1723 866 carnis
1769 824 1967 870 nostra:
1999 825 2157 869 natu-

589 900 725 941 ram.
755 889 948 955 lnjuria
974 897 1170 963 quippe
1194 898 1356 952 etiam
1397 900 1673 955 Christum
1703 903 1945 959 alliceret
1975 908 2159 960 dicen-

589 986 698 1029 tem
730 994 744 1030 :
771 998 789 1029 ‹
822 980 1039 1052 Palpate
1067 1002 1171 1051 me,
1200 998 1255 1041 et
1289 992 1489 1053 videte,
1521 994 1645 1062 quia
1675 995 1899 1062 spiritus
1937 1011 2159 1052 carnem

589 1079 778 1123 etossa
808 1090 909 1126 mm
940 1077 1122 1140 habet,
1146 1080 1289 1133 sicut
1314 1097 1400 1136 me
1424 1084 1618 1138 videtis
1642 1087 1846 1140 habere
1872 1088 1915 1140 ⁸.
1941 1107 1960 1139 ι
1998 1091 2075 1142 Ita
2103 1098 2161 1144 ut

590 1163 862 1216 carnalem
899 1166 1228 1223 voluntatem
1255 1172 1486 1226 alienam
1512 1191 1538 1226 a
1566 1175 1803 1241 Christo,
1828 1189 2162 1234 extraneam-

590 1262 695 1315 que
727 1252 988 1308 deliniant
1019 1261 1190 1312 sancti
1230 1259 1485 1317 Ecclesiae
1521 1265 1736 1332 Patres,
1773 1277 1827 1321 et
1862 1271 2158 1336 carnalem,

591 1346 754 1403 atque
790 1354 1010 1408 peccato
1042 1347 1338 1416 subjectam
1380 1356 1638 1421 operandi
1678 1357 2021 1426 facultatem;
2058 1377 2160 1417 non

590 1442 733 1491 eam,
765 1446 883 1496 quae
928 1444 1134 1490 naturae
1159 1450 1262 1502 est,
1298 1457 1404 1495 non
1444 1459 1587 1511 eam,
1617 1461 1736 1514 qua:
1777 1459 1960 1503 creata
1993 1468 2020 1504 a
2054 1452 2164 1507 Deo

592 1528 696 1583 est,
720 1536 822 1573 non
845 1539 985 1587 eam,
1009 1542 1127 1594 qutc
1151 1530 1229 1593 ad,
1246 1530 1534 1602 imaginem
1565 1545 1618 1589 el
1635 1538 2046 1595 similitudinem
2068 1543 2163 1598 Dei

594 1612 749 1661 nobis
774 1628 1028 1669 concessa
1067 1628 1185 1683 est,
1229 1621 1633 1681 immaculatam
1668 1639 1722 1684 et
1765 1631 2163 1700 irreprehensi-

590 1696 755 1752 bilem
788 1706 1086 1760 naturalem
1119 1710 1473 1782 voluntatem,
1503 1725 1667 1787 atque
1697 1696 2090 1788 operationem.

665 1789 773 1844 Sed
804 1796 895 1860 qui
928 1811 1055 1853 vere
1095 1801 1291 1856 diaboli
1336 1816 1603 1872 potestate
1646 1809 1796 1866 intus
1826 1823 2078 1882 aguntur,
2108 1824 2164 1870 et

593 1883 775 1936 carnis
802 1889 1275 1958 concupiscentiis,
1308 1904 1362 1949 et
1380 1897 1646 1954 incendiis
1665 1903 1892 1971 subjecti
1921 1915 2162 1973 manent,

594 1973 803 2042 subque
832 1980 1037 2033 carnali
1072 1983 1350 2041 voluntate
1371 1989 1769 2060 deprimuntur,
1802 1994 1852 2048 in
1886 1995 2018 2065 ipsis
2036 2013 2166 2053 cou-

596 2069 866 2133 taminati,
913 2081 969 2124 et
1019 2074 1285 2142 obvoluti,
1326 2094 1447 2134 cum
1481 2083 1791 2140 discernere
1823 2102 2162 2159 nequaquam

592 2156 812 2213 Valeant
847 2160 991 2217 inter
1025 2170 1465 2236 superinductam
1503 2176 1836 2233 voluntatem
1864 2156 1923 2234 et
1946 2156 2164 2249 malam,

596 2256 654 2301 et
684 2254 1081 2323 operationem,
1121 2274 1241 2328 qua:
1284 2272 1482 2331 praeter
1511 2276 1763 2323 naturam
1810 2280 1914 2336 est,
1941 2283 1996 2327 et
2024 2273 2168 2328 inter

596 2349 740 2430 eam,
793 2356 913 2410 quae
943 2359 973 2398 a
1018 2348 1125 2401 Deo
1167 2351 1430 2421 originem
1480 2357 1729 2425 sortitur,
1783 2367 1947 2430 atque
1992 2377 2022 2416 a
2056 2362 2165 2420 Deo

598 2425 723 2484 data
763 2443 848 2487 est
879 2434 1111 2504 animae,
1150 2444 1517 2501 essentialiter
1567 2425 1906 2518 rationalem,
1941 2462 1998 2510 et
2021 2455 2167 2511 desir-

600 2521 768 2577 deriis
791 2535 971 2593 aptam
1003 2530 1332 2588 voluntatem
1366 2555 1380 2591 ι
1413 2553 1591 2609 neque
1621 2541 1752 2610 quid
1782 2558 1970 2600 rursus
2001 2548 2071 2601 sit
2096 2547 2170 2601 vi-

603 2610 727 2706 talis
764 2613 901 2681 ejus,
939 2626 995 2673 et
1018 2620 1322 2678 subsistens
1354 2624 1586 2685 facultas
1627 2634 1895 2702 corporis,
1923 2646 1980 2691 ut
2010 2640 2169 2706 periti

599 2698 835 2758 Manetis
936 2709 1185 2779 discipuli
1257 2714 1569 2785 improbant
1636 2698 1939 2781 naturalem
1983 2698 2023 2782 ai
2058 2729 2170 2785 Deo

597 2795 768 2846 Creati
805 2794 1041 2852 hominis
1065 2802 1420 2871 voluntatem,
1451 2821 1617 2880 utque
1644 2813 1926 2872 Manichaei
1949 2833 2169 2875 carnem

600 2890 841 2979 nostram
880 2903 908 2939 a
939 2885 1050 2943 Deo
1106 2893 1225 2961 ipso
1274 2898 1476 2952 editam
1523 2901 1810 2969 damnant,
1865 2908 2171 2979 injuriaque

603 2968 847 3029 alliciunt
877 2977 1056 3033 datam
1093 2998 1122 3034 a
1159 2983 1266 3040 Deo
1297 2988 1452 3044 nobis
1490 2968 1857 3050 vivificantem
1899 2968 2171 3067 operat-io-

601 3076 747 3157 nem,
784 3066 1309 3145 intellectualemque
1335 3094 1366 3133 a
1398 3080 1510 3136 Deo
1547 3086 1700 3141 nobis
1744 3066 1951 3157 pariter
1990 3076 2167 3147 datam

598 3152 942 3253 desiderandi
989 3164 1303 3223 facultatem
1345 3171 1617 3241 incusant,
1646 3152 1928 3253 per-quam
1962 3187 2170 3242 scilicet

599 3240 794 3302 elevati
826 3252 1065 3309 divinam
1100 3261 1469 3317 nanciscimur
1493 3240 1847 3326 salvalionem
1879 3291 1895 3330 :
1930 3276 2030 3331 hoc
2059 3279 2168 3333 sei-

601 3334 732 3440 licet
772 3356 963 3400 eorum
1009 3348 1259 3418 dogmate
1304 3369 1399 3419 per
1444 3360 1625 3415 omnia
1668 3363 1843 3434 ipsum
1903 3368 2169 3440 impetunt

598 3424 936 3491 Creatorem.

608 3548 611 3551 λ
673 3516 732 3576 Si
754 3529 1148 3624 autem-iniqua
1176 3535 1291 3593 haec
1315 3539 1549 3612 ingenita
1571 3547 1766 3605 animae
1785 3552 2033 3609 voluntas
2059 3566 2167 3624 est,

601 3616 873 3678 quomodo
925 3620 1095 3678 David
1148 3626 1325 3698 inquit
1362 3651 1376 3687 ε
1415 3652 1434 3686 ι
1476 3634 1742 3702 Quoniam
1785 3658 1853 3698 ex
1894 3616 2169 3705 voluntate

599 3716 721 3806 mea
756 3712 1056 3770 confitebor
1088 3718 1409 3782 Domino"?
1452 3747 1471 3780 ι
1510 3730 1792 3797 Quomodo
1837 3748 2018 3806 autem
2046 3758 2167 3796 om-

597 3796 731 3899 nin-0
784 3804 962 3899 anima
1011 3824 1199 3879 posset
1254 3818 1498 3876 divinum
1553 3825 1772 3896 aliquod
1824 3796 2004 3899 velle,
2064 3835 2166 3890 nisi

598 3888 849 3946 rationali
901 3909 1182 3965 praestaret
1228 3907 1540 3965 voluntate?
1575 3888 1659 3969 vel
1687 3921 1958 3985 quomodo
1985 3888 2049 3975 ad
2079 3888 2165 3991 ea,

597 3989 721 4076 quae
747 3985 951 4052 optima
988 4000 1139 4056 sunt,
1170 4003 1225 4049 et
1253 3996 1663 4070 intellectualis,
1701 4017 1889 4076 posset
1921 3985 2163 4067 animum

598 4069 866 4160 adjicere,
889 4077 969 4132 vel
988 4082 1054 4135 ad
1081 4083 1196 4153 ipsa
1224 4091 1432 4159 conari,
1469 4094 1575 4148 nisi
1604 4097 1922 4154 rationalem
1942 4103 2168 4160 haberet

598 4155 960 4261 facultatem?
996 4173 1193 4240 quibus
1219 4155 1473 4237 nimirum
1503 4185 1716 4244 duabus
1744 4155 2166 4261 proprietatibus

598 4250 653 4307 in
683 4270 744 4310 ea
780 4263 1071 4360 manifeste
1118 4273 1445 4339 exprimitur
1474 4279 1549 4345 id,
1582 4282 1726 4350 quod
1745 4250 1860 4339 est.
1875 4287 1940 4341 ad
1976 4250 2167 4360 imagi:

599 4357 720 4448 pem
773 4360 828 4402 et
861 4353 1272 4448 similitudinem
1336 4365 1453 4421 Dei.
1503 4369 1792 4442 Propterea
1841 4353 2166 4448 itaque,'et

2258 544 2495 613 σπείρων
2526 544 2606 605 είς
2632 542 2732 611 τὴν
2764 541 2963 611 σάρκα.
2999 540 3062 591 έκ
3097 539 3195 607 τῆς
3225 534 3429 606 σαρκὸς
3458 534 3670 606 θερίσει
3700 536 3830 603 φθοο

2257 633 2391 704 ράν·
2429 653 2447 685 ι
2481 633 2607 686 καί·
2648 652 2679 691 c,
2703 634 2799 685 “Av
2826 633 2964 685 κατὰ
2992 630 3171 702 σάρκα
3199 628 3568 700 περιπατῆτε,
3603 629 3827 698 μέλλετε

2254 724 2623 796 ἀποθνήσκειν
2644 740 2690 776 ⁸»
2725 724 2904 795 σάρκα
2934 723 3033 792 τὴν
3058 722 3335 792 ἁμαρτίαν
3366 720 3679 790 ὀνομάζων,
3716 714 3827 772 ﬁl?

2255 818 2316 870 οὐ
2344 817 2443 887 τὴν
2490 816 2653 885 φύσιν
2681 816 2780 886 τῆς
2816 814 3090 885 ἡμετέρας
3117 814 3342 881 σαρκός.
3387 813 3544 866 Ἐπεὶ
3579 813 3830 881 εὑρίσκε-

2253 927 2347 962 ται
2384 910 2475 962 τὸν
2510 910 2743 980 Χριστὸν
2781 908 3082 978 ἐνυϐρίζων
3127 907 3219 959 τὸν
3247 905 3505 973 λέγοντα·
3565 924 3586 957 c
3639 906 3829 974 Ψηλα-

2259 1000 2468 1069 φήσατέ
2500 1016 2589 1069 με,
2627 999 2721 1052 καὶ
2752 998 2913 1061 ἴδετε,
2944 1000 3027 1053 ὅτι
3065 998 3281 1067 πνεῦμα
3313 999 3492 1067 σάρκα
3522 997 3619 1049 καὶ
3673 997 3830 1049 ὀστέα

2258 1093 2357 1145 οὐκ
2383 1093 2519 1162 ἔχει,
2569 1091 2753 1154 καθὼς
2801 1090 2900 1160 ἐμὲ
2943 1076 3202 1162 θεωρεῖτε
3234 1089 3447 1159 ἔχοντα.
3479 1108 3498 1141 ι
3547 1077 3717 1141 ’Ὥστε
3772 1089 3829 1140 τὸ

2262 1185 2521 1248 σαρκικὸν
2555 1183 2766 1253 θέλημα
2796 1183 3078 1251 ἀλλότριον
3129 1180 3225 1234 καὶ
3273 1181 3425 1247 ξένον
3455 1180 3552 1233 τοῦ
3595 1178 3828 1249 Χριστοῦ

2259 1276 2310 1327 οἰ
2342 1274 2489 1342 ᾶγιοι
2535 1274 2778 1343 Πατέρες
2806 1273 3072 1343 ὁρίζουσι,
3123 1271 3219 1324 καὶ
3245 1270 3344 1341 τὴν
3398 1268 3695 1341 σαρκικὴν,
3740 1271 3830 1322 καὶ

2261 1364 2482 1435 ἐμπαθῆ
2503 1366 2600 1434 τῆς
2633 1363 2907 1434 ἁμαρτίας
2939 1362 3241 1432 ἐνέργειαν,
3269 1361 3330 1412 οὐ
3358 1360 3457 1431 τὴν
3490 1360 3750 1428 φυσικὴν,
3771 1360 3825 1411 οὔ

2261 1457 2358 1526 τὴν
2393 1455 2725 1519 θεόκτιστον,
2766 1455 2827 1507 οὐ
2883 1453 2982 1525 τὴν
3022 1454 3146 1507 κατ’
3189 1453 3376 1507 εἰκόνα
3429 1451 3524 1505 καὶ
3575 1451 3830 1521 ὁμοίωσιν

2261 1547 2397 1600 Θεοῦ
2458 1547 2832 1618 ὑπάρχουσαν,
2881 1547 3040 1617 ἡμῶν
3091 1545 3322 1617 ἄμωμον
3370 1544 3468 1599 καὶ
3514 1543 3832 1613 ἀδιάϐλητον

2263 1640 2496 1711 φυσικὴν
2522 1639 2743 1711 θέλησιν
2771 1640 2868 1694 καὶ⁵
2891 1638 3197 1709 ἐνέργειαν.

2345 1816 2485 1870 Ἀλλ’
2532 1816 2583 1870 οἱ
2620 1816 2837 1886 ἀληθῶς
2887 1815 3058 1880 ὅντως
3105 1815 3212 1869 ὑπὸ
3270 1813 3374 1885 τῆς
3412 1813 3700 1887 ἐνεργείας
3744 1831 3831 1867 τοι

2264 1906 2513 1961 διαϐόλου
2562 1908 2972 1979 ὲνεργούμενοι,
3014 1907 3111 1962 καὶ
3144 1908 3224 1968 είς
3262 1906 3363 1971 τὰς
3405 1905 3693 1977 πυρώσεις
3745 1907 3831 1960 καὶ

2265 1999 2558 2062 ὲκκαύσεις
2603 2001 2701 2070 τῆς
2747 1999 2953 2071 σαρκὸς
3000 1999 3411 2069 ὲκμαινὸμενοι,
3443 2000 3543 2052 καὶ
3593 2000 3701 2051 ὑπὸ
3744 1998 3831 2052 τοῦ

2267 2088 2533 2157 σαρκικοῦ
2570 2082 2876 2158 θελήματος
2900 2082 3449 2160 κατακαμπτόμενοι,
3478 2090 3576 2143 καὶ
3612 2090 3832 2158 potue-

2270 2196 2444 2250 μενοι,
2477 2180 2573 2232 καὶ
2603 2179 3046 2251 βορϐοροόμενοι,
3080 2182 3154 2254 μὴ
3181 2179 3508 2251 ἰσχύσαντες
3526 2182 3832 2252 διακρῖναι,

2266 2269 2320 2322 τί
2353 2274 2455 2339 μὲν
2479 2272 2592 2326 ἐστι
2621 2271 2682 2324 τδ
2713 2271 3038 2327 ἐπείσακτον
3067 2275 3160 2327 καὶ
3188 2275 3423 2344 πονηρὸν
3453 2273 3697 2342 θέλημα,
3748 2276 3836 2325 καὶ

2270 2359 2303 2430 ἡ
2330 2361 2486 2431 παρὰ
2514 2359 2677 2431 φύσιν
2714 2363 2987 2433 ἐνέργεια,
3017 2362 3069 2416 τί
3095 2362 3155 2418 δέ
3204 2365 3322 2417 ἐστι
3352 2364 3413 2417 τὸ
3452 2362 3719 2431 θεόφυτον
3747 2365 3836 2416 καὶ

2269 2448 2547 2503 θεόσδοτον
2577 2451 2676 2521 τῆς
2722 2450 2899 2521 ψυχῆς
2942 2451 3252 2520 λογιστικὸν
3304 2454 3399 2506 καὶ
3440 2452 3836 2523 ἐπιθυμητικὸν

2266 2541 2523 2606 οὐσιῶδες
2546 2542 2781 2613 θέλημα,
2816 2545 2911 2596 καὶ
2950 2544 3002 2597 τί
3033 2544 3197 2598 πάλιν
3224 2547 3257 2615 ἡ
3304 2544 3514 2611 ζωτικὴ
3542 2545 3721 2615 αὐτῆς
3746 2545 3837 2598 καὶ

2270 2637 2569 2706 συστατικὴ
2604 2626 2994 2706 τοῦσώματος
3044 2637 3315 2706 ἐνέργεια,
3363 2637 3439 2700 ὡς
3477 2636 3698 2710 γνήσιοι
3745 2639 3836 2693 τιλῦ

2268 2728 2548 2790 Μάνεντος
2597 2727 2838 2799 μαθηται¹
2877 2728 3223 2782 διαϐάλλουσι
3248 2731 3311 2782 τὸ
3339 2729 3440 2796 τῆς
3486 2727 3707 2798 φύσεως
3744 2734 3837 2785 τοῦ

2270 2820 2584 2874 θεοκτίστου
2607 2820 2895 2891 ἀνθρώπου
2926 2820 3159 2891 θέλημα,
3190 2821 3514 2886 κακίζουσιν
3532 2821 3610 2887 ὡς
3642 2825 3691 2876 οἱ
3720 2825 3840 2879 Μα-

2270 2916 2464 2983 νιχαῖοι
2496 2914 2595 2984 τὴν
2628 2913 2784 2983 ἡμῶν
2840 2913 3149 2967 θεόκτιστον
3196 2914 3394 2986 σάρκα,
3430 2914 3714 2986 ὑϐρίζουσι
3742 2918 3841 2988 τὴν

2270 3002 2530 3066 ζωοποιὸν
2562 3003 2839 3057 θεόσδοτον
2870 3003 3029 3075 ήμῶν
3062 3005 3367 3075 ἐνέργειαν,
3402 3007 3710 3075 μέμφονται
3743 3010 3842 3080 τὴν

2270 3094 2467 3165 νοερὰν
2490 3096 2521 3165 ἡ
2532 3095 2648 3165 μῶν
2677 3095 2956 3149 θεόσδοτον
2983 3092 3302 3167 ἐπιθυμίαν,
3339 3097 3407 3151 δι’
3430 3092 3500 3169 ἧς
3522 3098 3845 3169 ὀρεγόμενοι

2272 3186 2381 3238 τῶν
2428 3185 2586 3239 θείων
2645 3186 2985 3257 τυγχάνομεν
3033 3188 3132 3258 τῆς
3179 3188 3478 3259 σωτηρίας,
3512 3189 3603 3243 διὰ
3644 3190 3846 3254 παντὸς

2274 3272 2455 3328 αὐτῶν
2472 3274 2566 3327 τοῦ
2587 3273 2858 3346 δόγματος
2887 3275 2965 3348 τῷ
2996 3276 3207 3349 Κτίστῃ
3232 3279 3692 3350 προσκρούοντες.

2344 3542 2409 3597 Εί
2449 3542 2508 3598 δὲ
2536 3544 2772 3615 πονηρὸν
2800 3538 2868 3616 ἦν
2893 3535 2955 3597 τὸ
2991 3543 3233 3614 ἔμφυτον
3269 3546 3369 3615 τῆς
3401 3545 3585 3616 ψυχῆς
3610 3545 3845 3619 θέλημα,

2275 3636 2394 3701 πῶς
2429 3654 2597 3708 φησιν
2629 3640 2659 3691 ὁ
2700 3637 2893 3691 Δαϐίδ·
2933 3655 2952 3689 ι
2990 3638 3236 3691 ’Ότι-καὶ
3259 3641 3323 3692 ὲκ
3375 3638 3695 3710 θελήματός
3744 3659 3845 3712 μου

2272 3728 2744 3800 ἐξομολογησομαί
2765 3730 2844 3800 τῷ
2871 3729 3021 3800 Θεῷς
3055 3748 3073 3782 ι
3096 3729 3222 3795 Πῶς
3249 3731 3358 3801 γὰρ
3384 3732 3451 3786 ἂν
3472 3734 3615 3796 ὅλως
3641 3736 3741 3786 καὶ
3758 3735 3838 3788 δυ·

2274 3820 2499 3892 νήσεται
2538 3821 2570 3892 ή
2616 3819 3030 3893 ψυχὴθελῆωί
3068 3839 3124 3874 τι
3167 3822 3278 3875 τῶν
3305 3822 3490 3887 θείων,
3544 3827 3595 3877 εί
3631 3824 3710 3894 μὴ
3740 3825 3848 3895 ἔχει

2274 3909 2500 3982 θέλησιν
2527 3910 2790 3983 λογικήν;
2818 3913 2850 3983 ἢ
2901 3913 3019 3976 πῶς
3048 3906 3233 3984 νοήσει
3276 3931 3329 3967 τι
3371 3914 3489 3969 τῶν,
3514 3917 3849 3986 κρειττόνων

2272 4002 2369 4057 καὶ
2441 4003 2667 4074 νοερῶν,
2733 4004 2767 4076 ἢ
2828 4005 3135 4076 ἐνεργήσει,
3187 4005 3261 4077 μὴ
3294 4005 3507 4076 ’ἔχουσα
3562 4009 3848 4078 ἐνέργειαν

2272 4094 2465 4166 νοερὰν
2490 4135 2506 4161 ,
2533 4095 2599 4149 δι’
2627 4090 2700 4149 ὧν
2730 4094 2825 4149 δύο
2868 4096 3146 4167 ίδιοτήτων
3179 4097 3500 4175 ἐξεικονίζει
3552 4099 3747 4168 σαφῶς
3793 4101 3847 4152 ἐν

2272 4187 2438 4256 ἑαυτῇ
2466 4186 2527 4239 τὸ
2563 4187 2686 4240 κατ’
2719 4187 2904 4241 είκόνα
2944 4187 3040 4241 καὶ
3081 4188 3345 4259 όμοίωσιν
3385 4188 3555 4255 Θεοῦς
3609 4191 3711 4243 Διά
3741 4193 3846 4261 γὰρ

2271 4277 2429 4330 τοῦτο
2458 4276 2552 4331 καὶ
2590 4277 2752 4348 μόνον
2780 4281 2915 4348 ἡμῖν
2944 4279 3278 4351 πεπόνηνται
3302 4280 3352 4333 oi
3378 4281 3742 4352 προκείμενοι
3771 4285 3847 4344 είς

2273 4369 2355 4433 τὸ,
2378 4370 2502 4423 κατ’
2520 4369 2725 4435 εἰκόνα,
2754 4369 2926 4438 λόγοι,
2960 4371 3040 4432 είς
3061 4370 3125 4423 τὸ
3154 4370 3346 4435 δεῖξαι,
3369 4370 3444 4434 ὡς
3460 4371 3708 4441 ἐν’τύπῳ
3742 4372 3845 4461 srvi

596 4431 713 4492 hac
749 4456 852 4496 una
886 4444 953 4501 de
981 4463 1149 4507 causa
1190 4455 1295 4512 duo
1332 4474 1360 4511 a
1390 4461 1547 4516 nobis
1595 4467 1838 4539 praedicti
1887 4431 2164 4531 sermones

2273 4462 2368 4516 καὶ
2388 4463 2553 4517 εἰκόνι
2580 4462 2657 4533 τῷ
2672 4462 2946 4534 ἀνθρώπῳ
2966 4464 3027 4517 οὐ
3049 4463 3209 4533 μόνον
3235 4463 3345 4516 τῶν
3366 4462 3458 4516 δύο
3479 4462 3576 4517 τοῦ
3608 4442 3841 4534 Χριστοῦ

597 4538 894 4606 conscripti
929 4553 1055 4598 sunt
1093 4546 1144 4600 in
1184 4549 1335 4615 illud,
1366 4555 1432 4608 ad
1476 4538 1886 4627 imaginem,ut
1915 4567 2170 4622 ostende-

598 4639 804 4728 remus,
844 4632 896 4686 in
937 4635 1155 4694 homine
1200 4643 1366 4697 veluti
1405 4646 1455 4699 in
1493 4648 1666 4717 figura
1694 4661 1749 4705 et
1778 4654 2010 4724 imagine
2038 4674 2170 4728 qua-

597 4716 744 4782 dam,
770 4736 871 4776 non
906 4727 1065 4781 modo
1096 4729 1324 4798 duplicis
1342 4716 1549 4792 Christi
1568 4743 1820 4797 essentia:
1856 4716 2167 4815 imaginem,

594 4820 784 4907 verum
839 4815 999 4869 etiam
1041 4820 1267 4875 duarum
1304 4829 1679 4892 operationttm
1723 4833 2169 4907 voluntalttmqtte

596 4898 951 4959 indivisarum
1024 4914 1322 4981 exemplar.
1383 4916 1860 4980 Verumenitnvero
1913 4941 2165 4997 patrem,

595 5003 936 5088 matremque
963 5000 1258 5069 honorare,
1292 5007 1514 5074 fratres,
1548 5023 1710 5083 atque
1734 5020 2168 5088 consanguineos

594 5082 818 5155 diligere
856 5091 1102 5148 humanae
1121 5099 1307 5164 procul
1335 5101 1497 5157 dubio
1527 5082 1732 5162 natura:
1769 5082 2032 5167 naturalis
2060 5121 2164 5179 est,

594 5180 846 5234 essentia:
882 5184 1071 5248 indita,
1120 5198 1284 5259 atque
1314 5193 1382 5247 ab
1403 5195 1583 5250 anima
1616 5200 1842 5255 indivisa
1871 5202 2120 5257 voluntas
2151 5220 2165 5257 :

593 5282 714 5320 cum
786 5283 994 5340 patrem
1048 5280 1259 5348 ipsum,
1312 5294 1472 5355 atque
1527 5298 1794 5359 matrem,
1862 5293 2167 5361 fratresque

594 5370 813 5454 propter
850 5364 1014 5423 Deum
1050 5373 1452 5445 derelinquere,
1488 5390 1652 5451 atque
1683 5384 1952 5454 abuegare
1974 5385 2157 5440 divina

2269 4555 2466 4609 οὐσιῶν
2498 4556 2599 4626 τὴν
2627 4555 3093 4628 προδιατύπωσιν,
3118 4555 3254 4609 ἀλλὰ
3288 4556 3384 4609 καὶ
3408 4555 3501 4609 δύο
3545 4554 3843 4628 ἐνεργειῶν

2268 4648 2364 4700 καὶ
2388 4646 2708 4717 θελημάτων
2753 4647 3111 4718 ἀδιασλήτων,
3150 4647 3225 4711 ὡς
3258 4649 3317 4700 ὲν
3362 4647 3520 4718 τύπῳ
3560 4651 3671 4701 τινὶ
3705 4651 3842 4719 ἀμυ-

2264 4736 2378 4808 δρῷ
2421 4738 2841 4809 προδιάγραψιν.
2884 4742 2995 4793 Καὶ
3037 4741 3146 4810 γὰρ
3178 4739 3239 4792 τὸ
3279 4741 3447 4810 τιμᾷν
3485 4742 3706 4811 πατέρα
3744 4740 3839 4796 ,καὶ

2271 4832 2505 4902 μητέρα,
2539 4833 2630 4885 καὶ
2658 4832 2922 4901 ἀδελφοὺς
2952 4832 3195 4902 ἀγαπᾷν,
3230 4833 3335 4884 καὶ-
3355 4832 3706 4900 συγγένειαν,
3736 4836 3803 4903 φῦ

2270 4942 2402 4982 σεως
2445 4924 2793 4994 ἀνθρωπίνης
2838 4923 3064 4992 φυσικόν
3116 4926 3262 4976 ἐστιν
3295 4924 3554 4986 οὐσιῶδες
3607 4925 3833 4995 θέλημα,

2263 5016 2440 5086 ψυχῆς
2472 5017 2794 5087 ἁδιάὁλητον
2820 5031 2834 5046 ⁸
2874 5016 2934 5068 τὸ
2958 5015 3016 5067 δὲ
3052 5016 3400 5085 καταλείψαι,
3456 5016 3552 5068 καὶ
3599 5018 3832 5087 ἀρνήσα-

2267 5106 2390 5159 σθαι
2450 5106 2537 5160 διὰ
2563 5107 2696 5160 Θεὸν
2744 5107 2978 5177 πατέρα,
3018 5107 3114 5161 καὶ
3149 5107 3382 5178 μητέρα,
3418 5108 3510 5160 καὶ
3557 5108 3828 5176 ἀδελφοὺς.

2264 5199 2432 5261 ὅντως
2466 5198 2606 5252 θεῖον
2663 5199 2757 5252 καὶ
2812 5200 2953 5268 ὑπὲρ
3008 5199 3169 5267 φύσιν
3221 5199 3435 5271 θέλημα
3503 5200 3827 5265 ἀξιέπαινον.

2279 5288 2407 5342 Ἰδοὺ
2438 5288 2530 5340 δύο
2558 5288 2838 5359 θελήματα
2867 5289 3186 5360 ἀδιάϐλητα,
3212 5290 3275 5343 τὸ
3307 5290 3408 5361 μὲν
3438 5289 3601 5358 φῦσει
3632 5288 3829 5360 ἀνθρὼ-

2269 5398 2445 5446 πινον,
2476 5384 2535 5437 τὸ
2570 5384 2629 5437 δὲ
2667 5385 2804 5456 ὑπὲρ
2828 5385 2991 5455 φύσιν
3021 5387 3115 5439 καὶ
3140 5385 3304 5439 θεῖον.

592 5450 687 5513 εῖιν
723 5453 883 5512 laude
913 5461 1072 5531 digna
1100 5467 1373 5532 voluntas,
1396 5450 1774 5543 excedensque
1800 5450 2006 5531 naturae
2036 5476 2425 5531 cunditiouem.
2468 5477 2542 5528 lin
2612 5477 2797 5545 itaque
2856 5478 2989 5529 duas
3034 5477 3291 5531 iudivis‘as
3351 5477 3693 5545 voluntates;
3734 5475 3825 5527 bll-

599 5556 771 5599 maute
790 5559 992 5607 natura:
1010 5555 1258 5626 alteram,
1278 5561 1502 5618 alteram
1520 5579 1684 5636 super
1700 5577 1949 5623 naturam
1977 5568 2171 5637 ipsam,
2215 5578 2376 5634 atque
2406 5568 2667 5621 divinam.

677 5694 1088 5760 ³ίὶιιιιι.ιίιι,8.
1166 5709 1251 5764 σο
1295 5711 1367 5767 tu
1407 5714 1550 5779 “,8.
1629 5717 2082 5783 'Rom.vnt,l5.
2162 5719 2347 5782 'Lur.
2394 5720 2640 5783 κκινιῧθ

3120 5628 3157 5643 κ

2767 5720 2785 5748 ³
2836 5718 2975 5771 ΡειιΙ.
3013 5733 3179 5786 um,
3213 5717 3279 5773 7..
