3910 6300
259 129 384 196 1161

319 249 519 301 Λοιπὸν
579 252 667 304 ὅτε
758 255 871 328 ἴδῃς
950 261 1156 331 Ἰησοῦν
1229 267 1670 342 ὑποτασσόμενον

253 335 586 406 δουλεύοντα,
619 345 694 409 ὥς
717 364 881 418 φησιν
913 351 942 403 ὁ
973 355 1208 419 Λουκᾶς,
1247 358 1326 429 τῷ
1366 360 1589 433 Ἰωσὴφ,
1625 368 1722 422 καὶ
1749 373 1816 441 τῇ

253 431 472 499 μητέρι,
513 435 608 489 καὶ
651 442 1058 512 προστρέχοντα
1095 447 1190 499 καὶ
1223 439 1702 526 περιπλεκόμενον,
1742 461 1819 524 ὡς

252 521 486 587 παιδίον,
520 527 637 589 ταῖς
665 529 928 596 ἀγκάλαις
945 537 1035 588 καὶ
1056 539 1167 601 τοῖς
1192 540 1367 608 ἁγίοις
1386 521 1604 611 κόλποις
1622 521 1814 620 αὐτῆς,

254 613 328 683 μὴ
381 615 644 689 διστάσῃς
665 625 840 676 εἰπεῖν
871 625 1134 696 θελήματι
1196 633 1293 686 καὶ
1328 641 1529 708 στοργῇ
1559 631 1656 710 τῆς
1694 613 1816 694 καθλ

251 705 398 773 ἡμᾶς
427 709 642 776 φύσεως
671 715 954 781 ποιοῦντα,
983 721 1077 774 καὶ
1106 721 1391 779 δεικνύντα
1422 729 1584 782 αὑτὸν
1612 731 1810 796 ταῦτα,

248 799 343 849 καὶ
371 799 595 865 τέλειον,
620 806 713 856 καὶ
734 807 1016 875 ὀμοούσιον
1056 813 1186 882 ἡμῖν
1213 816 1352 869 κατὰ
1393 818 1492 890 τὴν
1531 821 1815 892 ἀνθρωπόο

246 904 382 956 τητα
404 893 592 944 ἑαυτὸν
614 899 976 963 ἐμφανίζοντα
996 904 1137 957 κατὰ
1166 906 1342 961 πάντα
1361 902 1582 977 τρόπον,
1599 911 1675 976 ὥς
1707 932 1812 984 φη-

248 995 330 1030 σιν
350 983 377 1032 ό
395 982 624 1048 Παῦλος,
647 987 777 1056 δίχα
793 991 961 1060 μόνης
990 994 1089 1062 τῆς
1117 997 1414 1069 ἁμαρτίας.
1438 1002 1606 1056 Ὅταν
1623 1004 1680 1056 δὲ
1704 982 1812 1059 πά-

245 1066 328 1120 λιν
347 1073 480 1139 πρὸς
502 1073 598 1143 τὴν
613 1078 821 1149 μητέρα
845 1079 979 1156 λέγῃ
996 1123 1010 1146 ,
1037 1103 1055 1134 ι
1077 1085 1142 1137 Τί
1163 1066 1304 1157 ἐμοὶ,
1339 1094 1430 1144 καὶ
1454 1094 1554 1156 σοὶ,
1580 1094 1737 1160 γύναι
1757 1114 1804 1160 ς»

245 1162 335 1213 καί
361 1177 373 1190 ·
400 1182 418 1214 ε
458 1167 553 1229 Τίς
583 1171 699 1222 ἐστί
737 1190 839 1241 μου
870 1177 1072 1246 πατὴρ,
1103 1179 1135 1248 ἢ
1165 1182 1372 1253 μήτηρ,
1406 1185 1454 1236 εί
1486 1187 1615 1256 μὴ.ὀ
1641 1189 1810 1242 ποιῶν

240 1254 301 1306 τὸ
341 1257 550 1328 θέλημα
577 1263 670 1316 τοῦ
715 1267 1150 1340 πέμψαντόςμες
1202 1293 1220 1324 ι
1273 1277 1508 1331 ἐνταῦθα
1559 1281 1807 1334 παιδεύει

241 1348 387 1416 ἡμᾶς
428 1351 487 1403 τὸ
521 1353 662 1406 θεῖον
691 1358 783 1410 καὶ
807 1359 948 1430 ὑπὲρ
969 1362 1131 1430 φύσιν
1161 1365 1394 1438 θέλημα.
1425 1371 1503 1422 Δι’
1525 1372 1675 1443 ἡμᾶς
1698 1373 1808 1446 γὰρ

240 1439 414 1492 πάντα
437 1443 610 1496 ἐποίει
645 1448 737 1500 καὶ
767 1447 1054 1518 ἔπραττεν,
1087 1456 1145 1506 ἐν
1176 1458 1340 1512 πᾶσιν
1371 1439 1802 1531 αὐτὸς-τέλειος,

239 1531 330 1582 καὶ
367 1535 695 1602 προτέλειος,
727 1540 821 1592 καὶ
863 1543 950 1596 ἀεὶ
985 1544 1204 1618 πλήρης
1249 1550 1534 1622 ὑπάρχων,
1567 1556 1804 1624 νομίζων

235 1619 291 1671 δὲ
322 1623 522 1688 μᾶλλον
565 1627 961 1700 ἀκριϐεστέραν
991 1635 1256 1708 ὑπάρχειν
1283 1642 1382 1711 τὴν
1428 1644 1621 1715 ἑτέραν
1652 1648 1802 1700 ἐκδο-

234 1710 334 1777 χὴν
364 1717 462 1780 τὴν
487 1715 821 1784 φάσκουσαν,
861 1721 941 1774 ὅτι
979 1723 1066 1776 διὰ
1097 1727 1193 1794 τῆς
1225 1710 1499 1800 θελήσεωίς
1522 1710 1629 1800 ⁷τῆς
1652 1733 1800 1802 λογι-

234 1797 449 1866 στικῆς.
481 1802 573 1853 καὶ⁴
614 1801 990 1878 βουλευτικῆς,
1025 1814 1119 1865 καὶ
1151 1815 1501 1888 διανοητικῆς
1537 1822 1639 1890 τῆς
1684 1841 1800 1876 νοε-

233 1888 330 1953 ρᾶς
351 1890 528 1958 ψυχῆς
546 1896 643 1963 τῆς
671 1896 764 1948 τοῦ
791 1898 978 1952 δούλου
1007 1906 1224 1974 μορφῆς
1243 1909 1484 1979 ἐπλήρου
1511 1912 1538 1963 ὁ
1563 1888 1799 1982 Χριστὸς

239 1977 328 2045 τὴν
365 1979 628 2051 ὑπακοὴν,
671 1986 764 2038 καὶ
819 1988 878 2041 τὸ
918 1989 1130 2062 θέλημα
1163 1996 1258 2049 τοῦ
1286 1999 1520 2070 Πατρὸς,
1575 2006 1670 2056 καί
1695 2005 1797 2076 τὴν

231 2069 465 2140 ἐντολὴν,
500 2078 592 2126 καὶ
631 2080 695 2129 τὸ
735 2081 1085 2154 πρόσταγμα,
1118 2087 1216 2140 καὶ
1245 2090 1338 2142 τὸν
1369 2069 1561 2160 νόμον’
1603 2094 1690 2146 διὰ
1737 2069 1796 2149 δὲ

229 2157 389 2210 πάλιν
419 2161 521 2231 τῆς
557 2164 815 2236 ζωτικῆς,
849 2172 942 2223 καὶ
965 2174 1231 2235 ζωοποιοῦ
1264 2177 1570 2244 θεοσδότου,
1601 2183 1790 2255 αὐτῆς,

228 2248 369 2315 λέγω
385 2250 472 2320 δὴ,
488 2253 588 2322 τῆς
611 2254 788 2326 ψυχῆς
809 2261 909 2329 τῆς
923 2267 1114 2333 νοερᾶς
1139 2267 1422 2337 ἐνεργείας
1449 2248 1788 2344 συνεκράτει,

225 2341 316 2391 καὶ
352 2342 650 2408 ἐζιυοποίει,
686 2351 779 2402 καὶ
799 2351 953 2419 ηὔξει
983 2355 1043 2406 τὸ
1072 2358 1272 2410 οἰκεῖον
1294 2361 1455 2429 σῶμα
1480 2364 1507 2414 ὁ
1532 2341 1663 2427 Eleo;
1685 2366 1790 2418 Λό-

226 2447 316 2497 γρς
336 2434 476 2487 κατὰ
493 2437 582 2488 τὸν
597 2439 719 2508 δρον
736 2443 829 2494 καὶ
849 2443 1032 2525 νόμον,
1045 2447 1102 2499 ὃν
1121 2447 1322 2502 δέδωκε
1345 2454 1408 2520 τῇ
1433 2452 1621 2523 λογικῇ
1642 2454 1786 2526 ψυχῇ

223 2521 524 2590 ζωοποιεῖν,
556 2533 646 2581 καὶ
669 2540 1017 2604 συγκρατεῖν,
1041 2539 1134 2592 καὶ
1147 2539 1352 2606 αὔξειν,
1379 2545 1472 2596 καὶ
1494 2549 1661 2598 κινεῖν
1688 2549 1788 2618 τὴν

222 2615 326 2666 τῶν
348 2619 612 2686 σωμάτων
647 2622 822 2689 φύσιν.
854 2625 1016 2680 Ὅθεν
1036 2629 1130 2682 καὶ
1159 2631 1305 2703 ψυχὴ
1326 2632 1397 2686 δι’
1423 2635 1575 2689 οὐδὲν
1601 2615 1787 2707 ἕτερον

219 2707 454 2775 εἴρηται,
495 2713 542 2763 εί
581 2712 654 2783 μὴ
702 2716 764 2768 ὲκ
791 2717 884 2770 τοῦ
945 2719 1159 2790 ψύχειν,
1213 2725 1383 2794 ἤγουν
1412 2729 1696 2792 ζωοποιεῖν
1725 2729 1787 2784 τὸ

219 2796 395 2864 σῶμα.
458 2800 550 2853 Ἐκ
589 2802 780 2857 τούτου
841 2809 933 2861 καὶ
983 2811 1288 2883 ἀποψύχειν
1321 2815 1382 2867 τὸ
1419 2817 1785 2889 ἀποθνήσκειν

215 2887 465 2975 εἴρηται·
499 2892 687 2968 ὥσπερ
714 2899 876 2953 πάλιν
904 2902 963 2954 τὸ
986 2903 1282 2976 ἀναψύχειν
1310 2907 1372 2961 τὸ
1402 2907 1523 2981 ζῇν.

283 3078 494 3152 Ὥσπερ
521 3081 574 3135 δὲ
603 3084 789 3155 διττῆς
814 3087 1048 3158 Χριστοῦ
1098 3092 1334 3162 φύσεως,
1388 3096 1652 3164 ὡσαύτως
1682 3098 1780 3154 καὶ

211 3167 485 3240 θελήσεως
521 3175 738 3240 εἰκόνας
761 3179 1044 3251 ἐδείξαμεν
1074 3186 1156 3248 εἰς
1181 3186 1276 3240 τὸν
1299 3188 1420 3241 κατ’
1446 3189 1632 3243 εἰκόνα
1684 3190 1780 3244 καὶ

205 3261 466 3329 ὁμοίωσιν
499 3266 665 3319 αὐτοῦ
717 3268 810 3323 ὑπ’
843 3271 1009 3326 αὐτοῦ
1043 3277 1334 3346 γενόμενον
1383 3278 1637 3335 σύνθετον
1686 3281 1780 3336 άν-

204 3346 456 3417 θρωπον’
487 3352 629 3409 οὕτω
681 3359 843 3412 πάλιν
871 3362 948 3420 ὡς
976 3364 1035 3417 ἐν
1085 3367 1256 3420 εικόνι
1287 3368 1394 3421 τινὶ
1453 3370 1550 3423 καὶ
1595 3370 1772 3442 τύπῳ,

202 3438 366 3507 λέγω.
396 3445 590 3514 ὁρᾶται
641 3449 700 3502 ὲν
745 3451 822 3521 τῷ
867 3453 1140 3528 ἀνθρώπῳ
1175 3459 1291 3512 ’καὶ
1322 3460 1474 3531 διττή
1513 3479 1596 3526 τις
1622 3438 1775 3534 ἐνερ-

199 3533 352 3598 τείας
372 3535 610 3605 ἔμφασις
640 3541 720 3604 είς
747 3543 938 3596 εἰκόνα
977 3547 1074 3600 καὶ
1095 3547 1265 3602 τύπον
1292 3551 1554 3620 Χριστοῦ.
1578 3533 1770 3608 Καθά-

197 3639 309 3694 περ
341 3626 449 3696 γὰρ
493 3630 526 3697 ἡ
559 3630 726 3684 αὑτοῦ
766 3633 958 3704 θεότης
990 3638 1210 3709 ἐνήργει
1249 3642 1346 3694 καὶ
1393 3643 1770 3713 θεανδρικῶς,

195 3715 422 3785 ἐνήργει
447 3718 503 3769 δὲ
529 3722 624 3772 καὶ
649 3721 845 3787 θεῖκῶς
874 3727 934 3779 ἐν
965 3728 1180 3801 οὐρανῷ
1209 3733 1315 3802 πρὸ
1338 3735 1437 3804 τῆς
1465 3735 1559 3789 τοῦ
1584 3735 1773 3806 σώμα-

195 3821 289 3868 τος
341 3807 684 3879 ἀναλήψεως,
719 3813 794 3877 ὡς
851 3818 1419 3891 ἀπερίγραπτος,·καὶ
1481 3826 1558 3898 μὴ
1606 3845 1770 3900 περι-

191 3901 464 3966 γραφεῖσα
506 3902 565 3952 ἐν
601 3901 677 3972 τῷ
712 3903 926 3974 σώματι
948 3925 963 3940 ο
1019 3909 1164 3964 οὕτω
1196 3914 1290 3966 καὶ
1322 3914 1355 3985 ἠ
1395 3915 1541 3987 ψυχὴ
1581 3918 1614 3987 ἡ
1645 3919 1767 3972 κατ’

189 3985 380 4040 εἰκόνα
433 3991 526 4043 καὶ
551 3994 809 4061 ὁμοίωσιν
837 3996 932 4051 τοῦ
959 4000 1192 4072 ἀοράτου
1223 4005 1358 4058 θεοῦ
1384 3985 1561 4076 Λόγου
1588 3985 1767 4082 ῦπάρ-
1814 4044 1820 4049 -

186 4093 386 4146 χουσα,
455 4082 673 4153 ἐνεργεῖ
745 4087 845 4156 μὲν
894 4091 989 4144 καὶ
1039 4091 1441 4166 ψυχανδρικῶς,
1514 4100 1764 4154 τουτέστι

188 4173 602 4243 σωματοψύχως
643 4179 723 4242 είς
770 4178 942 4234 τύπον
972 4183 1063 4237 τοῦ
1096 4185 1430 4256 θεανδρικῶς
1480 4193 1760 4259 Χριστοῦ⁴

185 4263 404 4332 ἐνεργεῖ
433 4267 491 4318 δὲ
544 4269 635 4320 καὶ
691 4269 942 4340 ψυχικῶς
997 4276 1178 4346 μόνον,
1225 4281 1458 4336 πλεῖστά
1515 4303 1638 4339 τινα
1683 4281 1756 4357 μὴ
1792 4324 1836 4379 D

183 4356 576 4425 συνεργοῦντος
607 4360 744 4432 αὐτῇ
776 4363 870 4417 τοῦ
905 4367 1108 4422 οίκεὶου
1159 4371 1430 4441 σώματος,

180 4446 281 4499 τοῦ
323 4450 554 4520 ἀοράτου
585 4451 720 4506 Θεοῦ
743 4457 917 4522 Λόγου
950 4459 1044 4513 τοῦ
1103 4463 1272 4517 πολλὰ
1303 4467 1553 4538 ἀοράτως
1599 4471 1754 4542 ἐνερ-

179 4538 478 4607 γήσαντος,
511 4544 606 4597 καὶ
638 4546 990 4619 ἐνεργοῦντος
1014 4553 1074 4606 ἐν
1101 4555 1316 4628 ούρανῷ
1346 4560 1440 4614 καὶ
1488 4561 1582 4615 ἐπὶ
1622 4538 1752 4633 γῆς,

178 4630 274 4684 διὰ
303 4632 403 4703 τῆς
428 4635 847 4707 ἀπεριγράπτου
873 4642 1062 4711 αὐτοῦ,
1104 4650 1200 4702 καὶ
1245 4630 1754 4723 παγκοσμίουξκαλι

177 4725 558 4800 ὑπερκοσμίου
587 4730 777 4804 θεῖκῆς
806 4733 1106 4806 ἐνεργείας.

263 5002 327 5055 Ἥ
380 4996 474 5057 οῦν
513 5005 770 5082 ἀγάπηή
822 5012 957 5085 πρὸς
982 5015 1116 5069 Θεὸν
1168 5019 1310 5096 κατὰ
1366 5023 1608 5097 ψυχικὴν
1653 5031 1748 5084 καὶ

97 5157 112 5164 _
174 5090 348 5162 μόνην
401 5095 729 5152 ἐπιτελεῖται
774 5101 1073 5173 ἐνέργειαν,
1102 5107 1162 5161 οὐ
1188 5090 1745 5188 χρῄζουσα-ἐντούτῳ

171 5179 273 5248 τῆς
303 5184 627 5254 συνεργείας.
649 5187 744 5241 τοῦ
776 5188 1028 5258 σώματος
1051 5209 1064 5224 ·
1098 5179 1302 5267 ὁμοίως
1347 5203 1442 5256 καὶ
1495 5206 1530 5275 ἡ
1559 5179 1744 5274 πίστις

167 5269 410 5340 ψυχικῆς
456 5275 550 5326 καὶ
579 5276 750 5348 μόνης
787 5281 1070 5353 ἐνεργείας
1098 5286 1246 5341 ἐστὶν
1271 5289 1495 5358 ἔνδειξις
1515 5269 1538 5324 ⁷·
1558 5269 1740 5355 ὠσαύξ

166 5375 278 5424 τως
297 5363 401 5415 ,καὶ
456 5365 488 5436 ἡ
521 5365 678 5432 ἐλπὶς
736 5372 880 5428 κατὰ
917 5373 1160 5450 ψυχικὴν
1210 5382 1305 5435 καὶ
1340 5385 1513 5458 μόνην
1555 5390 1738 5446 ἐπιτε-

1657 163 1911 230 SERMO
1950 172 2064 236 III.

3370 199 3506 266 116?.

1725 279 1820 333 καὶ
1847 300 1920 368 Α¹
1994 287 2266 346 Craterum
2307 307 2429 349 cum
2463 294 2648 352 Jesum
2682 302 2948 371 prospicis
2999 308 3296 379 subditum,
3329 325 3383 370 et
3415 318 3498 370 in-

1921 378 2267 446 servientem,
2303 393 2361 438 ιιι
2401 385 2576 455 inquit
2623 388 2802 446 Lucas
2836 393 2900 458 ",
2929 393 3186 466 Josepho,
3222 378 3288 457 et
3308 407 3496 470 matri,

1920 465 2055 535 ipsis
2110 486 2509 544 accnrrentem,
2553 488 2606 534 et
2652 491 2710 534 ut
2741 483 3025 556 puerulum
3075 492 3250 546 sancti
3306 498 3498 564 gemii

1918 558 2034 626 ejus
2060 565 2340 633 complexu
2377 569 2795 639 circumdatum,
2831 591 2896 631 ne
2926 578 3145 636 dubites
3181 558 3363 640 dicere
3397 601 3496 642 vo-

1919 647 2146 716 luntate,
2179 664 2231 708 et
2261 655 2502 726 ingenito
2551 672 2752 717 nostrre
2804 675 3010 722 natqu
3061 687 3245 740 amore
3277 674 3391 730 haec
3429 676 3498 732 ab

1917 739 2037 821 ipso
2075 748 2354 813 praestari,
2388 752 2906 826 demonstrarique,
2962 775 3129 831 seque
3167 781 3290 821 eum
3339 769 3495 825 nobis

1917 833 2156 899 perfecte
2225 839 2560 897 humanitate
2631 848 3150 908 consubstantialem
3209 864 3496 916 ostendere

1914 924 2085 986 onmi,
2120 936 2176 980 ut
2213 927 2385 998 inquit
2417 931 2630 1000 Paulus,
2666 940 2897 1008 ratione,
2934 944 2978 997 si
3013 946 3235 1002 unicum
3260 965 3490 1019 excepe-

1917 1013 1990 1067 ris
2041 1027 2349 1083 peccatum.
2395 1020 2528 1076 Cum
2599 1042 2787 1084 rursus
2843 1041 3022 1088 autem
3083 1039 3250 1092 matri
3313 1040 3487 1098 dicit:

1921 1121 1940 1153 ι
1988 1095 2123 1169 Quid
2159 1109 2289 1163 mihi
2339 1115 2442 1174 es‘t,
2492 1124 2546 1167 et
2597 1117 2716 1183 tibi,
2763 1121 2958 1176 mulier
2989 1124 3078 1178 “‘1
3115 1145 3136 1177 ι
3175 1137 3272 1182 et:
3309 1150 3324 1181 ι
3359 1131 3490 1198 Quis

1913 1193 2077 1250 Pater
2100 1213 2251 1253 meus
2279 1210 2381 1265 est,
2411 1213 2464 1256 et
2498 1216 2689 1272 mater,
2721 1210 2820 1264 nisi
2853 1211 2918 1275 is,
2954 1216 3045 1284 qui
3077 1216 3206 1270 facit
3238 1221 3487 1276 volunta-

1914 1297 2018 1342 tem
2046 1290 2183 1359 ejus,
2215 1295 2304 1361 qui
2335 1295 2481 1349 misit
2511 1313 2596 1352 me
2627 1301 2705 1354 υἷ’
2738 1321 2756 1354 ι
2792 1302 2956 1361 Nobis
2993 1309 3058 1362 iis
3094 1308 3228 1366 locis
3250 1313 3486 1368 divinam

1910 1383 2490 1456 supernaturalemque
2513 1404 2664 1442 suam
2690 1390 2892 1448 indicat
2919 1396 3270 1455 voluntatem.
3291 1401 3483 1456 Omnia

1909 1471 2108 1540 quippe
2145 1483 2368 1543 propter
2399 1492 2499 1532 nos
2549 1479 2695 1548 fecit,
2728 1493 2780 1537 et
2804 1496 3063 1555 operatus
3092 1503 3174 1545 est
3213 1493 3486 1558 perfectus

1909 1560 2023 1630 ipse
2065 1563 2116 1616 in
2151 1565 2422 1631 omnibus,
2455 1579 2510 1622 et
2542 1585 2752 1627 summe
2814 1576 3118 1650 perfectus,
3163 1596 3484 1651 semperque

1833 1633 1875 1692 Β
1903 1653 2174 1708 exsistens
2213 1656 2267 1709 in
2300 1657 2658 1730 plenitudine,
2695 1673 2748 1717 et
2779 1648 3038 1725 statuens
3075 1671 3324 1738 alteram,
3361 1691 3482 1746 qua:

1906 1759 2029 1799 mox
2062 1745 2203 1800 dicta
2235 1757 2320 1802 est
2363 1751 2757 1820 subjectionem
2794 1759 2965 1812 multo
2999 1775 3120 1816 esse
3173 1765 3474 1831 meliorem,

1903 1837 2156 1904 quoniam
2190 1853 2287 1907 per
2334 1842 2673 1908 rationalem,
2726 1857 2890 1916 atque
2935 1853 3344 1909 deliberativam
3380 1874 3474 1910 vn-

1899 1927 2184 1994 luutatem,
2203 1936 2256 1984 et
2279 1931 2628 1989 discretivam
2664 1937 3042 1997 intellectualis
3065 1946 3281 2010 animm,
3311 1963 3473 2015 quam

1900 2020 1952 2076 in
1986 2021 2160 2078 forma
2194 2025 2335 2097 servi
2371 2039 2675 2098 acceperat,
2712 2030 2961 2102 implevit
3001 2033 3254 2089 ChriStus
3282 2038 3472 2090 volun-

1900 2121 2088 2179 tatem,
2149 2126 2505 2186 praeceptum,
2583 2118 2893 2188 imperium,
2940 2124 3228 2193 ct'lcgetn
3264 2128 3469 2197 patris;

1895 2211 2057 2270 atque
2096 2203 2322 2273 pariter
2354 2221 2453 2274 per
2499 2208 2742 2274 vitalem,
2775 2220 2827 2265 et
2873 2212 3260 2278 vivificantem,
3301 2232 3328 2268 a
3363 2216 3470 2269 Deo

1892 2292 1997 2346 sibi
2046 2294 2260 2359 datam,
2319 2309 2476 2362 eam,
2531 2299 2790 2366 inquam,
2837 2304 3033 2360 anima:
3095 2305 3471 2359 intellectualis

1895 2380 2226 2449 facultatem,
2267 2387 2424 2450 rexit,
2459 2389 2770 2456 vivificavit,
2799 2395 3055 2461 auxitque
3081 2411 3277 2463 corpus
3304 2412 3462 2448 suum

1895 2473 2034 2528 Deus
2069 2475 2326 2542 Verbum,
2360 2479 2423 2532 iis
2451 2495 2582 2535 Sane
2628 2483 2914 2550 limitibus,
2963 2503 3027 2540 ac
3077 2487 3305 2556 legibus,
3349 2502 3467 2555 qua:

1894 2567 2146 2621 rationali
2190 2571 2387 2625 animae
2430 2582 2557 2625 sunt
2587 2589 2614 2626 a
2650 2576 2756 2628 Deo
2809 2565 3157 2646 prmscriptm',
3197 2590 3254 2632 ut
3293 2580 3464 2632 infor-

1893 2666 2022 2723 met,
2053 2659 2235 2713 vivere
2265 2661 2450 2726 faciat,
2476 2674 2759 2732 augcat,ct
2788 2678 2998 2721 moveat
3028 2670 3270 2738 corporis
3294 2669 3466 2737 ipsius

1892 2762 2162 2805 naturam.
2213 2752 2574 2819 Quamobrem
2634 2774 2738 2811 non
2791 2759 2892 2812 alia
2924 2761 2989 2814 de
3021 2775 3186 2815 causa
3238 2761 3465 2829 spiritus

1888 2842 2111 2911 dicitur,
2161 2844 2263 2899 nisi
2296 2860 2360 2900 eo
2384 2849 2528 2915 quod
2583 2863 2780 2917 corpus
2815 2850 3074 2917 viviticet,
3133 2854 3249 2908 sive
3295 2851 3462 2907 faciat

1886 2933 2135 3003 spirare;
2166 2936 2466 3007 exindeque
2507 2937 2711 3008 pariter
2745 2941 2906 3005 mori,
2945 2959 3049 2996 non
3084 2943 3296 3013 spirare
3323 2960 3462 2998 nun-

1884 3035 2134 3093 cupatur,
2165 3026 2527 3097 similiterque
2560 3030 2765 3094 vivere,
2807 3033 3104 3102 respirare.

1953 3113 2412 3181 Quemadmodum
2466 3108 2648 3176 autem
2703 3123 2934 3193 duplicis
2992 3125 3196 3180 Christi
3249 3135 3458 3180 natura:

1882 3205 2171 3277 imaginem
2225 3209 2630 3282 voluntatisque
2689 3215 2942 3271 similiter
2977 3217 3029 3272 in
3072 3219 3353 3288 proposito
3388 3218 3458 3273 ab

1879 3297 1998 3367 ipso
2034 3299 2102 3353 ad
2139 3300 2426 3372 imaginem
2461 3314 2517 3359 et
2561 3307 2976 3364 similitudinem
3016 3323 3170 3364 suam
3217 3309 3456 3364 formato

1879 3386 2100 3444 homine
2129 3391 2650 3465 demonstravimus;
2683 3398 2763 3453 sic
2804 3400 3010 3468 pariter
3039 3399 3201 3456 veluti
3232 3402 3282 3455 in
3314 3402 3454 3456 ima-

1876 3478 2002 3547 gine
2029 3481 2285 3549 quadam,
2328 3485 2569 3554 inquam,
2605 3499 2770 3559 atque
2809 3490 2980 3560 figura
3029 3493 3362 3563 prospicitur
3395 3494 3447 3550 in

1877 3568 2093 3625 homine
2134 3573 2326 3643 duplex
2385 3577 2660 3636 facultatis
2707 3583 2862 3653 vigor
2911 3588 3209 3641 secundum
3264 3598 3454 3660 typum

1827 3726 1834 3734 ἱ
1873 3671 1928 3714 et
1955 3662 2242 3732 imaginem
2280 3666 2505 3724 Christi.
2555 3670 2769 3729 Etenim
2821 3676 2965 3731 sicut
3013 3677 3281 3734 divinitas
3331 3678 3448 3746 ejus

1877 3752 2212 3821 theandrice,
2241 3757 2356 3814 sive
2388 3759 2718 3819 deiviriliter
2767 3765 3119 3835 operabatur,
3152 3776 3208 3822 et
3242 3768 3447 3836 pariter

1872 3853 2000 3900 ante
2035 3849 2281 3917 corporis
2309 3851 2736 3922 assumptioném
2766 3855 3028 3912 divinitus
3056 3859 3219 3912 etiam
3244 3872 3444 3928 Opera-

1869 3935 2032 3992 batur
2073 3940 2128 3994 in
2159 3942 2319 4008 t-mlo,
2351 3951 2411 3997 ut
2441 3944 2936 4018 incircumscripta,
2973 3964 3148 4019 neque
3196 3951 3444 4019 corporis

1868 4028 2104 4083 coercita
2137 4029 2530 4101 limitibus;ita
2565 4037 2746 4096 anima
2777 4055 2993 4112 quoque
3028 4044 3094 4096 ad
3147 4043 3437 4114 imaginem

1866 4127 1922 4176 et
1956 4121 2364 4180 similitudinem
2393 4128 2681 4184 invisibilis
2709 4130 2802 4187 Dei
2833 4131 2995 4189 Verbi
3036 4135 3330 4199 exsistcus,
3359 4134 3440 4189 fa.

1857 4215 2123 4269 cultatem
2160 4218 2491 4285 operationis
2534 4221 2698 4277 habet
2742 4225 3172 4296 psychaudricaa.
3221 4228 3324 4290 hoc
3353 4238 3441 4286 est

1867 4295 1918 4351 in
1947 4305 2145 4369 cerpus
2177 4305 2414 4360 vitaliter
2438 4309 2668 4377 agentis,
2699 4295 2840 4382 quod
2878 4315 3206 4371 theandrica-
3238 4333 3436 4387 opera-

1478 4377 1558 4441 εἷς
1587 4378 1757 4432 τύπον
1796 4377 1821 4379 ἡ
1861 4389 2024 4445 tionis
2045 4391 2253 4451 Christi
2286 4397 2454 4468 ligura
2487 4377 2908 4472 exprimitur,et
2931 4405 3241 4464 facultatem
3273 4410 3438 4466 habet

1858 4497 2051 4539 rursus
2077 4489 2414 4554 operationis
2441 4494 2704 4560 spiritalis
2741 4506 2972 4565 tantum,
3006 4515 3132 4554 cum
3160 4500 3275 4570 ipsa
3306 4516 3432 4572 per-

1858 4576 2024 4630 multa
2075 4579 2495 4653 haudquaquam
2545 4601 2666 4641 cum
2707 4593 2928 4659 proprio
2983 4592 3149 4647 simul
3203 4608 3434 4663 corpore

1854 4677 2145 4737 operetur;
2191 4674 2335 4742 quod
2385 4674 2551 4745 figura
2611 4682 2938 4750 exprimitur
2996 4683 3088 4740 Dei
3140 4685 3431 4742 invisibilis

1855 4755 2043 4822 Verbi.
2082 4761 2234 4830 plura
2286 4763 2634 4824 invisibiliter
2663 4773 2879 4840 operari
2935 4777 3190 4843 potentis,
3223 4775 3426 4861 facien-

1853 4849 2034 4921 tisque
2066 4852 2118 4906 in
2154 4855 2311 4918 caelo,
2361 4865 2417 4912 et
2465 4861 2518 4913 iu
2563 4871 2732 4927 terra,
2791 4864 3264 4938 incircumscripta
3305 4853 3440 4935 sua,

1852 4941 2373 5016 perfectissimaque,
2405 4961 2461 5004 et
2489 4956 2939 5022 superexccllenti
2970 4959 3149 5014 divina
3198 4961 3418 5018 virtute.

1918 5033 2090 5089 Amor
2139 5038 2352 5108 itaque,
2392 5056 2501 5112 quo
2542 5046 2595 5100 in
2649 5047 2812 5103 Deum
2869 5049 3119 5117 ferimur,
3168 5055 3422 5125 spiritali

1855 5128 2064 5178 tantum
2094 5127 2290 5184 anima:
2327 5130 2525 5189 virtute
2552 5138 2854 5206 perficitur,
2883 5142 3012 5210 quin
3044 5144 3271 5199 omnino
3302 5159 3422 5200 cor-

1851 5214 1999 5284 poris
2048 5221 2429 5289 cooperatione
2464 5227 2531 5282 ad
2577 5231 2681 5286 hoc
2728 5244 2904 5301 egeat.
2958 5233 3121 5292 Fides
3170 5237 3423 5294 similiter

1851 5305 2008 5362 unius
2035 5316 2246 5365 tantum
2279 5315 2542 5380 spiritalis
2573 5320 2734 5390 hujus
2779 5323 3060 5383 facultatis
3102 5339 3188 5385 est
3221 5331 3416 5402 vigor:

1847 5410 1974 5466 spes
2007 5402 2195 5456 eodem
2247 5418 2462 5474 quoque
2506 5413 2664 5468 modo
2717 5417 2833 5471 sola
2883 5420 3113 5489 spiritali
3157 5421 3418 5480 facultate

242 5537 286 5568 '°
326 5535 451 5592 an.
495 5555 553 5603 ιι,
583 5543 686 5611 δι.
765 5547 805 5580 ¹¹
836 5545 996 5605 .loan.
1031 5567 1066 5607 ιι
1124 5554 1176 5608 4.
1256 5559 1299 5590 ³⁸
1327 5559 1512 5618 Matth.
1553 5580 1648 5633 xu,
1681 5567 1867 5628 46-49.

488 5632 758 5699 ΡΑτιιοι..
802 5641 917 5701 Gtt.
963 5642 1276 5712 LXXXIX.

2981 5686 3157 5746 37·
