3910 6300
308 370 444 435 1169

1706 366 1960 428 SERMO
1996 366 2119 426 ΙΙΙ,

3403 376 3542 442 1170

306 485 507 556 θυμίαν
552 483 720 546 Θεοῦ,
757 483 849 538 καὶ
885 480 1175 552 θελητικὴν
1205 480 1386 553 ὄρεξιν
1436 480 1572 552 πρὸς
1616 478 1750 533 Θεδν
1798 479 1867 551 μὴ

1976 489 2092 545 est;
2140 496 2160 532 ι
2197 493 2357 548 quem
2383 480 2596 545 quidem
2630 496 2868 539 amorem
2912 483 3029 546 Dci,
3056 484 3411 559 Dixinamque
3457 494 3540 547 di-

304 574 550 642 εχοντες,
580 567 727 627 οὗτοι
754 571 816 625 τὸ
845 570 1056 640 θέλημα
1085 570 1145 623 τὸ
1182 570 1486 624 διαϐολικδν
1518 570 1752 639 ἔχοντες,
1776 569 1875 622 καὶ

305 667 374 720 τὰ
406 666 683 739 θελήματα
714 667 810 737 τῆς
842 666 1042 736 σαρκὸς
1073 665 1254 718 αὐτῶν
1284 665 1633 736 πράττοντες,
1669 681 1872 734 παραι-

304 758 628 820 τοῦνταιειὶκ
672 758 907 828 πονηρὸν
943 758 1010 811 τὸ
1052 758 1349 822 θεόσδοτον,
1396 764 1491 810 καὶ
1535 756 1867 821 θεόκτιστον,

304 833 400 900 καὶ
454 847 701 917 θεόμοιον
752 849 850 917 τῆς
906 847 1101 917 νοερᾶς
1162 847 1256 902 καὶ
1303 843 1672 915 θεοχαράκτῦυ
1717 842 1872 913 ἡμῶν

302 934 482 1009 Ψυχῆς
516 936 799 1008 ὁμολογεῖν
832 940 899 992 ὲν.
920 937 1144 1009 Χριστῷ
1164 979 1178 1002 ,
1208 938 1301 991 καὶ
1335 936 1434 1007 τὴν
1476 934 1738 1000 ζωοποιὺν
1771 933 1871 988 αῦ-

303 1030 405 1101 τῆ’ς
431 1030 529 1084 καὶ⁸
574 1032 906 1100 συστατικὴν
945 1027 1214 1083 θεόπνουν
1252 1030 1570 1100 ἐνέργειαν’
1604 1021 1678 1082 ὧν
1703 1025 1873 1097 χωρὶς

304 1127 339 1196 ὴ
373 1125 536 1196 νοερά
558 1163 572 1186 .
626 1126 720 1178 καὶ
769 1122 1077 1186 θεόσδοτος,
1109 1123 1207 1176 καῖ
1248 1122 1553 1189 θεόστομος
1571 1119 1664 1171 τοῦ
1698 1120 1872 1189 ἐμφυ-

305 1210 549 1278 σήματος
590 1208 684 1262 τοῦ
716 1208 862 1261 θείου
908 1210 1066 1278 ἡμῶν
1099 1208 1266 1279 ψυχὴ,
1299 1207 1423 1260 οὒτε
1456 1207 1698 1275 θελῆσαι,
1747 1204 1872 1258 οὔτε

303 1300 604 1371 ἐνεργῆσαί
633 1316 686 1352 τι
713 1300 823 1352 τῶν
852 1299 1010 1353 θείων
1050 1300 1279 1353 ἐντολῶν
1317 1298 1557 1353 δύναται.
1592 1297 1656 1349 Εἰ
1695 1296 1750 1349 δὲ
1777 1295 1873 1349 ἀλ-

301 1390 491 1460 λοτρία
549 1388 699 1445 ἐστὶν
751 1392 784 1460 ἡ
830 1391 993 1461 νοερὰ
1050 1389 1211 1461 ἡμῶν
1286 1389 1434 1460 ψυχὴ
1490 1386 1699 1458 ἀγαθῆς
1775 1385 1871 1438 καὶ

304 1482 651 1554 θεομιμήτου
685 1483 958 1550 θελήσεως
1001 1482 1098 1536 καὶ
1127 1482 1425 1554 ἐνεργείας,
1461 1480 1581 1543 πῶς
1605 1478 1742 1550 πρὸς
1775 1478 1870 1532 ἀν-

303 1575 559 1646 θρώπους
597 1576 745 1643 λέγει
778 1578 805 1629 ό
829 1575 996 1639 Θεὸς,
1046 1575 1128 1629 ὅτι
1156 1591 1174 1624 ι
1209 1575 1333 1628 Ἐὰν
1380 1572 1604 1642 θέλητε,
1635 1576 1731 1626 καὶ
1755 1573 1870 1624 είσ-

302 1664 578 1734 ακούσητέ
608 1682 712 1736 μου
732 1703 748 1728 ,
776 1665 848 1718 τὰ
896 1664 1077 1731 ἀγαθά
1102 1664 1200 1734 τῆς
1233 1664 1336 1735 γῆς
1374 1662 1649 1734 φάγεσθε;
1688 1680 1707 1714 ι
1748 1660 1871 1723 Πῶς

304 1757 518 1827 ποιήσει
545 1757 603 1809 τὸ
639 1756 781 1810 θεῖον
809 1755 1021 1827 θέλημα
1049 1757 1082 1826 ἡ
1110 1756 1278 1825 ψυχὴ,
1306 1756 1355 1807 εί
1392 1755 1467 1825 μὴ
1496 1754 1611 1824 ἔχει
1642 1752 1871 1823 δύναμιν

1976 570 2291 636 lectionem,
2321 571 2415 626 Dei
2441 573 2793 640 desiderium,
2823 587 2983 646 atque
3019 580 3530 652 concupiscentiam.

1970 670 2027 716 et
2051 661 2346 717 voluntatis
2402 664 2698 733 appetitum
2737 665 2803 719 ad
2847 667 3018 736 ipsum
3048 669 3140 737 qui
3174 684 3279 723 non
3314 672 3523 728 habent

1974 754 2028 808 hi
2056 753 2380 810 diabolicam
2433 756 2697 812 habentes
2745 759 3103 823 voluntatem,
3134 771 3189 814 et
3237 762 3539 820 voluntates

1972 847 2154 901 carnis
2224 862 2336 902 suae
2390 849 2766 918 perlicientes,
2823 851 3062 906 divimnn
3095 854 3195 908 hoc
3238 855 3458 923 donum,
3508 872 3538 910 a

1974 939 2083 994 Deo
2101 951 2367 1006 creatum,
2399 940 2604 1011 Deique
2630 942 2809 997 simile
2832 943 3229 1013 intellectualis,
3263 962 3293 1001 a
3326 947 3541 1018 Deoque

1972 1031 2186 1087 formati
2211 1033 2379 1088 animi
2431 1035 2623 1098 nostri;
2655 1045 2911 1103 tanquam
2965 1036 3164 1091 malum
3216 1038 3267 1093 in
3326 1039 3541 1097 Christo

1972 1123 2232 1179 confiteri
2260 1136 2536 1189 recusant,
2556 1136 2717 1196 atque
2733 1128 3093 1199 vivificantem
3124 1130 3285 1184 etiam
3314 1130 3452 1199 ejus,
3485 1140 3542 1186 et

1970 1215 2378 1282 consistentem,
2408 1233 2437 1271 a
2486 1217 2595 1272 Deo
2644 1219 2903 1286 Spiratam
2957 1218 3055 1288 ipsi
3110 1219 3541 1276 adimuntfacul—

1972 1311 2134 1359 latent
2166 1322 2180 1360 :
2225 1305 2421 1373 quibus
2453 1305 2500 1359 si
2546 1305 2871 1361 destituatur
2912 1306 3290 1363 intellectualis
3329 1316 3540 1364 animus

1971 1403 2156 1448 noster
2181 1409 2209 1447 a
2234 1394 2343 1449 Deo
2361 1395 2538 1459 datus,
2573 1394 2877 1464 divinaeque
2912 1396 3078 1465 ipsius
3132 1407 3339 1454 natura:
3371 1401 3540 1469 parti-

1971 1481 2111 1544 cula,
2142 1481 2255 1552 jam
2294 1497 2470 1551 neque
2500 1483 2658 1548 velle,
2692 1498 2867 1551 neque
2899 1485 3084 1538 conari
3116 1487 3181 1540 ad
3208 1486 3421 1555 aliquod
3454 1504 3540 1557 po-

1973 1575 2095 1627 terit
2120 1573 2427 1627 divinorum
2460 1575 2861 1629 mandatorum.
2898 1576 2955 1630 Si
2993 1592 3124 1632 vero
3157 1578 3541 1635 intellectualis

1968 1677 2159 1719 noster
2193 1666 2280 1719 hic
2308 1666 2522 1719 animus
2560 1664 2695 1719 bona
2727 1667 2827 1721 hac
2856 1677 3030 1735 caret,
3076 1667 3353 1740 Deumque
3418 1670 3538 1726 imi-

1970 1766 2079 1814 tata
2103 1744 2842 1827 voluntate‘operationeque,
2863 1761 3134 1828 quomodo
3166 1760 3338 1830 inquit
3360 1761 3536 1817 homi-

303 1846 593 1920 θελητικὴν
637 1848 733 1903 καὶ
776 1850 1167 1920 ἐνεργητικήνς
1212 1847 1336 1906 Πῶς
1364 1846 1422 1900 δέ
1468 1846 1752 1917 ἐπετράπη
1785 1844 1867 1897 εὑ-

1974 1847 2131 1901 nibus
2161 1849 2321 1912 Deus,
2357 1866 2378 1900 ι
2411 1847 2467 1901 Si
2506 1848 2806 1911 volueritis,
2849 1859 2904 1903 ct
2937 1851 3215 1905 audieritis
3262 1867 3367 1918 me,
3398 1853 3536 1907 bona

304 1940 457 2003 θέως.
490 1940 652 2014 ἡνίκα
682 1941 905 2010 γέγονεν
944 1942 972 1993 ό
1014 1939 1214 2010 Ἀδὰμ,
1250 1938 1577 2011 ἐργάζεσθαι
1614 1938 1710 1991 καῖ
1762 1954 1865 2006 φυ-

303 2029 459 2084 λάττε
469 2048 515 2083 ιν
534 2031 595 2083 τὸ
622 2032 949 2085 Δεσποτικὸν
973 2031 1335 2101 πρόσταγμα;

1973 1948 2130 1992 terra:
2197 1938 2532 1994 comedetis!
2580 1956 2601 1990 ι
2655 1938 2938 2005 Quomodo
2996 1941 3242 1996 Divinam
3294 1942 3540 2013 implebit

1972 2027 2304 2081 voluntatem
2352 2027 2584 2093 animus,
2617 2027 2661 2083 si
2705 2039 2892 2083 careat
2933 2029 3153 2085 volitiva
3200 2041 3364 2102 atque
3409 2048 3537 2102 ope-

304 2126 475 2177 rativa
511 2124 804 2180 facultate?
832 2143 852 2178 ι
884 2125 1164 2192 Quomodo
1194 2125 1491 2197 permissus
1536 2135 1619 2180 est
1672 2123 1865 2190 Adam,
1904 2123 2177 2179 continuo
2207 2136 2273 2177 ac
2333 2121 2550 2190 genitus
2575 2131 2678 2188 est,
2736 2121 2974 2191 operari,
3002 2120 3354 2192 divinumque
3401 2136 3537 2193 prae~

304 2222 516 2283 ceptum
564 2216 875 2270 custodire?

384 2304 546 2359 Ἀλλά
592 2308 920 2379 παρετράπη
954 2306 1116 2381 φύσιν
1149 2311 1176 2363 ό
1205 2308 1535 2381 ἄνθρωπος,·
1562 2309 1659 2362 καὶ
1690 2309 1866 2361 πάντα

301 2393 372 2447 τὰ
400 2395 493 2448 τοῦ
527 2394 813 2465 ἀνθρώπου
854 2398 1091 2461 πάντως,
1140 2398 1323 2469 ἐροῦσι
1364 2398 1501 2468 πρὸς
1531 2399 1677 2467 ἡμᾶς
1707 2398 1755 2449 οἱ
1781 2397 1867 2448 αἱ·

309 2489 530 2557 ρετικοὶ,
558 2488 647 2540 καὶ
667 2488 857 2541 τούτου
883 2488 1043 2560 χάριν
1064 2489 1344 2560 ἀλλότριον
1374 2493 1469 2544 καὶ
1501 2490 1719 2555 ἀνάξιόν
1750 2491 1868 2542 ἐστι

304 2578 366 2630 τὸ
406 2576 585 2644 λέγειν
634 2578 726 2630 ἐπὶ
772 2579 1007 2649 Χριστοῦ
1052 2578 1407 2650 ἀνθρώπινον
1446 2579 1679 2650 θέλημα,
1714 2580 1747 2648 ἧ
1777 2582 1870 2633 άν-

304 2665 582 2737 θρωπίνην
613 2669 914 2738 ἐνέργειαν.
949 2671 1061 2740 Οὐχ
1109 2668 1280 2732 οὕτως
1302 2687 1317 2702 ⁸
1354 2671 1414 2723 οὐ
1456 2671 1564 2741 γὰρ
1612 2669 1869 2732 όλοτελῶς

301 2759 368 2829 τῇ
423 2759 581 2828 φύσει
634 2762 879 2830 ἐτράπη,
932 2760 1099 2830 ἤγουν
1141 2760 1408 2831 ἠλλοιώθη
1458 2760 1518 2825 ἐξ
1562 2760 1871 2832 ἀφθαρσίας

303 2850 383 2912 είς
419 2850 625 2921 φθορὰν
658 2854 686 2904 ὁ
728 2852 928 2922 ’Δδάμ·
962 2852 1097 2906 ἀλλὰ
1145 2854 1203 2905 τὸ
1232 2852 1409 2921 σῶμα,
1434 2852 1507 2914 ὡς
1543 2855 1604 2905 ἐκ
1638 2854 1738 2922 γῆς
1773 2853 1866 2904 καὶ

304 2943 542 3010 τρεπτὴς
592 2942 806 3010 φύσεως
849 2944 1070 3011 γεγονὸς
1133 2945 1226 2999 καὶ
1284 2943 1541 3009 πλασθὲν,
1580 2943 1738 2995 τοῦτο
1767 2944 1867 3014 τὴν

301 3033 509 3101 τροπὴν
558 3034 617 3099 ἐξ
665 3034 969 3104 ἀφθαρσίας
1045 3036 1139 3088 καὶ
1197 3035 1495 3098 ἀθανασίας
1560 3035 1861 3101 ὗπέμεινε,

305 3123 543 3194 φθαρτὸν
576 3127 668 3177 καὶ
693 3124 887 3194 θνητὸν
926 3126 1216 3195 γενόμενον
1236 3126 1323 3179 διὰ
1347 3126 1445 3193 τῆς
1476 3125 1860 3196 παραϐάσεως.

2036 2302 2107 2356 At
2134 2314 2263 2355 vero
2294 2298 2513 2355 deflexit
2541 2300 2703 2356 homo
2750 2315 2779 2354 a
2824 2306 3053 2368 “natura,
3087 2318 3300 2373 unaque
3359 2308 3537 2363 omnia

1969 2408 2087 2470 qua:
2120 2393 2184 2446 ad
2213 2394 2485 2447 hominem
2514 2392 2688 2461 ipsum
2714 2393 3056 2461 pertinebant
3079 2396 3323 2464 omnino,
3355 2397 3539 2454 dicent

1966 2487 2228 2540 adversus
2288 2498 2387 2538 nos
2434 2485 2711 2551 haeretici;
2766 2494 2930 2554 atque
2978 2501 3039 2540 ea
3086 2487 3151 2542 de
3192 2501 3352 2543 causa
3396 2489 3538 2544 indi-
3630 2518 3633 2521 λ

1966 2591 2129 2643 gnum
2165 2583 2249 2629 est
2295 2573 2658 2643 alienumque,
2701 2587 2758 2628 ut
2809 2576 3022 2628 dicatur
3062 2590 3183 2630 esse
3222 2577 3275 2631 in
3320 2577 3540 2634 Christo

1970 2665 2260 2719 humanam
2317 2664 2654 2719 voluntatem
2713 2674 2875 2734 atque
2932 2666 3266 2723 facultatem.
3311 2670 3538 2724 Minime

1973 2770 2101 2807 vero
2124 2756 2384 2824 gentium.
2418 2755 2531 2809 Non
2558 2756 2704 2809 enim
2735 2758 2972 2826 undique
2995 2769 3187 2812 natura
3221 2774 3534 2824 conversus,

1974 2846 2057 2899 vel
2081 2862 2144 2900 ex
2173 2846 2583 2916 incorruptione
2635 2846 2687 2900 in
2734 2834 3136 2916 corruptionem
3174 2860 3410 2907 mutatus
3455 2861 3539 2907 est.

1969 2937 2135 2989 Adam
2161 2939 2290 3003 ;sed
2320 2951 2540 3006 corpus,
2569 2947 2628 2991 ut
2648 2952 2716 2991 ex
2751 2946 2893 2990 terra
2926 2941 3150 3005 editum,
3183 2942 3538 3012 mutabilique

1969 3039 2159 3081 natura
2201 3030 2544 3098 plasmatum,
2591 3027 2691 3082 hac
2736 3030 3097 3084 conversione
3118 3045 3184 3085 ex
3212 3031 3538 3100 incorrupti-

1964 3119 2172 3173 bilitate
2202 3128 2364 3190 atque
2407 3119 2819 3175 immortalitate
2853 3136 2959 3189 qua
2993 3122 3284 3192 gaudebat,
3310 3140 3538 3197 corrup-

304 3216 460 3268 Dii-cm
486 3217 593 3286 γάρ
622 3217 768 3269 ἐστιν
790 3218 819 3269 ὁ
852 3219 1161 3287 περιπεσὼν
1187 3219 1298 3279 τοῖς
1324 3217 1568 3289 λῃσταῖς,
1593 3218 1683 3269 καὶ
1708 3216 1863 3284 γενό-

1972 3211 2121 3264 tibile
2168 3211 2503 3293 mortalcqne
2543 3211 2742 3265 factum
2771 3223 2855 3267 eat
2887 3229 2981 3282 per
3010 3215 3533 3283 praevaricationem.

305 3322 495 3372 μενος,
535 3305 793 3376 ῶςφησι
842 3307 902 3360 τὸ
948 3307 1300 3375 Εὑαγγέλιον,
1348 3307 1452 3359 ὑπὸ
1488 3306 1595 3359 τῶν
1640 3307 1864 3376 πληγῶν

303 3397 477 3447 αὐτων
504 3396 792 3467 ἡμιθανὴς,
825 3398 885 3450 οὐ
917 3398 1021 3469 μὴν
1045 3400 1139 3451 καὶ
1164 3396 1445 3466 όλοθανής.
1484 3394 1545 3448 Ἠ
1568 3396 1675 3466 γὰρ
1697 3396 1863 3466 φυήν

302 3486 374 3547 ὡς
406 3488 462 3552 ἐξ
499 3488 765 3541 ἀθανάτου
808 3488 997 3552 οὐσίας
1027 3489 1162 3541 Θεοῦ
1201 3488 1296 3541 καὶ
1338 3487 1611 3559 ἀτρέπτου
1652 3488 1742 3541 διὰ
1771 3487 1862 3538 τοῦ

302 3577 701 3645 ἐμφυεήμαιος
756 3580 1065 3645 κτισθεῖσα,
1112 3581 1161 3632 εί
1214 3580 1310 3632 καὶ
1346 3582 1411 3649 τῇ
1450 3578 1723 3649 προσϐολῇ
1768 3577 1863 3631 τοῦ

305 3667 460 3730 ξύλου
497 3670 890 3738 συγκατῆλθεν,
933 3670 1048 3722 ἀλλ’
1078 3671 1227 3739 ὅμως
1255 3668 1471 3739 ἔμεινεν
1499 3671 1558 3722 ἐν
1585 3671 1650 3739 τῇ
1686 3668 1865 3739 οἰκεία

304 3762 368 3827 τῇ
401 3758 518 3810 κατ’
549 3761 730 3812 εἰκόνα
772 3760 868 3812 καὶ
917 3760 1037 3813 καθ’
1082 3761 1343 3829 ὁμοίωσιν
1372 3758 1508 3812 Θεοῦ
1586 3753 1865 3830 ἀφθαρσίᾳ

305 3853 397 3899 καὶ
427 3850 715 3916 ἀθανασίττ,
747 3850 809 3903 οὐ
834 3851 1107 3922 χρῄζουσα
1153 3851 1443 3914 οὐσιώὸους
1489 3851 1862 3913 ἀνακλάσεως,

304 3938 553 4009 καθάπερ
598 3939 657 3991 τὸ
705 3941 897 4010 σῶμα,
953 3941 1088 3994 ἀλλὰ
1131 3941 1308 4011 μόνης
1363 3941 1671 4011 λογιστικῆς
1706 3958 1865 4003 τινος

300 4030 636 4102 διορθώσεως
713 4034 807 4085 καὶ
848 4030 1320 4104 ἐξομολογήσεω;’,
1383 4033 1482 4087 οὐκ
1531 4034 1864 4102 ἀναιρέσεως

301 4124 599 4194 θελήσεως,
646 4123 733 4177 ἵνα
765 4124 839 4195 μὴ
876 4123 1068 4192 ἄλογος
1100 4126 1355 4194 γένηται,
1404 4125 1503 4177 οὐκ
1538 4123 1865 4194 ἐξαλείψεως

303 4216 618 4285 ἐνεργείας,
654 4216 738 4268 ἵνα
784 4216 861 4287 μὴ
905 4210 1074 4289 νεκρὰ
1106 4218 1200 4271 καὶ
1239 4215 1633 4289 ἀνενέργητος,
1675 4216 1750 4281 ὡς
1796 4217 1864 4270 τὰ

301 4309 483 4380 ἄψυχα
539 4308 783 4380 γένηται.

390 4586 764 4656 Ἑπιδημήσας
786 4582 879 4640 οὖν
898 4589 927 4641 ό
953 4585 1047 4640 τοῦ
1074 4585 1209 4640 Θεοῦ
1240 4586 1413 4656 Λόγος
1439 4585 1529 4639 ἐπὶ
1558 4585 1618 4638 τὸ
1642 4587 1868 4638 ἀνακαι-

304 4677 448 4730 νίσαι
486 4677 576 4730 τὸν
622 4677 810 4747 Ἀδὰμ,
855 4678 1109 4747 τοιαύτην
1152 4675 1329 4745 ἐαυτῷ
1359 4676 1534 4747 ψυχὴν
1578 4675 1866 4746 ἐδημιούρ-

303 4785 488 4838 γησεν,
521 4770 639 4820 οἵαν
669 4771 922 4839 ἀπαρχῆς
949 4770 1006 4834 ἐξ
1035 4767 1227 4821 ἐαυτοῦ
1253 4768 1340 4820 διὰ
1363 4768 1456 4821 τοῦ
1480 4769 1866 4837 ἐμφυσήματος

301 4860 380 4930 τῷ
433 4859 601 4928 Ἀδὰμ
633 4860 954 4929 μετέδωκεν,
1005 4861 1173 4930 ἡγουν
1205 4859 1492 4911 ἐνέπνευσε
1536 4857 1655 4909 κατ’
1685 4857 1867 4909 εἰκόνα

303 4952 466 5005 αὑτοῦ
501 4951 595 5004 τοῦ
624 4951 759 5005 Θεοῦ
789 4952 962 5020 Λόγου
1001 4949 1186 5017 οὖσαν,
1217 4951 1312 5005 καὶ
1339 4949 1459 5003 καθ’
1486 4949 1763 5018 ὁμοίωσιν,
1793 4947 1869 5012 ῶς

306 5057 473 5113 φησιν
498 5044 531 5112 ἡ
558 5043 769 5112 Γραφὴ.
799 5043 920 5095 κατ’
945 5042 1129 5094 εἰκόνα
1156 5039 1322 5093 αὑτοῦ
1346 5030 1476 5109 ὃλην
1501 5038 1865 5110 ὑπάρχουσαν,

304 5133 425 5188 καθ’
468 5133 726 5201 ὁμοίωσιν
764 5131 929 5185 αὐτοῦ
953 5131 1050 5201 τὴν
1089 5129 1322 5201 ὓπαρξιν
1351 5122 1600 5200 ἔχουσαν,
1645 5128 1767 5182 κατ’
1792 5131 1870 5181 εξ-

302 5227 435 5281 κόνα
466 5224 632 5279 αὑτοῦ
655 5223 752 5296 τὴν
786 5223 1023 5295 θέλησιν,
1051 5225 1173 5277 κατ’
1197 5221 1385 5300 είκόνα
1411 5219 1577 5273 αὑτοῦ
1595 5219 1694 5290 τὴν
1713 5220 1869 5291 ἐνέρ-

299 5336 455 5387 γειαν
509 5319 943 5390 διαγράφουσαν,
995 5315 1264 5387 καθαρὰν,
1312 5313 1564 5384 ἄμωμον,
1608 5313 1866 5384 ἄρρητον,

301 5408 706 5479 ἀναμάρτητον,
743 5408 818 5478 μὴ
860 5407 1120 5477 δεομένην
1148 5403 1437 5467 οὐσιώδους
1477 5402 1868 5466 ἀναπλάσεως,

299 5499 490 5569 ὥσπερ
518 5500 578 5552 τὸ
620 5498 811 5570 σῶμα,
852 5499 947 5551 καὶ
973 5497 1039 5551 τά
1065 5495 1157 5550 τοῦ
1193 5494 1466 5565 σώματος,
1519 5495 1592 5567 μὴ
1633 5495 1867 5566 χρῄζου-

304 5600 405 5645 σαν
444 5591 554 5644 τῶν
595 5591 809 5644 οἰκείων
868 5590 1071 5661 μερῶν,
1104 5590 1198 5643 καὶ
1230 5587 1411 5654 μελῶν
1440 5586 1748 5652 ἀλλοίωσιν,
1775 5587 1869 5640 καὶ

301 5683 605 5749 ἀνάκτισιν,
632 5683 709 5754 μὴ
752 5682 975 5753 ἔχουσαν
999 5681 1218 5751 θέλησιν
1248 5677 1557 5748 ἀφανισμοῦ
1584 5678 1867 5747 δεομένην,

305 5776 379 5846 μὴ
409 5775 636 5846 ἔχουσαν
661 5775 938 5847 ἐνέργειαν
962 5773 1306 5835 καταλύσεως
1319 5771 1643 5842 χρῄζουσαν.
1672 5771 1736 5823 Τί
1762 5772 1869 5842 γὰρ

1971 3299 2081 3355 lloc
2113 3301 2361 3356 videlicet
2412 3302 2458 3356 is
2484 3302 2759 3372 designat,
2795 3304 2885 3373 qui
2934 3304 3123 3358 incidit
3161 3305 3211 3377 in
3266 3306 3530 3375 latrones,

1971 3393 2344 3447 ttseinivivus
2393 3393 2567 3464 plagis
2620 3392 2844 3449 eﬂ‘ectns
2898 3403 3006 3457 est.
3037 3404 3093 3448 ut
3134 3396 3186 3449 in
3245 3396 3537 3468 Evangelio

1967 3491 2235 3542 narratur,
2270 3497 2374 3535 non
2400 3494 2576 3536 autent
2615 3488 2936 3539 exstinctus.
2967 3485 3195 3539 Animus
3241 3488 3534 3555 siquidem,

1968 3579 2219 3637 tanquam
2248 3586 2308 3623 ex
2344 3573 2634 3626 immortali
2678 3572 3112 3645 inmutabilique
3139 3576 3427 3647 divinaque
3451 3595 3536 3633 es-

1967 3657 2141 3715 sentia
2184 3676 2281 3730 per
2330 3652 2738 3730 inspirationem
2796 3676 3032 3733 creatus,
3072 3667 3199 3721 licet
3247 3671 3533 3725 certamini

1966 3753 2065 3816 illi,
2096 3754 2498 3822 casuiqueligni
2531 3755 2808 3824 subjectus
2841 3758 3023 3821 fuerit,
3057 3762 3252 3812 mansit
3277 3760 3322 3814 is
3354 3772 3532 3816 tamen

1967 3846 2019 3898 in
2051 3846 2265 3914 propria
2297 3845 2362 3898 ad
2390 3844 2485 3899 Dei
2516 3847 2802 3913 imaginem
2828 3857 2880 3899 et
2929 3848 3332 3903 similitmlinem
3358 3852 3529 3906 incor-

1968 3937 2211 4005 rup'tione
2243 3945 2295 3991 et
2328 3936 2759 3998 immortalitate,
2810 3936 2942 4005 quin
2981 3952 3114 3991 nova
3163 3941 3374 4007 eguerit
3420 3958 3532 3999 snze

1966 4030 2213 4083 essentia:
2254 4016 2658 4101 reformatione,
2693 4040 2748 4083 nt
2797 4033 3143 4099 corpus,,sed
3179 4034 3409 4100 quadam
3445 4053 3534 4089 ra-

1969 4120 2151 4174 tionali
2195 4122 2535 4174 correctione
2564 4134 2571 4143 ’
2599 4130 2836 4183 tantum,
2866 4131 2919 4174 et
2946 4122 3270 4188 expiatione,
3316 4125 3538 4180 minime

1968 4226 2096 4265 vero
2124 4211 2480 4266 sublationem
2515 4225 2703 4280 passus
2737 4220 2823 4266 est
2851 4196 3165 4279 voluntatis,
3203 4231 3269 4267 ne
3310 4215 3537 4271 rationis

1969 4304 2122 4357 fleret
2151 4318 2363 4371 expers,
2391 4304 2563 4372 neqhe
2580 4301 2851 4357 facultatis
2869 4305 3160 4373 operativa’.
3184 4306 3533 4374 deletioncm,

1969 4410 2036 4450 ne
2097 4392 2340 4451 mortuus
2388 4395 2733 4466 actionisque
2782 4396 3035 4467 incapax,
3094 4406 3151 4451 ut
3206 4399 3537 4456 inanimatus

1970 4486 2292 4542 eﬂiceretnr.
3048 4504 3051 4509 ·

2041 4579 2346 4634 Adveniens
2376 4579 2556 4649 itaque
2598 4578 2689 4636 Dei
2716 4579 2975 4649 Verbum,
3011 4590 3068 4636 ut
3103 4583 3273 4639 Adam
3311 4601 3538 4641 renova-

1970 4677 2074 4735 ret,
2113 4669 2274 4723 talem
2315 4669 2417 4723 sibi
2452 4668 2554 4739 ipsi
2600 4671 2844 4725 condidit
2912 4669 3173 4741 auimam,
3209 4674 3425 4742 qualem
3467 4675 3537 4729 ab

1970 4760 2127 4815 initio
2148 4776 2213 4815 ex
2251 4774 2310 4814 se
2338 4761 2456 4829 ipso
2486 4760 2615 4816 Atla:
2636 4762 2933 4817 tradiderat
2962 4779 3061 4834 per
3096 4765 3534 4834 inspirationem,

1969 4857 2085 4909 sive
2115 4869 2234 4908 eam
2268 4855 2551 4924 inspiravit
2591 4857 2656 4911 ad
2693 4857 2782 4911 Dei
2832 4857 2995 4913 Verbi
3044 4837 3213 4927 ipsius
3248 4859 3536 4928 imaginem

1969 4947 2318 5001 exsistentein
2352 4960 2514 5018 atque
2542 4948 2606 5003 ad
2626 4946 3057 5016 similitudinem,
3091 4961 3148 5005 ut
3178 4952 3425 5020 inquiunt
3453 4951 3538 5004 di-

1971 5036 2106 5091 vinae
2125 5036 2362 5101 Litterae,
2389 5040 2453 5092 ad
2477 5040 2762 5109 imaginem
2787 5040 3124 5112 scilicetejus
3156 5051 3343 5107 totam,
3376 5056 3441 5097 ac
3470 5030 3545 5095 ad

1971 5131 2376 5185 similitudinem
2411 5132 2526 5200 ejus
2545 5134 2779 5187 essentia
2814 5133 3093 5198 donatam,
3137 5135 3202 5187 ad
3245 5136 3534 5205 imaginem

1971 5221 2088 5290 ejus
2153 5222 2455 5288 voluntate,
2478 5222 2546 5276 ad
2600 5223 2888 5294 imaginem
2943 5226 3060 5294 ejus
3096 5225 3349 5281 facultate
3390 5229 3535 5283 desi-

1970 5325 2215 5382 gnatam,
2255 5330 2467 5383 puram,
2497 5316 2916 5384 itntnaculatam,
2950 5318 3297 5384 ineffabilem,
3317 5330 3537 5388 peccato

1972 5416 2268 5472 carentem,
2306 5406 2555 5461 essentia:
2608 5409 3016 5477 reformatione,
3057 5420 3115 5465 ut
3176 5428 3393 5481 corpus,
3432 5430 3538 5468 non

1972 5508 2241 5560 egentem,
2279 5499 2538 5565 partium,
2607 5502 3104 5572 membrorumque,
3165 5519 3284 5572 qua:
3342 5519 3541 5573 corpus

1972 5596 2244 5654 Spectant,
2278 5588 2550 5652 varietati,
2583 5602 2633 5644 et
2663 5590 3037 5646 reformationi
3076 5609 3181 5648 non
3207 5594 3536 5664 subjectam,

1974 5679 2249 5733 voluntate
2299 5680 2543 5735 iuteritui
2603 5684 2816 5737 subdita
2866 5696 3166 5750 carentem,
3199 5702 3376 5755 neque
3429 5702 3540 5739 suae

1975 5770 2359 5826 destructionis
2387 5771 2672 5829 liahentezn
2703 5787 3046 5845 potestatem.
3090 5778 3227 5845 Quid
3276 5778 3418 5831 enim
3442 5790 3536 5829 es-
