3910 6300
460 395 600 464 ms
1665 411 1726 470 s.
1768 380 2170 472 ANASTASII
2210 407 2548 473 SINAITIE
3649 410 3780 478 1176

463 513 542 568 ris
571 511 850 569 Dominica
897 516 1075 570 anima
1125 517 1248 584 fuit,
1274 518 1529 587 quoniam
1564 524 1794 588 ratione,
1847 523 2051 582 intelle-

2166 529 2249 581 καὶ
2278 522 2418 598 λαλή
2432 539 2575 578 σασα
2607 522 2687 593 τῷ
2731 523 2927 590 Σαοὺλ,
2959 525 3056 580 καὶ
3085 525 3444 597 προειποῦσα
3489 526 3659 595 αύτῷ
3695 530 3778 580 {av

464 607 757 675 etioneque
804 609 1029 671 omnino
1060 608 1467 676 destitueretur,
1515 613 1731 683 dignior
1781 615 1895 685 ipsa
1923 632 2058 674 esse.

2166 620 2339 692 ιῦριον
2374 618 2636 680 θάνατον,
2672 617 2767 670 καὶ
2797 617 2986 680 αὐτοῦ,
3020 618 3116 672 καὶ
3159 619 3272 672 τῶν
3300 621 3538 672 τέκνων
3577 621 3777 672 uino-3'

453 695 790 767 judicabitur
817 697 1085 754 Samuelis
1108 700 1312 768 anima,
1336 716 1403 757 ex
1427 703 1618 761 inferis
1647 705 1776 761 olim
1800 721 1898 776 per
1920 707 2037 763 dis-

2166 716 2290 782 inap
2317 714 2535 784 δαίμων
2579 708 2706 763 οὔτε
2740 707 3062 777 ὲγίνωσκεν,
3099 709 3227 763 οὔτε
3283 714 3610 783 προειπεῖν
3659 711 3778 779 ἡδύ-

459 790 834 859 pensationem
903 805 1174 861 regressa,
1205 802 1369 863 atque
1403 812 1524 850 cum
1587 797 1716 852 Saul
1751 799 2042 868 collocuta,

2166 820 2300 870 ιατο,
2331 804 2434 858 κάν
2463 817 2616 864 τινες
2637 799 2783 853 οὕτω
2817 797 3134 869 νομίζωσιν.

457 884 670 957 ipsique
693 889 744 943 in
772 891 1012 946 crastino
1046 891 1287 946 futurum
1314 891 1590 946 interitum
1659 894 2052 961 praenuntians,
2084 901 2198 949 tum
2255 896 2364 959 sui,
2424 907 2536 950 tum
2582 895 2862 964 ﬁliorum;
2905 898 3048 968 quod
3093 911 3229 953 sane
3280 895 3546 957 daemon,
3610 909 3780 962 neque

458 996 818 1051 pranoscere,
848 998 1024 1052 neque
1064 983 1359 1052 praedicere
1397 983 1683 1052 potuisset,
1709 999 2022 1053 quanquam
2058 985 2306 1040 nonnulli
2362 986 2497 1052 sint,
2545 982 2751 1056 quibus
2809 985 2928 1041 haec
2987 987 3158 1054 magis
3202 988 3398 1056 opinio
3466 987 3774 1056 placuerit.

528 1073 843 1144 Opportune
877 1083 1060 1129 autem
1115 1076 1204 1130 hic
1260 1087 1471 1140 tempus
1524 1076 1740 1140 invitat,
1797 1086 1858 1130 ut
1914 1092 2038 1132 eam

2213 1078 2486 1154 Εὔκαιρον
2527 1081 2586 1135 δὲ
2634 1078 2838 1150 καιροῦ
2893 1079 3190 1144 καλοῦντος
3224 1080 3484 1157 εκείνην
3545 1082 3658 1150 τὴν
3688 1078 3775 1132 τοῦ

457 1168 742 1221 Athanasii
779 1172 1103 1222 sententiam
1141 1169 1194 1222 in
1239 1169 1476 1227 medium
1515 1167 1884 1238 proferamus,
1919 1187 2044 1241 qua:

2166 1173 2427 1243 ιακαρίου
2491 1171 2822 1227 Ἀθανασίου
2871 1173 3215 1243 προαγαγεῖν
3253 1173 3453 1243 φωνὴν
3507 1172 3618 1242 τὴν
3655 1173 3774 1240 περὶ

457 1258 528 1315 de
559 1259 758 1312 intacta
797 1257 1075 1315 Dominica
1110 1263 1288 1316 anima
1321 1261 1400 1315 sic
1449 1260 1616 1314 habet
1653 1278 1667 1314 :
1705 1277 1727 1314 ι
1768 1259 1886 1316 Iam
1914 1278 2044 1318 vero

2166 1264 2248 1334 τῆς
2281 1265 2560 1336 ὰχράντου
2591 1265 2772 1338 ψυχῆς
2815 1265 2913 1319 τοῦ
2961 1265 3172 1336 Κυρίου
3202 1265 3491 1332 λέγουσαν
3544 1264 3731 1327 οὕτως
3754 1281 3766 1296 ·

461 1367 570 1404 non
608 1352 659 1404 iu
693 1351 930 1416 saeculis,
963 1361 1017 1406 et
1051 1367 1196 1408 nunc
1238 1352 1470 1406 actionis
1520 1362 1794 1420 expertes,
1823 1354 2044 1409 otiosas-

457 1458 564 1512 que
590 1452 716 1496 sunt
748 1442 917 1496 divini
965 1443 1128 1498 Verbi
1165 1445 1548 1512 cogitationes,
1591 1459 1765 1513 neque
1804 1446 1904 1514 ipsi
1949 1459 2044 1516 per

461 1534 799 1605 hypostasim
827 1534 1148 1602 conjuncta,
1200 1538 1393 1590 anintae
1439 1536 1720 1590 rationalis
1759 1553 1776 1591 :
1831 1537 2043 1592 consti-

463 1633 620 1677 tuere
645 1639 880 1694 namque
905 1625 1048 1694 quod
1089 1627 1349 1682 voliti0ue
1377 1629 1805 1698 operatioueque
1834 1635 2044 1694 careat,

461 1715 604 1769 idem
663 1724 768 1778 est,
829 1725 994 1784 atque
1059 1719 1230 1790 ipsius
1291 1720 1767 1776 non-existentiam
1809 1736 2050 1792 pronun—

461 1808 621 1863 tiare.
663 1825 683 1862 ι
721 1810 987 1875 Audistis,
1021 1812 1111 1880 qui
1140 1813 1408 1884 desipitis,
1449 1813 1808 1883 rationeque,
1872 1819 2039 1881 atque

458 1914 627 1970 opere
658 1900 1045 1968 destituimini,
1079 1904 1535 1971 quemadmodum
1557 1902 1718 1965 nolle,
1752 1916 1927 1972 neque
1951 1903 2047 1957 de-

402 1990 407 1993 ’
463 1993 698 2050 liberare
722 1995 1146 2050 intellectualem
1180 1995 1515 2052 Doutiuicam
1555 1997 1814 2063 animam,
1846 1996 2048 2050 entita-

464 2087 568 2150 tis,
627 2085 741 2141 sive
795 2087 1050 2143 essentia;
1102 2087 1216 2157 ejus
1275 2088 1822 2145 non-sobsistentiam
1900 2086 2044 2142 desi-

461 2177 629 2250 guet?

537 2267 744 2336 Itaque,
795 2283 920 2324 cum
976 2268 1058 2322 vel
1115 2267 1391 2323 laudatum
1430 2278 1681 2325 sanctum
1729 2270 2046 2337 Doctorem,

467 2359 549 2412 vel
582 2359 748 2414 alium
777 2361 1090 2430 quempiam
1121 2376 1184 2416 ex
1220 2361 1477 2418 Patribns
1511 2365 1751 2420 audieris
1786 2367 2046 2432 aientem,

465 2451 773 2507 occultasse
825 2453 1100 2508 Christum
1136 2455 1410 2509 carnalem
1452 2455 1804 2523 voluntatem,
1858 2458 2051 2513 huma-

466 2557 677 2612 nasque
710 2558 816 2599 non
853 2545 1240 2614 adimplevisse
1274 2545 1581 2610 volitiones,
1629 2547 2051 2618 substitisseque

465 2636 584 2688 sine
611 2635 866 2692 humanis
928 2637 1371 2705 cogitationibus,
1413 2638 1836 2709 carnalibusque
1870 2642 2051 2696 volun-

470 2726 703 2789 tatibus,
726 2727 1133 2796 humanamque
1154 2729 1470 2797 repudiasse
1488 2733 1886 2799 operationem,
1914 2750 2051 2788 non-

467 2818 572 2874 uisi
607 2819 706 2872 hoc.
742 2828 890 2873 recte
941 2819 1248 2890 intelligito,
1281 2836 1383 2873 non
1421 2836 1568 2888 eam,
1601 2837 1720 2891 quae
1749 2824 1814 2876 ad
1864 2825 2052 2894 imagi-

468 2927 590 2966 nem
637 2921 692 2966 et
741 2912 1151 2967 similitudinem
1183 2915 1302 2984 ejus
1353 2923 1436 2968 est
1481 2915 1838 2978 voluntatem,
1891 2926 2053 2986 atque

466 3007 844 3074 operationem
879 3006 1261 3062 intellectualis
1291 3011 1505 3069 animae,
1541 3023 1662 3077 quae
1690 3023 1753 3062 ex
1792 3009 2053 3064 immacu-

467 3096 582 3152 lato
612 3107 668 3152 et
705 3098 1028 3166 incorporeo
1073 3097 1190 3165 ejus
1223 3112 1318 3151 ore
1356 3096 1643 3165 processit,
1674 3097 1760 3149 vel
1796 3095 2054 3151 dissimu-

2151 1375 2169 1408 ι
2210 1356 2352 1410 Ἀλλ’
2383 1357 2508 1412 οὔτε
2543 1359 2650 1430 μὴν
2703 1359 2874 1412 εἰσέτι
2923 1358 3020 1411 καὶ
3063 1357 3159 1410 νῦν
3198 1357 3500 1428 ἀπρακτοί
3556 1374 3623 1408 τε
3684 1359 3765 1410 καὶ

2151 1452 2320 1523 ἀργαί
2349 1453 2489 1506 εἰσιν
2512 1455 2566 1506 al
2594 1451 2689 1505 τοῦ
2734 1453 2884 1506 θείου
2937 1451 3122 1519 Λόγου
3182 1451 3431 1521 νοήσεις,
3482 1449 3621 1503 οὔτε
3678 1450 3767 1517 τῆς

2153 1543 2277 1599 καθ’
2306 1544 2606 1597 ὑπόστασιν
2627 1541 2776 1613 αὐτῷ
2817 1543 3104 1613 ἡνωμένης
3133 1540 3310 1611 ψυχῆς
3341 1541 3592 1611 λογικῆς
3614 1558 3628 1570 ·
3660 1540 3763 1601 εἴτε

2153 1638 2214 1692 τὸ
2251 1637 2328 1708 μὴ
2392 1637 2570 1690 θέλειν
2611 1635 2808 1708 αὐτὴν,
2864 1633 3002 1707 μήτε
3049 1633 3342 1704 βούλεσθαι
3405 1633 3759 1704 ἀνυπαρξὴι

2156 1730 2384 1801 ἀπειλῇ.
2436 1749 2454 1782 ι
2503 1728 2828 1790 Ἠκούσατε,
2853 1729 3094 1790 οἱῦντως
3128 1725 3343 1792 ἄλογοι,
3381 1726 3489 1778 καὶ
3527 1726 3759 1795 ἀνενὲρ-

2148 1838 2331 1890 γητοιν
2381 1821 2466 1874 δτι
2498 1819 2561 1873 τδ
2596 1818 2672 1890 μὴ
2704 1818 2905 1883 θέλειν,
2965 1818 3101 1890 μηδὲ
3141 1814 3448 1887 βούλεσθαι
3497 1815 3608 1886 τὴν
3655 1831 3757 1866 me-

2151 1911 2253 1983 ράν
2309 1909 2407 1964 τοῦ
2467 1909 2678 1982 Κυρίου
2735 1907 2938 1979 ψυχὴν,
2995 1905 3349 1978 ἀνυπαρξίαν
3412 1904 3527 1975 τῆς
3575 1904 3755 1965 οὐσίας

2148 2003 2304 2076 δηλοῖ
2325 2018 2341 2070 ;

2221 2270 2458 2334 Οὐκοῦν,
2482 2271 2573 2326 ὅτε
2603 2266 2848 2340 ἀκούσῃς
2888 2267 2984 2320 τοῦ
3019 2263 3188 2320 αὐτοῦ
3233 2262 3392 2319 ὁσίου
3429 2264 3688 2336 Πατρδς,
3722 2261 3750 2332 ᾗ

2151 2366 2343 2438 ἑτέρου
2373 2364 2520 2428 τινος
2547 2363 2658 2416 τῶν
2690 2361 2955 2432 Πατὲρων
2985 2359 3260 2429 λέγοντος,
3291 2359 3378 2412 ὅτι
3433 2359 3711 2428 ἠφάνισεν
3729 2357 3754 2407 ὁ

2151 2459 2387 2533 Χριστὸς
2411 2459 2473 2511 τὸ
2501 2455 2767 2527 σαρκικδν
2797 2453 3033 2523 θέλημα,
3069 2451 3168 2504 καὶ
3212 2451 3552 2520 κατήργησε
3577 2450 3648 2501 τὰ
3670 2451 3754 2501 αν-

2153 2540 2402 2623 θρώπινα
2437 2546 2743 2618 θελήματα,
2791 2544 2886 2598 καὶ
2910 2543 2994 2596 ὃτι
3043 2541 3214 2612 χωρὶς
3242 2539 3626 2610 ἀνθρωπίνων
3672 2537 3753 2587 λο-

2151 2642 2390 2714 γισμῶν,
2421 2639 2518 2694 καὶ
2553 2636 2833 2710 σαρκικῶν
2879 2633 3205 2704 θελημάτων
3239 2631 3489 2699 ὑπῆρχε,
3538 2628 3638 2680 καὶ
3678 2628 3752 2679 ὅτι

2155 2736 2514 2808 παρῃτήσατο
2533 2731 2632 2802 τὴν
2655 2727 2928 2800 σαρκικὴν
2951 2726 3256 2796 ἐνέργειαν,
3279 2721 3459 2791 γνῶθι
3483 2717 3751 2808 ἀκριϐῶς,

2153 2830 2238 2883 ὅτι
2275 2828 2334 2880 ού
2370 2825 2469 2896 τὴν
2516 2824 2638 2878 κατ’
2672 2822 2883 2886 εἰκόνα,
2929 2819 3024 2873 καὶ
3076 2816 3200 2869 καθ’
3252 2814 3534 2884 ὁμοίωσιν
3593 2806 3751 2864 αὑτοῦ

2156 2922 2378 2993 θέλησιν
2415 2938 2475 2972 τε
2511 2917 2604 2972 καὶ
2644 2917 2932 2983 ἐνέργειαν
2985 2911 3087 2981 τῆς
3117 2909 3313 2979 νοερᾶς
3331 2906 3527 2976 ψυχῆς
3552 2908 3653 2972 τῆς
3696 2904 3754 2954 ἐκ

2154 3015 2248 3072 τοῦ
2281 3014 2550 3086 ἀχράντου
2603 3009 2696 3064 κα)⁸
2730 3007 3028 3076 ἀσωμάτου
3062 3001 3232 3056 αὑτοῦ
3253 3001 3539 3069 στόματος
3567 2994 3756 3066 προελ-

2156 3107 2356 3176 θούσης
2377 3104 2666 3174 ἠφάνισεν,
2706 3100 2739 3170 ἢ
2773 3096 3079 3169 ἐξήλειψεν,
3111 3093 3144 3166 ἢ
3173 3093 3546 3161 κατήργησεν
3572 3103 3589 3116 ο
3637 3086 3755 3140 ἐπεὶ

468 3191 630 3256 lasse,
667 3190 750 3244 vel
781 3204 1097 3254 recusasse;
1128 3189 1390 3259 quoniam
1445 3201 1572 3244 tunc
1614 3189 1947 3256 improbans,
1998 3198 2056 3244 et

2166 3199 2519 3273 εὑρεθήσεται
2551 3196 2620 3249 τὰ.
2645 3195 2738 3247 ὑπ’
2763 3189 2934 3246 αὐτοῦ
3009 3186 3331 3258 γενηθέντα,
3369 3185 3470 3236 καὶ
3491 3182 3556 3248 ἐξ
3595 3177 3754 3235 αὖτοῦ

473 3283 747 3350 rejiciens,
770 3293 825 3336 et
859 3291 916 3336 ut
958 3283 1096 3335 mala
1125 3282 1517 3349 condemnans,
1557 3292 1610 3337 et
1640 3283 1706 3336 ab
1732 3282 2056 3336 rectitudine

474 3379 694 3434 dissona
731 3379 942 3446 sibique
968 3379 1193 3432 adversa
1220 3377 1553 3447 reperiretur
1583 3395 1644 3433 ea
1674 3393 1793 3445 quae
1823 3379 1891 3431 ah
1915 3378 2058 3446 ipso-

474 3480 586 3523 met
618 3468 759 3523 facta
800 3467 1070 3522 fuissent:
1106 3469 1461 3538 quamobrem
1495 3467 1762 3536 reliquum
1801 3476 1971 3530 esset,
1999 3476 2059 3521 ιιι

475 3561 527 3614 in
564 3559 740 3630 ipsum
765 3560 984 3630 querela
1015 3569 1338 3623 verteretur,
1374 3560 1517 3628 quod
1552 3559 1752 3612 malam
1807 3559 2058 3612 volunta-

475 3661 608 3716 tem,
640 3652 1124 3721 operatiouemque
1152 3661 1257 3704 una
1291 3666 1411 3704 cum
1450 3650 1630 3702 anima
1675 3649 2006 3704 condidisset
2041 3667 2054 3704 :

473 3744 615 3814 quod
643 3741 894 3798 absitlut
926 3758 1162 3811 unquam
1195 3756 1316 3796 esse
1349 3741 1582 3796 dicatur.
1616 3740 1746 3795 Eam
1783 3755 1912 3806 ergo
1944 3741 2060 3794 dia-

475 3837 706 3893 bolicam
752 3835 1026 3892 recusavit
1051 3835 1410 3899 voluntatem,
1439 3835 1554 3888 sive
1584 3833 1894 3888 Satanicam
1927 3847 2061 3900 ope-

477 3931 739 3984 rationem
785 3928 1088 3998 repudiavit
1134 3927 1407 3992 Christus,
1457 3940 1621 3995 quam
1677 3940 1819 3993 saepe
1862 3923 2060 3980 divina:

476 4019 696 4075 Littera:
725 4017 999 4073 carnalem
1025 4018 1320 4088 appellant,
1365 4028 1698 4084 sanctusque
1744 4015 2059 4084 Apestolus,

483 4126 548 4164 ac
585 4110 728 4164 beati
763 4109 957 4164 Patres
992 4124 1056 4164 ex
1087 4109 1355 4176 serpentis
1385 4123 1479 4162 ore
1531 4111 1584 4162 in
1619 4107 1891 4161 hominem
1918 4106 2062 4160 deri-

477 4211 660 4252 vatam
697 4215 841 4263 esse,
877 4201 928 4253 in
966 4215 1139 4269 eoque
1177 4199 1514 4254 inhabitasse
1552 4200 1906 4263 denuntiant;
1956 4214 2060 4254 non

479 4303 659 4347 autem
712 4309 855 4359 eam,
889 4308 1011 4363 qua:
1065 4295 1130 4348 ad
1177 4293 1492 4363 imaginem,
1550 4304 1604 4346 et
1654 4291 2062 4348 similitudinem

463 4383 574 4438 'Dei
601 4395 706 4450 est,
746 4386 1138 4454 Operationem,
1182 4394 1344 4455 atque
1382 4371 1837 4450 voluntatetn,'ex
1881 4385 2064 4439 divino

478 4491 576 4531 ore
625 4476 781 4530 nobis
831 4477 1184 4546 inspiratam;
1238 4477 1352 4530 haec
1391 4476 1536 4528 enim
1594 4475 1752 4530 unica
1783 4485 1922 4530 esta
1957 4473 2064 4529 Deo

2159 3291 2495 3364 προελθόντα
2533 3285 2846 3348 καταλύων,
2893 3281 2990 3335 καὶ
3041 3280 3344 3348 ἀφανίζων,
3377 3277 3478 3327 καὶ
3519 3274 3756 3339 ἀνατρέ-

2162 3403 2302 3446 πων,
2330 3383 2405 3444 ti);
2439 3380 2674 3450 πονηρὰ,
2705 3379 2800 3430 καὶ
2844 3373 3178 3444 ἀσύμφωνα,
3229 3369 3324 3422 καὶ
3358 3367 3626 3420 ansam
3672 3364 3758 3416 αὖ·

2158 3476 2253 3531 τοῦ
2285 3491 2298 3504 ·
2333 3472 2522 3526 λοιπὸν
2547 3471 2605 3524 δὲ
2632 3469 2727 3522 καὶ
2760 3469 2839 3530 εἰς
2866 3465 3033 3518 αὐτὸν
3058 3465 3092 3534 ή
3118 3463 3270 3516 αἰτία
3316 3459 3418 3511 καὶ
3452 3461 3484 3526 ἡ
3553 3458 3758 3526 μέμξις

2159 3568 2481 3642 ἀνατρέχει,
2506 3565 2580 3628 ὡς
2605 3562 2850 3633 πονηρὰν
2877 3558 3100 3628 θέλησιν
3134 3573 3198 3608 τε
3218 3555 3313 3607 καὶ
3335 3552 3640 3623 ἐνέργειαν
3673 3550 3757 3601 σὶιν

2158 3667 2225 3736 τῇ
2259 3663 2409 3734 ψυχῇ
2437 3658 2948 3730 δημιουργήσαντα.
2999 3651 3145 3705 Ἀλλ’
3197 3650 3299 3718 οὐχ
3328 3646 3480 3700 οὕτω
3508 3665 3524 3678 ·
3567 3646 3646 3716 μὴ
3673 3645 3754 3711 γέ.

2160 3753 2338 3810 vano!
2376 3751 2577 3806 οὐκοῦν
2604 3749 2666 3803 τὸ
2691 3745 3002 3802 διαϐολικδν
3026 3743 3262 3812 θέλημα,
3301 3741 3398 3794 καὶ
3443 3738 3550 3808 τὴν
3590 3739 3757 3790 Σατα-

2161 3849 2319 3918 νικὴν
2353 3847 2638 3916 ἐνέργειαν
2669 3838 2924 3912 ἐξήλειψε
2980 3839 3076 3892 καὶ
3105 3838 3375 3906 ἠφάνισεν
3417 3835 3448 3884 ό
3496 3829 3756 3899 Χριστὸς,

2164 3941 2232 4013 ἠν
2261 3939 2526 4001 πολλάκις
2560 3936 2834 4006 σαρκικὴν
2858 3929 3167 4001 ὀνομάζειή
3203 3927 3327 3981 θεία
3353 3925 3580 3995 Γραφῇ,
3623 3922 3759 3972 καὶὸ

2165 4035 2308 4095 θεῖος
2353 4027 2705 4089 Ἀπόστολος,
2738 4025 2834 4079 καῖ⁹
2869 4025 2919 4078 οἱ
2949 4023 3211 4093 μακάριοι
3245 4018 3520 4086 Πατέρες,
3567 4015 3670 4083 τὴν
3703 4015 3760 4064 ἐκ

2165 4125 2260 4179 τοῦ
2289 4122 2559 4192 στόματος
2577 4117 2671 4172 τοῦ
2695 4117 2873 4187 ὄφεως
2899 4114 2976 4185 τῷ
2999 4113 3096 4167 ἀνθ
3109 4111 3274 4184 ρώπῳ
3297 4108 3758 4162 εἰσοικισθεῖσαν,

2164 4219 2225 4272 ού
2257 4215 2354 4286 τὴν
2386 4213 2507 4267 κατ’
2536 4211 2722 4265 εἰκόνα
2757 4209 2852 4262 za‘t
2899 4207 3162 4278 ὁμοίωσιν
3192 4201 3328 4256 Θεοῦ
3374 4200 3614 4266 θέλησιν
3667 4196 3756 4246 καὶ

2167 4285 2474 4377 ἐνέργειαν,
2507 4300 2605 4371 τὴν
2626 4300 2688 4352 ὲκ
2712 4297 2807 4351 τοῦ
2843 4294 3114 4364 στόματος
3155 4289 3250 4344 τοῦ
3304 4286 3446 4340 Θεοῦ
3482 4287 3625 4352 ἡμῖν
3669 4285 3760 4377 p-

2167 4371 2530 4450 πνευσθεῖσαν
2559 4408 2574 4424 ο
2611 4388 2758 4457 αὕτη
2787 4387 2897 4456 γὰρ
2916 4387 3007 4438 καὶ
3031 4384 3170 4454 μόνη
3209 4383 3245 4450 ή
3272 4377 3564 4437 θεόσδοτος
3603 4371 3758 4442 ήμῶν

2171 4483 2389 4554 θέλησις
2422 4481 2515 4534 καὶ
2540 4475 2794 4550 ἐνέργειά
2812 4477 2961 4527 ἐστιν
2984 4472 3156 4545 αίτία,
3179 4469 3274 4522 καὶ
3321 4466 3553 4537 ἐργάτις
3589 4463 3762 4554 πάσης

484 4569 689 4624 tributa
747 4570 906 4624 nobis
942 4569 1210 4632 voluntas,
1271 4578 1436 4638 atque
1481 4568 1746 4638 operatio,
1797 4569 2058 4622 universa

2173 4553 2599 4642 τῆσσωτηρίας
2651 4565 2834 4638 ήμῶν.
2890 4563 3174 4632 Θελήματι
3226 4560 3336 4628 γὰρ
3385 4555 3637 4624 ἑκουσίῳ
3673 4553 3763 4619 τῆς

484 4663 678 4718 salutis
715 4671 926 4719 nostra!
964 4679 1131 4717 causa
1181 4671 1232 4716 et
1264 4661 1532 4716 effectrix.
1578 4661 1888 4730 Spontanea
1920 4661 2062 4716 enim

483 4757 682 4812 anima:
743 4756 1019 4813 voluntate
1065 4755 1119 4809 in
1173 4753 1341 4809 Deum
1410 4753 1715 4820 credimus;
1771 4762 2068 4823 spontaneo

483 4847 766 4904 voluntate
800 4846 1165 4918 virginitatem
1191 4861 1505 4912 servamus;
1545 4855 1842 4914 spontanea
1877 4844 2070 4899 volun-

489 4953 599 4998 tate
631 4942 833 5006 studia,
865 4941 1251 5003 humilitatem,
1297 4921 1620 4994 charitatem
1656 4949 1821 5006 opere
1849 4952 2071 4992 exerce-

489 5051 612 5092 mus
646 5053 660 5090 :
696 5035 974 5090 voluntate
1010 5032 1284 5104 diligimus
1315 5030 1663 5100 proximum;
1706 5037 1870 5099 utque
1923 5042 2072 5081 sum-

487 5129 676 5182 matim
706 5127 905 5191 dicam,
938 5123 1248 5196 spirituales
1275 5137 1465 5178 omnes
1488 5123 1792 5190 divinarque
1813 5119 2072 5182 visiones,

490 5220 906 5286 illustrationes,
944 5217 1334 5281 revelationes,
1377 5222 1543 5285 atque
1581 5215 1861 5287 profectus
1899 5215 1950 5267 in
1991 5214 2078 5267 in-

495 5311 788 5368 tellectuali
819 5307 1211 5367 nostra‘animi
1236 5307 1538 5370 voluntate,
1562 5315 1727 5376 atque
1759 5305 2077 5374 Operatione

491 5421 520 5459 a
557 5404 666 5460 Deo
701 5404 1060 5476 perficiuntur
1093 5401 1146 5457 in
1175 5400 1354 5466 nobis,
1383 5411 1441 5456 et
1470 5409 1788 5471 operantur,
1823 5407 1878 5452 et
1917 5412 2077 5452 acce-

494 5501 647 5556 dunt.
1824 5482 1826 5484 I

567 5591 645 5645 Ac
679 5605 990 5661 quanquam
1024 5591 1091 5644 de
1123 5589 1226 5644 hoc
1257 5603 1287 5643 a
1333 5587 1494 5648 nobis
1545 5585 1729 5654 paucis
1765 5583 1818 5639 in
1871 5599 2076 5654 praece-

495 5682 748 5737 dentibus
779 5681 982 5736 dictum
1023 5681 1117 5747 sit,
1149 5695 1292 5736 nunc
1325 5679 1520 5734 iterum
1569 5678 1882 5751 expressius
1927 5679 2078 5730 dice-

499 5787 663 5828 mus:
701 5772 810 5827 duo
841 5771 1077 5840 denique
1105 5785 1228 5826 esse
1278 5783 1576 5842 praecepta,
1629 5769 1782 5836 juxta
1836 5763 2074 5832 Domini,

505 5864 855 5936 Apostolique
868 5861 1221 5928 sententiam,
1242 5862 1294 5916 iu
1316 5863 1513 5931 quibus
1538 5863 1788 5917 universa
1806 5871 2075 5933 prmrepta

2171 4663 2350 4735 ψυχῆς
2388 4662 2470 4726 εἰς
2509 4659 2644 4713 Θεὸν
2695 4655 3140 4724 ἐπιστεύσαμεν·
3196 4650 3474 4717 θελήματι
3527 4645 3764 4735 ἑκουσίῳ

2174 4734 2479 4827 παρθενίαν
2529 4749 2865 4823 ὲνεργοῦμεν
2889 4763 2904 4778 ο
2950 4746 3224 4815 θελήματι
3254 4739 3496 4807 ἑκουσίῳ
3533 4734 3764 4804 ἄσκησῇ

2172 4867 2233 4904 τε
2267 4850 2361 4903 καὶ
2411 4847 2740 4919 χαμευνίαν,
2782 4844 2876 4896 καὶ
2922 4842 3148 4910 ἀγάπην
3195 4836 3519 4906 πράττομεν
3555 4848 3570 4860 ·
3608 4827 3764 4894 Θεὶήο

2178 4959 2309 5015 ματι
2343 4941 2436 4994 τὸν
2478 4939 2712 5010 πλησίον
2759 4935 3065 5004 ἀγαπῶμεν
3097 4948 3109 4961 ·
3151 4933 3269 4992 καὶ,
3300 4929 3452 4988 ὅπως
3483 4922 3762 5015 συντόμως

2176 5010 2337 5093 εἴπω,
2371 5032 2548 5084 πᾶσαι
2580 5030 2638 5084 αἱ
2662 5025 3040 5098 πνευματικαὶ
3077 5024 3174 5077 καὶ
3208 5022 3351 5075 θεῖαι
3389 5018 3646 5087 ὁράσεις.
3675 5010 3765 5064 καὶ

2178 5123 2503 5193 ὲλλάμψεις,
2553 5121 2650 5175 καὶ
2683 5117 3082 5186 ἀποκαλύψεις,
3115 5116 3212 5167 καὶ
3255 5111 3542 5182 προκοπαὶ
3595 5110 3657 5160 ἑν
3706 5106 3761 5172 τῇ

2179 5218 2344 5288 νοερᾷ
2366 5215 2524 5287 ήμῶν
2579 5213 2913 5284 θελήσεικαὶ
2946 5207 3201 5279 ἐνεργείᾳ
3239 5205 3341 5273 τῆς
3385 5203 3574 5272 ψυχῆς
3623 5204 3766 5266 ἐνερ-

2180 5306 2546 5380 γοῦνταιύπὸ
2581 5306 2714 5360 Θεοῦ
2765 5307 2824 5358 ὲν
2859 5305 3016 5375 ἡμῖν,
3066 5300 3162 5354 καὶ
3217 5294 3632 5360 ἐπιτελοῦνται,
3679 5292 3764 5344 καὶ

2181 5404 2571 5483 προσγίνονται
2601 5403 2754 5472 ήμῖν.

2251 5579 2364 5637 Καὶ
2391 5579 2608 5650 εἴρηται
2638 5576 2739 5648 μὲν
2769 5576 2901 5646 ήμῐν
2934 5573 3063 5643 περὶ
3089 5571 3286 5626 τούτου
3317 5568 3410 5624 διὰ
3433 5565 3692 5638 βραχέων
3716 5565 3764 5615 ἐν

2178 5677 2293 5737 τοῖς
2327 5670 2663 5743 ἔμπροσθεν,
2691 5669 2786 5722 καὶ
2809 5667 2906 5720 νῦν
2936 5666 2992 5720 δὲ
3027 5665 3191 5717 πάλιν
3225 5659 3586 5730 πλατυτέρως
3616 5655 3765 5725 ἐροῦ-

2185 5784 2304 5837 μεν.
2366 5764 2471 5820 Δύο
2508 5761 2688 5817 τοίνυν
2746 5759 2968 5823 ἐντολάς
3022 5775 3186 5828 φησιν
3241 5758 3270 5809 ό
3319 5755 3552 5825 Κύριος,
3605 5751 3764 5805 καὶὸ

2195 5857 2536 5922 Ἀπόστολος,
2573 5859 2631 5910 ἐν
2664 5849 2748 5919 αἷς
2773 5853 3112 5925 περιέχεταν,
3147 5853 3238 5904 καὶ
3265 5848 3578 5903 sxa-£5631:
3615 5848 3758 5898 πίσσ
