4026 6308
179 407 321 477 ιιτι
1692 419 1769 481 SE

1864 423 1971 484 th.
3315 426 3454 495 1173

176 526 371 601 ἐντολὴ
422 526 520 582 καὶ
547 525 747 604 ἀρετὴ,
773 527 1024 586 τουτέστι
1057 528 1153 594 τὸ,
1196 548 1214 583 ι
1267 531 1609 604 Ἀγαπήσεις
1640 532 1757 588 Κύ-

1864 539 2206 608 virtutesque
2250 538 2625 606 continentur,
2664 549 2828 613 alque
2864 543 3216 616 colliguntur,
3254 543 3454 599 videli-

178 636 303 693 ριον
320 620 412 674 τὸν
441 620 581 675 Θεόν
623 636 717 675 σου
757 620 818 688 ἐξ
858 621 985 694 ὅλης
1016 625 1117 694 τῆς
1142 624 1383 695 καρδίας
1414 641 1533 690 σου,
1566 625 1664 680 καὶ
1701 627 1764 695 ἐξ

1866 640 1974 699 cet,
2015 650 2034 683 ι
2069 630 2270 704 Diliges
2303 630 2589 686 Dominum
2629 632 2795 688 Deum
2818 632 2825 638 ’
2852 643 3002 689 tttum
3035 652 3101 691 ex
3131 646 3245 692 toto
3274 638 3440 692 corde

175 713 311 783 ὅλης
335 713 433 783 τῆς
462 712 643 784 ψυχῆς
668 728 784 780 σου,
820 712 919 767 καὶ
947 714 1262 784 ἀγαπήσεις
1290 714 1385 768 τὸν
1413 716 1647 787 πλησίον
1668 734 1764 771 σου

1866 730 1979 787 tuo,
2009 734 2063 777 et
2082 738 2146 777 ex
2167 732 2278 778 tota
2309 724 2491 778 anima
2512 734 2622 787 tua,
2644 735 2696 780 et
2726 726 2916 795 diliges
2942 730 3248 797 proximum
3274 738 3447 794 tuum,

175 807 255 870 ὡς
287 805 482 859 ἑαυτόν
502 820 517 836 ο
558 824 576 855 ι
616 805 713 859 καὶ
755 807 811 859 αἱ
844 806 942 861 δύο
969 800 1129 861 αῦται
1159 806 1375 860 ἐντολαὶ
1412 809 1557 862 κατὰ
1584 808 1764 880 ψυχὴν

1865 816 2009 871 sicut
2037 816 2263 884 teipsum
2294 817 2340 849 “
2374 835 2388 872 :
2426 835 2444 869 ι
2484 818 2706 887 [necque
2733 823 2838 874 duo
2872 824 2986 890 ipsa
3007 831 3276 891 praecepta
3294 822 3449 889 juxta

172 896 457 966 λέγονται,
497 894 597 949 καὶ
638 896 1012 966 ὲνεργοῦνται.
1055 896 1272 967 Ἀγάπη
1310 897 1420 971 γάρ
1467 900 1637 965 ἐστιν,
1687 899 1762 965 ὥς

1865 907 2031 961 animi
2064 906 2378 962 facultatem
2399 911 2652 978 proponi,
2695 923 2751 966 et
2785 913 3056 968 exerceri.
3082 914 3254 967 Amor
3290 930 3446 968 nam-

175 1004 317 1058 φησι
358 985 657 1051 Διονύσιος,
690 988 929 1059 ἑνωτικὴ
987 987 1082 1041 καὶ
1122 989 1434 1061 συναπτικὴ
1454 989 1555 1059 τῆς
1584 990 1763 1061 ψυχῆς

1864 1014 1991 1069 que,
2021 1008 2079 1053 nt
2104 1000 2394 1072 Dionysius
2432 1002 2611 1068 docet,
2641 1003 2847 1057 unitiva
2877 1014 2981 1068 est,
3013 1014 3068 1058 et
3097 1005 3442 1075 coniunctiva

173 1080 425 1145 διάθεσις
452 1081 587 1152 πρὸς
630 1081 692 1134 τὸ
720 1078 1087 1151 ποθούμενον.
1128 1080 1404 1145 Ὡσαύτως
1447 1084 1545 1136 καὶ
1577 1084 1627 1136 ei
1665 1100 1763 1154 μα-

1864 1090 2031 1144 animi
2087 1091 2373 1161 dispositio
2416 1093 2484 1147 ad
2525 1095 2894 1149 desideratum
2939 1097 3235 1167 obiectum.
3294 1097 3450 1154 Sicut

174 1174 447 1245 καρισμοὶ
492 1170 588 1226 τοῦ
618 1173 849 1246 Κυρίου,
885 1172 1029 1226 κατά
1048 1172 1148 1244 τὴν
1206 1173 1401 1244 νοερὰν
1442 1174 1661 1249 θέλησιν
1702 1192 1762 1229 τε

1864 1182 2029 1237 etiam
2051 1184 2414 1239 beatitudiues
2438 1184 2733 1242 Dominicm
2764 1187 3119 1243 intellectuali
3147 1189 3446 1256 voluntate,

174 1268 271 1321 καὶ
287 1266 579 1337 ἐνέργειαν
603 1265 704 1336 τῆς
724 1266 905 1337 ψυχῆς
932 1263 1331 1320 ἐπιτελοῦνται·
1354 1266 1416 1318 τὸ
1442 1265 1573 1338 γὰρ,
1595 1285 1615 1318 ι
1644 1267 1764 1321 Μα-

1864 1274 2144 1343 animique
2161 1274 2425 1331 facultate
2446 1277 2806 1346 perﬁciuntur
2833 1297 2847 1334 :
2872 1278 3015 1348 quod
3032 1282 3178 1334 enim
3202 1281 3399 1334 dicitur
3430 1298 3446 1335 :

173 1360 367 1429 κάριοι
399 1359 450 1411 οἱ
479 1359 688 1429 πτωχοὶ
720 1358 799 1428 τῷ
830 1357 1127 1428 πνεύματι,
1154 1378 1173 1410 ι
1192 1357 1401 1430 ψυχικῇ
1419 1361 1596 1432 ἀρετῇ
1630 1360 1763 1414 καθ-

1869 1383 1891 1417 ι
1928 1366 2080 1421 Beat!
2132 1383 2399 1437 pauperes
2447 1370 2641 1438 spiritu
2669 1370 2736 1437 ⁸⁷,
2784 1387 2805 1423 ι
2842 1370 2910 1424 ad
2966 1371 3137 1425 animi
3192 1372 3448 1427 virtutem

174 1449 440 1521 ἕστηκενο
465 1450 668 1520 ὁμοίως
688 1451 783 1504 καὶ
801 1450 885 1516 τὸ,
917 1469 938 1502 ι
972 1451 1252 1521 Μακάριοι
1279 1454 1328 1505 οἱ
1352 1450 1702 1516 πενθοῦντες,
1737 1471 1757 1505 ι

1864 1460 2144 1527 pertinet:
2182 1461 2322 1516 haud
2358 1476 2515 1516 secus
2575 1463 2782 1529 pariter
2827 1472 2991 1531 atque
3022 1462 3152 1517 illud
3192 1480 3205 1517 :
3241 1480 3261 1514 ι
3299 1463 3447 1519 Beati

173 1542 239 1594 ἐκ
289 1540 535 1612 ψυχικῆς
572 1539 1098 1613 συνανθρωπότητος
1151 1541 1244 1594 καὶ
1287 1541 1563 1613 θελήσεως
1607 1543 1762 1613 ἐνερ-

1863 1549 1955 1618 qui
2000 1549 2183 1622 lugent
2202 1548 2273 1618 ’⁸,
2304 1570 2323 1602 ι
2351 1567 2417 1606 ex
2448 1551 2720 1622 spirituali
2765 1554 2999 1607 hominis
3025 1563 3179 1623 parte
3206 1554 3450 1608 volunta-

172 1634 378 1701 γεϊταν
399 1630 546 1686 καθὰ
575 1632 671 1685 καὶ
686 1633 771 1698 τὸ,
805 1650 824 1684 ι
851 1632 1129 1703 Μακάριοι
1180 1633 1228 1686 οί
1259 1635 1476 1702 πραεῖς,
1502 1651 1520 1684 ι
1549 1635 1645 1688 καὶ⁸
1676 1634 1759 1700 τὸ,

1867 1650 2026 1710 teque
2067 1642 2399 1713 adimpletur
2429 1662 2443 1697 :
2469 1645 2929 1713 quemadmodum
2954 1655 3007 1700 et
3037 1660 3157 1714 quae
3205 1646 3448 1700 subdun-

178 1743 200 1778 ι
238 1724 519 1796 Μακάριοι
572 1725 624 1778 οἱ
654 1725 891 1796 καθαροὶ⁸
922 1727 991 1797 τῇ
1021 1726 1245 1798 καρδίᾳ,
1284 1745 1303 1778 ι
1341 1727 1439 1781 καὶ
1466 1727 1550 1792 1:6,
1589 1746 1608 1779 ι
1642 1728 1764 1782 Ma-

1867 1742 1973 1797 tur,
2002 1752 2021 1785 ι
2054 1733 2510 1795 Beati'tuansueti,
2543 1753 2563 1787 ι
2591 1746 2647 1789 et
2677 1752 2696 1785 ι
2729 1733 2879 1789 Beati
2908 1738 3107 1790 mundo
3131 1736 3319 1799 corde,
3347 1755 3365 1787 ι
3390 1744 3448 1790 et

171 1820 428 1889 κάριοιοί
451 1819 810 1890 εἰρηνοποιοί.
844 1837 864 1870 ι
887 1818 964 1872 υὺ
994 1818 1250 1889 μόνονδὲ,
1278 1817 1416 1871 ἀλλὰ
1443 1819 1537 1873 καὶ
1555 1818 1761 1885 πίστις,

1869 1835 1888 1868 ι
1927 1817 2074 1872 Beati
2107 1820 2319 1890 paciﬁci
2345 1823 2445 1876 ⁸⁸.»
2479 1820 2667 1892 Neque
2708 1823 2823 1879 ha'c
2848 1824 2959 1878 sola
2988 1834 3220 1890 tantum,
3260 1840 3446 1879 verum

174 1912 357 1976 ἐλπὶς,
403 1911 617 1984 ἀγάπη,
669 1911 903 1982 ψυχικαὶ
949 1912 1170 1983 ἀρεταὶ,
1204 1910 1302 1965 καὶ
1329 1911 1393 1964 οὑ
1449 1911 1761 1981 σωματικαὶ

1865 1909 2034 1963 etiam
2078 1910 2234 1976 ﬁdes,
2259 1927 2405 1981 spes,
2433 1913 2697 1980 charitas,
2729 1914 3039 1983 spirituales
3069 1916 3320 1981 virtutes,
3349 1917 3448 1969 tui-

170 2003 546 2074 τυγχάνουσι·
597 2001 855 2073 καθάπερ
904 2001 1071 2056 πάλιν
1122 2002 1398 2068 κάκεῖναι,
1431 2002 1498 2065 ἃς
1542 2003 1571 2055 6
1601 2001 1760 2065 αὑτὸς

1869 2000 2017 2056 nime
2051 2017 2182 2057 vero
2213 2018 2491 2071 corporea:
2539 2020 2662 2059 esse
2708 2006 3069 2074 proculdubio
3104 2005 3443 2074 judicantur.

183 2092 514 2160 ’Δπόστολος
534 2093 937 2164 ἀπαριθμεῖται
963 2094 1166 2162 λέγων,
1185 2095 1269 2148 ὅτι
1295 2113 1315 2146 ι
1346 2094 1408 2149 Οἱ
1435 2093 1643 2164 καρποὶ
1666 2092 1761 2147 τοῦ

1915 2091 2038 2162 ujus
2070 2108 2204 2148 sane
2238 2084 2457 2164 generis
2476 2096 2641 2150 etiam
2669 2112 2748 2151 etc
2780 2106 2927 2161 sunt,
2963 2113 3098 2165 quas
3154 2097 3447 2166 Apostolus
3491 2119 3500 2129 -

172 2186 501 2259 Πνιύματός
532 2186 673 2241 είσιν
697 2187 913 2259 ἀγάπη,
951 2186 1121 2259 χαρὰ,
1147 2187 1361 2257 εἰρήνη,
1387 2185 1761 2258 μακροθυμία,

1867 2183 1983 2253 ipse
2003 2185 2244 2253 gentium
2274 2196 2581 2251 enumerat,
2609 2188 2885 2258 inquiens,
2946 2207 2963 2239 ι
3008 2187 3239 2242 Fructus
3271 2188 3446 2257 Spiri-

171 2282 509 2354 χρηστότης,
540 2280 871 2350 άγαθοσύνη,
924 2298 944 2333 ι
978 2281 1074 2334 καὶ
1109 2279 1179 2333 τὰ
1200 2279 1351 2349 ἑξῆς.
1384 2278 1542 2333 Κατὰ
1568 2279 1761 2351 γοερὰν

1868 2286 1959 2332 tus
1988 2292 2109 2332 esse
2133 2279 2480 2342 charitatem,
2521 2282 2800 2350 gaudium,
2823 2296 3036 2349 pacem,
3064 2281 3447 2353 longanimita-

174 2370 402 2444 θέλησιν
436 2387 498 2425 τε
524 2370 623 2425 καὶ
650 2371 936 2440 ἐνέργειαν
966 2370 1024 2423 έν
1048 2370 1111 2441 τῇ
1142 2367 1291 2440 ψυχῇ
1316 2367 1727 2440 προσγίνονται.

1866 2378 1997 2435 tem,
2025 2370 2345 2437 bonitatem,
2380 2372 2774 2441 benignitatem
2816 2372 2886 2438 ³⁸,
2942 2390 2961 2423 ι
2992 2383 3047 2427 et
3098 2382 3314 2427 caetera.
3344 2371 3447 2428 Per

1863 2462 2288 2519 intellectualem
2341 2464 2541 2533 quippe
2572 2463 2931 2528 voluntatem,
2980 2474 3033 2520 et
3068 2450 3483 2533 operationem-

1862 2555 2061 2609 adsunt
2084 2565 2383 2624 praesentes
2413 2555 2617 2610 animo.
3312 2606 3315 2609 .

241 2638 353 2694 Καὶ
402 2639 596 2711 ἐπειδὴ
640 2637 797 2712 δίκην
824 2638 1009 2694 ἵππων
1041 2638 1140 2695 καὶ
1194 2637 1437 2710 ἡμιόνων
1461 2638 1760 2693 ’ἀσυνέτων

1931 2645 2200 2712 Quoniam
2232 2660 2364 2699 vero
2412 2661 2699 2715 equorum,
2732 2656 2821 2700 aut
2873 2645 3141 2701 mulorum
3184 2646 3447 2716 insipien-

171 2733 469 2803 πτύρονται
520 2733 571 2787 οἱ
607 2733 707 2797 τὰς
735 2733 830 2787 τοῦ
877 2734 1083 2807 Κυρίου
1116 2732 1525 2804 ἀπαρνούμενοι
1560 2748 1760 2785 συστα-

1863 2739 1995 2792 tium
2035 2739 2211 2793 instar
2233 2746 2681 2803 consternantur,
2716 2742 2806 2807 qui
2840 2738 3204 2793 subsistentes
3238 2747 3447 2791 natura!

169 2826 332 2889 τικὰς
359 2825 461 2895 τῆς
490 2826 772 2897 ἡμετέρας
796 2825 1015 2896 φύσεως
1058 2826 1351 2895 ἰδιότητας,
1382 2824 1527 2892 λέγω
1554 2824 1620 2895 δὴ
1658 2822 1759 2896 τὴν

1859 2839 2063 2884 nostra:
2121 2828 2483 2898 proprietates
2535 2836 2739 2895 negant
2770 2829 2822 2881 in
2857 2826 3086 2881 Domino
3117 2842 3238 2880 esse
3269 2842 3283 2880 :
3315 2840 3449 2893 qua-

169 2917 414 2989 οὑσιὼδη
432 2917 533 2988 τῆς
551 2917 729 2990 ψυχῆς
752 2918 975 2987 θέλησιν
994 2917 1288 2982 ἀκούοντες
1316 2919 1417 2973 καὶ
1448 2918 1755 2990 ἐνέργειαν,

1860 2936 2182 2979 ruinsane
2247 2923 2465 2976 nomine
2538 2921 2898 2983 voluntatem,
2967 2919 3448 2987 operatioucmque

170 3002 409 3083 ιροὺμεν
432 3012 791 3081 σαφέστερον,
816 3012 917 3081 τὴν
937 3011 1144 3065 τούτων
1167 3010 1356 3082 ὥσπερ
1373 3008 1758 3087 διερμηνεύονο

1860 3013 2042 3067 animo
2098 3012 2445 3067 essentialem
2503 3000 2788 3081 designant
2841 3029 2856 3065 :
2902 3010 3105 3064 clarius
3167 3010 3281 3063 hac
3331 3009 3444 3077 ipsa

169 3121 258 3167 τες
291 3105 389 3158 καὶ
421 3103 814 3174 σαφηνίζοντες
837 3104 1069 3176 δύναμιν
1089 3119 1104 3135 ο
1138 3103 1361 3173 θέλησις
1403 3102 1585 3173 ψυχῆς
1607 3102 1758 3171 λογι-

1859 3119 2216 3172 exponemus,
2268 3120 2455 3161 earum
2540 3103 2954 3172 interpretando
3035 3102 3227 3165 vclutl,
3285 3111 3446 3170 atque

171 3200 272 3266 κῆς
300 3200 474 3260 ἐστιν,
518 3196 595 3259 ὡς
637 3197 744 3269 πρὸ
768 3196 1001 3269 βραχεος
1056 3197 1153 3252 καὶ
1179 3199 1208 3251 6
1258 3197 1432 3267 μέγας
1481 3195 1757 3257 Διονύσιος

1859 3198 2212 3265 espendeutlo
2231 3196 2360 3264 vim,
2395 3211 2459 3251 ac
2495 3195 2827 3250 facultatem.
2872 3192 2967 3247 Est
2990 3194 3172 3262 itaque
3204 3193 3447 3246 rationa-

171 3256 363 3358 εἵρῆκε
386 3329 400 3348 ,
444 3256 472 3339 ιγ
500 3256 728 3357 δύναμίς
1101 3289 1195 3341 καὶ
1221 3256 1597 3357 ἐπιθνυμητικὴ
1620 3286 1755 3356 πρὸς

1861 3289 1928 3343 lis
1961 3290 2157 3343 anima:
2186 3288 2457 3350 voluntas,
2478 3296 2538 3342 ut
2569 3286 2853 3357 perpaucis
2879 3287 3038 3339 etiam
3070 3299 3295 3354 magnus
3322 3281 3448 3337 bio-

170 3378 231 3431 τὸ
266 3377 641 3432 συνάπτεσθαι
668 3379 744 3446 τῷ
768 3378 889 3450 Θεῷ
923 3378 1021 3450 τὴν
1045 3379 1247 3450 ψυχὴν,
1272 3378 1376 3431 ὑπὸ
1398 3376 1535 3431 Θεοῦ
1557 3378 1756 3430 οὑνσιω-

1860 3380 2047 3450 ιιγμὶιιε
2088 3377 2362 3440 diliinivit,
2394 3396 2413 3429 ι
2448 3377 2678 3432 facultas
2708 3376 3009 3440 rationalis,
3037 3390 3142 3443 qua
3174 3373 3447 3428 desiderio

173 3469 278 3532 δῶς
315 3471 458 3542 αὑτῇ
495 3470 874 3542 δεδωρημένη,
916 3472 985 3526 δι’
1018 3468 1084 3545 ἦς
1129 3470 1441 3541 εἰργάζετο,
1495 3471 1589 3523 καὶ
1632 3467 1759 3537 ἐφύ-

1858 3471 2216 3538 corjungendi
2238 3471 2601 3538 nosmetipsos
2628 3468 2738 3522 Deo
2761 3468 3005 3532 ferimur,
3038 3482 3067 3519 a
3105 3466 3214 3520 Deo
3258 3479 3447 3520 esseu-

172 3561 371 3615 λαττεν
406 3564 436 3616 6
466 3562 684 3633 πρῶτος
732 3564 1022 3633 ἄνθρωπος
1053 3564 1122 3616 τὰ
1156 3562 1277 3616 θεῖα
1323 3562 1753 3635 προστάγματα,

1861 3561 2065 3615 tialiter
2086 3561 2282 3614 animae
2324 3561 2422 3630 ipsi
2453 3562 2675 3624 donata,
2712 3576 2807 3627 per
2829 3575 2991 3628 quem
3025 3567 3287 3627 operatus
3337 3566 3443 3619 est,

176 3658 239 3711 ὲκ
271 3655 550 3727 θελήσεως
574 3655 813 3727 ψυχικῆς
837 3657 917 3717 εἰς
945 3654 1233 3726 ἐνέργειαν
1258 3655 1366 3708 τῶν
1400 3653 1631 3707 ἐντολῶν
1661 3650 1756 3706 τοῦ

1861 3654 2224 3722 servavitque
2241 3653 2449 3721 primus
2482 3653 2644 3706 homo
2672 3651 2854 3704 divina
2896 3662 3187 3719 praecepta,
3218 3665 3281 3703 ex
3317 3650 3443 3703 ani-

175 3748 309 3802 Θεοῦ
336 3749 654 3819 ἐρχόμενος.
688 3769 705 3799 ι
744 3747 907 3801 Ἀλλὰ
936 3746 1114 3801 ταῦτα
1144 3748 1244 3817 μὲν
1275 3748 1369 3799 ἐπὶ
1400 3746 1494 3800 τοῦ
1541 3746 1715 3817 Ἀδάμ
1738 3761 1753 3776 ο

1859 3747 1987 3801 mali
2043 3745 2320 3797 voluntate
2366 3737 2692 3812 progt‘essus
2727 3742 2779 3794 in
2832 3739 3204 3808 operationem
3239 3739 3448 3792 divino-

177 3842 395 3912 εἴρηται
433 3840 492 3892 δὲ
532 3840 624 3892 ἐπὶ
661 3838 902 3910 Χριστοῦ
956 3838 1052 3891 τοῦ
1100 3838 1253 3898 Υἱοῦ.
1291 3840 1386 3891 καὶ
1414 3839 1497 3891 ὅτι
1543 3838 1758 3910 μορφὴν

1863 3852 1978 3889 runt
2019 3837 2416 3887 mandatorum.
2453 3850 2472 3882 ι
2511 3831 2621 3885 lluc
2645 3846 2770 3884 vero
2809 3831 2876 3882 ad
2908 3830 3171 3882 Atlamttut
3216 3838 3443 3895 spectat.

175 3930 573 4002 δούλου,ῆγουν
597 3928 787 3983 οὑσίαν
808 3928 1025 3993 δούλου,
1058 3928 1329 3992 ἑκουσίως
1357 3929 1571 3983 ἑλαὸεν.
1608 3928 1757 3999 Α’ύτη

1862 3925 1937 3980 De
1968 3927 2189 3981 Christo
2252 3935 2433 3978 autem
2471 3923 2561 3977 Dei
2593 3922 2731 3976 Filio
2782 3918 3443 3987 dicetur,'quud.fortnam

175 4021 358 4075 τοίνυν
390 4025 422 4091 ἡ
461 4024 604 4074 κατὰ
656 4021 749 4074 τὸν
784 4020 1019 4092 Χριστὸν
1074 4022 1283 4091 μορφὴ,
1315 4022 1409 4074 καὶ
1459 4021 1620 4074 οὐσία
1662 4021 1757 4075 τοῦ

1860 4020 2026 4082 servi,
2062 4035 2158 4073 seu
2195 4020 2340 4073 servi
2366 4016 2735 4070 substantiam
2791 4023 2984 4084 sponte
3016 4023 3340 4082 susceperit.
3373 4010 3446 4065 Ea

175 4112 392 4176 δούλου,
427 4113 570 4166 κατὰ
602 4112 656 4166 τί
684 4112 878 4165 ἀκούει
918 4113 1105 4182 μορφὴ
1146 4111 1358 4174 δούλου,
1403 4115 1543 4166 κατὰ
1600 4113 1759 4166 ποίαν

1854 4113 2027 4181 igitur
2053 4126 2172 4181 qua:
2202 4112 2254 4165 itt
2298 4110 2520 4165 Christo
2565 4110 2666 4163 fuit
2706 4109 2900 4171 forma,
2948 4109 3063 4161 sive
3128 4105 3444 4161 sabstantia

174 4203 445 4268 δουλείαν,
478 4209 573 4260 καὶ
614 4206 943 4276 ὑπουργίαν,
979 4206 1073 4258 καὶ
1105 4207 1423 4277 ὑποταγήν;
1480 4202 1588 4277 ἆρα
1618 4208 1758 4259 κατὰ

1861 4206 2005 4260 seni
2060 4205 2333 4273 quodnam
2390 4202 2582 4257 habuit
2649 4200 2930 4255 servitutis
2969 4198 3285 4267 specimen,
3347 4211 3444 4249 seu

175 4298 273 4367 τὴν
304 4298 648 4369 Δεσποτικὴν
678 4298 927 4365 θέλησιν,
962 4299 1060 4352 καὶ
1084 4299 1390 4370 ἐνέργειαν,
1420 4301 1511 4352 καὶ
1542 4299 1756 4373 μορεςὴν

1860 4313 1967 4367 qua
2023 4305 2281 4351 servuute
2311 4336 2326 4361 ,
2376 4294 2755 4363 snhjectioue,
2802 4291 3143 4357 actionisque
3188 4289 3447 4342 famulatu

174 4388 270 4443 τοῦ
303 4388 441 4442 Θεοῦ
470 4390 668 4461 Λόγου,
697 4391 805 4443 ἀπό
837 4407 900 4459 γε
927 4390 1027 4460 τῆς
1065 4389 1278 4461 ’Δρείου
1304 4391 1536 4463 (savia-5;

1862 4385 2171 4445 constituta
2203 4404 2323 4443 esse
2374 4397 2647 4453 censetur,
2693 4385 2796 4440 nisi
2858 4386 2958 4438 sub
3020 4382 3299 4435 Dmuinica
3355 4395 3449 4433 vo-

1144 4478 1157 4489 ’
1862 4486 2089 4549 luutate,
2107 4494 2161 4536 et
2189 4481 2578 4551 operationeet
2606 4477 2781 4532 forma
2805 4476 2898 4531 Dei
2933 4474 3114 4539 Verbi,
3138 4484 3196 4526 ut
3233 4473 3302 4528 ab
3332 4473 3447 4526 Arii

1794 4599 1835 4653 ι)
1866 4578 2102 4632 amentia
2132 4574 2486 4629 ret-edamus?

257 4652 405 4709 Ἀλλ’
435 4655 623 4729 ἐπειδὴ
646 4656 736 4710 διὰ
761 4660 862 4729 τῆς
886 4656 1173 4729 παρακοῆς
1190 4658 1284 4712 τοῦ
1313 4659 1528 4729 πρώτου
1550 4659 1759 4731 άνθρὼ-
1802 4652 1817 4653 ί

1937 4669 2137 4725 Verum
2164 4669 2419 4739 quoniam
2443 4684 2540 4734 per
2560 4667 2717 4737 pritni
2736 4664 2973 4719 hominis
3025 4658 3448 4717 inobedicntiam

177 4762 283 4801 που
373 4746 695 4818 ἁμαρτωλοὶ
752 4751 1100 4821 κατέστημεν
1138 4752 1187 4804 οἱ
1247 4750 1547 4823 ἄνθρωποι,
1611 4771 1759 4823 παρ-

1862 4772 1916 4816 et
1948 4777 2161 4825 casum,
2195 4771 2506 4828 peccatores
2560 4758 2841 4811 constituti
2900 4756 3147 4810 huu'tincs
3209 4753 3446 4816 fuerant,

176 4838 515 4906 ακούσαντος
537 4841 635 4894 τοῦ
672 4842 846 4911 Ἀδὰμ
867 4841 972 4896 τῶν
998 4842 1230 4896 ἐντολῶν
1260 4843 1351 4896 τοῦ
1376 4842 1536 4905 Θεοῦ,
1569 4843 1760 4897 τούτου

1867 4865 2207 4921 transgresso
2236 4850 2407 4903 Adam
2475 4848 2566 4902 Dei
2617 4856 2880 4915 praecepta
2902 4885 2917 4910 ,
2948 4844 3109 4910 hujus
3148 4842 3222 4894 rci
3254 4854 3442 4906 causa,

177 4934 339 5005 χάριν
367 4931 458 4988 διὰ
503 4935 603 5006 τῆς
632 4936 844 5000 οἰκείας
869 4936 1039 4991 αὑτοῦ
1070 4940 1098 4990 6
1128 4937 1364 5008 Χριστὸς
1402 4938 1655 5007 ὑπακοῆς
1684 4938 1764 4992 δι-

1866 4946 2079 5015 prnpria
2112 4934 2367 4997 Christus
2420 4938 2871 5009 ipscohedientia
2928 4952 3027 4990 nos
3075 4938 3124 4987 ιιι
3178 4931 3444 5002 justitiam

179 5024 369 5089 καίους
400 5024 548 5096 ἡμᾶς
598 5026 959 5098 κατέστησεν,
999 5027 1058 5080 ὲν
1096 5030 1161 5099 τῇ
1213 5030 1397 5099 μορφῇ
1449 5027 1544 5081 τοῦ
1572 5026 1762 5082 δούλου

1868 5038 2131 5101 restituit,
2160 5037 2210 5089 in
2243 5034 2414 5088 forma
2452 5034 2594 5087 servi
2625 5032 2901 5100 Dominit-a
2947 5038 3239 5084 exsecutus
3295 5040 3450 5078 tuan-

178 5117 408 5181 τελέσας
456 5118 525 5172 τὰ
591 5122 1149 5190 προστάγματα-τοῦ
1210 5122 1507 5187 Δεσπότου,
1567 5120 1603 5176 ἃ
1660 5124 1762 5177 οὑκ

1869 5128 2013 5187 data,
2043 5141 2162 5195 qua:
2220 5125 2349 5177 olitn
2407 5140 2599 5177 servus
2650 5122 2717 5175 ab
2766 5120 3056 5174 initio'uou
3094 5116 3444 5171 custodierat.

181 5205 447 5275 ἐφύλαξεν
499 5208 761 5279 άπαρχῆς
790 5211 818 5263 6
850 5209 1057 5274 δοῦλος.
1095 5211 1306 5282 Ὠσπερ
1345 5212 1455 5283 γὰρ
1478 5213 1569 5263 τὸν
1597 5209 1764 5264 θάνα-

1870 5218 2331 5287 Quemzuhnodum
2364 5232 2596 5283 namque
2631 5223 2881 5276 mortem,
2924 5211 3012 5264 cui
3064 5209 3332 5261 obnoxius
3365 5209 3442 5258 la-

180 5314 293 5362 τον,
327 5298 389 5351 ὃν
440 5299 740 5371 ἑχρεὼστει
791 5304 820 5357 6
870 5301 1092 5368 δοῦλος,
1124 5304 1215 5359 διὰ
1263 5304 1367 5375 τῆς
1406 5305 1624 5376 μορφῆς
1669 5304 1767 5360 τοῦ

1867 5324 1985 5367 ctus
2011 5310 2187 5363 fuerat
2220 5324 2436 5368 servus,
2472 5324 2569 5380 per
2598 5306 2882 5360 nzottalctu
2901 5303 3043 5357 servi
3078 5301 3447 5359 formatusus-

182 5387 369 5444 δούλου
406 5392 505 5463 τῆς
533 5392 739 5464 θνητῆς
768 5395 1095 5477 ἐπλήρωσεν
1127 5397 1155 5450 6
1188 5399 1493 5469 Δεσπότης,
1527 5398 1771 5471 ὑπήκοος

1869 5400 2030 5453 tinuit
2071 5398 2348 5463 Dominus,
2384 5398 2561 5451 factus
2589 5397 2852 5450 obediens
2887 5407 3061 5461 usque
3093 5393 3158 5446 ad
3212 5404 3443 5444 mortem

183 5483 479 5553 γενόμενος
536 5486 699 5556 μέχρι
745 5486 983 5542 θανάτου
1033 5482 1302 5559 σταυροῦ’
1343 5485 1488 5543 οὕτω
1520 5488 1618 5544 καὶ
1673 5491 1773 5562 τὴν

1868 5490 2049 5545 crucis
2081 5490 2123 5521 "
2163 5508 2176 5543 :
2211 5499 2281 5543 Ita
2350 5489 2482 5559 legis
2526 5504 2768 5559 quoque,
2801 5489 3212 5555 voluntatisqnc
3246 5486 3449 5540 divinae

184 5581 472 5649 παρακοὴν
518 5577 615 5632 τοῦ
650 5580 840 5651 νόμου,
884 5580 979 5634 καὶ
1017 5580 1105 5635 τοῦ
1147 5581 1453 5654 θελήματος
1485 5585 1581 5637 τοῦ
1610 5584 1770 5650 Θεοῦ,

1873 5584 2385 5654 transgressitmcm,
2417 5598 2577 5651 quam
2612 5591 2956 5650 perpetrarat
2995 5594 3209 5644 servus,
3237 5578 3352 5648 ipse
3398 5578 3450 5631 in

284 5781 343 5853 ’ξ
365 5780 519 5853 bent.
548 5797 617 5841 vt.
644 5781 712 5853 ὗς
750 5780 935 5839 Matth.
966 5800 1100 5851 xstt,
1130 5783 1219 5853 37,
1255 5789 1344 5843 ὅτ).
1424 5787 1466 5819 ’⁷
1496 5788 1684 5844 Matth.
1721 5804 1780 5853 γ,
1824 5788 1874 5842 5.

1852 5814 1874 5841 ι.
1991 5788 2034 5816 η
2070 5788 2197 5841 una.
2236 5787 2286 5840 δ.
2397 5788 2442 5818 υ
2494 5785 2623 5841 iuta.
2682 5786 2733 5851 ι,
2768 5785 2822 5847 8,
2860 5789 2909 5849 9.
3011 5786 3051 5817 ιο
3113 5786 3224 5837 Cal.
3270 5796 3320 5845 ν,
3356 5784 3442 5834 ~22.

202 5847 238 5879 ’θ
315 5848 548 5923 Philipp.
578 5869 640 5919 ιι,
680 5851 730 5906 7.
763 5856 815 5905 ιι.
