4026 6308
150 149 174 212 l
190 148 281 214 185

424 259 536 315 Τοῦ
561 261 771 325 αὐτοῦ,
805 261 872 316 ἐκ
903 260 1009 316 τοῦ
1040 261 1225 317 αὐτοῦ
1253 262 1459 331 λόγου.

221 352 279 406 '0
305 350 415 421 γὰρ
448 353 513 421 τῇ
544 352 719 423 οίκείᾳ
749 354 898 422 φωνῇ
946 353 1125 404 πᾶσαν
1154 353 1251 423 τὴν
1277 352 1384 404 τῶν
1411 350 1714 423 ἀνθρώπων

148 444 313 516 φύσιν
331 445 396 497 ὲκ
421 444 529 497 τῶν
556 445 745 512 τάφων
774 445 1078 512 ἀναστῆσαι
1111 443 1343 514 μέλλων,
1381 444 1499 506 πῶς
1524 443 1717 496 ἐδεδοί-

144 552 225 591 κει
269 535 540 601 θάνατον;
600 534 814 589 Οὐκοῦν
862 535 1220 605 πιστούμενος
1271 536 1330 588 τὸ
1377 535 1716 603 ἀνθρώπινον

145 626 330 682 ἑαυτοῦ
381 627 479 690 τὰς
526 625 635 679 τῶν
682 626 949 696 αἱρέσεων
990 626 1284 689 ἀπιστίας.
1332 626 1524 680 τούτου
1557 627 1716 698 χάριν

146 719 232 774 καὶ
263 716 550 787 πράγμασι
584 717 680 769 καὶ
711 719 952 788 ῥήμασιν
991 718 1085 769 ἐπὶ
1114 716 1174 769 τὸ
1196 717 1373 780 πάθος
1401 708 1713 786 ἐρχόμενος,

145 810 495 881 ἀνθρωπίνοις
544 808 834 881 κέχρηται.
875 807 975 861 Διὸ
1037 809 1133 861 καὶ⁸
1180 806 1573 877 προσεύχεται,
1620 808 1717 860 καὶ

148 902 277 970 ίδροῖ
306 902 430 963 τοὺς
456 898 807 971 αἱματὼδους
843 898 1115 970 θρόμϐους
1138 938 1153 963 ,
1205 902 1298 953 uati.
1350 899 1456 952 ὑπὸ
1481 898 1715 966 ἀγγέλου

144 996 170 1046 ὁ
208 994 312 1046 τῶν
339 993 596 1060 ,ἀγγέλων
631 992 865 1062 Ποιητὴς
906 992 1219 1062 ἐνισχύεται
1251 992 1344 1044 καὶ
1369 991 1713 1060 θρασοποιεῖ⁸

142 1103 257 1146 ται,
293 1085 387 1137 καὶ
423 1083 719 1155 παρελθεῖν
749 1083 914 1136 αὐτὸν
943 1083 1006 1136 τὸ
1038 1084 1298 1154 ποτήριον
1324 1085 1496 1144 αἰτεῖ.
1533 1082 1626 1135 καὶ
1657 1081 1717 1134 τὸ

100 1217 103 1220 .
140 1174 479 1244 ἀνθρώπινον
530 1170 699 1226 αὐτοῦ
743 1172 956 1242 θέλημα
1009 1171 1288 1226 ὑποκλίνει
1332 1170 1419 1241 τῷ
1464 1169 1716 1241 πατρικῷ

140 1268 233 1319 καὶ
257 1266 385 1335 θείῳ
413 1263 579 1318 αὐτοῦ
612 1265 879 1335 θελήματι
909 1265 1109 1331 λέγων·
1151 1250 1325 1329 Πλὴν
1346 1263 1431 1331 μὴ
1461 1262 1527 1315 τὸ
1557 1262 1708 1329 ἐμὸν

145 1359 364 1425 θέλημα
404 1355 702 1425 γενέσθω,
739 1355 904 1409 ἀλ.ιὰ
936 1357 997 1408 τὸ
1031 1355 1148 1409 σόν
1170 1370 1184 1386 ’
1236 1355 1297 1407 οὐ
1328 1353 1717 1424 διαίρεσιν,κα“ι

144 1451 489 1520 ἐναντιότητα
537 1447 861 1518 θελημάτων
907 1448 1160 1510 δεικνὺς,
1216 1446 1353 1501 ἀλλὰ
1404 1448 1465 1500 τὸ
1511 1444 1716 1500 τέλειον

144 1544 197 1594 ὲν
222 1540 622 1610 ἀνθρωπότητι.
674 1538 734 1591 '0
772 1539 880 1607 γὰρ
924 1540 1025 1607 τὴν
1062 1537 1225 1607 φύσιν
1261 1537 1713 1608 καταδεξάμενος,

143 1633 356 1694 ,πάντως
390 1631 485 1682 καὶ
510 1629 580 1681 τά
604 1628 705 1697 τῆς
731 1627 948 1695 φύσεως
982 1625 1320 1696 ᾠκειώσατο.

148 1741 251 1796 Τοῦ
295 1741 469 1809 ἁγίου
514 1738 874 1809 Ἀθανασῖου
901 1735 969 1789 ἐκ
1004 1735 1110 1809 τοῦ
1142 1736 1329 1809 λόγου
1366 1732 1469 1787 τοῦ
1503 1735 1589 1809 εἰς
1622 1733 1709 1786 τό·

256 1830 275 1862 ι
303 1804 517 1878 Κῦριος
533 1807 735 1862 ἐκτισέ
764 1824 865 1877 με,
907 1825 925 1858 ι
957 1806 1054 1859 καὶ
1084 1807 1235 1859 κατὰ
1271 1804 1600 1872 Ἀρειανῶν.

130 1903 135 1908 ’
212 1902 321 1954 Καὶ
371 1900 503 1968 γοῦν
557 1898 652 1952 ἐπὶ
707 1898 799 1950 τὸν
843 1897 1074 1967 σταυρὸν
1130 1896 1446 1966 ἐρχόμενος,
1481 1893 1714 1955 ἐκτενῶς

144 1991 504 2061 προσεύχεται
571 1991 664 2043 καὶ
720 1990 783 2041 τὸ
833 1989 961 2057 γόνυ
992 1988 1160 2041 κλίνει
1195 2029 1210 2053 ,
1243 1987 1419 2053 λέγων
1449 2003 1463 2017 ·
1500 1985 1710 2052 Πάτερ,

142 2081 477 2147 παρελθέτω
525 2078 628 2133 ἀπ’
659 2077 813 2146 ἐμοῦ
848 2078 915 2131 τὸ
953 2075 1242 2144 ποτήριον
1306 2074 1481 2129 τοῦτο
1502 2091 1515 2106 ·
1544 2074 1715 2141 πλὴν

137 2169 219 2238 μὴ
255 2171 318 2222 τὸ
358 2169 506 2237 ἐμὸν
537 2168 766 2236 θέλημα
791 2166 1076 2234 γενέσθω,
1106 2166 1265 2219 ἀλλὰ
1298 2164 1365 2217 τὸ
1393 2164 1511 2217 σόν
1539 2179 1553 2193 ⁶
1580 2164 1714 2217 -ίδιον

143 2261 298 2315 αὑτοῦ
363 2262 576 2333 θέλημα
627 2259 802 2326 λέγων
849 2259 912 2310 τὸ
948 2258 1048 2326 τῆς
1083 2256 1324 2327 σαργόςο
1386 2257 1580 2325 ὅτιπερ
1619 2256 1714 2309 καὶ

144 2353 307 2425 αὐτὴν
330 2352 432 2423 τὴν
472 2351 749 2420 ἡμετέραν
785 2349 966 2417 σάρκα
994 2346 1261 2416 ὲν.ἐαυτῷ
1295 2342 1636 2416 ᾠκειώσατο.

154 2464 525 2533 Ἀντιπάτρου
572 2462 913 2533 ἐπισκόπου
967 2464 1248 2533 Βόστρων
1302 2460 1400 2529 (ό).
1465 2459 1561 2512 Ἐκ
1604 2457 1713 2513 τοῦ

451 2537 639 2602 ,λόγου
691 2532 795 2585 τοῦ
837 2534 924 2596 εὶς
956 2532 1062 2583 τὸν
1114 2533 1399 2596 σταυρόν⁴

209 2624 314 2676 Τοῦ
356 2623 465 2691 γάρ
493 2621 838 2690 ἀνθρωπίνου
874 2619 972 2688 τῆς
1007 2618 1285 2689 ἡμετέρας
1314 2617 1532 2688 φύσεως
1562 2617 1715 2686 θελή-

144 2730 304 2782 ματος
353 2714 412 2764 ὲν
440 2708 678 2781 Χριστῷ,
699 2709 824 2779 περί
847 2701 908 2760 οὗ
941 2707 1206 2776 (murali;
1228 2707 1294 2761 τὸ
1322 2706 1470 2776 ἐμὸν
1488 2706 1716 2775 θέλημα

147 2803 400 2872 γενέσθω
427 2842 443 2867 ,
474 2801 635 2855 ἀλλὰ
675 2799 743 2853 τὸ
777 2799 893 2852 σὺν
916 2838 931 2862 ,
978 2798 1108 2850 ίδιον
1146 2793 1214 2868 ἦν
1259 2798 1292 2867 ὴ
1350 2797 1442 2851 τοῦ
1481 2798 1713 2851 θανάτου

1311 152 1611 215 CONTRA
1648 151 2245 217 MONOPHYSITAS.

1747 262 1827 322 Α.

3242 158 3387 223 1156

2122 252 2397 334 Ejusdem,
2416 281 2478 319 ex
2508 266 2682 319 eodem
2711 268 3110 322 commentario.

1852 342 1855 345 ’
1890 354 1993 422 Qui
2033 371 2167 411 voce
2205 372 2303 411 sua
2343 359 2659 413 universum
2710 360 2993 413 hominum
3048 377 3220 431 genus
3248 378 3280 417 e
3304 378 3397 420 se‘

1818 447 2025 516 pulcris
2061 450 2491 504 resuscitaturus
2520 458 2625 511 est,
2655 450 2935 518 quonde
2971 453 3221 508 timuerit
3249 470 3402 509 mor-

1816 539 1969 592 tem?
2023 538 2092 593 Ut
2144 539 2332 609 igitur,
2381 541 2450 594 ob
2496 541 2880 595 haereticorum
2930 543 3397 610 incredulitatem,

1819 628 2072 684 humana:
2112 630 2287 699 ipsius
2326 640 2537 685 natura:
2569 630 2730 686 ﬁdem
2765 641 3061 696 astrueret,
3092 635 3237 698 ideo,
3270 651 3398 691 cun

1817 721 1882 774 ad
1925 721 2234 789 passionem
2278 737 2336 777 se
2369 723 2705 793 accingeret,
2738 724 2985 778 humano
3021 741 3171 779 more
3201 736 3258 781 et
3286 729 3402 798 egit

1817 817 1875 862 et
1907 809 2127 863 locutus
2149 817 2251 863 est.
2287 807 2634 879 Quapropter
2654 811 2829 865 etiam
2864 821 3003 873 orat,
3028 821 3084 866 et
3114 814 3401 884 sanguims

1820 908 2004 969 guttas
2035 899 2286 963 desudat,
2332 909 2389 954 et
2430 901 2499 955 ab
2526 903 2741 972 angelo,
2774 904 3105 972 angelorum
3138 903 3396 970 Creator,

1821 992 2022 1045 robore
2070 1007 2134 1046 ac
2183 991 2383 1046 ﬁducia
2419 992 2714 1057 imbuitur,
2756 1003 2813 1049 et
2862 1004 2921 1048 ut
2970 996 3107 1049 calix
3157 1005 3401 1052 transeat

1819 1093 2099 1153 precatur,
2126 1092 2183 1138 et
2223 1084 2518 1139 humanam
2551 1086 2728 1155 ipsius
2752 1087 3090 1143 voluntatem
3123 1091 3402 1146 subiti-iuit

1820 1175 2396 1247 paternadivinmqne
2430 1179 2702 1233 voluntati
2730 1181 2958 1235 dicens:
2998 1182 3259 1237 Cancrum
3292 1201 3399 1237 non

1820 1282 1936 1320 mea
1958 1266 2077 1334 ﬁat,
2101 1268 2195 1320 sed
2220 1278 2312 1322 tua
2341 1268 2607 1334 voluntas,
2651 1270 2730 1325 sic.
2759 1274 3057 1327 ostendens
3100 1289 3209 1327 non
3254 1274 3398 1328 divi-

1819 1359 2034 1413 sionem
2091 1369 2191 1414 au't
2237 1363 2691 1419 contrarietatem
2729 1364 3095 1429 voluntatum,
3143 1365 3238 1420 sed
3276 1381 3403 1435 per-

1820 1451 2020 1505 fectam
2053 1450 2476 1507 humanitatem.
2493 1452 2595 1520 Qui
2616 1455 2762 1509 enim
2790 1463 3040 1510 naturam
3058 1441 3398 1526 (humanam)

1824 1541 2103 1605 induerat,
2149 1543 2378 1597 omnino
2425 1544 2590 1599 etiam
2639 1562 2762 1616 qua:
2797 1555 3007 1602 naturae
3049 1557 3254 1613 essent,
3294 1550 3399 1605 sibi

1818 1635 2214 1704 appropriavit.

1815 1746 1881 1801 E.
1918 1745 1975 1801 S.
2011 1748 2294 1802 Athanasii
2334 1752 2710 1804 commentario
2751 1752 2805 1804 in
2845 1751 2981 1805 illud
3018 1771 3037 1807 :
3079 1771 3097 1804 ι
3144 1752 3398 1807 Dominus

2115 1821 2312 1873 creavit
2340 1836 2442 1884 me,
2480 1840 2497 1870 ι
2534 1828 2584 1873 et
2616 1830 2798 1875 contra
2828 1823 3078 1876 Arianos.

1882 1907 2018 1962 Cum
2052 1908 2105 1962 in
2137 1924 2204 1962 eo
2232 1918 2318 1964 est
2351 1918 2412 1963 ut
2438 1910 2620 1965 crucis
2652 1919 2884 1965 mortem
2915 1912 3110 1967 subeat
3132 1954 3146 1975 ,
3181 1912 3397 1968 intense

1814 2015 1878 2054 ac
1900 2001 2135 2070 genibus
2160 2000 2313 2056 ﬂexis
2334 2010 2456 2067 orat
2481 2003 2630 2056 hunc
2655 2003 2708 2057 in
2736 2004 2958 2058 modum
2983 2022 2995 2057 :
3023 2004 3203 2067 Pater,
3224 2015 3400 2060 trans-

1814 2100 1901 2144 eat
1933 2109 1965 2145 a
1998 2108 2079 2146 me
2113 2094 2254 2145 calix
2285 2095 2413 2157 iste;
2443 2102 2806 2149 uerumtamen
2840 2112 2945 2149 non
2979 2113 3095 2149 mea
3130 2096 3395 2159 voluntas.

1812 2184 1903 2237 sed
1934 2194 2023 2236 tua
2052 2183 2182 2249 ﬁat,
2209 2199 2363 2237 suam
2395 2185 2588 2240 dicens
2613 2187 2952 2241 voluntatem
2984 2187 3195 2253 carnis,
3226 2185 3399 2260 siqui-

1813 2276 1939 2330 dem
1973 2274 2149 2345 ipsam
2181 2284 2427 2329 nostram
2465 2291 2689 2332 carnem
2727 2277 2927 2334 induit.

1814 2468 2085 2538 Antipatri
2138 2468 2435 2525 Bostrensix
2489 2473 2715 2542 epismpi
2739 2514 2753 2539 ,
2804 2488 2870 2526 ex
2919 2474 3287 2529 dissertatione
3337 2478 3393 2530 in

2486 2558 2716 2596 crucem.

1884 2628 2199 2685 Secundum
2244 2631 2541 2688 humanam
2580 2633 2917 2688 voluntatem
2954 2649 3063 2704 qua
3107 2636 3250 2691 sicut
3293 2652 3394 2691 nrs

1813 2716 2076 2786 praeditus
2109 2726 2231 2772 erat
2260 2717 2514 2774 Christus
2533 2760 2548 2785 ,
2580 2720 2727 2774 unde
2760 2720 2895 2775 dicit
2922 2737 2936 2774 :
2965 2719 3084 2775 Non
3122 2739 3239 2777 mea
3261 2764 3275 2788 ,
3302 2725 3393 2777 seti

1814 2815 1908 2862 tua
1959 2807 2058 2876 ﬁat
2105 2808 2383 2876 voluntas,
2435 2819 2667 2865 mortem
2719 2811 3087 2880 detrectavit;
3144 2815 3390 2882 etenim,

142 2893 474 2962 παραίτησις
496 2907 509 2921 ·
529 2890 845 2960 προεμήνυε
888 2888 993 2959 γὰρ
1020 2887 1095 2951 ὼς
1124 2888 1254 2951 Θεὸς
1283 2889 1364 2942 ὅτι
1379 2889 1706 2960 παρέρχεται

1823 2909 1923 2963 qua
1961 2894 2105 2949 Deus
2140 2896 2393 2965 praedixit
2430 2897 2658 2952 calicem
2701 2898 2878 2969 ipsum
2918 2915 3041 2955 esse
3082 2904 3357 2972 prmteritu
3382 2935 3395 2948 -

141 2983 297 3035 αὑτὸν
323 2984 390 3036 τὸ
418 2983 696 3050 ποτήριον.
741 2978 966 3068 Ἀνέστη
1002 2979 1108 3047 γὰρ
1134 2980 1439 3049 τριήμερος
1459 3018 1475 3043 ,
1509 2980 1710 3032 ἀθανα-

140 3072 285 3137 τίσας
348 3074 452 3145 τὴν
501 3074 680 3144 σάρκα
704 3112 719 3139 ,
754 3072 851 3127 καὶ
895 3070 1194 3141 συντρίψας
1245 3071 1306 3124 τὸ
1349 3069 1443 3125 τοῦ
1483 3070 1717 3126 θανάτου

144 3168 420 3237 ποτήριον.

146 3280 252 3335 Τοῦ
283 3283 502 3346 αὐτοῦ,
535 3280 604 3334 ἐκ
638 3279 742 3334 τοῦ
770 3278 958 3333 αὑτοῦ
1003 3278 1189 3347 λόγου
1229 3276 1381 3330 κατὰ
1416 3276 1757 3333 Ἀπολλινα·

845 3366 1008 3416 ριυυ.

219 3441 278 3495 '0
306 3441 441 3512 γοῦν
483 3440 826 3511 ὑπὲρ-ήμῶν
874 3437 1065 3491 παθὼν
1110 3438 1169 3491 οὐ
1226 3436 1385 3508 μόνον
1444 3432 1719 3507 ἁμαρτίαν

143 3532 241 3585 οὐκ
268 3535 557 3603 εποίησεν,
591 3531 726 3585 ἀλλά
753 3531 847 3583 καὶ
880 3530 977 3591 τὰς
1025 3528 1181 3600 ῥίζας
1222 3529 1323 3598 τῆς
1354 3528 1627 3598 ἁμαρτίας
1655 3529 1720 3581 ἐκ

143 3623 407 3691 θεμελίων
456 3622 768 3693 ἀνέτρεψεν.
798 3620 1010 3674 Οὐκοῦν
1060 3620 1162 3690 οὐχ
1214 3619 1289 3681 ὡς
1321 3620 1564 3682 ἐναντίος
1589 3619 1712 3691 Θεῷ

141 3711 215 3766 ὢν
241 3715 413 3783 λέγει,
445 3717 503 3767 Μ
506 3714 542 3781 ἡ
576 3713 644 3767 τὸ
670 3714 817 3781 ἐμὸν
837 3712 1068 3781 θέλημα
1090 3710 1375 3780 γενέσθω,
1399 3709 1511 3764 ἀλλ’
1530 3711 1721 3763 ὑποτυο

141 3809 344 3869 πὼσεις
410 3809 546 3876 ἡμῖν
599 3805 859 3875 παρέχων
919 3804 1035 3867 πῶς
1109 3806 1168 3857 ἐν
1225 3806 1337 3866 τοῖς
1391 3805 1721 3872 πειρασμοῖς

140 3897 546 3968 προσεύχεσθαι
575 3896 714 3966 Θεῷ.
760 3896 824 3949 Εἰ
850 3895 906 3948 δὲ
933 3894 1025 3947 διὰ
1052 3896 1112 3949 τὸ
1134 3895 1333 3961 λέγειν,
1368 3895 1465 3962 Μὴ
1485 3895 1551 3948 τὸ
1575 3895 1723 3964 ἐμὸν

140 3990 370 4058 θέλημα
398 3988 682 4058 γενέσθω,
715 3990 930 4057 ἀναιρεῖ
958 3987 1124 4040 αὐτοῦ
1154 3990 1217 4040 τὸ
1255 3986 1438 4058 νοερὸν
1474 3986 1573 4056 τῆς
1620 3986 1722 4057 ψυ-

121 4078 260 4145 χῆςί
274 4082 290 4103 ’
306 4079 704 4152 mmmam,
730 4079 934 4151 ἄψυχον
958 4079 1122 4132 αὐτοῦ
1148 4080 1239 4132 καὶ
1256 4078 1416 4133 ἄνουν
1437 4077 1721 4148 κηρύττων

140 4173 235 4239 τὴν
266 4173 568 4241 σάρκωσιν.
598 4174 781 4242 πολλῴ
804 4175 985 4226 πλεῖον
1008 4172 1102 4225 τοῦ
1127 4167 1392 4240 φιλοζὼου
1419 4170 1722 4240 θελήματος

1817 3001 1962 3040 rum.
1986 2985 2259 3041 Nimirum
2289 2995 2416 3057 post
2446 2995 2558 3042 tres
2588 2987 2707 3043 dies
2737 2991 3069 3053 resurrexit,
3102 3000 3389 3062 postquam

1817 3089 2039 3130 carnem
2071 3074 2484 3132 immortalitate
2515 3076 2818 3133 donaverat
2847 3086 2905 3134 et
2937 3081 3132 3136 mortis
3163 3080 3387 3135 calicem

1815 3165 2184 3236 confregerat.

1927 3277 2205 3343 Ejusdem,
2236 3292 2300 3332 ea:
2328 3286 2557 3332 tractatu
2589 3278 2839 3335 adversus
2865 3281 3275 3355 Apollinarium.

1889 3435 1993 3504 Qui
2021 3435 2188 3508 igitur
2211 3452 2315 3506 pro
2338 3437 2500 3491 nobis
2525 3453 2721 3507 passus
2748 3448 2851 3505 est,
2879 3456 2989 3495 non
3018 3450 3230 3497 tantum
3264 3455 3392 3510 prc-

1820 3539 2002 3584 catum
2031 3544 2143 3583 non
2177 3528 2328 3596 fecit,
2359 3544 2551 3583 verum
2584 3531 2749 3585 etiam
2783 3533 2993 3601 peccati
3030 3534 3240 3588 radices
3272 3531 3399 3589 fun.

1816 3620 1970 3675 ditus
1999 3620 2219 3675 evulsit.
2247 3621 2429 3688 Quare
2467 3621 2613 3675 haud
2643 3623 2797 3677 velut
2826 3624 2938 3678 Deo
2969 3632 3278 3679 retractans
3307 3623 3397 3679 di-

1821 3712 1920 3777 cit,
1957 3711 2071 3766 Non
2111 3725 2229 3765 mea
2258 3710 2360 3778 ﬁat
2390 3708 2675 3776 voluntas;
2708 3712 2804 3767 sed
2835 3722 2900 3768 ut
2932 3714 3094 3769 nobis
3125 3716 3397 3770 rationem

1823 3801 2077 3857 ostendat
2105 3799 2383 3871 quomodo
2416 3800 2472 3854 in
2500 3799 2910 3855 tentationibus
2942 3803 3156 3871 precari
3191 3803 3399 3857 debea-

1805 3892 1965 3947 mus.
1997 3891 2054 3946 Si
2080 3906 2213 3947 vero
2236 3889 2611 3960 Apollinarius
2638 3897 2937 3960 propterea
2964 3891 3113 3961 quod
3142 3889 3398 3948 Christus

1821 3990 1980 4056 dixit,
2003 3987 2121 4043 Non
2145 4003 2263 4042 mea
2285 3986 2384 4055 ﬁat
2409 3987 2676 4051 voluntas,
2700 3987 3032 4043 rationabile
3055 3987 3176 4058 ejus
3203 3986 3401 4042 anima.-
3483 3981 3493 3993 ’

1823 4082 1985 4146 tollit,
2015 4089 2093 4142 et,
2119 4088 2304 4134 mente
2333 4078 2480 4149 capti
2514 4078 2708 4137 instar.
2738 4076 3249 4132 inhumanationem
3279 4077 3400 4147 ejus

1823 4172 1942 4227 sine
1972 4171 2155 4226 anima
2182 4180 2240 4225 et
2267 4177 2451 4224 mente
2481 4169 2649 4223 fuisse
2680 4167 2992 4235 contendit,
3023 4169 3198 4225 multo
3228 4169 3402 4239 magis

137 4263 475 4334 ἐφύϐριστόν
514 4267 630 4319 ἐστι
677 4265 857 4326 λέγειν
890 4265 980 4318 τὸν
1009 4263 1249 4335 Χριστὸν
1286 4263 1581 4332 γενόμενον
1619 4280 1717 4315 κα-

1823 4278 1984 4333 quam
2011 4261 2159 4332 quod
2184 4261 2253 4316 de
2275 4261 2560 4314 voluntate
2583 4259 2712 4313 vita:
2739 4267 2958 4312 amante
2986 4259 3212 4313 habena
3230 4299 3245 4323 ,
3270 4273 3401 4313 con-

138 4358 316 4423 τάραν
348 4355 446 4408 καὶ
476 4357 777 4426 ἁμαρτίαν,
813 4358 911 4409 καὶ
940 4354 1308 4431 πειρασθεντα
1335 4354 1441 4408 ὑπὸ
1468 4353 1564 4407 τοῦ
1613 4356 1718 4408 Σασ

135 4448 273 4497 τανᾶ
311 4447 721 4517 τεσσαράκοντα
750 4449 984 4517 ἡμέρας,
1016 4448 1111 4501 καὶ
1141 4447 1380 4516 φυγόντα
1408 4446 1516 4500 ἀπὸ
1550 4444 1718 4517 Ἦρώ·

135 4530 226 4585 dou
254 4536 316 4586 ἐν
346 4534 635 4604 Αἰγύπτῳ,
676 4539 770 4588 καὶ⁵
799 4536 1233 4605 ὑποταττόμενον
1275 4535 1471 4607 Ἰωσὴφ
1519 4534 1596 4604 τῷ
1629 4535 1720 4587 τέ-

139 4641 318 4689 κῖονι,
360 4625 460 4679 καὶ
488 4627 870 4698 ἐνισχυόμενον
904 4627 1010 4681 ὑπὸ
1056 4626 1291 4696 ἀγγέλου
1320 4627 1397 4691 ὡς
1438 4626 1720 4681 δειλιῶντα

133 4718 226 4772 τὸν
253 4718 515 4774 θάνατον.

144 4921 406 4992 Ἐφραίμ
447 4921 553 4977 τοῦ
590 4919 925 4992 ἀγιωτάτουί
957 4920 1295 4975 ἐπισκόπου
1352 4920 1719 4992 Ἀντιοχε.·ἀς

353 4989 428 5045 ἐκ
470 4992 579 5046 τοῦ
600 4989 751 5046 κατὰ
777 4991 1040 5061 Σεϐήρου
1072 4992 1275 5059 τρίτου
1298 4989 1505 5059 λόγου.

208 5083 395 5155 Ὅπερ
423 5079 517 5138 οὖν
546 5084 604 5137 ἐν
629 5085 697 5154 τῇ
726 5082 848 5153 θείᾳ
878 5083 1040 5152 φύσει
1078 5081 1315 5151 διάφορα
1361 5079 1593 5150 λέγομεν
1618 5079 1719 5150 φύ-

134 5189 276 5240 σεως
339 5176 759 5242 ῑδια,τουτὲστι
814 5174 875 5228 τὸ
936 5174 1210 5236 ἄκτιστον.
1261 5172 1321 5225 τδ
1370 5173 1624 5242 ἄναρχον,
1657 5171 1720 5224 τὸ

132 5266 527 5328 ἀναλλοίωτον.
555 5267 614 5321 τὺ
659 5268 1098 5338 ἀπερίγραπτον,
1138 5266 1200 5319 τὸ
1234 5265 1502 5337 ἄτρεπτον
1533 5264 1720 5318 καὶτὰ

131 5361 346 5427 τούτοις
412 5363 620 5432 ἀδελφά
658 5380 717 5416 τε
766 5363 861 5416 καὶ
907 5360 1173 5431 σύμφωνα
1196 5363 1291 5417 καὶ
1315 5363 1380 5433 τῇ
1415 5360 1534 5431 θείᾳ
1561 5361 1722 5430 οὐσίᾳ

135 5452 273 5525 μόνῃ
316 5451 822 5523 ἁρμόζονταοοΰτω
854 5452 949 5504 καὶ
975 5452 1032 5503 ὲν
1064 5455 1130 5523 τῇ
1167 5453 1423 5522 θελητικῇ
1458 5450 1561 5517 τοῦ,
1584 5449 1718 5502 Θεοῦ

134 5540 366 5618 δυνάμει
399 5545 573 5599 πολλά
605 5543 739 5598 Θεοῦ
782 5545 841 5597 ἐν
868 5545 986 5605 ταῖς
1022 5541 1189 5608 θείαις
1235 5545 1476 5615 Γραφαῖς
1534 5541 1720 5611 λέγον-

1825 4354 2179 4409 tumeliosum
2208 4353 2317 4408 erit
2341 4353 2551 4416 dicere,
2573 4350 2855 4406 Christum
2883 4349 3087 4407 factum
3119 4365 3242 4404 esse
3270 4350 3404 4405 abo-

1825 4444 2185 4501 minationem
2215 4453 2273 4499 et
2301 4452 2611 4514 peccatum,
2636 4450 2694 4497 et
2718 4448 2991 4496 tentatum
3018 4456 3049 4495 a
3078 4440 3279 4496 Satana
3304 4457 3402 4511 per

1826 4537 2184 4608 quadraginta
2208 4536 2349 4601 dies,
2374 4545 2431 4589 et
2453 4535 2522 4589 ab
2546 4534 2761 4590 Herode
2783 4534 2988 4604 fugisse
3008 4532 3064 4587 in
3084 4531 3398 4604 Egyptum,

1826 4641 1883 4684 et
1912 4629 2220 4700 subjectum
2251 4627 2423 4683 fuisse
2451 4627 2692 4696 Josepho
2720 4626 2879 4681 fabro
2905 4625 3167 4695 lignario,
3195 4634 3251 4679 et
3281 4640 3402 4679 cor-

1825 4721 2143 4777 roboratum
2187 4720 2258 4775 ab
2306 4720 2501 4791 angelo
2546 4726 2610 4774 ut
2655 4718 2749 4789 qui
2797 4726 3033 4773 mortem
3080 4715 3405 4772 reformida-

1826 4815 1990 4869 verit.

1828 4925 1895 4982 E.
1921 4924 1978 4982 S.
2002 4925 2272 4997 Ephrwmi
2300 4925 2857 5051 episcotisieﬁengtglteni
2885 4924 3033 4977 tertio
3061 4923 3191 4977 libro
3218 4931 3401 4979 contra

1896 5083 2372 5151 Quemadmodum
2414 5085 2471 5138 in
2512 5084 2699 5139 divina
2742 5092 2937 5137 natura
2978 5083 3223 5138 diversas
3262 5083 3403 5139 dici-

1828 5191 1952 5231 mus
1987 5184 2201 5229 naturae
2239 5174 2627 5244 proprietates,
2671 5173 2826 5228 verbi
2868 5174 3067 5245 gratia,
3109 5172 3254 5244 quod
3292 5189 3401 5230 non

1827 5275 2012 5323 creata
2037 5265 2130 5330 sit,
2151 5264 2298 5334 quod
2330 5263 2489 5318 initio
2513 5272 2720 5328 careat,
2746 5263 2892 5333 quod
2921 5279 3029 5317 non
3058 5261 3401 5326 immutetur,

1827 5358 1974 5429 quod
2002 5356 2477 5424 incircumscripta
2502 5363 2559 5409 et
2585 5354 2884 5408 immobilis
2912 5354 3001 5408 sit.
3028 5364 3195 5424 atque
3223 5353 3310 5407 his
3332 5353 3406 5409 si-

1827 5449 1979 5503 milia
1999 5462 2122 5516 quae
2137 5444 2240 5500 soli
2261 5445 2462 5500 divina:
2484 5444 2740 5500 essentia:
2759 5443 3117 5507 conveniunt,
3144 5444 3218 5496 ita
3237 5443 3405 5498 etiam

1829 5541 1885 5596 in
1920 5537 2108 5594 divina
2138 5536 2360 5593 volendi
2394 5536 2654 5594 facultate
2690 5534 2874 5589 multae
2906 5533 2961 5587 in
2997 5532 3281 5604 Scriptura
3316 5550 3402 5591 sa-
