4026 6308
480 157 635 223 ’1199

1726 159 1788 221 S.
1828 158 2231 221 ANASTASII
2272 159 2597 222 SINAIT/E

3632 166 3777 232 1200

493 276 604 346 fui;
629 286 686 332 et
713 289 879 332 nemo
905 283 991 331 est
1022 274 1121 347 qui
1151 290 1242 332 me
1268 275 1500 341 liberet;
1535 290 1664 332 ecce
1692 275 1927 346 supplex
1953 291 2078 346 pre-

2204 292 2306 343 ιαι,
2335 274 2432 330 καλ⁵
2462 274 2638 341 οὐδεὶς
2675 278 2704 330 6
2730 278 3061 335 εἰσακούων.
3110 280 3350 354 Ἀληθῶς
3370 283 3558 337 δικαία
3592 285 3625 354 ή
3650 286 3780 356 κρι-

490 379 610 430 cor,
638 372 696 419 et
733 378 900 418 nemo
936 364 1141 435 estqui
1166 380 1256 419 me
1280 365 1489 419 audiat.
1524 365 1667 421 Vere
1705 365 1913 436 justum
1935 364 2082 437 judi-

491 457 640 512 cium
693 456 815 511 Dei.
872 455 1107 523 Quoties
1147 457 1295 511 enim
1323 456 1374 512 ei
1417 456 1802 527 paenitentiam
1828 457 2078 529 promisi,

490 558 549 602 et
579 531 804 604 rursum
849 548 1041 619 pejora
1066 546 1360 602 faciebaml
1425 549 1654 617 Quoties
1679 549 1786 621 mei
1819 550 2082 606 misertus

490 648 599 706 est,
633 648 690 695 et
712 654 936 695 rursum
964 639 1104 694 iram
1136 639 1260 712 ejus
1286 636 1596 697 concitavit
1856 634 1859 639 ’

563 731 694 786 Haec
737 731 1070 802 plerumque
1118 732 1462 791 moribundo
1508 734 1576 788 ad
1636 750 1739 790 nos
1778 744 2084 807 praesentes

494 825 759 890 dicente,
809 823 998 881 subito
1054 825 1178 897 ejus
1228 826 1476 899 vincitur
1528 825 1758 898 lingua,
1815 827 2085 882 avertitur

496 932 672 978 mens.
719 916 1022 973 turbantur
1064 915 1239 986 oculi,
1289 918 1468 975 donec
1498 920 1735 977 infernae
1779 928 2085 991 potestates

495 1011 765 1081 deinceps
817 1010 1298 1083 supervenerint;
1350 1011 1614 1083 quoniam
1671 1029 1782 1069 non
1839 1013 2083 1069 invocati

495 1109 791 1159 exactores
813 1103 882 1159 ad
919 1104 1166 1158 tribunal
1192 1119 1297 1159 nos
1322 1104 1612 1160 trahentes
1634 1105 1912 1173 deferunt,
1945 1120 2089 1176 quos

495 1204 554 1250 et
574 1196 798 1252 intuens
831 1195 1003 1251 miser
1038 1197 1233 1273 ltomo,
1286 1197 1392 1252 etsi
1449 1214 1546 1253 rex
1581 1198 1687 1264 sit,
1729 1199 1818 1254 vel
1867 1208 2084 1270 potens,

497 1288 582 1342 vc]
608 1297 900 1360 tyrannus,
930 1274 1092 1345 totus.
1109 1290 1449 1357 concutitur,
1476 1300 1534 1346 et
1573 1291 1793 1356 domus,
1823 1302 2087 1364 tanquam

498 1397 529 1434 «ι
581 1384 854 1435 terrarum
906 1383 1289 1451 quassatione,
1315 1391 1432 1438 tota
1466 1383 1912 1451 tremiscit,,tota
1951 1402 2087 1443 con-

501 1473 764 1528 turbatur
800 1516 815 1541 ,
869 1483 986 1530 tota
1048 1484 1280 1546 stupet,
1348 1485 1406 1530 et
1465 1478 1742 1533 excitatur
1820 1478 2092 1537 formido-

2186 386 2270 434 σις
2301 368 2400 423 τοῦ
2426 369 2585 424 Θεοῦ.
2612 370 2855 436 Ποσάκις
2883 371 2991 444 γὰρ
3019 372 3171 445 αὐτῷ
3198 379 3482 445 μετανοεῖν
3512 394 3782 431 συνετάσ-

2187 460 2362 531 σόμην
2394 460 2541 531 (35),
2561 461 2656 515 καὶ
2688 461 2861 515 ’πάλιν
2885 461 2954 517 τά
2977 462 3150 534 χείρω
3192 464 3637 537 διεπραττόμηνι
3674 470 3784 522 [Ιο-

2186 551 2345 616 σάκις
2373 569 2442 624 με
2469 553 2691 625 ἠλέησε,
2716 556 2812 608 καὶ⁸
2836 554 2996 609 πάλιν
3022 555 3356 629 παρώργισα
3388 562 3402 614 !

2257 731 2447 787 Ταῦτα
2482 722 2748 796 πολλάκις
2772 731 2867 787 τοῦ
2897 733 3269 799 τελευτῶντος
3292 736 3432 806 πρὸς
3463 738 3617 807 ἡμᾶς
3649 738 3783 803 τοὺς

2186 826 2465 899 παρόντας
2490 822 2900 898 διαλεγομένου,
2933 825 3199 899 ἐξαίφνης
3227 828 3518 900 δεσμεῖται
3545 833 3580 902 ή
3600 832 3781 900 γλῶσ-

2188 935 2278 983 σα,
2340 916 2660 973 ἀναπολεῖὸ
2706 917 2851 984 νοῦς,
2880 917 3225 973 ἀλλοιοῦνται
3258 920 3309 974 οἱ
3334 920 3785 993 δφθαλμοὶ,,ἡνίε

2188 1026 2260 1062 κα
2312 1010 2370 1061 ai
2418 1009 2742 1067 δεσποτικαὶ
2787 1009 3049 1081 δυνάμεις
3085 1010 3277 1065 λοιπὸν
3316 1013 3782 1083 παραγένωνται.

2191 1100 2316 1152 "Ott
2349 1099 2399 1152 οἱ
2445 1099 2832 1171 ἀπαράκλητοι
2881 1102 3187 1173 ἀπαιτηταὶ
3219 1103 3300 1167 εἰς
3334 1104 3398 1158 τὸ
3423 1105 3785 1178 δικαστήριον

2188 1192 2336 1262 ἡμᾶς
2365 1191 2616 1268 ἕλκοντες
2647 1194 3046 1266 ἀποφέρουσιν,
3098 1194 3197 1260 οὓς
3245 1197 3341 1251 καὶ
3382 1197 3730 1268 θεασάμενος
3752 1199 3785 1252 6

2189 1285 2540 1358 ταλαίπωρος
2565 1286 2875 1359 ἄνθρωπος,
2902 1287 3007 1342 κᾶν
3036 1287 3292 1359 βασιλεύς
3320 1278 3460 1356 ἐστι,
3494 1292 3603 1345 κᾶν
3625 1293 3784 1347 δυνά·

2194 1394 2347 1448 στης,
2385 1378 2491 1433 κᾶν
2529 1379 2830 1453 τύραννος,
2864 1378 2987 1443 ὅλος
3029 1380 3288 1447 δονεῖται,
3309 1381 3407 1433 καὶ
3441 1384 3469 1434 6
3495 1377 3670 1446 οῖκος,
3706 1382 3781 1445 ὡς

2191 1471 2301 1525 ἀπὸ
2357 1469 2608 1540 σεισμοῦ,
2664 1469 2785 1534 ὅλος
2832 1471 3053 1542 τρέμει,
3106 1471 3228 1535 ὅλος
3268 1474 3623 1543 ταράττεται,
3660 1473 3784 1536 ὅλος

502 1567 650 1621 losas
680 1565 879 1622 videns
922 1575 1248 1637 potestates,
1292 1567 1492 1624 videns
1542 1567 1749 1627 formas
1777 1579 1999 1627 exteras
2037 1582 2092 1628 et

502 1657 772 1681 -.!-I-_a-_
822 1659 1015 1681 --2,1---
1055 1659 1310 1681 -,ι-...,-
1366 1674 1495 1681 -----
1531 1676 1809 1681 ---“ῌ,-Αᾼ,
1854 1674 1997 1681 -,,,.,
2050 1680 2055 1681 ,

2204 1561 2488 1632 Βαμϐεῑται
2526 1564 2621 1617 καὶ
2671 1564 2952 1631 ἐξίσταται
3004 1565 3150 1638 ὁρῶν
3202 1566 3469 1637 δυνάμεις
3514 1566 3783 1636 φοϐερὰς,

2204 1651 2337 1681 Buff...
2371 1651 2588 1681 ....-..2.-
2639 1650 2792 1681 ειη..-
2831 1655 2919 1681 ...Α
2965 1656 3231 1681 ..-.......L-
3284 1652 3423 1681 1-.....
3457 1654 3614 1681 -LC.-.
3642 1657 3756 1681 [an

500 1657 794 1724 violentas,
822 1659 1018 1713 videns
1050 1659 1333 1726 cohortes,
1359 1674 1498 1731 quas
1531 1676 1816 1732 nunquam
1844 1674 2094 1721 eontem-

2204 1651 2337 1720 δρῶν
2371 1651 2588 1722 μορφάς
2637 1650 2792 1718 ξένας
2831 1655 2925 1708 καὶ
2965 1656 3251 1725 κραταιὰς,
3282 1652 3424 1727 ὁρῶν
3457 1654 3615 1716 τάξιν
3641 1657 3780 1726 (δι),

501 1748 686 1823 platus
714 1754 826 1807 'est.
871 1752 999 1809 Haac
1036 1764 1169 1809 tunc
1215 1754 1414 1811 obiens
1453 1757 1643 1822 videt,
1674 1772 1776 1813 nos
1815 1774 1952 1813 vero
1978 1759 2093 1830 jam

502 1860 614 1898 non
649 1844 835 1909 videt;
878 1845 973 1899 sed
999 1845 1066 1899 ad
1097 1855 1366 1903 vocantes
1405 1865 1531 1904 eum
1563 1857 1871 1921 potestates
1899 1867 2096 1907 exsur-

502 1935 584 2006 git
619 1936 986 2005 stupefactus.
1018 1939 1183 1995 Forte
1219 1949 1276 1995 et
1316 1943 1617 2003 nonnullas
1661 1959 1857 2014 preces
1897 1946 1964 2000 ad
1999 1958 2095 2001 eas

505 2027 690 2083 fundit
734 2031 1057 2094 mussitans,
1105 2042 1373 2102 quantum
1418 2035 1604 2105 lingua
1634 2036 1782 2105 loqui
1812 2039 1982 2094 valet.
2015 2039 2095 2094 Ex

504 2121 714 2193 quibus
747 2122 932 2177 verbis
961 2131 1018 2176 et
1050 2125 1217 2179 rebus
1261 2137 1563 2195 praesentes
1592 2130 1923 2200 plerumque
1956 2148 2094 2191 con-

499 2213 724 2284 jicimus
758 2213 903 2284 quod
940 2215 1267 2286 tyrannicas
1294 2226 1604 2287 potestates
1626 2218 1788 2286 vidit,
1818 2227 1875 2274 et
1902 2236 2097 2278 omnes

504 2314 751 2360 tremore
794 2308 993 2372 abortu
1034 2304 1459 2373 horrescimus;
1499 2318 1556 2363 et
1587 2309 1736 2364 inter
1769 2318 1874 2367 nos
1914 2310 2098 2373 innui-

505 2411 631 2450 mus
661 2395 916 2452 dicentes
950 2414 961 2449 :
995 2398 1323 2464 Precemur,
1364 2399 1588 2467 fratres,
1622 2401 1679 2455 in
1714 2417 1914 2474 magno
1944 2386 2094 2459 enim

506 2487 813 2543 certamine
845 2500 1120 2545 versatur.
1165 2490 1497 2545 Meditemur
1529 2501 1587 2547 et
1613 2491 1681 2548 de
1711 2492 1803 2548 illa
1833 2493 1971 2550 hora
1999 2510 2097 2549 co-

506 2580 766 2650 gitemus.
796 2579 938 2646 Quid
977 2582 1127 2635 enim
1157 2590 1243 2637 est
1270 2583 1471 2639 homo?
1497 2585 1670 2643 Nihil.
1709 2586 1853 2654 Quid
1887 2587 2097 2644 homo?

506 2672 748 2735 vermis,
780 2672 944 2739 cinis,
997 2673 1190 2727 umbra
1215 2716 1229 2739 ,
1297 2676 1598 2733 somnium.
1639 2677 1784 2734 Ecce
1840 2680 2095 2747 transiit,

507 2776 638 2815 ecce
670 2760 830 2827 abiit,
862 2777 992 2816 ecce
1040 2764 1298 2829 cessavit,
1326 2780 1455 2819 ecce
1494 2768 1793 2837 requievit.
1845 2768 1948 2824 Hic
1981 2786 2095 2826 ma-

509 2869 670 2924 gnus,
704 2853 975 2920 invictus,
1008 2865 1229 2926 potens,
1272 2858 1511 2925 validus,
1539 2859 1688 2931 jacet
1727 2861 1819 2916 ovi
1868 2863 2092 2931 mitior;

2195 1742 2261 1813 ἣν
2299 1744 2557 1797 οὐδέποτε
2604 1744 2904 1800 ἐθεάσατο*
2950 1748 3125 1802 ταῦτα
3174 1750 3298 1802 τότε
3346 1751 3375 1801 6
3430 1749 3784 1818 ἀπαγόμενος

2195 1837 2320 1906 δρᾷ,
2355 1837 2503 1907 ἡμᾶς
2535 1837 2592 1891 δὲ
2650 1838 2837 1891 οὐκέτι
2887 1830 3122 1910 καθορᾷ,
3153 1840 3291 1893 άλλά
3353 1841 3491 1910 πρὸς
3533 1840 3636 1903 τὰς
3682 1859 3783 1894 κα-

2195 1927 2396 1992 λούσας
2429 1928 2690 1999 δυνάμεις
2726 1929 3031 2001 Θαμϐηθεὶς
3060 1932 3363 1996 ἐξίσταται.
3401 1933 3562 1995 Ἴσως
3593 1932 3651 1985 δὲ
3690 1933 3781 1987 καί

2194 2036 2351 2083 τινας
2376 2020 2590 2092 δεήσεις
2624 2021 2760 2092 πρὸς
2780 2022 2949 2086 αὑτάς
2982 2025 3217 2076 ποιεῖται
3238 2021 3567 2095 ψιθυρίζων,
3597 2024 3784 2086 καθὼς

2196 2111 2230 2181 ἡ
2263 2110 2488 2180 γλῶσσα
2507 2102 2689 2166 λαλεῖν
2724 2112 2971 2173 δύναται.
3003 2114 3094 2181 Ἐξ
3119 2108 3194 2168 ὧν
3226 2114 3491 2185 ῥημάτων
3520 2115 3617 2168 καὶ
3644 2132 3783 2185 χρη-

2200 2204 2389 2276 μάτων
2421 2205 2471 2259 οἱ
2502 2205 2769 2277 παρόντες
2823 2206 3089 2270 πολλάκις
3130 2204 3358 2278 νοοῦμεν
3382 2247 3399 2273 ,
3445 2209 3531 2263 ὅτι
3564 2210 3666 2273 τὰς
3700 2211 3782 2262 δε·

2201 2299 2468 2362 σποτικάς
2507 2298 2767 2369 δυνάμεις
2814 2299 3102 2366 ὲθεάοατο,
3140 2300 3235 2355 καὶ
3289 2301 3494 2364 πάντες
3551 2301 3782 2371 σύντρο-

2201 2408 2291 2463 μοι
2326 2391 2438 2461 (55)
2473 2392 2778 2462 γενόμενοι,
2810 2394 3150 2465 ηφρίττομεν,
3192 2395 3288 2449 καὶ
3322 2395 3461 2465 πρὸς
3520 2395 3785 2466 ἀλλήλους

2197 2480 2521 2552 διανεύομεν
2554 2481 2846 2550 λέγοντεςο
2896 2482 3358 2556 Προσευξώμεθα,
3408 2484 3655 2556 ἀδελφοί·
3706 2487 3784 2547 εις

2197 2574 2306 2651 γάρ
2346 2576 2537 2645 ἀγῶνα
2592 2576 2771 2647 μέγαν
2833 2577 3187 2647 παρίσταται.
3239 2577 3650 2648 Σκοπήσωμεν,
3690 2579 3784 2631 καὶ

2197 2667 2297 2738 τῆς
2320 2667 2471 2740 ὥρας
2495 2667 2698 2740 ταύτης
2725 2669 3124 2740 φροντίσωμεν.
3154 2669 3220 2722 Τί
3251 2669 3362 2741 γάρ
3390 2671 3539 2723 ἐστιν
3571 2670 3784 2741 ἅνθρωο

2199 2752 2329 2830 πο;;
2382 2762 2558 2817 οὐδέν’
2586 2762 2640 2816 τί
2694 2762 3022 2834 άνθρωπος;
3083 2762 3300 2833 σκὼλήξ
3347 2763 3440 2816 καὶ
3467 2762 3647 2835 τέφρα
3692 2764 3784 2817 καί

2202 2856 2331 2910 σκιὰ
2380 2855 2475 2909 καὶ
2508 2853 2664 2925 ὄναρ.
2739 2854 2840 2908 ’ἰδὲ
2896 2854 3074 2924 διέϐη,
3129 2853 3205 2906 ἰδὲ
3240 2853 3488 2921 ἀπῆλθε,
3532 2854 3609 2906 ἰδὲ
3653 2872 3787 2908 κατ-

509 2945 870 3016 conspicuus,
902 2945 1062 3017 quasi
1098 2963 1208 3002 non
1248 2949 1607 3020 conspicuus,
1636 2950 1819 3009 factus
1844 2961 1929 3009 est
1963 2954 2101 3009 invi-

2205 2949 2444 3003 ἐπαυσεν
2472 2988 2487 3015 ,
2554 2949 2629 3003 ἰδὲ
2670 2948 2965 3020 ἡσύχασεν.
3011 2950 3249 3014 Ἐκεῖνος
3295 2951 3325 3002 6
3371 2949 3538 3013 πολὺς
3594 2949 3730 3020 (36),
3757 2952 3787 3002 6

511 3039 731 3106 sibilis;
759 3050 1058 3111 superatus
1086 3041 1284 3112 estqui
1323 3043 1642 3112 superabat,
1679 3052 1735 3099 et
1760 3060 1888 3115 ecce
1923 3047 2100 3101 abdu-

511 3144 650 3189 cunt
685 3151 797 3205 quo
831 3136 1119 3192 abducunt
1160 3136 1527 3203 abducentes,
1568 3138 1627 3193 in
1667 3156 1779 3210 quo
1801 3142 1924 3197 loco
1953 3151 2101 3198 stant

513 3234 822 3298 potestates
872 3235 928 3282 et
966 3226 1401 3294 dominationes,
1430 3230 1620 3285 acerbi
1652 3242 1909 3287 nostrum
1938 3249 2104 3289 accu-

513 3328 739 3397 satores
760 3318 817 3373 in
848 3335 975 3375 aere
1002 3336 1016 3385 ;
1054 3318 1109 3373 in
1143 3336 1255 3390 quo
1283 3321 1564 3380 terribiles
1587 3312 1898 3393 publicani,
1925 3333 1983 3380 et
2012 3326 2102 3380 in-

515 3409 840 3480 quisitores,
866 3419 922 3464 et
944 3410 1274 3467 collectores
1299 3421 1429 3467 sunt
1453 3413 1625 3482 obvii,
1654 3414 1750 3485 qui
1776 3426 2124 3487 scrutantur,

518 3499 831 3569 inquirunt,
874 3500 1222 3568 insimulant,
1251 3504 1551 3574 proferunt
1575 3506 1822 3564 hominis
1854 3519 2100 3580 peccata,

517 3591 986 3663 etcbirograpba,
1015 3594 1131 3650 sive
1162 3596 1218 3650 in
1247 3597 1566 3667 juventute,
1594 3599 1713 3654 sive
1750 3600 1806 3654 in
1842 3609 2104 3675 senectu-

522 3695 596 3751 te,
635 3685 750 3742 sive
784 3686 1044 3755 libenter,
1073 3688 1191 3743 sive
1219 3689 1392 3745 invite
1420 3689 1584 3757 l'acta,
1617 3691 1733 3747 sive
1765 3692 1961 3759 verbo,
1987 3693 2105 3749 sive

519 3788 709 3849 opere,
756 3778 881 3841 sive
904 3777 1266 3850 cogitatione.
1309 3770 1518 3843 Multus
1551 3782 1718 3837 timor
1749 3783 1848 3849 ibi,
1895 3783 2107 3839 multus

520 3868 738 3925 misera:
756 3870 954 3926 anima:
977 3880 1206 3926 tremor.
1235 3868 1467 3926 lnl'anda
1490 3872 1831 3947 necessitas,
1849 3889 2015 3944 quam
2035 3875 2111 3930 ab

522 3961 766 4027 inimicis
822 3962 1084 4030 sustinet,
1127 3962 1566 4033 impedientibus
1613 3964 2109 4036 obstantibusque,

521 4068 593 4109 ne
624 4054 890 4110 ascendat
938 4055 995 4110 in
1036 4056 1263 4125 caelum,
1294 4071 1364 4111 ne
1400 4056 1465 4111 in
1492 4057 1802 4112 viventium
1823 4058 2109 4129 regionem

525 4144 899 4217 ingrediatur.
947 4146 1157 4203 Verum
1208 4150 1385 4203 sancti
1427 4148 1632 4219 angeli,
1681 4149 1922 4205 animam
1954 4148 2108 4206 exci-

441 4247 449 4257 ’
527 4240 769 4311 pientes,
804 4248 938 4297 tunc
973 4241 1283 4297 abducunt.
1314 4242 1430 4298 Nos
1452 4249 1662 4310 autem,
1686 4242 1855 4314 justis
1884 4232 2108 4299 mortuo

525 4310 749 4404 corpori
789 4333 1118 4403 persolutis,
1149 4333 1219 4389 ad
1261 4335 1534 4391 tumulum
1576 4310 1874 4407 diligenter
1906 4335 2106 4392 defun-
2138 4310 2184 4366 θ

526 4434 675 4480 ctum
731 4426 1049 4491 eticrimus;
1109 4442 1276 4497 quem
1326 4427 1404 4481 ibi
1448 4427 1850 4496 relinquentes,
1888 4427 2115 4483 domum

526 4518 866 4573 revertimur
918 4520 1105 4575 moesti
1160 4527 1216 4574 et
1264 4519 1490 4590 abjecti,
1530 4518 1877 4589 excipientes
1914 4529 1970 4575 et
2008 4520 2116 4591 ipsi

527 4608 946 4665 ineluctabilem
972 4611 1172 4665 mortis
1201 4610 1397 4667 horam
1417 4653 1433 4667 .
1464 4610 1542 4665 Ne
1577 4610 1747 4681 igitur
1773 4627 1876 4667 nos
1896 4627 2118 4682 quoque

527 4698 883 4755 inveniamur
934 4699 1223 4771 imparati,
1251 4700 1474 4765 fratres,
1513 4700 1571 4754 in
1625 4701 1729 4755 hac
1757 4701 2115 4771 necessitate,

527 4809 843 4860 rurramus,
870 4809 1273 4865 properamus,
1327 4809 1761 4865 praecaveamus,
1793 4810 1865 4849 ne
1897 4810 1966 4849 ex
2004 4796 2110 4850 im-

529 4886 759 4958 proviso
784 4886 1159 4957 abripiamur.
1192 4886 1602 4957 Ingrediamur,
1633 4902 1703 4941 ne
1727 4885 1863 4941 foris
1892 4902 2116 4941 manea-

530 4998 689 5049 mus;
729 4980 1060 5053 abjiciamus
1102 4997 1304 5037 vanam
1346 4981 1509 5037 istam
1550 4979 2116 5053 ignaviam;abjicia-

532 5090 656 5130 unus
675 5073 989 5130 socordiam
1016 5060 1285 5142 nostram,
1320 5074 1375 5129 in
1410 5090 1519 5146 qua
1543 5090 1717 5145 usque
1753 5074 1820 5130 ad
1846 5074 1954 5130 hoc
1975 5085 2116 5130 tem-

627 5277 718 5348 53)
748 5279 1252 5348 Συνετασσόμην.
1281 5276 1540 5348 Promisi.

630 5278 698 5334 53
748 5279 1252 5348 Συνετασσόμην.
1281 5278 1540 5333 Promisi.

630 5278 720 5419 56g
764 5347 947 5416 Ὁρῶν
973 5348 1167 5419 τάξιν.
1206 5348 1443 5416 Ἠγουν,
1475 5347 1752 5419 τάγματα.

633 5417 724 5489 55)
757 5420 1102 5488 Σύντρομοι.
1140 5418 1177 5474 i.
1211 5432 1262 5473 c.
1303 5419 1575 5489 ἔντρομοι.

611 5486 723 5561 (ῧβ)
758 5491 818 5561 ξφ
848 5486 1063 5561 πολύς.
1093 5489 1245 5545 Πάνυ
1282 5486 1627 5561 περιϐόητος.
1648 5487 1711 5545 ν.
1743 5486 1937 5559 Syncs.
1981 5495 2016 5540 ι.
2050 5488 2114 5549 ll,

539 5576 594 5630 p.
621 5558 711 5620 at,
748 5558 835 5619 eo,
865 5559 950 5615 6|.

612 5627 722 5699 (57)
751 5630 933 5701 Τὸπῳ.
980 5631 1082 5685 Ἐν
1101 5623 1167 5697 ᾧ.

2200 3041 2494 3112 ἀήττητος,
2528 3043 2577 3095 ὁν
2600 3041 2890 3111 δυνάστης,
2926 3043 2954 3094 6
2984 3041 3248 3113 κραταιὸς
3293 3043 3468 3094 κεῖται
3508 3036 3785 3111 προϐάτου

2202 3135 2533 3205 πραύτερος.
2573 3135 2633 3189 'O
2672 3135 2892 3203 φαινὴς,
2928 3134 3013 3197 ὡς
3042 3134 3116 3205 μὴ
3150 3133 3365 3204 φαινὴς,
3391 3133 3621 3202 γέγονεν
3646 3133 3788 3199 ἁφα-

2203 3227 2319 3297 νής.
2366 3227 2425 3280 Ὀ
2473 3226 2692 3296 κρατῶν
2742 3227 3111 3303 κεκράτηται,
3157 3225 3252 3280 καὶ
3299 3225 3407 3279 ἰδοὺ
3457 3227 3784 3293 ἀπάγουσιν,

2202 3320 2338 3373 ὅπου
2371 3319 2681 3387 ἀπάγουσιν
2707 3320 2756 3371 οἱ
2781 3318 3111 3387 ἀπάγοντες,
3142 3320 3199 3371 ὲν
3233 3317 3342 3389 (57)
3376 3309 3421 3386 ᾧ
3444 3318 3699 3370 ἵστανται
3734 3319 3787 3370 αἱ

2204 3410 2375 3482 ἀρχαὶ
2400 3411 2493 3463 καὶ
2521 3409 2780 3476 ἐξουσίαν,
2813 3412 2862 3464 οἱ
2887 3412 3077 3482 πικροὶ
3105 3410 3267 3482 ἡμῶν
3288 3413 3596 3483 κατήγοροι
3628 3413 3686 3463 ὲν
3713 3411 3790 3480 τῷ

2204 3505 2362 3575 όιέρι⁹
2416 3502 2478 3556 ἂν
2508 3496 2550 3570 ᾧ
2577 3505 2626 3556 oi
2663 3496 3092 3557 δεινοὶ’.τελῶναι
3129 3503 3221 3557 καὶ
3257 3502 3541 3572 λογοθὲται
3569 3504 3664 3557 καὶ
3696 3522 3788 3573 φο-

2210 3596 2420 3669 ρολόγοι
2471 3596 2842 3660 συναντῶντες
2863 3635 2879 3662 ,
2925 3596 3339 3665 λογοθετοῦντες
3368 3636 3382 3659 ,
3418 3596 3753 3670 κρατοῦντες
3772 3640 3787 3664 ,

2207 3689 2667 3762 κατηγοροῦντες,
2691 3690 3064 3765 προφέροντες
3086 3687 3156 3743 τά
3175 3689 3268 3744 τοῦ
3294 3690 3587 3761 ἀνθρώπου
3613 3692 3790 3762 ἁμαρ-

2207 3782 2428 3851 τήματα
2476 3782 2570 3835 καὶ
2616 3782 2980 3854 χειρόγραφα,
3024 3780 3090 3834 τά
3130 3784 3190 3835 ὲν
3220 3784 3456 3853 νεότητι.
3492 3784 3563 3837 τά
3598 3787 3653 3836 ὲν
3686 3785 3788 3854 γή-

2209 3890 2296 3944 ρει
2332 3874 2466 3944 (58),
2505 3872 2574 3926 τὰ
2613 3872 2858 3938 ἑκούσια,
2890 3874 2958 3926 τὰ
2989 3870 3242 3938 ἀκούσια,
3276 3875 3343 3928 τὰ
3387 3873 3453 3927 δι’
3487 3876 3688 3945 ἔργων,
3723 3875 3792 3930 τά

2208 3962 2298 4016 διὰ
2324 3961 2521 4030 λόγων,
2556 3961 2624 4015 τὰ
2651 3962 2718 4016 δι’
2747 3963 3117 4033 ἐνθυμήσεων.
3158 3963 3341 4027 Πολὺς
3386 3966 3414 4017 6
3457 3965 3626 4032 φόϐος
3657 3969 3789 4031 ἐκεῖ,

2210 4054 2379 4119 πολὺς
2419 4053 2522 4123 τῆς
2570 4052 2765 4116 ἀθλίας
2814 4053 2998 4124 ψυχῆς
3043 4056 3072 4108 ὁ
3117 4055 3341 4126 τρόμος-
3391 4057 3713 4128 Ἀδιήγητος
3756 4059 3789 4128 ἡ

2211 4145 2450 4216 ἀνάγκη,
2480 4144 2549 4217 ἢν
2579 4145 2685 4199 ὑπὸ
2714 4144 2839 4203 τῶν,
2861 4145 3073 4218 ἐχθρῶν
3104 4147 3422 4215 ὑφίσταται,
3450 4149 3791 4213 κωλυόντων,

2213 4237 2746 4311 ἐμποδιζόντων,ῖνα
2785 4233 2861 4315 μὴ
2894 4241 2955 4293 ὲν
2986 4237 3065 4313 τῷ
3080 4239 3298 4312 οὐρανῷ
3324 4240 3435 4311 (59)
3462 4241 3685 4313 ἀνέλθῃ,
3708 4243 3791 4295 ἵνα

2215 4330 2292 4403 μὴ
2330 4332 2393 4385 ὲν
2419 4332 2486 4401 τῇ
2522 4328 2678 4401 χώρᾳ
2719 4329 2831 4383 τῶν
2883 4328 3106 4396 ζώντων
3152 4332 3390 4403 εἰσέλθῃ.
3428 4331 3569 4385 Ἀλλ’
3603 4335 3655 4386 oi
3700 4332 3793 4403 μὲν

2214 4425 2360 4493 ἅγιοι
2419 4421 2645 4492 ἄγγελοι
2689 4424 2788 4494 τὴν
2825 4412 3004 4494 ψυχὴν
3057 4422 3469 4494 παραλαϐόντες
3518 4425 3789 4493 ἀπάγουσι

2214 4516 2359 4571 τότε.
2406 4516 2599 4587 Ἡμεῖς
2632 4514 2712 4589 δὲ,
2739 4514 2800 4568 τὸ
2826 4514 3023 4587 θνητὸν
3061 4515 3224 4586 σῶμα
3247 4516 3633 4586 κηδεύσαντες,
3666 4518 3791 4588 πρὸς

2215 4609 2309 4664 τὸν
2350 4608 2544 4681 καιρὸν
2578 4608 2875 4679 κομίζομεν
2920 4607 3061 4679 μετά
3089 4609 3330 4680 ⁷σπουδῆς
3377 4609 3468 4663 τὸν
3500 4609 3785 4664 τεθνεῶτα.

2220 4705 2330 4758 Καὶ
2385 4707 2566 4759 ἐκεῖσε
2619 4703 3036 4775 καταλιπόντες,
3102 4704 3285 4757 οἴκαδε
3340 4702 3786 4773 ἀναστρέφομεν,

2222 4794 2614 4863 στυγνάζοντες
2658 4794 2755 4847 καὶ
2800 4796 3095 4864 κατηφεῖς,
3133 4792 3479 4862 ἐκδεχόμενοι
3513 4793 3610 4845 καὶ
3646 4792 3785 4845 αὐτοὶ

2213 4889 2313 4961 τὴν
2358 4886 2734 4958 ἀπαραίτητον
2786 4884 2883 4938 τοῦ
2932 4885 3167 4939 θανάτου
3224 4883 3392 4954 ὥραν.
3428 4883 3531 4936 ’ἶν’
3564 4880 3659 4937 οὖν
3703 4884 3783 4935 καὶ

2213 4984 2377 5053 ἡμεῖς
2410 4981 2487 5051 μὴ
2520 4981 2797 5049 ἀνέτοιμοι
2830 4979 3167 5052 εὑρεθῶμεν,
3188 4977 3430 5045 ἀδελφοὶ,
3450 4977 3510 5027 ἐν
3544 4979 3608 5046 τῇ
3638 4976 3779 5041 ἀνάγ-

2238 5092 2310 5144 κῃ
2360 5074 2575 5145 ἐκείνῃ,
2613 5072 2950 5144 δράμωμεν,
3002 5071 3353 5138 σπεύσωμεν,
3414 5068 3778 5140 προλάϐοιμεν,

2296 5273 2405 5347 (58)
2453 5272 2555 5347 Ἐν
2594 5272 2781 5347 τήρει.
2830 5270 2922 5326 Sic
2971 5269 3125 5347 alibi
3158 5283 3335 5339 saepe,
3371 5275 3431 5347 ut
3485 5266 3620 5347 psal.
3658 5281 3773 5347 μοι.

2220 5332 2310 5400 14Ῐ
2358 5332 2445 5396 ’ἓν
2483 5332 2863 5414 γήρὲδπίονι,
2888 5340 3166 5414 quomodo
3206 5332 3388 5408 réperi
3448 5332 3615 5391 etiam
3658 5332 3773 5413 Luc.

2226 5433 2263 5481 ι,
2298 5416 2387 5480 56,
2422 5411 2735 5483 ἱηίἱίἱίιιιοι
2780 5411 3173 5467 vetustissimis
3211 5418 3266 5464 et
3299 5422 3507 5479 magna:
3556 5411 3775 5462 auctori-

2227 5486 2351 5540 tatis
2382 5485 2686 5540 codicibus.

2299 5557 2408 5628 (59)
2464 5557 2561 5607 Ἐν
2600 5552 2680 5618 τῷ
2705 5551 2958 5620 οὐρανῷ.
2999 5551 3121 5615 Pro,
3152 5550 3229 5612 είς
3248 5548 3340 5602 τὸν
3368 5546 3612 5617 οὐρανόν.
