3910 6300
110 373 276 437 1205
446 412 455 421 -
996 444 1003 449 δ
1163 372 1618 447 DISPUTATIO
1649 370 2049 457 ADVERSUS
2093 324 2426 434 run/sos.
3284 327 3465 442 1206'

108 485 144 535 ὁ
175 481 434 552 Χριστὸς
466 483 494 534 ὁ
519 481 652 545 Υίὺς
684 480 776 534 τοῦ
802 479 935 534 Θεοῦ
968 480 1201 548 ζῶντος,
1244 480 1587 553 Χριστιανῶν
1622 497 1726 533 σω-

1834 480 2275 543 Christianorum
2307 485 2809 552 salus,.luda:orum
2834 499 2902 541 ac
2924 484 3213 557 gentilium
3245 470 3422 542 disso-
3460 468 3465 473 ’

107 576 340 648 τηρία,
381 575 658 630 Ἰουδαίων
686 586 746 629 τε
789 576 883 629 καὶ
920 573 1188 645 Ἑλλήνων
1218 576 1537 641 κατάλυσις,
1576 571 1726 627 εἰδῶ-

1835 576 1997 644 lutio,
2028 576 2305 632 idolorum
2338 576 2622 633 abolitio.‘

109 669 241 722 λων
282 669 630 739 καθαίρεσις.
1254 674 1257 677 ’

198 758 352 813 Εἶτα
391 760 532 830 μετὰ
562 760 622 813 τὸ
647 756 986 830 ὁμολογῆσαι
1018 758 1110 812 τὸν
1136 758 1394 812 Ἰουδαῖον
1432 758 1633 811 εἰδέναι
1663 757 1726 811 τὰ

1906 756 2026 813 Jam
2053 771 2209 821 vero,
2238 756 2335 811 ubi
2363 755 2587 812 Judaeus
2614 754 2681 810 iis
2713 762 2838 825 quae
2868 753 3039 809 modo
3072 752 3219 810 dicta
3253 764 3417 823 sunt,

115 869 271 921 προε
284 853 618 922 ρωτηθέντα,
656 853 822 924 ἄρξον
846 852 991 924 πρὸς
1014 852 1180 906 αὐτὸν
1209 853 1385 905 εἰπεῖν
1410 849 1605 915 οὕτως·
1625 852 1729 917 ὅτι,

117 941 203 997 Ὦ
233 944 482 1010 Ἰουδαῖε,
518 945 662 1015 ἅπερ
696 962 779 997 σοι
806 945 1219 1024 μέλλωείπεῖν,
1249 944 1345 1013 οὐχ
1374 945 1538 1013 ἡμεῖς
1572 942 1732 1013 μόνον

118 1036 280 1089 αὐτὰ
329 1037 604 1106 λέγομεν,
656 1037 792 1089 ἀλλὰ
814 1028 922 1089 καὶ
964 1031 1025 1089 ἀί
1054 1036 1272 1105 Γραφαὶ
1306 1035 1463 1100 ὑμῶν
1497 1034 1563 1087 τὰ
1593 1034 1731 1089 αύτά

125 1129 489 1200 μαρτυροῦσι
520 1132 613 1183 καὶ
641 1129 885 1197 λέγουσι.
917 1128 1061 1199 Πρὸς
1086 1129 1210 1180 τίνα
1235 1126 1327 1180 οὖν
1353 1122 1511 1179 εἶπεν
1532 1124 1728 1191 ὁΘεὸς,

129 1243 148 1273 ι
203 1222 534 1290 Ποιήσωμεν
572 1221 869 1293 ἄνθρωπον
923 1221 1045 1274 κατ’
1080 1221 1278 1305 ἐἰκόνα
1315 1220 1593 1289 ἡμετέραν
1635 1218 1732 1271 καὶ

124 1312 264 1365 καθ’
297 1313 595 1382 ὁμοίωσιν;
626 1333 643 1364 ι
700 1314 815 1373 Καὶ
866 1314 912 1366 εἰ
966 1311 1063 1382 μὲν
1110 1312 1277 1377 εῐποι,
1315 1313 1397 1365 ὃτι
1430 1312 1576 1381 Πρδς
1604 1311 1732 1374 τοὺς
1763 1320 1766 1323 ⁷

123 1407 444 1474 ἀγγέλους,
497 1406 616 1459 εἰπὲ
661 1406 830 1475 αὐτῷ,
869 1406 952 1458 ὅτι
985 1405 1141 1467 Πῶς;
1178 1404 1289 1472 ἐγὼ
1315 1404 1425 1475 γὰρ
1454 1404 1597 1471 λέγω
1623 1420 1730 1468 σοι,

123 1501 219 1553 ὅτι
254 1500 402 1567 Πρὸς
432 1498 524 1551 τὸν
556 1499 688 1552 Υἰὸν
718 1498 874 1551 τοῦτο
901 1492 1023 1551 εἶπε
1049 1513 1063 1528 ο
1104 1497 1168 1551 σὺ
1200 1497 1258 1551 δὲ
1290 1496 1382 1549 τὸν
1407 1496 1503 1550 ἕνα
1538 1496 1613 1567 μὴ
1639 1494 1731 1549 θέο

122 1595 245 1647 λων
285 1591 720 1663 παραδέξασθαι.
761 1592 989 1661 μυρίους
1020 1592 1260 1658 εἰσάγεις
1284 1607 1298 1621 ·
1352 1591 1448 1642 καὶ
1477 1589 1570 1644 τὸν
1600 1589 1731 1643 Υἰὸν

126 1681 357 1735 ἀθετῶν
384 1723 397 1745 ,
444 1683 682 1744 οἰκέταις
715 1680 776 1733 τὸ
802 1680 902 1748 τῆς
950 1679 1263 1750 συμϐουλῆς
1302 1678 1521 1750 ἀξίωμα
1567 1696 1728 1749 περι-

134 1775 318 1845 άπτῃ·
343 1773 578 1836 καὶτοὺς
606 1771 932 1842 ὁμοδούλους
960 1771 1118 1841 ἡμῶν
1173 1772 1398 1843 κυρίους
1428 1773 1603 1833 ποιεῖς
1629 1772 1730 1842 τῆς

127 1866 420 1935 ἡμετέρας
466 1863 850 1933 δημιουργίας.
907 1846 1063 1925 Εἰπὲ,
1104 1863 1233 1933 ούχί
1259 1864 1288 1916 ὁ
1320 1861 1608 1933 ἄνθρωπος
1639 1880 1731 1917 τε·

126 1957 458 2026 λειούμενος
492 1957 580 2009 διὰ
607 1955 884 2019 πολιτείας
913 1954 1157 2023 ἀγαθῆς,
1204 1953 1338 2023 πρὸς
1367 1954 1467 2024 τὴν
1492 1955 1601 2007 τῶν
1627 1956 1730 2025 ἀγ-

127 2051 314 2119 γέλων
351 2049 506 2115 ἀξίαν
536 2051 830 2118 ἁνὰγεταις
876 2049 973 2102 καὶ
1004 2049 1156 2101 ποῖον
1174 2048 1583 2119 ’δημιούργημα
1615 2050 1730 2102 ἴσον

130 2139 284 2197 εἶναι
313 2142 392 2213 τῷ
413 2142 676 2195 Κτίσαντι
701 2142 955 2207 δύναταις
987 2141 1190 2194 Σκόπει
1215 2140 1271 2193 δὲ
1302 2143 1396 2194 καὶ
1418 2140 1486 2193 τὰ
1508 2140 1729 2211 ἐφεξῆς,

141 2257 161 2287 ι
205 2234 342 2289 Κατ’
371 2220 556 2288 εἰκόνα
605 2234 906 2304 ἡμετέραν.
939 2252 959 2286 ι
1021 2233 1087 2286 Τί
1131 2233 1312 2301 λέγεις
1357 2232 1494 2305 πρὸς
1536 2232 1726 2300 τοῦτο;

131 2329 230 2400 Μὴ
257 2328 423 2381 εἰκὼν
445 2328 542 2398 μία
557 2327 692 2379 Θεοῦ
713 2328 806 2380 καὶ
832 2324 1115 2394 ἀγγέλων;
1144 2324 1513 2395 ΟὑδαμῶςιἪ
1538 2326 1600 2378 ού
1630 2327 1729 2397 μὲν

131 2421 251 2490 γὰρ
312 2420 405 2472 καὶ
463 2416 675 2487 Harpe,-
732 2420 883 2471 πᾶσα
939 2418 1156 2488 ἀνάγκη
1220 2419 1319 2488 τὴν
1369 2418 1541 2490 αὐτὴν
1588 2418 1730 2471 εἶναι

136 2515 385 2583 μορφὴν,
421 2510 744 2581 θεοπρεπῶς
775 2509 1018 2580 δηλονότι
1046 2511 1145 2580 τῆς
1173 2510 1390 2581 μορφῆς
1409 2508 1727 2578 νοουμένης,

132 2602 239 2655 οὐκ
298 2603 357 2654 ἐν
406 2602 644 2672 σχήματι
690 2599 1031 2671 σωματικῷ,
1089 2599 1205 2657 ἀλλ’
1249 2601 1309 2653 ὲν
1357 2599 1435 2666 τῷ
1478 2597 1729 2668 ἰδιώματι

133 2695 238 2764 τῆς
288 2694 584 2764 Θεότητο;;
626 2692 824 2747 ’Ᾱκουε
866 2692 925 2747 δὲ
974 2692 1027 2745 τί
1070 2692 1258 2759 λέγει,
1317 2710 1334 2743 ι
1375 2691 1511 2745 Κατ’
1544 2691 1731 2743 εἰκόνα

136 2785 438 2854 ἡμετέραν.
457 2804 474 2836 ι
514 2784 632 2836 Τίνι
661 2784 805 2854 ἄλλῳ
836 2801 899 2852 γε
929 2784 961 2854 ἦ
993 2782 1073 2853 τῷ
1099 2784 1503 2853 ἀπαυγάσματι
1526 2782 1625 2851 τῆς
1646 2781 1731 2835 δό-

137 2874 261 2943 ξης,
300 2876 391 2927 καὶ
427 2876 739 2945 χαρακτῆρι
767 2874 866 2941 τῆς
897 2874 1251 2937 ὑποστάσεως
1282 2870 1470 2937 αὑτοῦ,
1505 2871 1583 2945 τῷ
1612 2870 1729 2944 Υἱῷ

137 2965 239 3020 καὶ
270 2967 430 3036 Λόγῳ
462 2968 657 3030 αὐτοῦ,
698 2968 755 3032 ὃς
785 2969 935 3020 ἐστιν
966 2964 1131 3020 εἰκὼν
1166 2965 1260 3019 τοῦ
1293 2965 1526 3037 ἀοράτου
1556 2964 1728 3031 Θεοῦ;

139 3056 222 3127 Τῇ
251 3056 359 3125 ἰδία
375 3057 552 3110 τοίνυν
581 3057 748 3109 εἰκόνι
768 3060 834 3128 τῇ
860 3057 1030 3128 ζώσῃ.
1047 3059 1113 3128 τῇ
1134 3057 1368 3128 είπούσῃ
1387 3072 1400 3086 ·
1431 3075 1450 3107 ι
1473 3054 1616 3124 Ἐγὼ
1637 3055 1730 3109 καὶ

1835 849 2216 914 consenserit,
2271 848 2425 917 hunc
2475 848 2533 901 in
2585 847 2844 901 modum-
2877 860 3005 901 eum
3069 845 3415 915 alloquaris:

1833 941 1967 1009 Quae
1998 941 2121 1005 tibi,
2155 956 2188 995 0
2228 939 2436 1005 Iudaee,
2469 937 2726 994 dicturus
2775 954 2898 994 sum
2921 979 2935 1003 ,
2967 953 3033 993 ea
3076 952 3188 992 non
3238 938 3418 994 solum

1833 1025 1936 1088 nos
1985 1024 2322 1097 asserimu's,
2371 1031 2471 1087 sed
2504 1032 2672 1087 etiam
2724 1032 2898 1086 vestri
2934 1029 3092 1085 Libri
3141 1038 3420 1085 testantur

1834 1133 2000 1195 atque
2046 1131 2325 1180 asserunt.
2385 1123 2468 1179 Ad
2507 1139 2805 1195 quemnam
2853 1123 3022 1194 igitur
3059 1123 3200 1178 dixit
3226 1123 3415 1178 Deus:

1841 1237 1863 1271 ι
1894 1218 2184 1274 Faciamus
2211 1219 2490 1273 hominem
2511 1217 2818 1275 secundum
2848 1217 3145 1293 imaginem
3168 1224 3417 1271 nostram

1804 1319 1891 1366 ’et
1936 1308 2360 1381 similitudinem
2392 1311 2409 1342 ¹
2437 1312 2505 1365 ?‘»
2559 1310 2720 1392 Quod
2779 1309 2826 1364 si
2880 1309 3236 1394 responderit
3282 1326 3294 1362 :
3334 1308 3419 1364 Ad
3465 1358 3476 1369 .

1833 1404 2078 1474 angelos,
2112 1403 2203 1458 dic
2230 1404 2282 1459 ei
2312 1420 2324 1455 :
2356 1402 2500 1470 Quid
2532 1382 2645 1457 ita?
2677 1383 3055 1472 Equidem'ad
3080 1400 3277 1455 Filium
3300 1400 3420 1457 haec

1828 1494 1960 1550 eum
2024 1494 2231 1550 dixisse
2301 1492 2553 1563 allirmo;
2608 1502 2666 1548 tu
2732 1509 2907 1559 vero,
2965 1488 3453 1563 quanqunidem'

1835 1602 2007 1642 unum
2070 1578 2259 1659 rejicis
2284 1627 2298 1652 ,
2356 1572 3074 1649 innumeros'introducis,
3108 1592 3167 1640 et
3216 1584 3420 1639 Filium

1835 1695 2123 1751 respuens,
2155 1680 2330 1735 servis
2371 1679 2588 1734 consilii
2629 1680 2901 1735 honorem
2930 1678 3216 1747 attribuis,
3254 1690 3420 1749 atque
3498 1720 3503 1727 .

1833 1788 2136 1830 conservos
2164 1780 2384 1828 nostros
2406 1771 2541 1827 facis
2569 1771 2824 1827 dominos
2853 1772 3164 1836 creationis
3191 1779 3416 1829 nostrze.

1833 1867 2049 1932 Nonne,
2085 1882 2294 1935 quaeso,
2339 1866 2505 1921 homo
2553 1866 2698 1921 bona
2728 1868 2854 1920 vitae
2901 1867 3115 1920 ratione
3162 1881 3421 1921 consum-

1832 1944 2012 2015 matus
2027 1959 2096 2014 ad
2124 1959 2450 2030 angelorum
2479 1960 2737 2015 evehitur
2760 1959 3129 2031 dignitatem?
3157 1958 3417 2026 Quaenam

1831 2059 2015 2127 autem
2062 2060 2320 2106 creatura
2354 2050 2604 2106 Creatori
2644 2065 2746 2122 par
2781 2067 2905 2108 esse
2951 2052 3206 2122 poterit?
3250 2051 3422 2107 Caete-

1831 2160 1954 2199 rum
1985 2143 2278 2199 considera
2302 2160 2427 2214 qua:
2461 2151 2796 2213 sequuntur,
2828 2163 2846 2195 ‹
2873 2144 2955 2199 Ad
2990 2145 3285 2211 imaginem
3319 2159 3421 2198 no-

1829 2246 2021 2292 stram.
2065 2256 2084 2288 ι
2121 2234 2263 2302 Quid
2293 2236 2361 2290 ad
2396 2235 2512 2291 haec
2554 2237 2747 2293 dices?
2772 2224 2918 2292 'Num
2960 2253 3069 2292 una
3108 2244 3193 2291 est
3223 2237 3318 2300 Dei
3364 2245 3420 2291 et

1832 2328 2156 2397 angelorum
2223 2327 2454 2398 imago?
2517 2328 2906 2399 Nequaquam.
2978 2328 3173 2384 Nonne
3240 2329 3419 2399 imago

1830 2419 2011 2474 Patris
2040 2421 2358 2475 necessario
2410 2428 2495 2475 est
2539 2437 2647 2475 una
2690 2419 3019 2491 eademque,
3078 2419 3124 2475 si
3155 2419 3417 2476 nimirum

1830 2527 1999 2567 sensu
2026 2512 2139 2566 Deo
2192 2497 2360 2582 digno
2403 2512 2701 2582 imaginem
2733 2512 3049 2582 acceperis,
3077 2527 3187 2566 non
3214 2527 3419 2567 secun—

1837 2603 1969 2658 dum
2007 2604 2262 2673 corporis
2313 2604 2586 2669 formam,
2617 2604 2714 2661 sed
2764 2604 3071 2660 secundum
3112 2604 3422 2661 divinitatis

1830 2696 2085 2747 naturam
2110 2693 2133 2746 ?
2159 2692 2278 2748 Jam
2309 2704 2439 2747 vero
2465 2693 2510 2748 si
2542 2692 2696 2757 dicit,
2735 2691 3085 2747 «Secundum
3125 2691 3422 2761 imaginem
3446 2758 3465 2767 θ

1830 2795 2103 2852 nostram,
2138 2805 2156 2839 ι
2197 2787 2418 2842 cuinam
2450 2785 2544 2841 alii
2572 2784 2776 2840 dixerit
2799 2799 2962 2855 quam
2986 2782 3272 2853 splendori
3306 2782 3424 2855 glo-

1833 2878 1929 2933 riae
1967 2887 2025 2933 et
2058 2879 2369 2934 characteri
2412 2877 2739 2933 substantiae
2770 2892 2886 2932 sua:
2908 2916 2923 2940 ,
2955 2876 3095 2933 Filio
3142 2890 3207 2931 ac
3240 2875 3421 2930 Verbo

1830 2985 1953 3036 suo,
1981 2969 2079 3042 qui
2117 2979 2203 3025 est
2235 2970 2416 3042 imago
2443 2968 2742 3024 invisibilis
2772 2968 2872 3024 Dei
2895 2968 2920 3022 Ἰ
2946 2967 3027 3022 Ad
3065 2983 3224 3023 suam
3252 2967 3423 3038 igitur

1832 3065 2007 3135 ipsius
2056 3062 2349 3137 imaginem
2384 3064 2701 3125 viventem,
2741 3077 2867 3133 quae
2906 3058 3047 3116 dixit
3078 3054 3102 3114 ἐ
3144 3079 3163 3110 ι
3201 3059 3317 3132 Ego
3364 3068 3424 3116 et

138 3152 169 3203 ὁ
199 3151 390 3217 Πατὴρ
414 3149 472 3202 ἓν
502 3150 684 3220 ἐσμενο
720 3168 738 3200 ι
772 3142 887 3213 καὶ,
930 3169 947 3201 ι
979 3150 1040 3202 '0
1070 3140 1334 3220 ἑωρακὼς
1363 3149 1485 3220 ἐμὲ,
1514 3149 1726 3221 ἑώρακε

1834 3157 1998 3212 Pater
2043 3171 2218 3212 unum
2256 3167 2452 3212 sumus
2478 3158 2530 3217 ².
2564 3175 2584 3208 ι
2633 3156 2733 3211 et:
2775 3175 2791 3207 ι
2826 3153 2931 3223 Qui
2963 3168 3052 3209 me
3082 3152 3243 3218 vidit,
3280 3152 3424 3207 vidit

138 3242 231 3295 τὸν
272 3243 515 3310 Πατέρα’
546 3262 565 3295 ι
616 3242 791 3317 ταύτῃ
820 3241 1001 3311 λέγει(
1040 3261 1059 3293 ι
1091 3242 1414 3312 Ποιήσωμεν
1439 3241 1725 3314 ἄνθρωπον

142 3329 262 3381 κατ’
291 3330 474 3382 εἰκόνα
504 3330 800 3401 ήμετέραν.
834 3350 849 3381 ι
885 3330 1059 3383 Ὅπου
1091 3331 1187 3402 μία
1227 3329 1412 3396 εἰκὼν,
1435 3331 1536 3384 ποῦ
1557 3333 1617 3384 τὸ
1637 3333 1728 3385 ἀνι

141 3421 327 3489 ὅμοιον
351 3438 368 3490 ;
395 3442 410 3471 ι
444 3424 553 3475 Καὶ
581 3422 837 3494 ἐποίησεν
868 3425 895 3475 ὁ
914 3424 1047 3486 Θεὸς
1078 3424 1169 3476 τὸν
1196 3422 1505 3493 ἄνθρωπον,
1536 3443 1555 3476 ι
1580 3424 1726 3496 οὐχὶ,

156 3514 472 3586 Ἐποίησαν.
500 3517 709 3585 Ἔφυγέ
745 3504 919 3570 ταῦτα
946 3517 1036 3570 τὸν
1069 3515 1388 3587 πληθυσμὸν
1419 3517 1528 3569 τῶν
1559 3535 1727 3589 προσ-

144 3602 342 3656 ὡπωνο
374 3605 463 3656 διὰ
494 3605 593 3674 μὲν
623 3606 717 3658 τοῦ
748 3608 945 3666 εἰπεῖν,
981 3624 999 3655 ι
1032 3606 1355 3675 Ποιήσωμεν
1383 3605 1723 3679 ἀνθρωπον,ι

146 3696 208 3749 σὲ
241 3697 332 3748 τὸν
353 3697 613 3749 Ἰουδαῖον
643 3697 916 3750 παιδεύων
938 3716 951 3729 ο
986 3694 1092 3751 ¹διὸι
1122 3700 1178 3751 δὲ
1210 3699 1302 3753 τοῦ
1333 3702 1529 3765 εἰπεῖν,
1573 3719 1591 3751 ι
1621 3702 1729 3754 Καὶ

146 3787 403 3854 ἐποίησεν
452 3788 480 3839 ὁ
523 3788 655 3852 Θεὸς
705 3790 797 3842 τὸν
842 3790 1153 3862 ἄνθρωπον,
1185 3810 1203 3842 ι
1245 3791 1337 3844 τὸν
1376 3791 1729 3863 Ἑλληνισμὸν

144 3879 472 3933 ἀπικλείων.
524 3880 810 3948 Ἀσφαλῶς
858 3883 1134 3952 ἀνέδραμε
1183 3884 1321 3954 πρὸς
1364 3865 1467 3953 τὴν
1500 3883 1723 3953 μονάδα,

147 3972 234 4025 ἵνα
265 3972 357 4023 καὶ
390 3970 518 4023 rem
551 3975 680 4039 νοῇς
715 3974 853 4043 μετά
879 3974 1126 4046 Πατρὸς,
1176 3976 1270 4030 καὶ
1304 3975 1405 4048 τῆς
1434 3975 1727 4044 πολυθεῖας

145 4064 390 4137 ἐκφύγῃς
403 4065 463 4117 τὸ
485 4064 844 4120 ἐπικίνδυνον.

219 4244 259 4294 Τ
264 4243 306 4312 ᾧ
339 4244 393 4296 δὲ
431 4245 629 4306 εἰπεῖν.
668 4265 686 4296 ‹
724 4245 835 4299 Καὶ
866 4246 1198 4318 ἐνεφύσησεν
1232 4249 1315 4313 εἰς
1337 4251 1402 4303 τὸ
1430 4250 1724 4323 πρόσωπον

147 4336 309 4388 αὑτοῦ
343 4338 512 4407 πνοὴν
545 4336 717 4416 ζωῆς,
773 4340 866 4391 καὶ
893 4338 1115 4407 ἐγένετο
1144 4343 1173 4394 ὁ
1199 4340 1488 4412 ἄνθρωπος
1516 4344 1596 4404 εἰς
1619 4343 1727 4413 ψυ-

148 4434 245 4500 χὴν
276 4429 475 4494 ζῶσαν,
510 4449 527 4481 ι
565 4432 626 4483 οὐ
659 4431 893 4502 φανερόν
923 4434 1090 4497 ἐστιν,
1131 4434 1216 4486 ὅτι
1240 4434 1334 4487 τοῦ
1362 4434 1522 4502 ἁγίου
1547 4434 1723 4488 Πνεύ-

1833 3251 2000 3306 etiam
2033 3251 2253 3307 Patrem
2274 3252 2314 3316 ³,
2353 3271 2372 3303 ι
2403 3249 2469 3306 ad
2499 3250 2660 3317 hanc,
2692 3249 2939 3320 inquam,
2973 3247 3147 3302 dixit:
3188 3265 3206 3298 ι
3237 3245 3425 3301 Facia-

1835 3356 1960 3397 mus
1987 3341 2269 3397 hominem
2316 3341 2622 3398 secundum
2665 3340 2961 3412 imaginem
3003 3347 3273 3393 nostram.
3303 3357 3321 3390 ι
3362 3337 3422 3392 In

1834 3424 1947 3506 quo
1967 3444 2151 3490 autem
2175 3449 2283 3489 una
2303 3433 2485 3507 imago
2504 3476 2519 3500 ,
2550 3433 2647 3491 ubi
2673 3432 2782 3488 erit
2811 3428 3120 3489 dissimile?
3149 3449 3169 3485 ι
3193 3430 3263 3486 Ει
3292 3427 3425 3488 iecit

1836 3528 1983 3582 Deus
2028 3527 2333 3587 hominem.
2366 3544 2384 3577 ι
2442 3540 2587 3592 non,
2640 3544 2660 3577 ‹
2707 3523 2982 3580 fecerunt.
3019 3542 3038 3577 ι
3091 3523 3208 3579 lloc
3256 3521 3425 3577 modo

1835 3627 2200 3682 personarum
2247 3612 2621 3682 pluralitatem
2673 3612 2907 3668 evitavit
2948 3631 2961 3667 :
3018 3612 3285 3667 nimirum
3333 3606 3451 3666 di-'

1835 3703 2012 3760 cendo
2046 3720 2058 3779 ς
2097 3722 2115 3756 ι
2151 3703 2439 3759 Faciamus
2484 3703 2791 3768 hominem,
2821 3722 2840 3755 ι
2885 3702 2945 3761 te
2995 3703 3249 3760 Judaeum
3282 3703 3421 3759 edo-

1835 3812 1967 3852 cens
1991 3836 2005 3860 ,
2035 3795 2273 3852 dicendo
2304 3805 2489 3851 autem
2525 3812 2539 3849 :
2579 3815 2597 3848 ι
2628 3796 2850 3851 Etfecit
2878 3796 3026 3851 Deus
3054 3796 3357 3860 hominem,
3393 3815 3413 3849 ι

1833 3888 2122 3960 gentilium
2157 3903 2408 3944 errorem
2442 3886 2724 3959 rejiciens.
2774 3888 2955 3957 Atque
3000 3887 3081 3942 sic
3112 3887 3287 3957 probe
3327 3886 3423 3941 de-

1833 3980 2164 4036 monstravit
2192 3979 2466 4039 uuitatem
2490 4019 2505 4044 ,
2546 3989 2611 4033 ut
2643 3978 2844 4033 Filium
2885 3977 3053 4032 simul
3099 3992 3223 4032 cum
3261 3978 3423 4032 Patre

1832 4087 2120 4145 agnoscas,
2158 4080 2215 4128 et
2266 4071 2643 4143 periculosam
2677 4070 2980 4125 multorum
3015 4068 3248 4124 deorum
3298 4068 3422 4139 opi-

1831 4168 2056 4222 nionem
2082 4164 2349 4223 declines.

1901 4259 2038 4315 Cum
2084 4266 2272 4313 autem
2322 4256 2529 4313 dicitur
2572 4274 2591 4310 ι
2634 4275 2651 4308 ι
2682 4256 2753 4310 Ει
2788 4254 3081 4326 inspiravit
3129 4255 3185 4309 in
3221 4254 3419 4311 faciem

1829 4353 1950 4427 ejus
1965 4352 2306 4423 spiraculum
2329 4350 2488 4415 vitae,
2515 4356 2571 4404 et
2600 4348 2780 4405 factus
2803 4354 2891 4403 est
2913 4347 3078 4402 homo
3098 4347 3155 4401 in
3178 4348 3422 4419 animam

1828 4447 2110 4502 viventem
2132 4453 2174 4512 ',
2211 4464 2229 4497 ι
2256 4444 2442 4501 nonne
2471 4443 2767 4505 manifesto
2805 4440 3048 4513 Spiritus
3086 4442 3261 4497 sancti
3299 4438 3419 4497 eiii-

152 4539 315 4593 ματος
347 4522 444 4592 τὴν
475 4521 627 4574 θείαν
655 4524 937 4591 ἐνέργειαν
977 4523 1255 4595 eamme;
1312 4525 1484 4577 Τοῦτο
1513 4524 1608 4579 καὶ
1637 4524 1725 4578 διὰ

1834 4539 1982 4596 cacia
2012 4537 2103 4593 his
2135 4536 2326 4592 verbis
2374 4532 2705 4593 indicatur?
2737 4534 2857 4590 Hoc
2896 4534 3065 4589 etiam
3116 4533 3421 4605 propheta-

146 4614 251 4667 τῶν
276 4614 569 4686 προφητῶν
599 4617 697 4685 ὲκη
709 4616 904 4686 ρύχθη.
932 4616 1008 4678 ὡς
1033 4618 1090 4669 ὲν
1111 4616 1210 4687 τῷ,
1238 4635 1258 4669 ι
1279 4617 1506 4689 Πνεῦμα
1520 4617 1726 4692 Κυρίου

149 4709 232 4762 ἐπ’
260 4709 408 4778 ἐμέο»
451 4710 563 4772 καὶ,
603 4727 621 4760 ι
655 4708 882 4778 Πνεῦμα
910 4710 1118 4779 Κυρίου
1147 4709 1434 4781 ὡδήγησεν
1460 4709 1717 4776 αὐτούς’»

150 4797 260 4861 καὶ,
299 4815 315 4846 ι
352 4796 575 4866 Πνεῦμα
607 4798 920 4867 ἐπιστήμης
951 4798 1218 4869 ἐνέπλησε
1280 4798 1371 4851 τὸν
1400 4797 1716 4873 Βεσελεῆλ,›

147 4890 236 4940 τὸν
280 4889 641 4958 ἀρχιτέκτονα
687 4889 787 4959 τῆς
835 4890 1059 4960 σκηνῆς·
1101 4892 1216 4956 καὶ,
1266 4907 1289 4942 ι
1321 4891 1546 4962 Πνεῦμα
1578 4910 1725 4964 παρ-

151 4981 465 5049 οξυνόμενον
487 4998 503 5013 ⁸
536 5000 554 5033 ι
584 4982 707 5034 καὶ
743 5000 761 5032 ι
796 4982 1021 5053 Πνεῦμα
1059 4982 1263 5053 ὲξᾶραν
1289 4982 1479 5039 Ἠλίαν
1524 4988 1582 5039 ὲν
1621 4986 1724 5058 ἆρ-

155 5091 275 5146 ματι
308 5072 399 5126 καὶ
431 5073 665 5145 ζητηθὲν
709 5076 864 5145 παρὰ
893 5074 1199 5130 Ἐλισσαίου
1234 5077 1536 5133 διπλάσιον
1568 5098 1587 5132 ι
1627 5081 1723 5135 καὶ

156 5165 423 5232 Πνεύματι
456 5166 648 5236 ἀγαθῷ
669 5169 762 5220 καὶ
820 5170 1137 5242 ἡγεμονικῷ
1163 5170 1329 5224 Δαόὶδ
1357 5172 1722 5245 ὁδηγούμενός

151 5274 209 5312 τε
258 5257 348 5309 καὶ
380 5257 791 5327 στηριζόμενος.
834 5261 1187 5332 Ἐπηγγέλθη
1214 5262 1272 5316 δὲ
1304 5263 1409 5316 ὑπὸ
1442 5266 1540 5335 μὲν
1565 5267 1722 5339 Ἰωὴλ

153 5351 478 5421 πρότερον.“‹
497 5352 607 5404 Καὶ
639 5354 696 5404 ὲν
724 5354 843 5415 ταῖς
872 5354 1127 5424 ἐσχάταις
1158 5357 1414 5426 ἡμέραις,
1450 5356 1721 5428 λέγοντος,

152 5447 315 5517 ἐκχεῶ
370 5448 479 5501 ἀπὸ
529 5448 623 5501 τοῦ
671 5448 985 5519 Πνεύματός
1019 5468 1119 5521 μου
1148 5453 1241 5505 ἐπὶ
1264 5455 1445 5507 πᾶσαν
1467 5456 1664 5527 σάρκα,
1698 5479 1718 5512 ι

153 5541 340 5613 δηλαδὴ
362 5542 461 5614 τὴν
486 5542 879 5611 πιστεύσασαν,
928 5562 949 5596 ι
978 5545 1074 5599 καὶ
1102 5546 1198 5599 ἐπὶ
1223 5545 1350 5610 τοὺς
1376 5548 1525 5613 υἱοὺς
1546 5550 1721 5622 ὑμῶν,

222 5745 236 5773 ¹
271 5742 405 5817 Gen.
441 5760 479 5811 ι,
510 5744 603 5801 26.
680 5748 701 5778 ³
733 5745 889 5802 Joan.
923 5764 954 5801 x
980 5790 994 5811 ,
1040 5749 1130 5805 50.
1246 5750 1266 5781 ³
1306 5749 1464 5807 Joan.
1490 5771 1598 5817 xw,
1630 5756 1683 5812 9.

1797 5757 1819 5788 “
1849 5756 1987 5813 Gen.
2014 5776 2073 5825 ιι,
2098 5759 2154 5815 7.

1833 4649 1958 4690 rum
1985 4630 2306 4688 testimonio
2338 4629 2815 4694 conﬁrmatur,_ut
2839 4627 2899 4682 in
2924 4626 3037 4682 illis
3068 4640 3086 4691 _:
3131 4645 3150 4678 ι
3178 4617 3425 4696 Spiritus

1831 4720 2049 4776 Domini
2083 4736 2255 4791 super
2280 4733 2369 4774 me
2398 4719 2444 4785 ⁸,
2486 4737 2506 4771 ι
2551 4724 2609 4773 et
2641 4736 2655 4773 :
2691 4736 2711 4770 ι
2742 4717 2986 4788 Spiritus
3017 4716 3236 4772 Domini
3261 4716 3421 4772 duxit

1830 4810 1948 4877 eos,
1980 4831 1998 4864 ι
2051 4820 2109 4867 et
2145 4828 2160 4865 :
2199 4831 2219 4864 ε
2253 4810 2869 4883 ὃρίιυίιιιειοοςιιῑιίοιιὶε
2900 4792 3135 4880 replevit
3173 4811 3419 4866 Beseleel

1833 4904 2195 4959 architectum
2223 4889 2614 4979 tabernaculi“
2638 4945 2653 4970 ,
2688 4921 2709 4955 ι
2746 4910 2849 4958 et:
2896 4920 2916 4954 ι
2953 4901 3198 4973 Spiritus
3238 4904 3422 4958 irrita-

1830 5004 1963 5064 tus;
2001 5016 2020 5048 ι
2058 5007 2115 5052 et
2152 5014 2179 5050 εκ
2209 5015 2227 5047 ι
2257 4995 2500 5068 Spiritus
2553 4996 2853 5052 sustollens
2895 4996 3073 5051 Eliam
3122 4997 3177 5051 in
3224 5011 3415 5059 curru,

1829 5100 1888 5146 et
1913 5090 2261 5145 desideratus
2308 5088 2610 5158 dupliciter
2648 5089 2718 5143 ab
2764 5089 3000 5144 Eliszeo"
3029 5106 3045 5156 ;
3077 5108 3097 5141 ›
3148 5088 3419 5144 ethavid

1832 5186 2047 5256 Spiritu
2094 5186 2242 5242 bono
2291 5194 2350 5241 et
2400 5185 2697 5256 principali
2748 5185 3060 5241 conductus
3115 5193 3171 5241 et
3219 5184 3418 5241 suﬂ‘ul-

1832 5286 1921 5334 tus
1944 5279 1986 5334 ⁸.
2019 5266 2382 5334 rPromissus
2437 5287 2523 5334 est
2583 5278 2748 5333 etiam
2804 5278 2873 5334 ab
2902 5278 3055 5334 Joele
3112 5278 3287 5349 prius,
3321 5279 3417 5334 ubi

1833 5369 2105 5426 dixitzcEt
2126 5370 2339 5426 ultimis
2394 5369 2593 5426 diebus
2642 5369 2922 5425 effundam
2948 5370 3015 5425 de
3046 5368 3257 5440 Spiritu
3290 5385 3416 5424 meo

1832 5480 2001 5535 super
2019 5462 2239 5520 omnem
2253 5479 2501 5529 carnem,
2526 5483 2545 5516 ι
2559 5462 2767 5519 scilicet
2785 5462 3158 5529 credentem,c
3179 5471 3429 5533 etsupe'lt

1833 5553 1978 5610 ﬂlios
2018 5563 2236 5612 vestros
2260 5563 2318 5611 et
2347 5568 2515 5625 super
2546 5553 2687 5617 tilias
2717 5562 2930 5609 vestras
2955 5554 2999 5619 ',
3030 5572 3051 5604 υ
3108 5563 3165 5610 et
3194 5561 3411 5616 caetera.

2268 5762 2287 5793 ⁵
2328 5762 2431 5818 lsa.
2476 5777 2584 5830 Lxr,
2617 5760 2677 5829 l;
2709 5758 2845 5816 Luc.
2873 5775 2946 5827 ιν,
2974 5757 3079 5815 18.,
3167 5759 3186 5790 ⁸
3224 5756 3399 5815 Exod.

156 5829 300 5877 xxxv,
328 5814 417 5871 5|.
495 5816 514 5849 ⁷
552 5817 620 5872 IV
640 5818 775 5889 Reg.
821 5834 879 5885 ιι,
913 5818 997 5874 15.
1075 5822 1097 5854 ⁸
1134 5821 1157 5878 Ι
1198 5820 1330 5892 Reg.
1361 5838 1468 5893 xvi,
1494 5814 1595 5882 l5.
1657 5827 1726 5884 θ]

1876 5844 1936 5900 ιι,
1969 5814 2072 5885 28ξ
