4026 6308
492 277 626 344 1297

1691 280 1756 340 S.
1793 278 2077 338 ANASTA
2089 277 2192 337 Sil
2231 279 2558 340 SlNAlTJE

3622 279 3767 346 1208

487 394 556 450 Et
587 413 600 449 :
643 393 925 464 «Spiritus
956 394 1180 451 divinus
1219 395 1351 452 fecit
1393 410 1511 460 me,
1541 405 1598 451 et
1640 395 1847 450 halitus
1874 394 2068 452 Omni—

2198 397 2266 451 ιαὶ
2316 397 2411 450 ἐπὶ
2457 397 2558 461 τὰς
2599 397 2908 468 Θυγατέρας
2955 396 3162 468 ὑμῶν,ι
3205 397 3304 452 καὶ
3333 397 3402 453 τὰ
3434 397 3586 468 ἑξῆς.
3621 399 3762 464 Καὶ,

489 485 736 557 petentis
769 487 856 543 uie
885 485 1075 542 docuit
1106 487 1168 542 ιο.
1201 507 1220 540 ι
1259 486 1324 542 Ει
1359 503 1552 543 rursus
1585 505 1598 540 :
1643 508 1660 540 ι
1695 487 1930 544 Emittes
1953 487 2076 560 Spi-

492 579 658 633 ritum
705 589 859 634 tuum
881 621 896 644 ,
946 588 1004 634 et
1037 581 1382 637 creabuntur
1403 623 1418 647 ,
1453 591 1512 637 et
1542 582 1838 638 renovabis
1875 583 2076 640 l‘aciem

491 677 656 722 terra:
683 667 748 720 ιε.
783 687 801 718 ι
845 667 1112 726 Similiter
1135 671 1278 726 Deus
1310 670 1478 726 etiam
1511 671 1580 726 de
1609 671 1819 728 Adamo
1845 673 2073 730 dicens:

499 779 518 810 ι
553 757 701 816 Ecce
733 761 913 818 factus
961 770 1049 818 est
1076 763 1250 818 Adam
1290 775 1352 820 ut
1386 782 1532 821 unus
1555 781 1584 821 e
1626 766 1791 823 nobis
1817 768 1892 832 ",
1921 787 1940 820 ›
1972 769 2076 824 Pa-

495 862 659 918 trem,
697 853 898 908 Filium
932 864 1100 926 atque
1138 857 1409 928 Spiritum
1461 869 1713 916 sanctum
1745 859 1951 914 innuit.
1982 860 2081 916 His

493 943 670 1014 adjice
701 955 758 1000 et
785 947 1075 1003 considera
1115 950 1262 1020 quod
1301 966 1332 1006 a
1376 953 1489 1008 Deo
1525 955 1581 1008 in
1609 954 1728 1024 lege
1757 955 2078 1026 promulga-

493 1048 586 1091 tur
624 1055 635 1090 :
669 1057 688 1089 ι
720 1039 886 1104 Audi,
919 1041 1111 1108 Israel,
1137 1044 1410 1102 Dominus
1435 1049 1582 1106 Deus
1622 1059 1785 1115 tuus,
1813 1050 2081 1106 Dominus

497 1146 641 1186 unus
665 1142 749 1186 est
781 1132 843 1186 ¹³.
867 1151 887 1185 ι
934 1133 1132 1191 Nonne
1165 1137 1269 1193 hac
1296 1155 1433 1196 voce
1477 1150 1560 1198 ter
1589 1143 1825 1214 repetita
1853 1141 2082 1214 appar‘ét

493 1233 740 1280 sanctam
773 1225 1105 1285 Trinitatem
1139 1247 1263 1288 esse
1295 1249 1466 1290 unum
1493 1235 1702 1291 Deum?
1732 1237 1950 1292 Patrem
1985 1251 2082 1290 au-

493 1327 608 1387 tem
649 1333 714 1372 ac
764 1319 963 1377 Filium
1010 1331 1066 1377 et
1112 1322 1380 1393 Spiritum
1431 1335 1686 1381 sanctum
1736 1341 1859 1382 esse
1909 1342 2085 1382 unum.

495 1411 690 1472 Deum,
730 1421 846 1467 tum
898 1413 1064 1469 dictis
1111 1422 1226 1469 tum
1276 1415 1531 1472 dicendis
1575 1419 1864 1488 probatur.
1908 1419 2083 1474 Porro

497 1500 626 1555 hinc
662 1517 885 1578 quoque
914 1503 1048 1559 illud
1080 1505 1378 1578 intelliges,
1409 1509 1557 1579 quod
1597 1509 1799 1564 Filium
1835 1509 2081 1580 appella-

497 1610 620 1648 mus
649 1611 798 1660 eum,
835 1595 904 1650 de
934 1612 1044 1666 quo
1077 1599 1348 1670 Propheta
1374 1601 1518 1655 dixit
1552 1619 1564 1656 :
1612 1621 1630 1652 ι
1655 1602 1838 1658 Verbo
1864 1603 2084 1658 Domini

496 1688 621 1742 ειηΖί
671 1689 871 1743 ﬁrmati
921 1701 1052 1746 sunt
1097 1694 1160 1748 ιδ.
1203 1713 1221 1744 ›
1283 1694 1574 1762 Quomodo
1600 1705 1787 1751 autem
1821 1696 2058 1752 dicimus

499 1779 768 1848 Spiritum
807 1784 1108 1838 sanctum?
1158 1785 1269 1841 «Et
1319 1785 1528 1856 Spiritu
1577 1787 1690 1842 oris
1742 1788 1870 1860 ejus,
1905 1787 2087 1856 omnis

496 1871 675 1926 \‘irlus
726 1888 920 1928 eorum
954 1875 1036 1939 ¹⁸;
1072 1894 1090 1928 ι
1142 1875 1219 1932 ita
1273 1877 1422 1932 enim
1470 1877 1526 1932 in
1583 1873 1858 1934 Trinitate
1911 1893 2086 1934 unum

497 1963 672 2019 Deum
703 1965 960 2021 colimus.
1002 1969 1121 2023 Jam
1149 1985 1358 2042 quaeso,
1387 1986 1420 2024 ο
1447 1970 1658 2036 ιυᾱωο,
1691 1971 1912 2028 cuinam
1937 1971 2088 2028 Seri-

497 2074 660 2129 piara
713 2073 895 2116 vestra
933 2061 1074 2118 dicit
1117 2063 1276 2122 haec:
1319 2085 1336 2116 ι
1369 2065 1640 2122 Dominus
1670 2065 1737 2121 ad
1783 2081 1869 2121 me
1901 2065 2039 2120 dixit
2071 2081 2084 2118 :

505 2177 524 2206 ε
565 2155 738 2210 Filius
761 2171 919 2211 meus
963 2171 1024 2210 es
1057 2164 1113 2210 tu
1135 2197 1153 2221 ,
1182 2172 1284 2226 ego
1310 2157 1476 2213 hodie
1523 2167 1576 2214 te
1615 2160 1782 2230 genui
1813 2160 1901 2212 “?
1931 2179 1948 2212 ι
1983 2158 2087 2214 Ubi

499 2247 770 2315 psalmum
819 2247 886 2302 de
929 2239 1227 2304 Salomone
1262 2248 1434 2304 verba
1478 2249 1663 2304 facere
1696 2251 2086 2321 responderit,

501 2343 780 2409 interroga
811 2356 938 2393 eum
969 2358 980 2392 :
1016 2339 1406 2410 Quotupliccm
1441 2351 1606 2397 terra:
1637 2352 1852 2412 partem
1880 2342 2088 2413 guber-

500 2431 654 2486 navit
687 2431 952 2486 Salonio?
985 2432 1211 2487 Scilicet
1244 2448 1348 2489 nec
1376 2433 1665 2488 dimidiam
1691 2476 1704 2499 ,
1735 2451 1840 2490 nec
1866 2436 2088 2492 tertiam

501 2534 713 2595 partem
761 2535 940 2590 teme,
983 2525 1081 2580 sed
1123 2527 1294 2582 solam
1320 2527 1592 2582 Iudaeam.
1621 2527 1893 2584 Cancrum
1919 2528 2090 2599 probe

501 2617 760 2672 attendas
784 2659 798 2682 ,
827 2634 862 2672 0
895 2618 1118 2680 Judree,
1149 2629 1210 2673 ut
1252 2619 1530 2690 intelligas
1571 2621 1842 2690 psalmum
1870 2637 1980 2675 non
2019 2620 2090 2676 de

504 2711 824 2776 Salomone,
860 2711 956 2765 sed
989 2711 1056 2766 de
1087 2710 1312 2768 Christo
1354 2729 1538 2782 agere.
1580 2711 1672 2768 Sic
1693 2715 1845 2770 enim
1873 2713 2042 2769 habet
2075 2731 2087 2767 :

513 2827 526 2849 ι
564 2804 832 2860 Dominus
881 2803 1020 2858 dixit
1062 2803 1129 2860 ad
1181 2819 1268 2859 me
1301 2821 1315 2858 :
1343 2805 1521 2861 Filius
1567 2821 1724 2861 meus
1770 2821 1832 2860 es
1877 2813 1958 2870 tu,
1990 2821 2092 2876 ego

505 2893 670 2949 hcdie
701 2904 752 2950 te
777 2893 964 2965 genui.
994 2894 1126 2950 Pete
1148 2911 1180 2952 ιι
1211 2911 1320 2962 me,
1347 2906 1405 2951 et
1438 2897 1582 2953 dabo
1624 2897 1728 2954 tibi
1755 2906 1954 2968 gentes
1981 2897 2094 2952 hae-

505 2987 798 3043 reditatem
826 2997 1000 3052 tuam,
1031 2996 1089 3042 et
1115 2987 1525 3058 possessionem
1561 2997 1711 3044 tuam
1747 2989 1882 3044 lines
1907 2999 2089 3045 terrae.

2185 507 2206 542 ι
2236 489 2462 560 Πνεῦμα
2493 491 2553 543 τὸ
2581 488 2724 545 θεῖον
2752 491 2812 545 τὺ
2835 490 3070 563 ποιῆσάν
3094 509 3185 562 με,
3215 489 3354 562 πνοὴ
3372 490 3429 546 δὲ
3453 491 3766 562 Παντοκρά-

2177 599 2340 654 τορος
2361 583 2404 654 ,ή
2431 583 2766 638 διδάσκουσά
2789 601 2912 655 με.»
2947 585 3061 638 Kal
3086 585 3271 650 πάλιν,
3301 603 3320 638 ι
3348 583 3770 652 Ἐξαποστελεῖς

2178 675 2241 728 τὸ
2275 675 2502 746 Πνεῦμά
2532 693 2626 729 σου
2647 716 2677 750 ,1
2723 677 2820 730 καὶ
2854 674 3264 745 κτισθήσονται,
3297 674 3394 730 καὶ
3427 674 3768 738 άνακαινιεῖς

2179 767 2242 820 τὸ
2292 767 2585 838 πρόσωπον
2613 767 2713 838 τῆς
2756 767 2885 836 γῆς.
2921 787 2941 819 ι
2983 767 3230 838 Ὀμοῐως
3260 765 3319 820 δὲ
3351 767 3450 821 καὶ
3477 767 3560 838 τῷ
3589 768 3771 820 εἰπεῖν

2179 857 2273 910 τὸν
2301 857 2436 912 Θεὸν
2468 859 2598 930 περὶ
2626 857 2721 912 τοῦ
2743 857 2919 930 Ἀδάμ
2939 898 2954 923 ,
3001 859 3083 913 ὅτι
3122 877 3142 911 ‹
3179 858 3315 912 Ἰδοὺ
3346 858 3572 928 γέγονεν
3593 857 3773 929 Ἀδὰμ

2181 950 2258 1013 ὡς
2297 944 2378 1016 εἷς
2427 949 2487 1017 ἐξ
2515 951 2728 1022 ήμῶν,›
2768 950 3016 1022 Πατέρα,
3053 951 3197 1018 Υἰδν,
3233 951 3330 1005 καὶ
3357 950 3516 1019 ἅγιον
3542 949 3774 1020 Πνεῦμα

2182 1039 2352 1110 δηλοῖ.
2403 1041 2737 1119 Ἀρίθμησον
2785 1043 2844 1096 δὲ
2902 1043 2998 1096 καὶ
3039 1041 3239 1110 τοῦτο,
3286 1043 3382 1096 καὶ
3412 1043 3490 1097 [δε
3543 1041 3605 1095 τὸ
3631 1041 3774 1112 ὑπὲρ

2183 1133 2278 1187 τοῦ
2303 1133 2440 1188 Θεοῦ
2465 1117 2764 1208 ,εἰρημένον
2793 1135 2884 1190 διά
2905 1135 3191 1206 τοῦνόμου
3213 1135 3486 1205 λέγοντος
3511 1136 3772 1198 σ’Δκουε,

2185 1225 2428 1296 Ἰσραὴλ,
2466 1226 2674 1298 Κύριος
2707 1227 2736 1280 6
2761 1226 2895 1291 Θεὸς
2923 1244 3040 1293 σου,
3065 1227 3272 1298 Κύριος
3295 1219 3380 1292 εἷς
3402 1227 3615 1280 ἐστιν.»
3641 1225 3776 1296 οὐχὶ

2186 1316 2422 1388 φανερὸν
2447 1317 2686 1390 ὑπάρχει
2715 1318 2806 1373 διά
2829 1319 2928 1389 τῆς
2953 1318 3320 1392 τρισαρῑθμου
3345 1319 3550 1386 λέξεως
3568 1319 3778 1387 ταύτης

2185 1409 2332 1482 ὅτιή
2363 1411 2494 1478 άγία
2517 1412 2690 1482 Τριὰς
2725 1412 2858 1478 Θεὸς
2887 1407 2964 1476 εἷς
2995 1414 3181 1478 ὲστιν;
3215 1413 3342 1466 Ὀτι
3368 1412 3426 1466 δὲ
3458 1413 3657 1484 Πατὴρ
3685 1412 3777 1464 καὶ

2188 1502 2314 1566 Υἱὸς
2359 1504 2455 1556 καὶ
2493 1503 2650 1572 ἅγιον
2690 1503 2918 1576 Πνεῦμα
2961 1504 3096 1569 Θεὸς
3131 1498 3215 1568 εἷς
3249 1505 3391 1581 ἐστι,
3419 1503 3515 1578 καὶ
3539 1503 3651 1559 ἀπὸ
3671 1503 3778 1556 τῶν

2189 1595 2467 1665 ῥηθέντων
2491 1596 2584 1650 καὶ
2605 1589 2680 1650 ὧν
2703 1596 2994 1668 ὀφείλομεν
3013 1597 3218 1666 λέγειν,
3241 1596 3427 1667 δῆλον.
3457 1596 3572 1652 Καὶ
3595 1596 3783 1650 ἐντεῦ-

2189 1686 2280 1742 θεν
2300 1687 2697 1760 καὶπρόσσχες.
2741 1681 3118 1760 Ἐκεῖνονγὰρ
3154 1689 3432 1761 καλοῦμεν
3458 1689 3612 1756 Υἱδν,
3647 1689 3781 1759 περὶ

2189 1773 2250 1834 οῦ
2277 1781 2306 1832 6
2333 1781 2620 1853 προφήτης
2647 1777 2791 1835 εἷπε·
2823 1802 2842 1834 ι
2880 1781 2970 1853 Τῷ
3035 1779 3184 1854 λόγῳ
3217 1783 3426 1854 Κυρίου
3465 1783 3516 1834 οἱ
3555 1780 3780 1852 οὐρανοὶ

2189 1872 2623 1944 ἐστερεώθησαν.
2663 1893 2684 1928 ι
2719 1875 2816 1939 Εἰς
2860 1874 2890 1928 6
2943 1873 3002 1928 δὲ
3041 1874 3278 1945 λέγομεν
3315 1874 3545 1945 Πνεῦμα
3587 1873 3779 1944 ἆγιονς

2195 1985 2214 2018 ι
2247 1967 2356 2020 Kal
2388 1965 2467 2036 τῷ
2501 1965 2782 2037 Πνεῦματι
2803 1965 2899 2021 τοῦ
2938 1961 3213 2038 στόματος
3242 1966 3410 2022 αὐτοῦ
3445 1969 3602 2022 πᾶσα
3627 1969 3664 2040 η
3691 1966 3784 2020 δύ-

2189 2075 2351 2128 ναμις
2376 2059 2578 2112 αὐτῶν·
2623 2077 2644 2111 ι
2676 2057 2821 2112 οὕτω
2849 2057 2958 2130 γὰρ
2987 2061 3150 2130 ἡμεῖς
3190 2061 3248 2114 ὲν
3277 2059 3470 2130 Τριάδι
3498 2058 3640 2112 Θεὸν
3685 2057 3782 2111 ἕνα

2193 2148 2443 2220 σέϐομεν.
2481 2151 2616 2205 Εἰπὲ
2635 2149 2694 2204 δὲ
2725 2151 2812 2216 σὺ,
2841 2144 2886 2205 ὧ
2921 2145 3165 2216 Ἰουδαῖε’,
3196 2150 3336 2223 πρὸς
3358 2151 3481 2205 τίνα
3515 2152 3551 2220 ὴ
3587 2149 3785 2222 Γραφὴ

2192 2240 2345 2310 ὑμῶν
2375 2241 2546 2310 λέγει,
2593 2241 2675 2295 ὅτι
2716 2259 2736 2294 ι
2755 2241 2958 2313 Κύριος
2989 2235 3114 2296 εἶπε
3143 2243 3280 2315 πρός
3313 2258 3411 2312 με·
3445 2243 3573 2306 Υἱός
3600 2257 3705 2313 μου
3733 2237 3787 2293 εἴ

2193 2333 2280 2398 σὺ,
2309 2331 2420 2401 ἐγὼ
2445 2333 2690 2404 σήμερον
2723 2333 3041 2402 γεγέννηκά
3069 2351 3130 2388 σε
3156 2351 3171 2402 ;
3218 2353 3236 2386 ι
3273 2335 3380 2388 Καὶ
3409 2335 3457 2395 εἰ
3493 2333 3595 2404 μὲν
3627 2332 3782 2404 εἴπῃ,

2191 2425 2276 2478 ὅτι
2324 2425 2454 2496 περὶ
2502 2425 2854 2498 Σολομῶντος
2888 2425 3038 2496 λέγει
3081 2427 3110 2481 6
3156 2426 3392 2498 ψαλμὸς,
3425 2425 3548 2480 εἰπὲ
3598 2425 3782 2496 αὐτῷ·

2193 2518 2305 2573 Καὶ
2341 2519 2506 2573 πόσον
2535 2520 2703 2592 μέρος
2729 2520 2826 2575 τοῦ
2852 2521 3062 2592 κόσμου
3092 2519 3414 2590 ἐκυρίευσεν
3439 2522 3468 2574 6
3494 2518 3784 2588 Σολομῶν;

2194 2611 2453 2680 Δηλονότι
2481 2611 2603 2666 οὐδὲ
2635 2611 2698 2665 τδ
2733 2611 2932 2683 ἥμισυ,
2967 2613 3090 2669 οὐδὲ
3120 2610 3180 2666 τὸ
3210 2611 3394 2684 τρίτον
3422 2611 3517 2666 τοῦ
3547 2612 3782 2682 κόσμου,

2193 2700 2308 2755 ἀλλ’
2355 2701 2388 2770 ἢ
2423 2702 2584 2771 μόνον
2617 2702 2718 2772 τὴν
2762 2699 3043 2756 Ἰουδαίαν.
3078 2701 3192 2754 Καὶ
3225 2701 3456 2756 ἄκουσον
3493 2700 3782 2770 νουνεχῶς,

2193 2787 2238 2846 ὧ
2283 2791 2530 2858 Ἰουδαῖε,
2563 2793 2658 2846 καὶ
2689 2792 2830 2864 μάθε
2857 2793 2940 2874 δτι
2971 2792 3218 2865 περὶτοῦ
3244 2793 3485 2866 Χριστοῦ
3515 2796 3544 2847 6
3570 2793 3787 2864 ψαλμὶς

2193 2885 2364 2954 λέγει,
2398 2885 2494 2940 καὶ
2538 2887 2660 2956 οὐχὶ
2682 2885 2812 2957 περὶ
2839 2885 3211 2956 Σολομῶντος.
3231 2885 3408 2955 ,Λέγει
3443 2885 3574 2957 γάρ·
3612 2905 3632 2937 ι
3670 2885 3784 2941 Κύ-

2197 2994 2312 3050 ριος
2349 2975 2471 3034 εἷπε
2527 2979 2666 3049 πρός
2708 2995 2811 3050 με·
2863 2979 2992 3044 Υἱός
3022 2996 3125 3050 μου
3171 2975 3224 3033 εἴ
3273 2980 3359 3044 σὺ,
3399 2977 3510 3047 ἐγὼ
3546 2983 3788 3050 σήμερον

502 3081 704 3136 Ῥειεοθε
739 3095 836 3136 eos
874 3080 933 3136 in
967 3079 1126 3152 virga
1165 3079 1344 3135 ferrea
1368 3122 1382 3146 ,
1418 3081 1572 3137 velut
1605 3095 1731 3137 vasa
1769 3081 1916 3152 ﬁguli
1955 3097 2090 3136 con-

2198 3071 2504 3142 γεγέννηκά
2527 3087 2607 3124 σεο
2637 3070 2862 3142 αἵτησαι
2897 3072 3028 3142 παρ’
3055 3069 3214 3141 ἐμοῦ,
3241 3070 3338 3124 καὶ
3362 3069 3520 3124 δὼσω
3549 3087 3632 3123 σοι
3659 3069 3787 3140 ἔθνη

509 3185 654 3227 teres
707 3188 804 3228 eos
830 3173 893 3226 ³⁷.
929 3173 1089 3228 iJam
1142 3187 1274 3227 vero
1314 3187 1440 3228 cum
1493 3182 1711 3230 eertum
1753 3181 1918 3243 atque
1939 3183 2094 3229 extra

506 3285 727 3327 omnem
745 3252 1310 3324 dubitationis'aleam
1337 3267 1578 3338 positum
1605 3267 2092 3333 sit,,Salomonem,

509 3365 589 3420 uti
618 3362 879 3426 diximus,
917 3377 1098 3432 neque
1124 3361 1438 3426 dimidiam,
1475 3377 1658 3432 neque
1687 3363 1905 3416 tertiam
1930 3371 2094 3418 terra:

507 3467 747 3524 partem,
781 3455 881 3511 sed
921 3455 1096 3510 solam
1155 3461 1362 3510 terram
1407 3454 1693 3510 Iudaicam
1734 3455 2092 3527 gubernasse,

508 3563 620 3616 quo
651 3557 922 3616 tempore,
947 3561 1156 3616 quaeso,
1198 3561 1232 3602 ο
1259 3543 1470 3612 Judzee,
1501 3546 1638 3600 lines
1664 3554 1824 3602 terrae
1853 3544 2097 3615 possedit

511 3639 772 3693 Salonio?
793 3637 1026 3704 Quando
1047 3639 1202 3709 pavit
1227 3653 1325 3694 eos
1353 3639 1412 3693 in
1445 3639 1602 3710 virga
1617 3637 1837 3692 ferrea?
1861 3635 2096 3704 Quando

511 3732 666 3788 velut
696 3747 826 3786 vasa
869 3729 1022 3803 ﬁguli
1065 3731 1330 3794 contrivit
1368 3732 1560 3790 hostes
1597 3732 1769 3789 suos?
1803 3730 2096 3800 Nunquam

510 3841 761 3884 ωιιηιηο.

585 4107 663 4161 Ad
693 4105 868 4163 Judazi
901 4113 1084 4161 autem
1120 4105 1488 4176 objectionem
1521 4125 1535 4160 :
1572 4106 1626 4162 Si
1659 4107 1831 4162 Filius
1857 4119 1942 4164 est
1976 4109 2102 4176 Dei,

487 4189 594 4254 ἰιιὶ
631 4198 904 4264 asseritis,
934 4200 1216 4268 quomodo
1246 4199 1450 4254 dixerit
1489 4200 1634 4256 Deus
1665 4200 1821 4270 quasi
1866 4201 1936 4256 ad
1977 4217 2102 4258 ser-

513 4309 643 4350 vum
679 4311 694 4348 ι
737 4293 923 4348 rPete
975 4309 1008 4348 a
1055 4308 1178 4355 me.
1222 4301 1282 4348 et
1327 4293 1472 4348 dabo
1525 4293 1662 4348 tibi?
1692 4313 1710 4346 ι
1763 4302 1823 4349 et
1852 4311 2098 4351 rursus:

519 4407 537 4434 ε
581 4386 690 4456 Ego
717 4383 886 4440 hodie
921 4394 973 4440 te
997 4385 1202 4456 genui?
1226 4404 1245 4436 ι
1287 4384 1547 4440 similiter
1581 4384 1741 4459 quasi
1781 4385 1849 4440 ad
1875 4402 2099 4442 servum

511 4478 610 4548 qui
641 4455 792 4547 petat
821 4487 988 4547 atque
1011 4455 1282 4546 accipiat,
1327 4485 1387 4532 et
1415 4477 1485 4531 de
1517 4455 1791 4532 hodierno
1819 4477 1932 4544 die,
1973 4493 2100 4534 eum
2127 4455 2181 4515 D

513 4573 663 4628 dicat
691 4589 702 4624 :
741 4589 758 4620 ι
789 4571 905 4640 Ego
935 4570 1104 4626 hodie
1135 4579 1186 4626 te
1211 4569 1412 4640 genui;
1447 4589 1464 4620 ι
1498 4585 1596 4624 vos
1621 4571 1922 4626 Christiani
1949 4573 2098 4628 enim

513 4667 642 4713 ante
684 4657 950 4713 mundum
1007 4657 1233 4712 omnino
1283 4673 1412 4712 eum
1454 4669 1649 4714 natum
1692 4675 1816 4715 esse
1868 4661 2096 4718 dicitis:

514 4748 582 4800 ad
625 4747 789 4810 hanc,
821 4747 1070 4826 inquam,
1097 4745 1470 4815 objectionem
1501 4747 1554 4800 ei
1587 4747 1667 4801 sic
1697 4749 2097 4817 respondebis:

516 4840 592 4906 De
623 4856 690 4894 eo
719 4837 868 4909 quod
899 4837 1064 4893 Pater
1095 4837 1167 4892 ad.
1194 4837 1396 4892 Filium
1425 4839 1631 4895 dixerit
1657 4857 1671 4894 :
1713 4859 1731 4893 ι
1771 4842 1902 4898 Pete
1931 4859 1962 4898 a
1989 4860 2100 4911 me,

513 4947 570 4989 ιιι
605 4933 914 5008 dabotibi,
957 4951 976 4984 ι
1008 4932 1122 4986 noli
1155 4931 1384 4988 oil‘endi.
1425 4932 1580 5005 Saepe
1633 4936 1784 4991 enim
1823 4953 1921 4994 rex
1960 4954 2104 5008 quo-

513 5045 648 5097 que,
683 5025 854 5081 animi
883 5025 1276 5081 benevolentia
1305 5025 1530 5092 ductus,
1573 5029 1640 5083 ad
1685 5029 1860 5084 ﬁlium
1907 5031 2049 5086 dicit
2085 5049 2098 5086 :

515 5118 670 5189 Roga
719 5133 832 5182 me,
885 5125 941 5171 et
992 5115 1296 5173 concedam
1343 5117 1444 5172 tibi
1493 5119 1768 5191 quidquid
1835 5122 2101 5178 volueris.

515 5211 675 5282 Quod
712 5219 898 5265 autem
947 5209 1164 5267 addidit
1196 5227 1208 5264 :
1248 5229 1266 5260 ‹
1300 5210 1414 5280 Ego
1446 5211 1614 5267 hodie
1653 5222 1704 5268 te
1753 5214 1944 5285 genui,
1989 5233 2008 5264 ι
2047 5214 2103 5268 id

517 5305 586 5359 de
617 5303 977 5372 generatione
1007 5303 1132 5374 ejus
1159 5303 1470 5362 secundum
1509 5321 1736 5360 carnem
1787 5305 2104 5376 intelligen-

517 5395 648 5453 tiam
675 5409 778 5456 est,
812 5396 1088 5466 siquidem
1118 5397 1298 5455 Patris
1327 5397 1668 5468 benignitate
1692 5415 1722 5452 e
1755 5406 1943 5453 sancta
1979 5399 2106 5453 Dci-

515 5502 650 5556 μιιά
677 5499 731 5542 et
760 5503 978 5557 semper
1012 5490 1224 5560 virgine
1269 5489 1439 5544 Maria
1485 5500 1651 5544 natus
1679 5499 1782 5544 est.
1826 5490 1907 5544 Ad
1938 5506 2102 5559 quem

589 5671 631 5702 υ
663 5669 766 5723 .lub
793 5686 981 5736 xum,
1012 5671 1062 5722 4.

519 5757 582 5804 ιιι
611 5746 659 5796 τ.
743 5741 783 5771 ιτ
824 5740 959 5792 ibid.
994 5740 1051 5806 θ,
1080 5743 1133 5790 ν.

1147 5670 1182 5698 ¹¹
1214 5669 1352 5724 Psal.
1382 5685 1468 5722 cm
1498 5709 1512 5734 ,
1537 5669 1622 5723 5.0.
1705 5672 1743 5701 η
1776 5670 1914 5729 Gen.
1948 5687 2024 5736 ιιι,
2058 5671 2147 5723 '22.

2196 3165 2300 3235 τὴν
2342 3164 2710 3234 κληρονομίαν
2760 3181 2876 3231 σου,
2919 3165 3016 3218 καὶ
3067 3162 3166 3236 τὴν
3209 3162 3542 3233 κατάσχεσιν
3591 3179 3688 3215 σου
3721 3160 3790 3214 τὰ

2204 3261 2420 3330 πέρατα
2447 3257 2547 3328 τῆς
2573 3259 2698 3330 γῆς·
2733 3261 3021 3330 ποιμανεὶς
3050 3258 3250 3323 αὐτοὺς
3276 3259 3334 3311 ὲν
3367 3258 3550 3329 ῥάϐδῳ
3568 3259 3786 3329 σιδηρᾷ,

2203 3353 2280 3415 ὡς
2308 3352 2476 3422 σκεύη
2509 3351 2806 3422 κεραμέως
2834 3351 3158 3422 ,συντρίψεις
3207 3350 3428 3414 αὐτούς.
3467 3369 3484 3400 ι
3525 3351 3666 3404 Εἰπέ
3699 3367 3786 3420 μοι

2203 3439 2296 3498 οῦν
2333 3445 2398 3498 σὺ
2437 3443 2584 3516 ἄρτι,
2631 3444 2874 3511 ἰουδαῖε,
2911 3445 3131 3507 πάντως
3160 3443 3316 3514 δῆλον
3359 3443 3455 3496 καὶ
3491 3441 3788 3512 ὁμολογού-

2207 3538 2368 3608 μενόν
2399 3539 2568 3602 ἐστιν,
2602 3537 2679 3601 ὡς
2712 3536 2960 3606 εἴπομεν,
2991 3537 3074 3590 ὅτι
3122 3537 3291 3609 ἥμισυ
3325 3539 3427 3607 τῆς
3475 3535 3581 3604 γῆς
3630 3535 3788 3587 Sole-

2208 3627 2324 3700 μῶν
2350 3630 2411 3682 οὐ
2455 3629 2740 3699 κατέσχεν,
2771 3629 2892 3682 οὐδὲ
2941 3627 3002 3682 τὸ
3047 3627 3252 3698 τρίτον,
3287 3626 3446 3689 ἐκτὸς
3491 3631 3588 3679 καὶ
3628 3626 3790 3695 μόνον

2204 3720 2306 3790 τὴν
2351 3717 2612 3776 Ἰουδαίαν
2642 3719 2768 3790 γῆν.
2801 3720 3036 3786 Λοιπὸν,
3065 3719 3197 3772 πότε
3245 3717 3515 3788 κατέσχεν
3555 3719 3585 3772 6
3631 3716 3790 3771 Σολοο

2209 3811 2326 3882 μῶν
2353 3811 2423 3865 τά
2455 3811 2667 3883 πέρατα
2695 3812 2796 3882 τῆς
2822 3811 2966 3882 γῆς;
3000 3811 3138 3864 Πότε
3171 3810 3230 3865 δὲ
3269 3811 3569 3883 ὲποίμανεν
3593 3811 3790 3874 αὐτοὺς

2205 3905 2264 3958 ἐν
2293 3903 2476 3975 ῥάϐδῳ
2507 3904 2706 3976 σιδηρᾷ
2732 3919 2747 3970 ;
2786 3903 2926 3957 Πότε
2958 3903 3016 3956 δὲ
3045 3903 3120 3966 ὡς
3145 3902 3314 3974 σκεύη
3345 3902 3638 3973 κεραμέως
3669 3919 3791 3956 συν-

2206 3995 2396 4065 έτριψε
2438 3995 2564 4060 τοὺς
2593 3995 2824 4068 ἐχθροὺς
2856 3993 3021 4048 αὑτοῦ
3048 4013 3064 4061 ;
3106 3995 3331 4060 Πάντως
3363 3994 3646 4050 οὐδέποτε.

2278 4113 2340 4166 Εἰ
2368 4111 2424 4165 δὲ
2462 4109 2592 4182 εἴπῃ
2629 4113 2656 4164 6
2692 4111 2962 4174 Ἰουδαῖος·
2997 4111 3061 4164 Εἰ
3097 4110 3224 4172 Υἱός
3253 4111 3368 4164 ἐστι
3397 4109 3493 4162 τοῦ
3521 4108 3681 4175 Θεοῦ,
3717 4109 3792 4173 ὡς

2207 4201 2418 4272 λέγετε,
2453 4201 2569 4266 πῶς
2597 4196 2752 4254 εἶπεν
2782 4203 2810 4256 6
2837 4201 2970 4265 Θεὸς
2995 4201 3072 4266 ὡς
3101 4201 3239 4272 πρὸς
3259 4200 3468 4254 δοῦλον·
3505 4221 3524 4252 ι
3557 4202 3791 4273 Αἴτησαι

2209 4297 2342 4366 παρ’
2365 4293 2524 4366 ἐμοῦ,
2554 4293 2650 4348 καὶ
2696 4292 2856 4348 δώσω
2893 4308 3010 4357 σοι;
3047 4312 3064 4344 ι
3101 4293 3196 4346 καὶ
3227 4291 3409 4346 πάλιν·
3444 4311 3463 4345 ι
3510 4293 3654 4361 Ἐγὼ
3694 4295 3790 4362 σή-

2213 4400 2377 4455 μερον
2405 4382 2714 4452 γεγέννηκά
2738 4398 2829 4450 σε;
2871 4399 2890 4432 ι
2935 4381 3078 4452 τάχα
3112 4381 3188 4444 ὡς
3209 4380 3348 4451 πρὸς
3374 4379 3584 4446 δοῦλον,
3613 4380 3704 4434 διὰ
3732 4381 3793 4433 τὸ

2207 4475 2379 4528 αἰτεῖν
2416 4473 2514 4528 καὶ
2557 4470 2881 4541 λαμϐάνειν·
2925 4471 3022 4524 καὶ
3063 4469 3140 4534 ὡς
3187 4471 3466 4541 ἐφήμερον
3492 4511 3506 4532 ,
3568 4470 3658 4524 διὰ
3707 4469 3788 4533 τὸ,

2213 4586 2232 4619 r
2288 4563 2430 4634 Ἐγὼ
2466 4565 2707 4636 σήμερον
2749 4563 3059 4635 γεγέννηκά
3089 4579 3147 4616 σε
3168 4579 3183 4594 ο
3219 4581 3238 4614 ι
3277 4562 3372 4616 καὶ
3407 4561 3518 4632 γάρ
3555 4562 3715 4632 ὑμεῖς
3740 4562 3788 4614 οι

2207 4651 2532 4728 Χριστιανοϊ
2561 4656 2668 4727 πρὸ
2701 4653 2796 4708 τοῦ
2829 4654 3040 4722 κόσμου
3074 4653 3196 4706 ὅλου
3226 4651 3415 4720 λέγετε
3445 4651 3530 4704 ὅτι
3565 4652 3788 4720 ἐγεννή-

2210 4751 2297 4822 θη·
2331 4749 2454 4804 εἰπὲ
2510 4749 2659 4819 αὑτῷ
2689 4749 2880 4812 οὕτως·
2925 4748 3062 4818 Περὶ
3112 4745 3205 4800 τοῦ
3253 4747 3428 4800 εἰπεῖν
3456 4745 3548 4798 τὸν
3575 4745 3791 4814 Πατέρα

2209 4842 2346 4912 πρὸς
2373 4843 2472 4896 τὸν
2505 4842 2654 4906 Υἱδν,
2687 4843 2768 4894 ὅτι
2805 4859 2825 4891 ‹
2874 4839 3107 4909 Αἴτησαι
3158 4841 3287 4911 παρ’
3323 4837 3480 4909 ἐμοῦ,
3513 4839 3609 4890 καὶ
3637 4837 3791 4891 δώσω

2209 4951 2315 5002 σοι,
2353 4954 2373 4986 ι
2407 4933 2480 5006 μὴ
2510 4932 2883 4998 σκανδαλίζου·
2918 4932 3091 4985 πολλὰ
3117 4931 3226 5000 γάρ
3252 4930 3347 4984 καὶ
3379 4928 3631 5000 βασιλεὺς
3657 4931 3792 5002 πρὸς

2207 5028 2298 5082 τὸν
2325 5027 2492 5081 αὑτοῦ
2551 5027 2666 5080 υἱὸν
2695 5027 2848 5094 λέγει
2903 5027 3010 5079 άπὸ
3045 5023 3248 5094 πολλῆς
3281 5024 3527 5094 ἀγάπης·
3563 5023 3791 5092 Αἴτησαὶ

2212 5138 2322 5191 μοι,
2355 5121 2449 5174 καὶ
2477 5120 2698 5190 παρέχω
2725 5137 2808 5173 σοι
2833 5121 2888 5172 εἴ
2915 5137 2966 5172 τι
2995 5119 3190 5182 θέλεις.
3216 5120 3327 5172 Καὶ
3357 5119 3522 5174 πάλιν
3543 5119 3674 5190 negl
3700 5116 3790 5170 τοῦ

2209 5215 2406 5278 εἰπεῖν,
2463 5231 2482 5262 r
2529 5211 2670 5280 Ἐγὼ
2703 5213 2945 5282 σήμερον
2985 5210 3297 5280 γεγέννηκά
3343 5227 3425 5274 σε,
3469 5229 3488 5262 ι
3543 5209 3791 5280 περὶτῆς

2209 5304 2352 5359 κατά
2410 5303 2590 5372 σάρκα
2645 5305 2955 5372 γεννήσεως
2999 5299 3162 5354 αὑτοῦ
3207 5301 3393 5368 λέγει·
3441 5301 3663 5370 εὐδοκία
3688 5299 3790 5368 γάρ

2206 5397 2302 5452 τοῦ
2333 5397 2570 5467 Πατρὺς,
2600 5393 2797 5465 ἐτέχθη
2830 5396 2892 5446 ἐκ
2917 5393 3018 5464 τῆς
3045 5395 3210 5460 ἁγίας
3233 5393 3503 5446 Θεοτὸκου
3527 5393 3624 5447 καὶ
3657 5391 3791 5444 ’Δει-

2209 5490 2480 5561 παρθένου
2512 5487 2754 5560 Μαρίας.
2801 5486 2920 5538 Τίνι
2947 5486 3056 5557 γάρ
3081 5479 3202 5539 εἶπέ
3235 5502 3364 5538 ποτε
3389 5485 3496 5537 τῶν
3521 5483 3790 5553 ἀγγέλων,

2230 5672 2272 5701 ¹³
2297 5672 2458 5724 Deut.
2490 5686 2562 5735 γι,
2594 5670 2644 5723 4.
2727 5667 2767 5698 ’³
2789 5667 2928 5723 Psal.
2965 5682 3134 5730 xxxii,
3167 5664 3218 5720 6.
3300 5666 3340 5697 ³³
3365 5664 3501 5720 ibid.
3587 5667 3628 5698 υ
3653 5663 3784 5720 Ρδιιι.
