4026 6308
481 266 613 334 1211

1653 267 1738 326 .S.
1779 265 2180 325 ANASTASII
2221 261 2546 324 SINAITJE

3624 261 3778 326 1213

476 382 804 440 confusione
832 384 898 436 η.
940 401 958 434 ι
1003 381 1076 435 Ac
1111 379 1360 450 profecto
1388 380 1528 433 bene
1555 377 1794 448 Spiritus
1823 385 2058 432 sanctus
2083 431 2086 438 ε

2191 377 2283 438 οὒς
2300 376 2586 445 φραγμοὺς
2612 373 2800 442 αὑτοῦ,
2837 374 2934 428 σὺν
2959 376 3068 436 τοῖς
3100 374 3328 440 λοιποῖς,
3376 374 3473 428 καὶ
3507 372 3625 448 [re]
3651 395 3774 431 κα-

479 493 581 548 per
608 474 938 546 prophetam
974 474 1092 526 Ιηεο
1136 471 1390 526 elocutus
1413 481 1518 526 est.
1552 469 1741 540 Neque
1769 469 1917 522 enim
1947 469 2066 522 lieri

480 577 668 638 potest
707 575 768 620 ut
803 565 948 620 Deus
989 563 1314 626 mentiatur,
1361 561 1466 617 sed
1496 559 1863 632 jurejurando
1899 557 2071 612 inter-

478 659 664 730 posito
711 659 1100 712 inconcussam
1150 655 1442 710 veritatem
1495 655 1712 718 innuit,
1759 650 2068 707 secundum

480 751 664 806 illud:
705 769 722 801 ι
769 747 951 802 Semel
999 747 1182 818 juravi
1236 748 1290 801 in
1324 747 1560 800 veritate
1610 760 1754 808 mea,
1804 743 1851 797 si
1895 741 2070 797 David

480 843 721 898 mentiar
749 842 815 894 ³³.
861 859 878 890 ι
921 839 1148 894 Βενίἁίε
1177 839 1328 892 enim
1375 855 1564 894 semen
1601 836 1911 892 secundum
1945 850 2070 890 car-

480 950 608 989 nem
649 943 735 988 est
760 931 1017 987 Christus
1051 931 1147 986 Dei
1199 931 1396 994 Filius,
1447 929 1724 999 siquidem
1771 945 1802 984 e
1841 921 2071 981 Davidis

481 1043 685 1098 genere
721 1025 1027 1080 secundum
1059 1041 1282 1078 carnem
1317 1023 1524 1094 prodiit
1569 1023 1806 1091 Deipara
1850 1033 2072 1088 semper

481 1117 648 1186 Virgo
703 1128 882 1170 mater
927 1115 1138 1170 Christi
1185 1115 1278 1170 Dei
1331 1115 1531 1169 nostri.
1587 1115 1838 1184 Regnum
1883 1099 2070 1196 autem

483 1209 628 1279 quod
661 1211 876 1277 necopit
901 1220 961 1264 ut
1000 1209 1189 1271 homo,
1215 1217 1401 1263 manet
1429 1207 1482 1261 in
1512 1215 1871 1276 perpetuum.
1895 1202 2071 1258 David

483 1303 632 1363 enim
669 1312 726 1357 et
757 1313 1012 1358 mortuus
1035 1313 1093 1358 et
1129 1304 1380 1372 sepultus
1413 1314 1519 1368 est,
1552 1316 1783 1372 regnum
1813 1299 1934 1370 ejus
1972 1297 2100 1352 Ju-’

487 1395 707 1450 daicum
745 1394 978 1449 interiit.

559 1583 812 1652 Regnum
843 1594 976 1635 vero
997 1579 1145 1650 quod
1176 1576 1429 1647 promisit
1455 1576 1600 1629 Deus
1625 1572 1930 1628 secundum
1970 1571 2073 1626 ho-

487 1678 692 1728 minem
721 1671 853 1725 dare
879 1671 1162 1724 incernato
1182 1668 1401 1723 Christo
1428 1669 1541 1722 Deo
1562 1673 1776 1728 nostro,
1802 1672 1987 1718 manet
2017 1662 2074 1716 in

2166 465 2364 534 τέχεας
2389 463 2539 535 αὐτῷ
2562 464 2847 535 αἰσχύνην.
2887 482 2908 516 ι
2943 465 3052 518 Καὶ
3081 464 3297 536 ἀληθῶς
3322 465 3506 530 καλῶς
3532 466 3775 538 Πνεῦμα

2167 553 2226 606 τὸ
2248 554 2405 623 ἅγιον
2439 555 2528 608 διὰ
2560 554 2658 607 τοῦ
2707 555 2994 627 προφήτου
3039 549 3218 610 ταῦτα
3265 550 3422 616 εἶπεν
3448 573 3462 586 ·
3494 556 3774 613 ἀδύνατον

2168 646 2278 716 γὰρ
2310 648 2404 700 τὸν
2439 647 2574 700 Θεὸν
2603 647 2934 717 ψεύσασθαι,
2981 647 3117 703 ἀλλὰ
3146 648 3213 702 δι’
3240 650 3407 720 ὅρκου
3437 647 3773 720 ἐμεσίτευσε

2169 741 2228 793 τὸ
2284 741 2620 810 ἀμετάθετον
2666 742 2765 813 τῆς
2813 741 3095 812 ἀληθείας,
3132 741 3320 805 καθὼς
3371 743 3631 813 εἴρηται,
3686 746 3774 798 ὅτι

2175 850 2194 883 ι
2240 833 2428 899 "Ama
2480 833 2672 904 ὤμοσα
2724 836 2782 886 ὲν
2818 838 2883 905 τῇ
2921 833 3153 905 ἀληθεία
3194 852 3324 904 μου.
3369 830 3449 888 Ἦ
3477 835 3556 906 τῷ
3597 837 3776 890 Δαϐὗ

2169 925 2445 996 ψεύσομαι
2476 943 2492 992 ;
2533 945 2551 976 ι
2578 926 2806 996 Σπέρμα
2837 927 2950 996 γὰρ
2997 927 3091 980 τοῦ
3121 924 3286 978 Δασὶδ
3308 925 3370 979 τὺ
3413 927 3554 980 κατά
3579 929 3776 997 σάρκα

2167 1017 2319 1068 ἐστὶν
2352 1018 2379 1068 ὁ
2403 1015 2636 1086 Χριστὸς
2661 1019 2690 1070 ὁ
2721 1016 2972 1080 Υἱὸς-τοῦ
3002 1015 3161 1071 Θεοῦ.
3196 1017 3291 1069 Ἐκ
3313 1018 3508 1086 γένους
3537 1018 3656 1090 γὰρ
3675 1019 3774 1072 τοῦ

2173 1107 2338 1163 Δαϐὶδ
2372 1108 2432 1160 τὸ
2466 1111 2608 1162 κατὰ
2636 1110 2814 1180 σάρκα
2843 1110 3087 1180 ὑπῆρχεν
3119 1111 3153 1180 ἡ
3197 1109 3460 1174 Θεοτὸκος
3503 1111 3777 1182 ’Δειπαρ-

2174 1196 2332 1258 θένος
2377 1199 2576 1268 Μήτηρ
2619 1199 2857 1268 Χριστοῦ
2894 1199 2989 1252 τοῦ
3043 1199 3178 1252 Θεοῦ
3213 1200 3393 1268 ἡμῶν·
3435 1202 3533 1254 καὶ
3566 1201 3638 1272 ἢν
3672 1201 3774 1270 βαι

2183 1288 2394 1342 σιὴίαν
2445 1289 2521 1353 ὡς
2572 1290 2858 1360 ἄνθρωπος
2911 1291 3071 1346 ἔλαϐε
3108 1335 3123 1359 ,
3170 1293 3320 1362 μένει
3363 1292 3665 1364 διηνεκῶς.
3715 1295 3774 1346 Ὀ

2181 1375 2292 1449 γὰρ
2332 1374 2496 1434 saeta
2528 1381 2624 1434 καὶ
2660 1368 2977 1452 ἐτελεύτησε
3027 1384 3124 1435 καὶ
3156 1383 3365 1453 ἐτάφη,
3396 1387 3493 1437 καὶ
3538 1387 3572 1455 ή
3611 1385 3778 1456 βασι-

2173 1475 2292 1528 λεία
2341 1475 2526 1539 αὐτοῦ,
2559 1477 2591 1546 ἡ
2633 1475 2742 1528 τῶν
2789 1476 3078 1543 Ἰουδαίων,
3109 1477 3360 1548 ἀφῃρέθη
3393 1477 3495 1545 li).

2253 1568 2356 1619 "Hv
2405 1565 2463 1619 δὲ
2511 1569 2540 1620 ό
2593 1567 2726 1628 Θεὸς
2777 1566 3058 1636 βασιλείαν
3120 1568 3390 1638 ὑπέσχετο
3434 1549 3627 1623 δοῦναι
3679 1587 3782 1624 κα-

2177 1656 2246 1709 τὰ
2310 1657 2372 1709 τὸ
2447 1656 2787 1728 ἀνθρώπινον
2865 1657 2944 1728 τῷ
2980 1659 3346 1730 ίσαρκωθὲντι
3410 1660 3642 1732 Χριστῷ
3699 1661 3780 1732 τῷ

487 1770 757 1818 aeternum
781 1759 961 1830 ;quod
987 1759 1262 1813 commisit
1286 1757 1710 1828 imperatoribur
1729 1753 2082 1820 Christianis,

2191 1746 2306 1818 Θεῷ
2352 1749 2531 1818 ἡμῶν,
2581 1752 2734 1820 μένει
2783 1750 3054 1821 διηνεκῶς
3080 1791 3095 1814 ,
3128 1751 3197 1822 ἢν
3231 1749 3327 1806 καὶ
3373 1753 3653 1824 παρέθετο
3689 1773 3782 1808 πι-

491 1863 689 1908 etcum
715 1850 852 1920 ipsis
882 1857 1092 1920 regnat,
1117 1859 1176 1904 ut
1204 1850 1480 1903 diximus:
1509 1863 1618 1902 non
1643 1845 1892 1902 estenim
1923 1845 2077 1923 aliud

492 1957 725 2011 regnum
773 1941 857 1994 vel
909 1939 1203 2009 imperium
1261 1939 1356 1992 illo
1412 1937 1776 2008 splendidius.
1822 1935 1979 2003 Quod
2029 1935 2077 1990 si

491 2034 577 2088 vis
601 2031 889 2086 veritatem
916 2029 1253 2099 perspicere,
1295 2043 1449 2082 smne
1492 2027 1627 2080 mihi
1668 2027 1866 2096 Moysts
1905 2039 2081 2095 pepu-

491 2125 632 2192 lum,
648 2123 740 2194 qui
761 2121 929 2177 tantis
952 2121 1233 2175 miraculis
1252 2121 1624 2190 profundique
1651 2119 1817 2174 maris
1843 2119 2080 2177 transitu

493 2214 778 2285 .‘Egyptios
831 2212 1048 2282 eﬂ‘ugit.
1102 2211 1409 2266 Considera
1456 2210 1595 2264 mihi
1641 2210 1850 2274 Jesum,
1905 2209 2082 2262 ﬁlium

493 2306 664 2370 Nave,
695 2319 794 2374 per
827 2318 991 2372 quem
1023 2303 1105 2358 sol
1143 2303 1297 2355 stetit
1337 2308 1532 2355 contra
1571 2299 1819 2364 Gabaon,
1856 2305 1914 2353 et
1950 2298 2082 2352 luna

496 2406 690 2452 contra
705 2395 941 2458 'vallem,
985 2381 1043 2448 et
1069 2395 1172 2446 alia
1203 2392 1458 2462 quasdam
1485 2407 1706 2446 omnem
1739 2391 1963 2444 modum
1991 2406 2085 2444 su-

496 2489 748 2560 perantia
781 2486 1085 2550 miracula;
1115 2485 1246 2549 imo,
1291 2494 1354 2538 ut
1393 2500 1504 2538 uno
1533 2484 1705 2538 verbo
1737 2484 1942 2547 dicam,
1976 2483 2086 2538 He-

497 2581 772 2636 braeorum
817 2577 1252 2634 dominationem
1299 2577 1606 2646 perpende.
1657 2576 1851 2630 Totam
1899 2589 2086 2629 nonne

499 2673 650 2726 mille
681 2672 842 2726 annis
879 2671 1148 2724 dominati
1198 2678 1348 2732 sunt,
1392 2679 1448 2723 et
1489 2669 1732 2723 ablatum
1765 2677 1852 2723 est
1889 2683 2084 2722 eorum

501 2763 830 2834 imperium?
855 2761 1146 2828 Quomodo
1169 2763 1274 2816 sub
1299 2763 1674 2816 Romanorum
1705 2760 2086 2816 dominatione

499 2853 744 2910 defecit?
775 2854 971 2907 Nonne
999 2851 1158 2907 Titus
1187 2860 1243 2907 et
1278 2851 1650 2922 Vespasianus
1671 2867 1866 2908 omnes
1896 2851 2088 2909 conci-

502 2947 744 3003 derunt?
776 2945 970 3000 Nonne
1021 2945 1208 3014 templi
1238 2943 1408 2998 diruti
1442 2943 1676 3014 vestigia
1711 2953 1896 2998 aratro
1937 2943 2088 2998 dele‘

501 3039 741 3095 verunt?
768 3039 962 3093 Nonne
993 3037 1445 3108 Babyloniorum,
1489 3035 1772 3089 Medorum
1813 3045 1870 3089 et
1892 3035 2090 3089 Persa-

2185 1843 2330 1904 στοίς
2358 1839 2662 1910 βασιλεῦσι,
2684 1843 2777 1894 καὶ
2811 1842 3204 1913 συμϐασιλεύει
3236 1848 3449 1910 αὐτοῖς,
3488 1846 3568 1910 ὡς
3622 1848 3781 1898 εῐπο-

2189 1949 2308 2004 μεν·
2345 1933 2405 1986 οὺ
2459 1934 2566 2010 γάρ
2611 1933 2730 1987 ἐστί
2780 1949 2864 1999 τις
2913 1937 3076 2006 ἑτέρα
3121 1935 3369 2007 βασιλεία
3411 1937 3444 2008 ἢ
3481 1937 3784 1991 δυναστεία

2185 2023 2392 2094 ταύτης
2442 2026 2914 2096 περιφανεστέρα.
2970 2030 3076 2081 Καὶ
3107 2031 3156 2080 εἰ
3182 2027 3362 2099 βούλει
3411 2011 3696 2096 σκοπῆσαι
3719 2030 3782 2083 τὸ

2188 2117 2436 2185 ἀκριϐὲς,
2481 2116 2612 2171 λάϐε
2652 2135 2742 2188 μοι
2773 2118 2865 2171 τὸν
2898 2119 2993 2172 τοῦ
3020 2120 3266 2184 Μωσέως
3302 2120 3433 2174 λαὸν
3463 2121 3560 2173 τὸν
3587 2121 3783 2174 τοσού-

2186 2227 2302 2274 τοις
2333 2209 2583 2278 σημείοις
2617 2213 2711 2264 καὶ
2768 2210 2918 2282 βυθῷ
2954 2211 3231 2282 θαλάσσης
3269 2214 3398 2277 τοὺς
3435 2214 3782 2282 Αἰγυπτίους

2190 2303 2566 2356 ἐκστείλαντα·
2603 2303 2678 2356 ἴδε
2716 2321 2804 2374 μοι
2849 2304 3056 2374 Ἰησοῦν
3078 2304 3170 2358 τὸν
3201 2305 3360 2375 Ναυῆ
3392 2303 3490 2375 ἀφ’
3524 2299 3588 2360 οὗ
3628 2307 3725 2360 καὶ
3751 2305 3782 2358 δ

2189 2394 2342 2466 ἣλιος
2367 2395 2510 2448 κατὰ
2549 2393 2779 2449 Γαϐαὼν
2802 2395 3042 2460 ἵσταται,
3081 2399 3178 2451 καὶ
3203 2400 3236 2469 ἡ
3269 2398 3473 2470 σελήνη
3510 2401 3658 2454 κατὰ
3686 2401 3783 2468 φα-

2194 2500 2396 2554 ραγγα,
2427 2485 2521 2537 καὶ
2551 2481 2686 2538 ἄλλα
2725 2487 2846 2540 τινα
2897 2488 3113 2552 ἐξαίσια
3149 2488 3428 2559 θαύματα⁴
3464 2492 3564 2543 καὶ
3591 2490 3778 2554 ἁπλῶς

2193 2577 2338 2630 ἆπαν
2370 2577 2432 2629 τὸ
2461 2577 2573 2630 τῶν
2609 2577 2878 2650 Ἐϐραίων
2907 2581 3106 2650 νόησον
3138 2585 3362 2654 κράτος.
3392 2582 3468 2635 Οὐ
3497 2582 3654 2652 χίλια
3683 2581 3775 2652 ἐτη

2193 2669 2576 2735 ἐϐασίλευσαν,
2611 2672 2704 2724 καὶ
2737 2672 2975 2740 ἐξεκόπη
3019 2674 3052 2742 ἡ
3097 2672 3348 2743 βασιλεία
3383 2673 3597 2739 abstini;
3658 2673 3778 2737 Πῶς

2195 2759 2302 2812 ὑπὸ
2325 2760 2426 2829 τῆς
2455 2762 2563 2813 τῶν
2607 2762 2894 2832 Ῥωμαίων
2916 2763 3198 2834 βασιλείας
3229 2764 3482 2832 ὲξέ).ιπε;
3511 2765 3590 2818 Οὐ
3622 2765 3777 2827 Τῖτος

2193 2854 2308 2906 καὶ)
2321 2854 2729 2919 Οὐεσπασιανὸς
2762 2858 3078 2925 κατέκοψαν
3115 2859 3400 2922 ἆπανταςς
3427 2858 3530 2911 οὐκ
3559 2857 3776 2928 ἀρότρῳ

2193 2946 2286 2998 τὸν
2311 2946 2441 2999 ναὸν
2463 2946 2915 3018 ἐκπορθήσαντες
2939 2964 2954 3012 ;
2986 2949 3108 3019 οὐχὶ
3136 2947 3246 3002 τῶν
3275 2949 3659 3016 Βαϐυλωνίων,
3685 2953 3776 3004 καὶ

2195 3038 2319 3109 οὐχὶ
2352 3039 2462 3092 τῶν
2487 3039 2712 3109 Μήδων,
2767 3043 2890 3112 οὐχὶ
2931 3042 3042 3094 τῶν
3091 3041 3316 3113 Περσῶν
3350 3042 3602 3124 βασιλεία
3643 3060 3775 3096 κατ-

503 3148 628 3188 rum
660 3148 689 3186 a
718 3131 980 3186 Barbaris
1009 3105 1124 3184 illis
1143 3129 1340 3184 Turcis
1385 3127 1709 3196 absorptum
1731 3126 1866 3199 est?
1897 3124 2002 3192 Qui
2033 3135 2086 3181 et

2192 3105 2360 3211 επο-θη
2379 3133 2484 3184 ὑπὸ
2499 3105 2608 3186 τιῖιν
2631 3105 2934 3206 Βαρϐάρων
2958 3136 3162 3188 τούτων
3173 3105 3293 3188 ’τῶν
3306 3137 3348 3188 Τ
3350 3105 3569 3206 οὑρκων
3584 3153 3603 3201 ;
3623 3136 3777 3190 Ἀλλὰ

504 3225 610 3294 ipsi
647 3221 948 3292 aliquando
993 3221 1338 3276 excidentur.
1389 3220 1582 3274 Nonne
1625 3219 1790 3273 etiam
1835 3218 2089 3274 Macedo-

503 3333 637 3371 num
665 3315 969 3370 dominatio
995 3313 1256 3367 transiit?
1283 3312 1352 3368 At
1394 3328 1528 3366 vero
1576 3313 1948 3366 Romanorum
1992 3311 2094 3364 im-

505 3408 744 3478 perium,
779 3406 894 3459 sive
921 3405 1389 3468 Christianorum,
1421 3405 1627 3474 quippe
1663 3405 1808 3474 quod
1835 3421 1942 3459 una
1965 3420 2090 3459 cum

506 3501 746 3556 Domino
796 3509 986 3550 nostro
1015 3497 1143 3551 Jesu
1181 3495 1403 3550 Christo
1443 3496 1882 3557 administretur.
1915 3511 2093 3564 usque

506 3590 576 3644 ad
611 3587 801 3642 mundi
829 3586 1365 3640 consummationem
1404 3601 1512 3640 non
1545 3587 1909 3654 pertransibit
1940 3604 1952 3639 :
1981 3585 2092 3638 imo

505 3698 640 3736 vero
668 3679 944 3738 Christus.
973 3690 1031 3732 ut
1053 3687 1136 3731 est
1171 3677 1282 3731 Rex
1326 3694 1512 3748 regum
1537 3687 1592 3732 et
1621 3679 1885 3732 Dominus
1913 3677 2093 3732 domi-

512 3769 760 3828 nantium
795 3769 863 3834 ",
916 3768 1154 3838 imperio
1190 3767 1284 3822 illo
1317 3771 1490 3823 utitur
1529 3770 1595 3823 ad
1633 3771 1968 3838 pascendum
1998 3785 2094 3838 po-

507 3863 698 3934 pulum
725 3878 910 3925 suum,
939 3866 1113 3930 usque
1138 3861 1203 3914 ad
1231 3862 1536 3915 secundum
1567 3863 1744 3931 ipsius
1771 3862 2091 3926 adventum;

509 3953 657 4024 quod
705 3952 1004 4022 imperium
1051 3967 1162 4006 non
1203 3952 1296 4005 alii
1343 3953 1546 4021 populo
1581 3953 1959 4022 relinquetur;
1997 3953 2095 4007 sed

513 4059 648 4102 tunc
679 4047 796 4115 ipse
831 4045 1122 4108 Dominus,
1143 4046 1310 4114 utqui
1339 4046 1411 4099 sit
1435 4045 1598 4100 Pater
1618 4046 1786 4100 futuri
1817 4047 2002 4101 surculi
2025 4049 2093 4114 ³³,

513 4139 646 4195 illud
690 4139 984 4200 obtinebit,
1036 4154 1161 4192 cum
1212 4139 1426 4192 scilicet
1477 4154 1670 4192 omnes
1721 4153 2093 4209 resnrgemus,

512 4229 951 4296 sicutscriptum
979 4238 1064 4282 est
1105 4230 1173 4281 “.
1205 4228 1743 4299 Resurgentmortui
1789 4237 1846 4283 et
1890 4231 2099 4283 excita-

511 4321 721 4375 buntur
751 4321 842 4389 qui
871 4321 1156 4374 dormiunt
1192 4322 1246 4374 in
1278 4322 1674 4383 monumentis,
1704 4333 1760 4376 et
1793 4323 2099 4377 astabimns

2193 3225 2288 3278 καὶ
2319 3225 2475 3278 αὐτοὶ
2499 3229 2924 3298 ἑκκοπήσονται.
2963 3229 3098 3298 Οὐχὶ
3127 3227 3235 3283 τῶν
3265 3227 3599 3283 Μακεδόνων
3634 3244 3776 3300 παρ·

2193 3315 2356 3385 ἦλθεν
2380 3356 2396 3382 ,
2425 3319 2457 3388 ἡ
2488 3318 2545 3372 δὲ
2573 3319 2680 3373 τῶν
2724 3319 3012 3391 Ῥωμαίων
3041 3321 3311 3390 βασιλεία,
3347 3323 3470 3392 ἤτοι
3505 3323 3613 3374 τῶν
3647 3322 3776 3393 Χρι-

2197 3408 2452 3470 στιανῶν,
2511 3411 2588 3473 ὡς
2633 3412 3152 3484 συμϐασιλευομένη
3199 3413 3354 3484 παρὰ
3409 3413 3506 3466 τοῦ
3571 3414 3771 3484 Κυρίου

2195 3499 2352 3568 ἡμῶν
2425 3498 2602 3568 Ἰησοῦ
2658 3501 2935 3570 Χριστοῦ,
2992 3505 3100 3568 ἕως
3165 3505 3263 3574 τῆς
3306 3505 3624 3568 συντελείας
3682 3503 3770 3558 τοῦ

2195 3589 2402 3656 κόσμου
2427 3589 2488 3641 οὐ
2522 3589 2940 3661 παρελεύσεται,
2982 3593 3100 3647 ἀλλ’
3132 3595 3207 3657 ὡς
3236 3593 3500 3657 Βασιλεὺς
3530 3596 3640 3647 τῶν
3687 3594 3774 3664 βα-

2198 3679 2542 3746 σιλευόντιιιν,
2578 3683 2670 3734 καὶ
2700 3683 2904 3754 Κύριος
2933 3684 3045 3739 τῶν
3093 3686 3478 3758 κυριευόντων,
3513 3687 3582 3740 δι’
3609 3687 3771 3755 αὐτῆς

2198 3772 2478 3840 ποιμαίνει
2510 3773 2603 3825 τὸν
2635 3773 2762 3827 λαὸν
2791 3775 2979 3839 αὑτοῦ,
3006 3777 3170 3850 μέχρι
3199 3778 3296 3846 τῆς
3323 3777 3583 3847 δευτέρας
3615 3777 3770 3831 αὑτοῦ

2199 3863 2526 3931 παρουσίας,
2558 3864 2681 3934 ἥτις
2715 3864 2830 3936 λαῷ
2884 3867 3058 3938 ἑτέρῳ
3112 3870 3211 3938 οὐχ
3273 3869 3770 3938 ὑπολειφθήσεται;

2199 3954 2310 4006 Kal
2338 3955 2460 4009 τότε
2509 3957 2714 4030 ταύτην
2749 3959 2826 4022 ὡς
2863 3960 3051 4030 Πατὴρ
3101 3961 3195 4015 τοῦ
3249 3962 3539 4032 μέλλοντος
3586 3963 3771 4024 αἰῶνος

2200 4046 2440 4114 καθέξει,
2476 4049 2565 4101 ὅτε
2599 4051 2800 4114 πάντες
2843 4053 3292 4124 ἀναστησόμεθα,
3346 4055 3532 4120 καθὼς
3581 4058 3770 4129 γέγρα-

2201 4155 2355 4192 πται.
2388 4139 2811 4213 Ἀναστήσονται
2839 4145 2888 4196 οί
2931 4146 3140 4215 νεκροὶ,
3179 4147 3270 4199 καὶ
3313 4146 3699 4217 ἐγερθήσονται
3724 4148 3770 4199 oi

2203 4231 2260 4282 ὲν
2297 4233 2410 4294 τοῖς
2456 4235 2768 4303 μνημείοις,
2818 4239 2913 4290 καὶ
2945 4240 3416 4312 παραστησόμεθα
3446 4238 3524 4309 τῷ
3576 4240 3768 4310 βήματι

2200 4319 2302 4387 τῆς
2358 4321 2659 4378 ἀδεκάστου
2714 4329 2952 4395 κρίσεως
3006 4331 3200 4382 αὐτοῦ⁸
3265 4333 3517 4394 καὶτοὺς
3551 4333 3767 4403 ἐχθροὺς

513 4409 778 4464 tribunali
811 4410 1118 4478 incorrupti
1153 4410 1542 4480 judieii'ejus;
1579 4421 1634 4464 et
1663 4405 1916 4465 inimicos
1949 4414 2086 4482 ejus,

2203 4411 2392 4471 αὑτοῦ.
2437 4413 2603 4483 ἤγουν
2658 4417 2786 4480 τοὺς
2838 4420 2912 4490 μὴ
2963 4420 3301 4492 θελήσαντας
3359 4423 3452 4477 νῦν
3501 4424 3769 4476 πιστεῦσαι

511 4503 567 4557 id
609 4511 713 4564 est,
742 4503 836 4570 qui
866 4503 1169 4556 noluerunt
1195 4503 1423 4556 credere
1462 4504 1537 4567 ei,
1581 4519 1756 4573 neque
1797 4505 1974 4573 ipsum
2005 4520 2095 4559 re-

512 4607 681 4664 gnare
708 4609 876 4662 super
906 4609 1023 4656 eos,
1055 4593 1366 4662 dissipabit,
1401 4595 1454 4648 in
1505 4595 1724 4648 inferno
1757 4605 1966 4650 αξιοι-κιο
1998 4613 2100 4667 pu-

513 4683 790 4748 niendos;
849 4683 943 4752 qui
993 4699 1124 4736 vero
1179 4684 1520 4737 crediderint
1562 4693 1618 4738 et
1663 4692 1932 4755 praecepta
1981 4685 2102 4757 ejus

513 4785 663 4831 recte
706 4778 1080 4842 servaverint,
1133 4776 1208 4828 illi
1247 4775 1666 4846 conregnubunt
1707 4779 1760 4832 in
1809 4781 2040 4844 smcula,
2075 4801 2094 4832 ι

507 4869 660 4925 sicut
686 4869 910 4938 scripsit
932 4869 1150 4922 Salonio
1178 4870 1230 4920 in
1267 4867 1583 4922 Proverbiis
1613 4869 1679 4932 ’⁷,
1705 4889 1722 4921 ι
1745 4871 1808 4923 Et
1836 4870 2102 4925 Dominus

513 4961 768 5032 regnabit
796 4977 962 5030 super
987 4975 1082 5013 eos
1113 4959 1166 5013 in
1194 4961 1391 5014 saecula
1418 4961 1463 4990 "
1490 4977 1502 5012 :
1542 4978 1560 5009 ι
1592 4989 1663 5000 -
1693 4979 1710 5011 ι
1744 4960 1812 5014 Ει
1833 4977 1963 5016 ecce
1993 4962 2101 5032 (in—

513 5055 635 5120 quit
677 5055 888 5122 Daniel)
927 5069 1055 5108 cum
1093 5053 1336 5106 nubibus
1366 5052 1489 5107 coeli
1525 5051 1804 5116 veniebat,
1837 5064 1895 5109 et
1926 5071 2100 5124 usque

513 5149 582 5203 ad
610 5147 914 5217 Antiquum
941 5146 1157 5201 dierum
1192 5147 1472 5216 pervenit;
1505 5157 1559 5200 et
1597 5147 1697 5216 ipsi
1731 5147 1856 5202 data
1889 5155 1972 5202 est
2002 5163 2102 5217 po-

517 5248 709 5307 testas,
740 5248 798 5294 et
829 5239 1026 5302 honor,
1059 5250 1116 5293 et
1153 5254 1344 5294 omnes
1394 5239 1569 5294 tribus
1607 5241 1850 5295 servient
1875 5240 1924 5295 ei
1955 5257 1968 5294 :
2008 5257 2098 5296 re-

581 5398 1297 5470 "Psal.t.x§xvm,39-46.
1374 5395 1708 5450 "ibid.56.
1787 5397 1830 5428 ιι
1857 5366 2030 5467 Apoc.
2059 5401 2288 5468 113,16.
2371 5404 2414 5434 η
2449 5405 2552 5458 lsa.
2582 5421 2656 5470 nt,
2693 5407 2747 5460 6.

519 5468 564 5502 ’³
599 5469 764 5522 Mich.
805 5476 882 5534 ιν,
916 5469 968 5522 7.

2203 4503 2354 4572 αὑτῴ
2384 4506 2476 4558 καὶ
2522 4507 2844 4578 βασιλεῦσαι
2889 4513 3056 4568 αὑτὸν
3111 4517 3200 4567 ἐπ’
3240 4516 3463 4578 αὐτοὺς,
3496 4517 3769 4588 σκορπίσει

2201 4595 2260 4646 ἐν
2305 4597 2382 4667 τῷ
2414 4597 2514 4670 ᾅδῃ
2546 4602 2750 4673 αἰωνίῳ
2778 4605 3321 4678 κολασθησομένους,
3365 4609 3462 4662 καὶ
3516 4610 3772 4679 συμϐασι-

2201 4686 2487 4743 λεύσουσιν
2537 4693 2688 4764 αὐτῷ
2744 4696 2823 4760 είς
2875 4698 3080 4762 αἰῶνας
3123 4700 3176 4752 oi.
3243 4700 3640 4764 πιστεύσαντες
3691 4701 3772 4755 καὶ

2199 4783 2438 4847 γνησίως
2476 4784 2575 4848 τὰς
2612 4787 2833 4852 ἐντολὰς
2855 4791 3022 4843 αὐτοῦ
3051 4795 3416 4864 τηρήσαντεςο
3446 4794 3594 4848 καθὰ
3627 4795 3768 4848 Σολο-

2203 4876 2316 4944 μῶν
2348 4877 2494 4946 λέγει
2512 4881 2570 4933 ὲν
2597 4881 2928 4954 Παροιμίαις
2945 4902 2958 4916 ο
2979 4905 2998 4937 ι
3023 4887 3132 4941 Καὶ
3157 4876 3466 4958 βασιλεῦσει
3483 4886 3770 4943 αὐτῶνΚύ-

2201 4985 2316 5037 ριος
2361 4971 2444 5034 είς
2463 4973 2828 5040 τοὺςαίῶνας.
2855 4996 2977 5030 ιε-‹
2999 4979 3112 5032 Καὶ
3131 4979 3240 5034 ἰδοὺ
3263 4980 3404 5051 μετὰ
3429 4981 3542 5035 τῶν
3554 4979 3769 5048 νεφελῶν

2199 5059 2292 5110 τοῦ
2309 5059 2540 5130 οὐρανοῦ
2574 5065 2870 5136 ἐρχόμενος
2900 5063 2990 5139 ἦν,
3024 5069 3121 5123 καὶ
3150 5070 3256 5134 ἕως
3283 5071 3378 5125 τοῦ
3411 5071 3649 5126 Παλαιοῦ
3675 5070 3766 5124 τῶν

2197 5149 2422 5220 ἡμερῶν
2459 5152 2684 5222 ἔφθασε·
2717 5157 2812 5210 καὶ
2848 5159 2996 5229 αὐτῴ
3018 5154 3367 5232 προσηνέχθη
3399 5163 3431 5230 ἡ
3461 5163 3599 5232 τιμὴ
3625 5161 3712 5214 καὶ
3737 5162 3764 5228 ἡ

2203 5239 2471 5312 βειοπλεία,
2515 5249 2610 5300 καὶ
2654 5250 2909 5304 πᾶσαιάί
2941 5251 3108 5321 φυλαὶ
3154 5253 3302 5324 αὐτῷ
3333 5252 3766 5323 δουλεύσουστνοὴ

2831 5406 2922 5462 ²⁶Ι
2951 5406 3078 5464 Cor.
3108 5426 3196 5478 xv,
3225 5408 3319 5465 5L
3389 5412 3435 5442 "
3464 5411 3594 5482 Sep.
3618 5425 3690 5476 Ill,
3715 5411 3757 5468 8.

594 5624 668 5675 (ll
702 5622 1148 5710 llinonincipiuqt
1183 5622 1327 5710 edita
1362 5621 1552 5676 Latine
1599 5625 1996 5690 tantummodo,
2042 5635 2096 5680 et
2137 5629 2359 5697 quidem
2383 5631 2668 5700 acrphala,
2701 5633 2916 5700 mutila,
2950 5645 3005 5691 et
3047 5652 3190 5706 Stcpe
3255 5636 3592 5705 deﬁcientia,
3647 5634 3764 5710 apud

521 5691 800 5758 Qazztsntm
838 5695 1063 5760 B..snag.
1105 5692 1198 5744 10c.
1241 5693 1328 5743 rit.
