4026 6308
448 247 586 315 1215
1656 252 1718 314 S.
1757 252 2162 314 ANASTASII
2200 251 2527 318 SlNAITA‘I
3604 265 3757 330 1216

439 378 548 420 nec
576 377 688 418 non
721 369 778 417 et
809 359 948 416 ﬁdes
977 367 1168 416 nostra
1195 359 1251 416 iu
1295 359 1496 432 ipsum.
1529 361 1676 429 Quot
1707 363 1947 434 gentiles
1975 370 2032 418 et
2055 383 2073 420 Α

2185 365 2498 432 ριστιανῶν,
2524 366 2620 421 καὶ
2639 367 3100 441 οὐκί-ἠδυνήθησαν
3123 367 3330 440 ταύτην
3349 369 3543 424 σϐέσαι
3563 387 3580 434 ;
3602 359 3764 426 Ἀλλ’

441 455 702 528 pessimis
752 453 1046 510 erroribus
1109 453 1310 508 imbuti
1367 453 1690 525 principes,
1731 463 2036 526 gentesque

2179 458 2334 510 κεῖνοι
2389 457 2488 526 μὲν
2536 459 2820 514 ἀπώλοντο
2851 461 2962 516 καὶσ
2983 459 3289 532 παρῆλθον,
3325 460 3468 534 αῦτη
3506 461 3566 518 δὲ
3625 467 3756 520 καθ’

444 538 613 604 ﬁdem
650 556 921 612 nostram,
944 545 1388 605 Christianorum
1427 546 1574 612 dico,
1617 548 2035 619 impugnarunt,

2179 547 2382 620 κάστην
2413 549 2621 622 λάμπει
2653 553 2752 607 καὶ
2791 551 3146 612 πλατύνεται.
3185 553 3301 609 Καὶ
3332 556 3382 608 εί
3415 556 3518 627 μὲν
3563 557 3760 629 βούλει

447 649 505 696 et
550 655 665 695 non
707 646 1010 710 potuerunt
1043 639 1194 694 illam
1227 639 1622 710 exstinguere?
1653 639 1800 708 Quin
1850 641 2041 711 potius

2179 639 2450 712 ὺάκριϐἐς
2466 643 2560 698 τοῦ
2585 643 2818 718 οὐρανοῦ
2845 644 2976 719 [leg.
2995 645 3218 720 καιροῦ]
3242 647 3460 720 μαθεῖν,
3482 649 3565 716 τδ,
3603 669 3628 704 ε
3663 649 3764 709 Ἑν

448 731 530 787 illi
566 732 905 786 interierunt
947 739 1005 786 et
1051 745 1352 797 evanuere,
1403 731 1497 787 illa
1551 743 1735 788 autem
1783 733 2039 805 quotidie

2179 735 2262 798 αῖς
2301 735 2540 806 ἡμέραις
2575 737 2814 803 ἐκείναις
2831 739 3132 812 ἀναστήσει
3153 741 3183 794 ό
3210 740 3348 806 Θεὸς
3382 741 3697 812 βασιλείαν,
3735 763 3757 798 ι

450 817 628 888 magis
673 817 928 887 splendet
975 826 1031 874 et
1078 819 1364 876 dilatatur.
1406 821 1475 876 Et
1513 821 1561 876 si
1595 822 1736 879 velis
1777 832 2043 880 accurate

2179 825 2242 897 ὴν
2255 828 2461 897 μεταξὺ
2475 829 2776 900 αύτῶνξτῶν
2791 829 3140 902 δηλωθεισῶν
3152 833 3440 907 τεσσάρων
3456 835 3764 908 βασιλειῶν

453 907 766 978 intelligere
785 917 1026 980 tempus,
1053 909 1214 976 illud,
1250 928 1270 962 ι
1303 910 1365 964 In
1387 909 1589 967 diebus
1618 913 1730 968 illis
1749 913 2046 968 suscitabit

2179 920 2554 992 χναδειχθεῖσαν
2584 922 2864 994 λάμϐανε·
2916 925 3222 996 μετέπειτα
3261 929 3397 1000 γάρξ
3426 907 3531 1001 ούχ
3581 914 3767 1001 εῦρή-

453 996 724 1054 Dominus
757 1015 1012 1070 regnum,
1049 1017 1069 1051 ι
1129 999 1198 1055 de
1243 1015 1413 1072 regno
1463 1001 1610 1057 inter
1663 1002 1757 1058 illa
1803 1009 2047 1073 quatuor

2179 1029 2325 1067 ἐται.
2369 1012 2462 1078 Ὧς
2491 1013 2602 1087 γὰρ
2653 1015 2704 1069 οί
2735 1016 2978 1090 πατέρες
3009 1017 3168 1088 ὑμῶν
3205 996 3308 1092 τὴν
3341 996 3766 1092 παρελθοῦσαν

456 1099 680 1146 ostenso
706 1091 936 1162 accipe:
960 1107 1073 1147 non
1101 1091 1252 1150 enim
1285 1101 1474 1163 postea
1495 1093 1826 1164 reperietur.
1847 1093 2050 1161 Quem-

2179 1104 2485 1175 προσδοκίαν
2513 1095 2845 1179 κρατοῦντες
2868 1151 2882 1176 ,
2927 1111 3029 1182 τῆς
3074 1091 3367 1184 εὐκαιρίας
3420 1091 3636 1186 ταύτης
3675 1113 3768 1179 ἐξ-

458 1183 758 1239 admodum
808 1185 957 1240 enim
1021 1195 1212 1256 patres
1259 1187 1430 1242 vestri
1462 1187 1745 1257 [impletas
1805 1187 2048 1258 promis-

2181 1209 2394 1248 πεσαν·
2429 1194 2607 1261 οὕτως
2656 1199 2752 1252 καὶ
2797 1198 2979 1268 ὑμεῖς.
3023 1201 3090 1255 El
3151 1183 3247 1256 οῦν
3291 1183 3767 1258 πιστεύὲτενεῐναι

459 1276 634 1332 sionis
655 1279 1070 1348 exputationem
1098 1278 1426 1346 retinentes,
1452 1279 1603 1334 illam
1626 1280 1822 1336 salutis
1845 1295 2048 1350 oppor-

462 1368 756 1449 tunitatem
793 1370 1124 1438 amiserunt,
1175 1371 1258 1426 sic
1302 1379 1360 1426 et
1400 1385 1499 1427 vos
1536 1370 1774 1427 facietis.
1821 1371 1881 1426 Si
1919 1387 2054 1442 ergo

463 1461 714 1516 creditur
765 1477 888 1518 esse
941 1462 1248 1529 Christum,
1306 1463 1510 1518 abhinc
1571 1463 1728 1520 illum
1790 1463 2050 1534 quaerite,

462 1559 656 1623 postea
687 1553 838 1609 enim
871 1569 983 1608 non
1019 1556 1352 1624 reperietur.

531 1643 654 1698 Jam
687 1643 1088 1708 demonstravi,
1113 1645 1323 1713 Iudaee,
1361 1645 1777 1718 Scripturarum
1806 1650 2057 1709 testimo-

2082 1699 2131 1760 B

2152 1288 2410 1358 Χριστὸν,
2445 1289 2780 1346 άπεντεῦθεν
2824 1291 3042 1363 ζητεῖτε
3069 1308 3086 1322 ο
3146 1294 3448 1365 μετέπειτα
3492 1297 3605 1369 γὰρ
3661 1297 3767 1368 οὐχ

2156 1382 2500 1454 εὑρίσκεται.

2235 1645 2376 1717 Ἤδη
2403 1646 2599 1714 ἔδειξα,
2645 1647 2889 1714 Ἰουδαϊε,
2912 1647 3022 1701 ἀπὸ
3049 1647 3161 1702 τῶν
3187 1645 3424 1718 Γραφῶν
3455 1645 3555 1701 καὶ
3583 1644 3768 1716 αὐτῆς

464 1735 563 1790 nio
617 1735 847 1804 ipsaque
893 1752 1079 1800 rerum
1119 1737 1420 1803 evidentia,
1457 1739 1575 1795 haec
1620 1741 1828 1797 verba:
1875 1761 1896 1795 ι
1942 1745 2054 1800 Do-

2179 1738 2260 1810 τῆς
2277 1738 2537 1810 ἀληθείας
2567 1739 2648 1808 τὸ,
2679 1758 2698 1792 ι
2740 1739 2948 1813 Κύριος
2979 1735 3106 1794 εῐπε
3154 1739 3294 1820 πρός
3329 1755 3438 1810 με’
3485 1738 3624 1804 Υἱός
3659 1757 3768 1810 μου

467 1828 654 1884 minus
681 1829 819 1884 dixit
847 1829 914 1884 ad
950 1845 1074 1886 me:
1108 1831 1280 1888 Filius
1311 1847 1467 1888 meus
1509 1848 1570 1888 es
1630 1842 1710 1899 tu,
1757 1851 1861 1907 ego
1890 1837 2060 1893 hodie

468 1923 636 1994 genui
659 1932 710 1978 te
729 1923 800 1990 ³¹;
827 1944 844 1976 ι
876 1925 972 1979 Et:
1001 1945 1019 1977 ι
1043 1925 1263 1980 Postula
1297 1941 1328 1980 a
1362 1942 1470 1992 me,
1496 1935 1553 1981 et
1579 1926 1720 1983 dabo
1741 1929 1840 1984 tibi
1867 1937 2062 2001 gentes

471 2013 853 2070 haereditatem
885 2026 1035 2071 tuam
1056 2017 1124 2082 ⁸³,
1159 2035 1176 2068 ι
1206 2017 1274 2071 de
1301 2019 1610 2074 meonomia
1657 2018 2063 2077 incarnationis

473 2105 598 2161 Filii
636 2107 730 2162 Dei
785 2108 932 2162 dicta
987 2124 1129 2168 esse.
1163 2125 1287 2179 quae
1340 2111 1409 2165 ad
1461 2110 1727 2166 eﬂeetum
1791 2111 2065 2183 perducta

473 2207 626 2264 sunt,
665 2209 722 2254 et
755 2208 872 2253 tum
903 2200 972 2254 ab
1003 2200 1118 2270 ipsa
1159 2216 1346 2255 rerum
1393 2202 1694 2268 evidentia,
1734 2211 1850 2259 tum
1880 2219 1911 2258 a
1938 2219 2068 2274 pro-

449 2284 659 2362 phetis
693 2292 890 2348 vestris
929 2293 1304 2348 declarantur.
1350 2294 1442 2359 At,
1488 2296 1535 2350 si
1570 2295 1728 2363 velis,
1773 2295 2066 2352 ostendam

474 2386 580 2440 tibi
609 2383 895 2440 Christum
940 2395 1068 2442 ante
1103 2387 1297 2441 mundi
1331 2388 1787 2444 constitutionem
1819 2390 2068 2460 genitum

476 2475 672 2542 fuisse,
727 2493 964 2548 esseque
1008 2477 1214 2545 Deum;
1243 2479 1338 2534 sed
1382 2479 1536 2550 prius
1580 2495 1681 2536 vos
1727 2480 2070 2553 interrogare

476 2567 678 2620 velim:
709 2567 902 2633 David,
945 2567 1040 2637 qui
1071 2584 1170 2623 rex
1201 2579 1258 2623 et
1286 2569 1560 2639 propheta
1601 2569 1726 2636 fuit,
1773 2585 2070 2641 quemnam

479 2657 676 2711 habuit
713 2659 1050 2713 Dominum?
1084 2661 1435 2715 Manifestum
1477 2663 1704 2717 omnino
1752 2672 1810 2718 et
1849 2664 1907 2718 in
1941 2677 2074 2718 con-

481 2748 630 2802 fesso
671 2759 776 2815 est,
811 2751 962 2819 quod
1005 2751 1222 2806 nullum
1274 2753 1478 2808 habeat
1527 2753 1824 2809 Dominum
1875 2762 2075 2824 praeter

479 2839 803 2895 Creatorem
849 2841 973 2896 emli
1028 2849 1086 2898 et
1139 2851 1320 2898 terrae.
1374 2845 1516 2900 Ecce
1569 2845 1755 2914 itaque
1801 2845 1974 2900 David
2004 2846 2072 2902 de

481 2931 706 2989 Christe
741 2933 878 2988 dicit
909 2935 1206 2990 Dominum
1239 2953 1401 2991 suum
1447 2953 1590 3001 esse,
1622 2948 1680 2992 et
1708 2945 1834 2993 ante
1873 2939 2073 2994 saecula

2159 1830 2214 1884 εἶ
2235 1831 2324 1896 σὺ,
2338 1831 2452 1899 ἐγὼ
2468 1832 2710 1904 σήμερον
2726 1831 3036 1905 γεγέννηκά
3048 1849 3130 1886 σε.
3153 1831 3316 1899 »Καὶ,
3329 1850 3348 1883 ι
3363 1831 3605 1904 Δῐτησαι
3624 1833 3764 1904 παρ’

2162 1922 2320 1995 ἐμοῦ,
2358 1923 2451 1977 καὶ
2513 1921 2670 1977 δώσω
2700 1940 2786 1978 σοι
2829 1922 2958 1994 ἔθνη
2993 1923 3098 1994 τὴν
3153 1923 3526 1996 κληρονομίαν
3580 1939 3706 1990 σου,
3736 1940 3758 1976 ι

2163 2016 2261 2070 καὶ
2284 2015 2354 2070 τὰ
2386 2015 2536 2086 sese,
2561 2015 2646 2069 ὅτι
2671 2015 2804 2088 περὶ
2819 2014 2922 2086 τῆς
2953 2015 3228 2088 ἐνσάρκου
3283 2015 3612 2087 οἰκονομίας
3661 2012 3765 2068 τοῦ

2164 2105 2298 2162 Υίοῦ
2321 2106 2416 2160 τοῦ
2446 2105 2582 2160 Θεοῦ
2617 2105 2857 2179 εἴρηται,
2889 2107 3035 2180 άπερ
3069 2107 3166 2161 καὶ
3197 2107 3458 2178 ἐγένοντο
3483 2106 3586 2161 καὶ
3617 2123 3766 2178 μαρ-

2167 2197 2456 2270 τυροῦνται
2495 2197 2601 2252 ὑπὸ
2622 2198 2794 2266 αὐτῆς
2827 2199 2929 2270 τῆς
2963 2197 3221 2269 ἀληθείας
3281 2199 3378 2252 καὶ
3401 2197 3514 2253 τῶν
3545 2214 3766 2270 προφη-

2166 2288 2277 2343 τῶν
2309 2289 2484 2360 ὑμῶν.
2532 2289 2902 2354 Είδέθέλεις,
2933 2288 3096 2356 δείξω
3131 2306 3216 2343 σοι
3265 2289 3350 2344 ὃτι
3375 2289 3474 2344 καὶ
3527 2289 3640 2361 πρδ
3662 2289 3763 2344 τοῦ

2170 2383 2380 2451 κόσμου
2419 2381 2712 2453 ἐγεννήθη,
2768 2381 2864 2436 καὶ
2928 2382 3013 2436 ὅτι
3051 2381 3187 2448 Θεός
3227 2382 3379 2435 ἐστιν
3436 2381 3466 2434 ὀ
3498 2379 3759 2452 Χριστός.

2170 2472 2320 2544 Πλὴν
2348 2471 2568 2544 πρῶτον
2595 2472 2740 2528 θέλω
2758 2473 2957 2541 μαθεῖν
2983 2471 3044 2537 ἐξ
3078 2471 3234 2543 ὑμῶν
3259 2487 3274 2502 ·
3314 2471 3376 2526 ’0
3403 2471 3575 2526 Δαϐὶδ
3605 2471 3762 2542 βασι-

2170 2565 2296 2628 λεὺς
2328 2563 2405 2618 ὢν
2454 2565 2552 2620 καὶ
2585 2565 2896 2636 προφήτης,
2926 2564 3051 2619 τίνα
3096 2564 3304 2636 Κύριον
3335 2564 3430 2618 καὶ
3478 2563 3762 2634 Δεσπότην

2173 2652 2288 2727 εἶχε
2315 2674 2330 2722 ;
2358 2657 2588 2720 Πάντως
2614 2656 2774 2728 δῆλον
2800 2656 2896 2710 καὶ
2924 2655 3380 2728 ὁμολογούμενον,
3426 2655 3620 2710 οὐδένα
3644 2655 3761 2709 Κύ-

2178 2764 2292 2820 ριον
2311 2742 2450 2818 εἷχε,
2480 2749 2530 2800 εί
2555 2747 2631 2818 μὴ
2666 2745 2760 2802 τὸν
2787 2749 3092 2818 ποιήσαντα
3111 2747 3203 2801 τὸν
3228 2747 3462 2820 οὐρανὸν
3505 2747 3603 2802 καὶ
3661 2746 3762 2818 τήν

2175 2843 2302 2910 γῆν.
2347 2841 2478 2894 Ἰδοὺ
2536 2839 2629 2894 οὖν
2688 2839 2854 2904 αὐτὸς
2899 2842 2927 2894 ό
2959 2840 3127 2894 Δαϐὶδ
3154 2839 3303 2909 λέγει
3344 2839 3478 2910 περὶ
3499 2838 3596 2893 τοῦ
3635 2839 3762 2908 Χρι-

2178 2934 2328 2998 στοῦ,
2359 2935 2442 2988 ὅτι
2475 2933 2679 3004 Κύριος
2739 2932 2906 2986 αὐτοῦ
2937 2935 3078 3000 ἐστι,
3111 2935 3209 2988 καὶ
3261 2933 3344 2987 ὅτι
3386 2933 3485 2986 καὶ
3516 2931 3626 3004 πρὸ
3657 2933 3761 2986 τῶν

483 3026 752 3096 genitum.
791 3027 1064 3098 Equidem
1107 3029 1280 3084 David
1323 3031 1380 3084 in
1421 3030 1620 3087 caelum
1650 3046 1761 3086 non
1786 3032 2072 3099 ascendit;

2179 3025 2388 3080 αἰώνων
2413 3025 2698 3098 ἐγεννήθη.
2733 3026 2844 3080 Καὶ
2871 3025 3038 3078 Δαϐὶδ
3069 3026 3168 3096 μὲν
3205 3025 3308 3078 οὐκ
3359 3025 3528 3094 ἀνέϐη
3559 3025 3638 3088 είς
3669 3024 3761 3078 τὸν

485 3116 624 3170 dicit
646 3115 826 3173 tamen
849 3119 968 3188 ipse
1000 3118 1056 3173 in
1077 3118 1224 3173 libro
1254 3119 1620 3187 Psalmorum,
1639 3123 1852 3191 psalmo
1874 3136 2074 3192 nempe

487 3225 608 3272 cur,
661 3211 764 3264 L:
817 3230 835 3262 ι
885 3211 1033 3266 Dixit
1076 3212 1344 3268 Dominus
1399 3214 1634 3269 Domino
1699 3231 1824 3270 meo
1867 3235 1882 3271 :
1932 3213 2074 3271 Sede

488 3315 520 3354 a
549 3300 760 3355 dextris
798 3300 970 3356 meis:
1002 3320 1020 3352 ›
1050 3301 1193 3357 Ecce
1223 3301 1391 3372 igitur
1407 3303 1612 3358 Filium
1635 3303 1757 3366 Dei,
1779 3304 2075 3360 Dominum

488 3407 654 3445 suum
684 3402 881 3447 vocat:
916 3392 1097 3462 ipsum
1133 3392 1284 3448 enim
1319 3395 1496 3460 Pater,
1515 3404 1642 3464 post
1675 3404 1923 3450 sanctam
1957 3396 2079 3468 ejus

487 3501 555 3540 ex
596 3484 818 3555 Virgine
865 3484 1173 3540 secundum
1214 3502 1438 3542 carnem
1472 3489 1914 3558 generationem,
1955 3496 2081 3559 post

490 3575 805 3630 salutarem.
818 3575 1154 3644 passionem,
1183 3579 1764 3648 resurrectionemque
1785 3596 1814 3634 a
1834 3579 2080 3637 mortuis

487 3675 546 3721 et
594 3666 999 3732 ascensionem,
1037 3667 1119 3722 sic
1168 3668 1503 3740 alloquitur:
1557 3689 1574 3722 ι
1618 3669 1760 3726 Sede
1795 3686 1825 3724 a
1868 3671 2080 3727 dextris

491 3759 650 3823 meis,
687 3759 865 3815 donec
895 3775 1096 3830 ponam
1145 3759 1402 3816 inimicos
1455 3770 1577 3818 tuos
1627 3763 1935 3818 scabellum
1978 3778 2077 3834 pe-

489 3855 620 3909 dum
655 3862 897 3908 tuorum.
939 3873 958 3906 »
996 3853 1104 3909 Sed
1143 3853 1331 3908 forsan
1366 3855 1538 3920 dices,
1598 3871 1632 3910 o
1672 3855 1882 3920 Iudaee,
1920 3854 2084 3912 Chri-

491 3955 638 4001 stum
673 3947 869 4002 sedere
910 3945 978 4000 ad
1013 3945 1298 4002 dexteram
1347 3948 1548 4012 Patris,
1573 3962 1748 4016 usque
1789 3947 1858 4002 ad
1898 3957 2084 4003 extre-

491 4055 642 4092 mum
679 4039 832 4093 illum
888 4047 942 4093 et
983 4037 1347 4108 principalem
1396 4039 1516 4109 ejus
1548 4039 1868 4104 adventum,
1913 4055 2080 4111 quem

491 4146 592 4200 per
629 4131 932 4200 prophetas
981 4130 1398 4201 pramuntiavit,
1443 4131 1599 4200 quasi
1648 4131 1909 4187 videlicet
1939 4148 2083 4188 non-

491 4225 624 4279 dum
652 4225 889 4278 venerit.
937 4223 1044 4278 Sed
1076 4224 1354 4294 quomodo
1378 4223 1484 4278 hoc
1515 4224 1586 4277 sit
1615 4224 1815 4279 rationi
1846 4241 2082 4282 consen-

493 4324 740 4378 taneum,
777 4315 866 4368 die
895 4314 1068 4370 mihi:
1106 4313 1286 4381 Quare
1305 4315 1419 4384 jam
1450 4315 1818 4372 sedentidicit
1839 4317 2078 4372 iterum:

2177 3119 2406 3188 οὐρανόν
2426 3135 2440 3148 ·
2495 3119 2644 3188 λέγει
2674 3119 2732 3172 δὲ
2760 3116 2788 3172 ὂ
2830 3117 2992 3182 αὐτὸς
3041 3119 3099 3174 ἐν
3133 3117 3302 3190 βίϐλῳ
3334 3117 3443 3172 τῶν
3490 3117 3758 3188 Ψαλμῶν,

2177 3215 2347 3285 ἤγουν
2367 3213 2467 3281 ρθ’,
2505 3211 2680 3276 οὕτως
2701 3229 2716 3244 ο
2757 3230 2774 3262 ι
2808 3207 2980 3265 Εἶπεν
3013 3211 3042 3263 ὁ
3065 3212 3268 3282 Κύριος
3297 3210 3376 3281 τῷ
3407 3210 3604 3281 Κυρίῳ
3627 3225 3756 3280 μου·

2178 3308 2362 3363 Κάθου
2394 3309 2458 3360 ἐκ
2477 3304 2669 3370 δεξιῶν
2699 3321 2826 3374 μου.
2857 3324 2876 3356 ι
2923 3304 3066 3360 usus
3079 3303 3172 3358 οῦν
3204 3305 3297 3360 τὸν
3327 3304 3456 3357 Υίδν
3487 3302 3585 3356 τοῦ
3603 3299 3737 3356 Θεοῦ

2178 3399 2388 3471 Κύριον
2415 3397 2614 3452 ἑαυτοῦ
2648 3397 2838 3452 καλεϊ⁶
2875 3397 3013 3467 πρὸς
3043 3396 3208 3451 αὐτὸν
3249 3395 3362 3467 γὰρ
3389 3392 3548 3449 εἶπεν
3597 3396 3627 3448 ό
3656 3394 3764 3448 Πα-

2179 3495 2283 3566 τὴρ
2315 3491 2457 3564 μετὰ
2481 3493 2581 3562 τήν
2611 3490 2776 3560 ἁγίαν
2805 3491 2972 3542 αὐτοῦ
2997 3492 3062 3543 ἐκ
3103 3489 3383 3560 Παρθένου
3411 3488 3555 3542 κατὰ
3589 3487 3762 3558 σάρκα

2178 3586 2452 3656 γέννησιν,
2489 3589 2586 3638 καὶ
2617 3583 2679 3637 τὸ
2710 3583 2980 3655 σωτήριον
3001 3581 3197 3648 πάθος,
3223 3581 3318 3636 καὶ
3345 3580 3444 3650 τὴν
3463 3581 3527 3634 ἐκ
3559 3577 3762 3651 νεκρῶν

2180 3676 2348 3732 αὑτοῦ
2381 3677 2704 3739 ἀνάστασιν,
2737 3675 2833 3728 καὶ
2897 3674 2997 3744 τὴν
3042 3671 3340 3742 ἀνάληψινο
3379 3689 3398 3722 ι
3462 3669 3648 3724 Κάθου
3699 3672 3760 3728 ὲκ

2179 3767 2374 3835 δεξιῶν
2417 3785 2544 3840 μου,
2575 3767 2680 3832 ἕως
2717 3767 2784 3820 ἂν
2814 3765 2894 3820 θῶ
2921 3767 3048 3830 τοὺς
3085 3763 3315 3837 ἐχθρούς
3342 3757 3438 3818 σοῦ
3473 3762 3759 3816 ὑποπόδιον

2179 3862 2290 3916 τῶν
2318 3859 2498 3915 ποδῶν
2527 3877 2645 3916 σου.
2705 3877 2728 3912 ι
2795 3859 2937 3916 Ἀλλ’
2966 3857 3098 3922 ἴσως
3125 3859 3292 3926 ἐρεῖς,
3325 3849 3373 3909 ὦ
3409 3853 3655 3919 Ἰουδαῑε,
3684 3854 3759 3906 ὅτι

2181 3952 2418 4024 Χριστὸς
2447 3953 2686 4023 κάθηται
2738 3953 2798 4006 ἐν
2827 3950 2979 4031 δεξιᾷ
3028 3949 3126 4004 τοῦ
3188 3948 3348 4015 Θεοῦ,
3383 3948 3547 4019 ἄχρις
3580 3947 3644 4000 ἂν
3667 3946 3760 4016 τὴν

2183 4044 2423 4116 ἐσχάτην
2451 4043 2674 4114 καιρίαν
2699 4041 2910 4095 ἐλευσιυ
2943 4041 3262 4110 ποιήσηται,
3291 4039 3359 4110 ἦν
3383 4038 3474 4092 διὰ
3509 4037 3620 4090 τῶν
3637 4053 3763 4107 προ-

2187 4136 2375 4208 φητῶν
2408 4135 2780 4208 ἐπηγγείλατο
2800 4175 2816 4200 ,
2849 4135 2926 4198 ὡς
2962 4133 3124 4206 δῆθεν
3167 4132 3354 4203 ἀκμὴν
3392 4131 3468 4202 μὴ
3499 4129 3757 4192 ἐλθόντος.

2185 4228 2295 4282 Καὶ
2330 4226 2574 4297 πῶςέχει
2607 4225 2768 4282 τοῦτο
2805 4225 2987 4294 λόγον,
3051 4223 3214 4290 είπέ;
3252 4223 3305 4276 τί
3364 4221 3444 4293 τῷ
3474 4220 3762 4292 καθημένῳ

2187 4319 2338 4389 λέγει
2367 4319 2563 4374 πάλιν·
2619 4317 2859 4384 Κάθου;
2886 4317 3006 4371 Τίνι
3033 4317 3090 4370 δὲ
3121 4315 3431 4387 ῆχθρευσαν
3473 4315 3524 4366 οί
3579 4311 3764 4382 ἐχθρά-

493 4405 670 4463 Sede?
695 4406 982 4473 Quomodo
1021 4415 1208 4460 autem
1243 4406 1452 4461 inimici
1496 4406 1694 4463 infensi
1725 4409 1839 4463 sint
1871 4409 1951 4464 illi
1985 4411 2073 4480 qui

2186 4426 2378 4474 ναντες
2425 4407 2506 4480 τῷ
2543 4409 2710 4481 μήπω
2740 4407 2980 4462 ἐθέλοντι
3030 4407 3164 4480 [leg.
3214 4403 3484 4476 ἐλθόντι];
3513 4405 3629 4458 Καὶ
3663 4402 3759 4472 γὰρ

495 4498 744 4554 nondum
802 4498 1060 4553 venerit?
1110 4498 1227 4553 Hoc
1265 4499 1412 4553 enim
1446 4499 1658 4566 dicens,
1720 4499 1875 4566 Sede,
1912 4501 2082 4558 Chri-

494 4599 646 4646 stum
675 4600 877 4646 eterra
905 4592 961 4646 in
1007 4591 1180 4646 etelos
1235 4590 1580 4654 redeuutem,
1637 4608 1834 4648 rursus
1885 4593 2080 4650 sedere

492 4685 674 4756 jubet,
701 4685 844 4740 sicut
881 4685 1034 4756 prius
1060 4683 1288 4738 sedebat
1315 4699 1480 4752 super
1512 4684 1767 4739 inimicos
1795 4701 1946 4740 suos.
1972 4687 2082 4742 Vos

499 4779 684 4847 itaque
717 4818 731 4840 ,
778 4778 975 4842 Judaei,
1031 4777 1243 4832 inimici
1301 4779 1422 4848 ejus
1477 4777 1641 4842 estis,
1686 4777 1790 4832 sub
1844 4779 2081 4848 pedibus

495 4871 826 4927 Christiame
879 4872 1061 4942 gentis
1113 4870 1420 4926 conculcati
1467 4887 1641 4940 usque
1675 4865 1743 4926 ad
1771 4880 2075 4936 extremam

499 4965 715 5020 horam.
746 4964 899 5021 Unde
919 4973 976 5020 et
1001 4961 1199 5019 merito
1230 4962 1654 5026 coneulcamiui,
1676 4964 1958 5036 etjustum
1999 4973 2082 5020 est

499 5059 649 5128 quod
676 5057 896 5129 passuri
917 5058 1084 5115 estis:
1112 5065 1332 5128 tempus
1351 5057 1499 5111 enim
1527 5057 1660 5113 illud
1683 5057 1830 5128 quod
1861 5057 2084 5129 jactatis

498 5161 556 5206 et
591 5151 945 5222 exspectatis,
975 5151 1090 5206 ictu
1121 5149 1268 5205 oculi
1319 5149 1483 5205 citius
1524 5147 1680 5204 vobis
1706 5149 2080 5218 superveniet,

501 5260 611 5313 quo
629 5245 974 5314 scilicetyos,
990 5259 1116 5299 cum
1134 5242 1430 5312 deceptore
1447 5241 1540 5295 illo
1559 5241 1649 5296 cui
1662 5239 2084 5307 creditis,aeter-

501 5335 558 5387 ni
595 5335 741 5406 ignis
765 5336 1122 5406 supplicium,
1155 5333 1243 5389 cui
1275 5335 1412 5390 estis
1449 5332 1740 5398 reservati,
1774 5332 2078 5404 recipietis.

577 5427 794 5481 Rursus
826 5427 974 5482 idem
1009 5443 1105 5482 rex
1133 5435 1188 5482 et
1219 5425 1514 5496 propheta,
1537 5423 1594 5478 in
1619 5423 1815 5480 eodem
1841 5425 2076 5495 psalmo,

505 5520 663 5586 quasi
693 5519 789 5572 Dei
834 5530 889 5572 et
933 5519 1110 5574 Patris
1157 5532 1456 5588 personam
1501 5516 1800 5586 accipiens,
1834 5517 1900 5572 de
1949 5517 2085 5573 Filio

583 5677 625 5708 ³⁸
659 5677 799 5730 l‘sal.
839 5691 894 5742 ιι,
934 5675 982 5728 Ἰ.
1056 5676 1098 5706 ³⁸
1131 5675 1264 5729 ibid.
1307 5675 1356 5731 8.

2183 4501 2347 4554 τοῦτο
2368 4499 2398 4554 ὃ
2418 4498 2594 4569 λέγει,
2619 4497 2842 4562 Κάθου,
2869 4496 2946 4567 τῷ
2979 4496 3088 4550 ἀπὸ
3108 4495 3210 4566 τῆς
3248 4497 3353 4566 γῆς
3378 4494 3472 4546 ἐπὶ
3523 4494 3652 4558 τοὺς
3676 4493 3758 4545 οὐ·

2187 4592 2386 4666 ρανοὺς
2420 4589 2700 4645 ἀνελθόντι
2769 4587 2996 4643 καθίσαι
3035 4587 3198 4641 πάλιν
3234 4585 3404 4654 λέγει,
3429 4584 3615 4648 καθὼς
3643 4583 3758 4654 πρὶν

2186 4685 2372 4739 ἐπάνω
2400 4679 2470 4755 ἦν
2508 4683 2618 4737 τῶν
2661 4681 2875 4754 ἐχθρῶν
2909 4678 3075 4736 αὐτοῦ
3096 4695 3110 4710 ·
3163 4679 3239 4742 ὡς
3271 4675 3413 4733 εἶναι
3464 4679 3616 4749 ὑμᾶς
3644 4675 3757 4738 τοὺς

2201 4775 2489 4840 Ἰουδαίους
2517 4773 2746 4847 ἐχθροὺς
2776 4773 2942 4828 αὐτοῦ
2971 4773 3067 4828 καὶ
3101 4771 3488 4844 πατουμένους
3515 4772 3624 4825 ὑπὸ
3647 4771 3756 4834 τοὺς

2185 4871 2354 4934 πόδας
2379 4869 2482 4923 τοῦ.
2500 4865 2894 4939 Χριστιανικοῦ
2912 4865 3083 4935 φύλου
3113 4867 3218 4930 ἕως
3247 4864 3572 4928 τελευταίας
3599 4863 3752 4934 ῶρας.

2188 4963 2352 5017 Ὅθεν
2399 4962 2495 5019 καὶ
2527 4961 2753 5026 δικαίως
2783 4959 3067 5032 πατεῖσθε,
3097 4960 3194 5014 καὶ
3246 4958 3309 5012 τὸ
3356 4957 3754 5028 ἀποϐησόμενον

2188 5057 2316 5126 ὑμῖν
2340 5055 2579 5109 δίκαιον’
2613 5053 2704 5108 τὸν
2726 5053 2836 5124 γὰρ
2863 5051 3059 5123 καιρὸν
3120 5050 3179 5104 ὃν
3216 5049 3408 5119 λέγετε
3437 5050 3534 5103 καὶ
3556 5049 3754 5119 ἐκδέχε-

2191 5150 2283 5203 σθε
2310 5147 2536 5216 φθάνειν
2567 5147 2712 5218 ὑμᾶς
2735 5145 3050 5217 βλέμματος
3071 5142 3410 5216 γοργοτέρου
3433 5141 3750 5214 παρέχεταιο

2193 5241 2315 5311 μεθ’
2355 5234 2416 5294 οὗ
2443 5240 2538 5294 καὶ
2569 5241 2728 5310 ὑμεῖς
2755 5239 2850 5294 καὶ
2881 5231 2928 5307 ᾧ
2968 5236 3254 5292 πιστεύετε
3281 5234 3495 5304 πλάνῳ,
3527 5235 3608 5298 είς
3637 5234 3752 5285 αίω·

2193 5335 2312 5388 νίαν
2335 5333 2505 5404 πυρὸς
2533 5333 2760 5405 ἐκδοχὴν
2785 5331 3025 5386 δέδοσθε.

2261 5426 2374 5479 Καὶ
2403 5424 2567 5482 πάλιν
2603 5425 2631 5477 ὁ
2659 5423 2824 5486 αὐτὸς
2854 5421 3146 5494 προφήτης
3179 5419 3274 5474 καὶ
3317 5416 3578 5488 βασιλεὺς
3609 5417 3664 5468 ἐν
3687 5410 3748 5481 τῷ

2193 5515 2340 5587 αῦτῷ
2369 5515 2568 5587 ψαλμῷ
2607 5516 2682 5579 ὡς
2707 5517 2771 5570 ἐκ
2825 5512 3116 5586 προσώπου
3147 5510 3238 5566 τοῦ
3263 5509 3397 5565 Θεοῦ
3431 5509 3531 5564 καὶ
3559 5502 3748 5576 Πατρὸς
