3910 6300
149 209 279 273 1917

1158 214 1615 273 DISPUTATIO
1655 214 2057 275 ADVERSUS
2095 206 2424 279 JUDAEOS.

3277 220 3414 285 1218

145 327 394 400 περὶτοῦ
454 325 585 383 Υἱοῦ
617 331 714 383 καὶ
767 328 941 397 Λόγου
996 328 1086 381 :06
1129 330 1266 383 Θεοῦ
1334 329 1508 394 οὕτως
1543 330 1726 399 λέγει·

1834 338 1889 384 et
1914 330 2103 387 Verbo
2134 334 2230 389 Dei
2264 335 2345 390 sic
2386 335 2636 405 loquitur
2664 355 2676 390 :
2719 355 2737 388 ι
2772 337 2847 391 Ex
2879 343 3041 391 utero
3075 344 3206 392 ante
3247 336 3417 393 Luci-

150 441 168 474 ι
192 422 284 474 Ἐκ
312 420 550 492 γαστρὸς
576 421 683 492 πρὸ
716 421 999 493 ἑωσφόρον
1033 421 1306 493 ἐγέννησά
1335 439 1432 485 σε.,
1471 443 1495 494 7-
1536 423 1596 475 Ὀ
1622 423 1731 494 γὰρ

151 513 431 584 ἑωσφόρος
486 516 553 582 τῇ
600 514 839 585 τετάρτῃ
883 513 1069 584 ἡμέρᾳ
1109 512 1426 583 ἐγένετοοό
1465 513 1522 567 δέ
1559 512 1732 583 Ἀδὰμ

143 609 211 677 τῇ
239 605 373 677 ἕκτῃ
404 604 589 677 ἡμέρᾳ
620 604 886 676 ἐπλάσθη.
916 605 1140 672 Λοιπὸν,
1197 600 1243 659 ὧ
1288 606 1537 672 Ἰουδαῖε,
1586 606 1728 670 εἰπὲ,

146 696 266 751 τίνα
288 696 395 768 πρὸ
428 696 785 767 παρασκευῆς
811 696 913 767 τῆς
930 682 1174 760 ⁹κτίσεως
1199 695 1494 766 ἐγέννησεν
1514 699 1542 750 6
1574 697 1727 760 Θεός.

145 785 292 860 *Αρα
315 790 443 860 περὶ
470 788 564 841 τοῦ
584 787 757 859 Ἀδὰμ
781 788 930 858 λέγει
953 803 969 855 ;
1008 789 1279 859 Οὐδαμῶς
1304 805 1318 820 ο
1353 789 1493 859 μετὰ
1512 789 1621 861 γὰρ
1640 789 1734 842 δύο

148 881 360 952 ἡμέρας
414 880 510 935 τοῦ
541 880 820 951 έωσφόρου
876 879 1117 934 καὶτῶν
1165 879 1415 950 ἀστέρων
1460 880 1730 949 ἐπλάσθη.

162 973 320 1028 Ἀλλὰ
351 973 495 1044 περὶι
509 970 602 1026 τοῦ
625 968 1023 1041 Ἠλειμμένου
1060 970 1188 1043 ὑμῖν
1225 971 1407 1040 λέγει;
1436 970 1574 1026 ἀλλὰ
1619 971 1734 1025 υἱὸν

148 1069 309 1122 Δαϐῖδ
332 1068 495 1123 αὐτὸν
520 1067 582 1122 οὐ
605 1067 795 1136 λέγετε
820 1062 962 1121 εἶναι
984 1083 1000 1099 ο
1047 1067 1075 1119 6
1108 1052 1164 1128 δὲ
1210 1068 1376 1121 Δα6“ιδ
1409 1068 1550 1138 μετὰ
1606 1068 1736 1121 πολ-

148 1162 270 1225 λοὺς
303 1162 527 1233 χρόνους
553 1159 648 1214 τοῦ
696 1159 870 1229 Ἀδὰμ
897 1158 1162 1229 ἐγεννήθη
1187 1176 1201 1190 ο
1232 1161 1261 1213 6
1311 1159 1419 1229 γὰρ
1461 1159 1633 1230 Ἀδὰμ
1664 1163 1732 1232 τῇ

147 1255 279 1324 ἕκτῃ
314 1252 497 1323 ἡμέρᾳ
553 1250 820 1319 ἐπλάσθη,
876 1250 952 1313 ὼς
983 1237 1222 1320 εἴρηται,
1254 1249 1348 1304 καὶ
1377 1250 1427 1303 0i
1462 1250 1734 1321 ἐωσφόροι

147 1346 214 1414 τῇ
253 1340 489 1415 τετάρτῃ
554 1343 738 1414 ἡμέρᾳ
776 1340 1056 1411 ἐγένοντο·
1108 1344 1136 1394 6
1176 1341 1236 1394 δέ
1267 1341 1400 1405 Θεὸς
1444 1343 1577 1412 περὶ
1625 1342 1724 1395 τοῦ

152 1436 281 1490 ιδίου
312 1435 443 1489 Υἱοῦ
469 1434 638 1503 λέγει,
695 1435 777 1487 ὅτι
812 1451 843 1484 ιΔ
871 1433 984 1505 Πρὸ
1031 1432 1311 1505 έωσφόρου
1343 1433 1616 1504 ἐγέννησά
1640 1450 1730 1487 σε’

149 1529 215 1582 σὺ
249 1529 430 1598 ἱερεὺς
458 1529 539 1590 είς
556 1526 647 1580 τὸν
667 1526 841 1579 αἰῶνα
868 1523 1011 1579 κατὰ
1029 1524 1128 1595 τὴν
1142 1524 1679 1597 τάξινΜελχισεδέκ,
1707 1544 1727 1577 7

145 1620 427 1674 τουτέστιν
479 1620 658 1691 ἱερεὺς
707 1618 816 1679 τῶν
868 1618 1060 1673 ἐθνῶν.
1120 1618 1178 1671 Ὀ
1233 1617 1343 1689 γὰρ
1395 1618 1733 1690 Μελχισεδὲκ

147 1708 287 1764 οἶνον
344 1711 437 1764 καὶ⁸
467 1679 651 1780 ἄρτον⁷
687 1710 996 1781 προσέφερε
1052 1708 1132 1779 τῷ
1165 1679 1326 1779 Θεῶ,
1366 1679 1551 1773 καθὼς
1582 1709 1676 1763 καὶ
1704 1711 1733 1763 6
1760 1679 1808 1738 Β

146 1802 402 1873 Χριστὸς,
433 1803 461 1856 6
486 1802 777 1873 ἀρχιερεὺς
813 1799 996 1870 ἡμῶν,
1031 1799 1348 1871 παρέδωκεν
1381 1802 1532 1872 ημᾶς
1581 1800 1730 1856 θύειν

147 1893 297 1964 αὐτῷ
327 1893 703 1963 ἀναιμάκτους
730 1891 924 1954 θυσίας
980 1886 1120 1945 κατὰ
1144 1890 1244 1962 τὴν
1290 1891 1444 1957 τάξιν
1465 1880 1733 1961 Μελχισε-

147 1983 263 2037 δέκ.
301 1984 571 2037 Ἄκουσον
597 1981 653 2035 δέ
681 1981 778 2035 καὶ¹
806 1979 1151 2050 Σολομῶντος
1186 1979 1440 2048 λέγοντος
1473 1998 1538 2033 πε
1548 1983 1605 2050 9".
1631 1981 1731 2050 τῆς

146 2073 500 2148 πρὸαίώνων
540 2072 845 2143 γεννήσεως
902 2069 997 2123 τοῦ
1066 2070 1392 2141 μονογενοῦς
1451 2071 1584 2125 Υἱοῦ
1635 2070 1729 2123 τοῦ

145 2165 313 2219 Θεοῦ⁶
343 2180 361 2215 ι
398 2147 514 2233 Πρὸ
539 2161 728 2216 τοῦντὰ
755 2163 865 2233 ὅρη»
879 2161 1155 2231 γενέσθαι,
1186 2161 1294 2233 πρὸ
1345 2162 1439 2215 τοῦ
1470 2163 1571 2226 τὰς
1625 2180 1731 2234 πη-

148 2255 265 2327 γθις⁴
290 2255 593 2327 προελθεῖν,
628 2254 733 2327 πρὸ
764 2254 834 2321 ,δὲ
869 2255 1089 2308 πάντων
1119 2253 1346 2325 βουνῶν,
1379 2257 1546 2327 γεννᾷ
1577 2273 1667 2327 με.
1703 2275 1724 2309 7

152 2338 337 2417 Δεῖξρν
374 2366 464 2419 μοι
492 2344 585 2402 06v
615 2347 735 2401 τίνα
761 2348 789 2401 6
841 2346 972 2410 Θεὸς
1013 2346 1121 2418 πρὸ
1160 2347 1340 2417 πάσης
1365 2348 1468 2418 τῆς
1498 2349 1731 2414 κτίσεως

146 2441 457 2510 ἐγέννησεν.
507 2439 784 2519 Ὡσαύτως
833 2437 891 2491 δὲ
938 2438 1034 2515 καὶ
1085 2437 1248 2492 πάλιν
1281 2440 1310 2492 6
1336 2439 1504 2492 Δαὸὶδ
1562 2442 1621 2495 ἐν
1644 2440 1732 2517 Δβί-

147 2533 258 2603 ὅλῳ
288 2531 534 2601 Ψαλμῶν
555 2531 628 2595 οζ¹
654 2514 822 2592 λέγει
842 2546 855 2559 ο
899 2547 917 2581 ι
970 2514 1028 2583 Ὃ
1058 2529 1213 2595 Θεὸς,
1246 2531 1307 2583 τὸ
1329 2529 1506 2601 κρῖμά
1534 2514 1731 2602 σουτῷ

148 2623 363 2695 βασιλεῖ
415 2622 524 2686 δὸς,
586 2621 680 2675 καὶ
735 2620 833 2692 τὴν
867 2620 1217 2691 δικαιοσύνην
1247 2638 1340 2675 σου
1384 2618 1463 2691 τῷ
1486 2620 1589 2692 υἱῷ
1630 2621 1724 2675 :06

147 2716 453 2787 βασιλέως-
478 2733 496 2766 7
526 2713 635 2768 Kal.
667 2713 745 2784 μὴ
776 2712 939 2785 εἴπῃς
968 2713 1100 2783 περὶ
1128 2711 1474 2780 Σολομῶντος
1512 2711 1692 2781 λέγειν
1715 2728 1729 2743 ο

145 2805 267 2861 εἷπε
290 2806 400 2877 γάρ
432 2805 574 2877 μετὰ
598 2804 813 2873 ὀλίγους
855 2805 1096 2876 στίχους,
1119 2804 1201 2857 ὅτι
1238 2823 1255 2856 ι
1276 2794 1729 2874 ’Κατακυριεύσει

145 2900 254 2953 ἀπὸ
284 2898 560 2969 θαλάσσης
587 2898 691 2962 ἕως
724 2896 1023 2968 θαλάσσης,
1058 2899 1153 2951 καὶ
1173 2897 1281 2969 πρὸ
1303 2895 1399 2951 τοῦ
1428 2896 1581 2968 ἡλίου
1612 2898 1730 2952 δια-

149 2990 302 3062 μένει
337 2989 598 3061 τὸιῦνομα
632 2988 818 3093 αὐτού,
850 2989 945 3042 καὶ
977 2990 1084 3060 πρὸ
1097 2989 1196 3058 τῆς
1229 2988 1484 3061 σελήνης,
1533 2990 1729 3058 γενεὰς
1753 3030 1799 3093 C

145 3084 380 3153 γενεῶν,
419 3103 438 3136 7
480 3083 610 3136 Ἰδοὺ
642 3076 822 3147 ἔδειξά
838 3099 924 3135 σοι
956 3081 1145 3152 σαφῶς
1177 3083 1274 3136 καὶ
1302 3082 1392 3135 διὰ
1437 3082 1602 3135 Δαϐὶδ
1634 3083 1728 3136 καὶ

143 3176 236 3231 διὰ
265 3174 634 3245 Σολομῶντος,
686 3175 768 3227 ὅτι
813 3173 919 3244 πρὸ
948 3174 1138 3242 πάσης
1177 3175 1274 3242 τῆς
1304 3173 1537 3237 κτίσεως
1570 3175 1723 3243 ὲγεν.

144 3269 288 3341 νήθη
332 3272 360 3324 6
405 3269 533 3334 Υἱὸς
578 3269 644 3322 ὲκ
686 3267 780 3321 τοῦ
829 3265 1061 3338 Πατρὸς,
1106 3266 1184 3330 ὠς
1239 3261 1382 3320 οἶδεν
1430 3267 1592 3331 αὐτὸς
1633 3267 1731 3338 μό-

143 3378 260 3425 νος.

216 3453 386 3507 Πάλιν
411 3452 589 3507 ἐκεῖνό
614 3469 700 3521 μοι
726 3452 918 3507 εἴπατε
948 3450 1129 3519 ὑμεῖς,
1158 3449 1254 3503 καὶ
1281 3447 1447 3528 εὐθὺς
1475 3448 1729 3516 φαίνεται

141 3548 178 3616 ἡ
212 3545 461 3616 ἀλήθεια,
484 3544 590 3598 τὸν
619 3541 988 3611 ήλειμμένον
1005 3541 1063 3594 ὃν
1091 3540 1378 3611 ἐκδέχεσθε
1397 3540 1578 3608 ὑμεῖς,
1611 3538 1732 3592 τίνα

142 3638 337 3706 λέγετε
359 3636 567 3701 0:67:67);-
588 3635 720 3687 Θεὸν
747 3634 781 3704 ἢ
812 3633 1099 3704 ἄνθρωπον
1123 3631 1298 3702 ψιλὸν,
1328 3631 1405 3693 ὡς
1453 3631 1542 3685 τὸν
1567 3629 1732 3683 Δηιὸὶδ

142 3729 393 3791 καὶτοὺς
427 3714 1048 3798 λοιποὺςάνθρώπουςς
1103 3722 1258 3794 Ἔχει
1322 3725 1497 3777 εἰπεῖν
1523 3725 1552 3776 6
1600 3724 1733 3776 Ἰου-

139 3821 319 3883 δαῖος·
372 3817 698 3888 ’Ἄνθρωπον
737 3816 900 3870 αὐτὸν
930 3815 1187 3885 λέγομεν,
1202 3815 1314 3873 ,καὶ
1341 3814 1402 3867 ού
1426 3813 1581 3879 θεὸν,
1614 3813 1732 3866 ἀλλ’

140 3909 222 3973 ὡς
238 3909 336 3962 ἕνα
358 3907 465 3961 τῶν
501 3905 802 3978 προφητῶν
826 3922 840 3934 ⁸
883 3905 985 3958 οὐκ
1031 3904 1147 3957 ἐστι
1176 3903 1285 3974 γὰρ
1330 3904 1380 3956 εί
1409 3905 1485 3974 μὴ
1524 3896 1604 3967 εἷς
1637 3903 1732 3956 καὶ

142 4001 310 4072 μόνος
343 4001 371 4054 6
411 3999 567 4064 Θεὸς,
602 3998 697 4053 καὶ⁵
726 3997 849 4067 οὐχὶ
898 3996 1014 4060 δύο,
1047 3995 1301 4067 καθάπερ
1330 3994 1383 4048 0i
1407 3995 1732 4063 Χριστιανοὶ

137 4094 355 4156 λέγετε.
388 4095 497 4147 Καὶ
540 4091 663 4147 ἐπεὶ
688 4088 862 4152 οὕτως
888 4087 1102 4157 λέγετε,
1147 4088 1230 4141 ὃτι
1284 4086 1573 4158 ἄνθρωπός
1615 4089 1733 4140 ἐστι

137 4185 298 4255 ψιλὸς
327 4187 355 4239 6
397 4184 694 4255 ἐρχόμενος
722 4181 960 4252 Χριστὸς
985 4179 1165 4250 ὑμῶν,
1219 4178 1537 4249 ὲνέγκωμεν
1606 4177 1733 4248 ἄρτι

139 4278 242 4339 τὰς
294 4275 476 4346 φωνάς
507 4274 618 4327 τῶν
649 4271 969 4343 προφητῶν,
1006 4271 1104 4325 καὶ
1163 4268 1259 4322 ἐὰν
1294 4268 1427 4323 Θεὸν
1457 4266 1734 4339 ἐκήρυξαν

1832 420 2013 476 ferum
2042 425 2205 493 genui
2237 433 2288 480 te
2317 427 2385 491 '3;
2419 445 2437 477 7
2477 425 2702 481 Lucifer
2725 443 2894 496 porro
2915 435 3114 496 quarta
3147 427 3236 481 die
3269 444 3421 482 erea-

1835 520 1922 568 tus
1957 525 2062 580 est,
2094 516 2267 571 Adam
2300 533 2433 572 vero
2463 526 2615 574 sexta
2651 519 2741 573 die
2789 518 3061 574 formatus
3098 527 3203 573 est.
3237 519 3417 582 Nunc,

1835 605 2091 671 oJudace,
2116 607 2207 661 dic
2234 609 2366 663 mihi
2392 627 2406 662 :
2429 608 2605 675 Quem
2630 619 2759 665 ante
2784 612 3088 666 creationis
3112 611 3419 680 primordia

1832 699 2090 769 genuerit
2118 700 2284 754 Deus.
2308 699 2451 754 Num
2485 701 2554 756 de
2585 700 2795 756 Adamo
2832 701 3127 771 loquitur?
3160 702 3383 756 Minime
3403 743 3418 766 ,

1834 789 2110 860 siquidem
2144 799 2268 860 post
2300 792 2606 847 secundum
2630 792 2776 847 diem
2796 808 2909 862 quo
2930 793 3156 847 Lucifer
3183 802 3240 848 et
3271 802 3422 848 astra

1834 888 2021 936 creata
2052 890 2202 947 sunt,
2237 881 2513 937 formatus
2553 891 2659 938 est.
2694 884 2910 938 Forsan
2936 883 3004 938 de
3039 883 3204 938 Uncto
3231 894 3421 939 vestro

1834 973 2085 1055 loquitur
2106 973 2128 1026 *Ξ
2152 972 2259 1028 Sed
2289 974 2467 1038 illum,
2497 975 2703 1044 de'quo
2724 990 2909 1030 sermo
2926 982 3036 1038 est,
3062 975 3265 1029 Filium
3290 991 3415 1031 esse

1833 1062 2061 1119 Davidis
2082 1078 2192 1118 non
2223 1064 2453 1131 dicitur;
2478 1074 2739 1120 caeterum
2762 1067 2933 1121 David
2958 1068 3126 1137 longo
3150 1076 3418 1137 tempore,

1835 1166 1959 1225 post
1986 1155 2259 1211 Adamum
2301 1166 2360 1212 et
2398 1168 2545 1213 astra
2597 1168 2765 1214 natus
2816 1167 2902 1221 est
2929 1178 2941 1213 :
2968 1160 3213 1215 Adamus
3244 1160 3416 1225 enim,

1836 1255 1897 1301 ut
1925 1246 2138 1303 dictum
2171 1254 2279 1313 est,
2304 1256 2458 1302 sexta
2505 1250 2806 1304 creationis
2853 1250 2946 1305 die
2992 1251 3266 1306 formatus
3309 1260 3417 1314 est,

1836 1346 1982 1399 astra
2001 1348 2199 1409 quarta
2234 1339 2325 1394 die
2361 1341 2502 1396 facta
2529 1350 2690 1408 sunt;
2718 1344 2864 1397 Deus
2891 1351 3074 1398 autem
3099 1344 3167 1398 de
3194 1344 3420 1413 proprio

1834 1429 1977 1485 Filio
2030 1431 2166 1489 dicit
2217 1449 2230 1484 :
2278 1450 2296 1484 ι
2335 1432 2477 1487 Ante
2530 1432 2849 1488 Luciferum
2886 1435 3053 1504 genui
3107 1444 3198 1497 te;
3254 1444 3309 1488 tu
3358 1450 3420 1489 es

1836 1521 2100 1577 sacerdos
2139 1523 2194 1577 in
2226 1530 2495 1578 aeternum
2550 1526 2859 1579 secundum
2894 1526 3144 1580 ordinem
3189 1526 3418 1580 Melchi-

1836 1614 2023 1681 sedec,
2065 1633 2083 1666 7
2138 1614 2194 1669 id
2250 1625 2358 1680 est,
2401 1616 2661 1671 sacerdos
2713 1618 2961 1687 gentium
2998 1634 3010 1670 :
3050 1617 3423 1672 Melchisedec

1835 1707 1983 1761 enim
2018 1706 2208 1761 vinum
2238 1716 2293 1761 et
2321 1723 2520 1778 panem
2572 1709 2685 1765 Deo
2714 1709 2938 1775 obtulit,
2975 1710 3121 1763 sicut
3164 1718 3219 1763 et
3252 1710 3417 1765 Chri-

1834 1806 1976 1863 stus,
2006 1798 2251 1867 pontifex
2281 1808 2501 1862 noster,
2546 1800 2709 1854 nobis
2766 1800 3089 1854 mandatum
3137 1801 3310 1867 dedit,
3360 1813 3420 1855 ut

1834 1891 1938 1961 ipsi
1978 1890 2274 1946 incruenta
2317 1891 2592 1947 sacriﬁcia
2629 1894 2951 1959 offeramus,
2985 1896 3292 1949 secundum
3323 1910 3421 1949 or-

1833 1984 2019 2038 dinem
2054 1984 2467 2040 Melchisedec.—
2491 1985 2631 2039 Audi
2665 1994 2722 2039 et
2754 1985 3106 2041 Salomonem
3139 1988 3208 2041 de
3247 2004 3419 2058 gene-

1833 2077 2049 2133 ratione
2077 2077 2349 2146 unigeniti
2376 2077 2497 2131 Filii
2538 2077 2635 2131 Dci
2676 2085 2803 2132 ante
2839 2079 3037 2132 saecula
3080 2078 3358 2133 dicentem
3399 2096 3414 2133 :

1838 2185 1857 2217 ι
1885 2167 2198 2237 Antequam
2220 2167 2419 2223 fierent
2444 2177 2682 2231 montes,
2699 2176 2995 2238 antequam
3022 2169 3202 2223 fontes
3224 2169 3412 2238 prodi-

1831 2268 1976 2325 rent,
1999 2268 2057 2315 et
2085 2267 2213 2315 ante
2235 2275 2431 2315 omnes
2458 2261 2629 2317 colles
2649 2260 2845 2330 genuit
2876 2277 2986 2316 me.
3014 2280 3033 2313 7
3062 2261 3250 2315 Indica
3275 2277 3411 2331 ergo

1832 2351 1969 2406 mihi
1993 2367 2158 2423 quem
2188 2362 2316 2407 ante
2341 2368 2567 2407 omnem
2612 2361 2926 2407 creaturam
2958 2354 3215 2423 genuerit
3244 2354 3415 2408 Deus.

1830 2443 1967 2498 Item
1988 2442 2184 2507 David,
2216 2443 2272 2497 in
2292 2443 2439 2498 libro
2464 2443 2832 2508 Psalmorum,
2856 2442 3069 2511 psalmo
3112 2459 3276 2507 xcvn,
3311 2444 3419 2497 ima

1832 2552 1978 2602 Lxxl,
2029 2536 2233 2591 iterum
2277 2535 2454 2590 dicit:
2511 2553 2529 2586 ι
2568 2535 2739 2597 Deus,
2777 2534 3053 2605 judicium
3095 2543 3251 2590 tuum
3303 2535 3420 2605 regi

1831 2626 1922 2693 da,
1949 2635 2006 2682 et
2029 2626 2302 2698 justitiam
2348 2634 2501 2679 tuam
2552 2624 2667 2679 lilio
2710 2624 2855 2694 regis
2877 2623 2923 2655 ⁸*
2954 2641 2969 2690 ;
3004 2643 3022 2675 7
3077 2639 3257 2693 neque
3303 2625 3422 2677 haec

1832 2720 1984 2776 dicas
2042 2720 2110 2774 de
2148 2718 2443 2774 Salomone
2501 2717 2659 2771 dicta-
2702 2731 2848 2782 esse,
2905 2715 3179 2785 siquidem
3232 2716 3421 2770 subdit

1830 2812 2000 2882 paulo
2019 2820 2145 2882 post
2174 2827 2189 2862 :
2219 2830 2237 2862 ι
2268 2809 2658 2865 Dominabitur
2692 2824 2724 2865 a
2752 2808 2893 2877 mari
2928 2822 3105 2877 usque
3135 2807 3203 2861 ad
3232 2822 3407 2870 mare,

1830 2912 1887 2959 et
1912 2914 2200 2974 permanet
2224 2910 2354 2957 ante
2391 2903 2563 2957 solem
2591 2916 2793 2956 nomen
2823 2902 2965 2971 ejus,
2990 2910 3047 2954 et
3070 2909 3198 2955 ante
3228 2902 3416 2954 lunam

1832 2995 1889 3049 in
1939 2995 2328 3066 generationes
2372 2993 2794 3064 generationum
2823 2994 2890 3047 ³⁵.
2934 2992 3079 3047 Ecce
3126 2992 3418 3062 perspicue

1832 3085 2360 3149 demonstravi-tibi,
2398 3100 2468 3139 ex
2506 3076 2734 3138 Davidis
2776 3082 3197 3152 Salomonisque
3253 3083 3418 3136 testi-

1831 3179 2039 3243 monio,
2070 3178 2269 3235 Filium
2302 3172 2401 3231 Dei
2434 3182 2562 3230 ante
2588 3189 2811 3229 omnem
2850 3182 3165 3241 creaturam
3198 3188 3227 3226 a
3252 3172 3419 3225 Patre

1832 3270 2002 3326 fuisse
2027 3278 2374 3341 generatum,
2408 3284 2475 3323 eo
2505 3268 2670 3329 modo
2710 3282 2876 3338 quem
2907 3266 3025 3339 ipse
3060 3266 3212 3321 solus
3238 3264 3416 3319 novit.

1904 3453 2118 3506 Rursus
2141 3451 2305 3509 aliam
2342 3449 2707 3520 qurustionem
2733 3447 2933 3504 solvite
2958 3447 3120 3511 mihi,
3149 3453 3206 3500 et
3232 3445 3418 3500 statim

1832 3543 2040 3598 veritas
2073 3541 2360 3611 apparebit
2393 3558 2407 3593 :
2444 3540 2673 3595 Unctum
2699 3540 2881 3601 illum,
2924 3556 2953 3593 a
3021 3539 3181 3593 vobis
3228 3554 3425 3607 exspe-

1834 3644 2066 3700 ctatum,
2102 3649 2267 3703 quem
2316 3632 2504 3687 dicitis
2531 3633 2693 3687 esse?
2721 3633 2987 3695 Deumne,
3026 3647 3093 3684 an
3137 3630 3419 3684 hominem

1835 3734 2069 3790 tantum,
2115 3725 2261 3779 sicut
2296 3723 2406 3778 fuit
2440 3723 2560 3791 ipse
2596 3721 2792 3785 David,
2851 3721 3115 3775 eLcaeteri
3164 3719 3421 3774 homines

1833 3817 2145 3873 exsistunt?
2180 3815 2565 3885 Respondebit
2615 3828 2749 3868 sane
2794 3812 3019 3867 Judccus
3063 3829 3074 3863 :
3125 3811 3417 3865 Hominem

1833 3923 1956 3963 esse
1998 3907 2154 3961 illum
2189 3905 2454 3968 dicimus,
2490 3921 2603 3973 non
2626 3905 2825 3969 Deum,
2858 3902 3140 3972 sed'quasi
3168 3918 3339 3955 unum
3387 3917 3419 3954 e

1832 3998 2481 4068 numero-prophetarum
2508 4013 2522 4050 :
2551 4011 2662 4050 non
2685 3994 2935 4049 estenim
2960 3993 3071 4047 nisi
3089 4009 3233 4048 unus
3251 3995 3417 4055 Deus,

1834 4100 1891 4146 et
1918 4091 2145 4146 minime
2172 4091 2304 4154 duo,
2322 4090 2468 4144 sicut
2490 4105 2588 4144 vos
2610 4086 2914 4144 Christiani
2938 4085 3145 4141 dicitis.
3169 4084 3239 4140 At
3264 4100 3419 4164 vero,

1834 4183 2099 4253 quoniam
2132 4198 2335 4253 purum
2370 4182 2654 4236 hominem
2678 4194 2800 4235 esse
2835 4179 3042 4245 dicitis,
3087 4177 3184 4247 qui
3214 4186 3421 4233 ventu-

1835 4262 1931 4331 rus
1959 4284 2066 4340 est,
2091 4273 2378 4330 Christum
2413 4285 2687 4340 vestrum,
2722 4271 3073 4326 conferamus
3097 4270 3151 4323 in
3176 4269 3420 4323 medium

137 4367 235 4420 :6v
265 4365 558 4435 ἐρχόμενον
596 4363 864 4434 δηλονότι,
893 4361 988 4413 κα)⁸
1016 4362 1044 4413 6
1071 4359 1243 4413 ἐλθὼν
1277 4359 1372 4412 καὶ
1409 4357 1539 4429 παρ’
1571 4356 1727 4429 ἡμῶν

1837 4365 1986 4423 dicta
2025 4365 2450 4436 prophetarum,
2488 4372 2545 4419 et
2594 4364 2869 4433 siquidem
2900 4364 3077 4418 Deum
3110 4377 3230 4416 esse
3280 4378 3419 4430 pra--

138 4456 251 4512 τῶν
281 4457 624 4526 Χριστιανῶν
669 4453 1148 4526 προσκυνούμενος
1173 4452 1268 4506 καὶ
1295 4450 1688 4519 πιστευόμενος
1707 4491 1722 4516 ,

138 4547 309 4621 αὐτός
338 4550 485 4601 ἐστιν
514 4545 730 4617 άληθῶς
766 4545 938 4608 ὅντως
972 4546 1000 4598 6
1034 4543 1239 4615 ἀληθὴς
1287 4543 1554 4613 Χριστός·
1582 4541 1650 4601 ,ὃν
1670 4542 1728 4596 δὲ

138 4639 432 4710 ἐκδέχεσθε
451 4640 612 4709 ὑμεῖς
632 4640 681 4693 οἱ
728 4636 997 4703 Ἰουδαῖοι,
1034 4635 1394 4699 πλάνοςέστὶ
1424 4636 1519 4688 καὶ
1560 4634 1730 4687 Ἀντίο

138 4748 385 4802 χριστος.
420 4733 482 4784 Ei
509 4732 567 4785 δέ
608 4731 772 4786 πάλιν
821 4730 898 4802 μὴ
945 4726 1391 4802 παραστήσωμεν
1429 4731 1554 4793 τοὺς
1590 4745 1728 4799 7:90-

140 4827 322 4895 φήτας
345 4825 606 4894 λέγοντας
635 4824 799 4889 αὑτὸν
844 4823 1000 4889 Θεὸν,
1053 4822 1297 4894 δηλονότι
1320 4824 1484 4892 ἡμεῖς
1512 4823 1731 4876 πλανώ·

144 4918 310 4990 μεθα,
349 4918 596 4971 Ἰουδαῖοι
632 4917 690 4970 δέ
713 4916 1092 4989 ἀληθεύουσιν.
1130 4915 1337 4970 Εἴπατε
1377 4915 1507 4984 περὶ
1532 4913 1676 4978 τίνος
1700 4914 1730 4967 6

142 5010 435 5081 προφήτης
493 5009 674 5079 λέγει·
723 5028 741 5061 ι
802 5008 1182 5080 Εὐλογημένος
1240 5007 1269 5058 6
1325 5006 1620 5077 ἐρχόμενος
1672 5007 1729 5058 ἐν

141 5101 373 5172 ὀνόματι
393 5102 623 5173 Κυρίου,
659 5101 793 5165 Θεὸς
825 5101 1153 5171 Κύριο;,γ.α“ι
1195 5100 1473 5168 ἐπέφανεν
1505 5100 1658 5169 ἡμῖν.
1702 5116 1721 5150 7

141 5194 452 5265 Προσέχετε
489 5194 627 5265 μετὰ
648 5194 964 5266 ἀκριϐείας·
998 5193 1216 5256 πάντως
1243 5193 1376 5255 Θεὸν
1409 5193 1501 5247 καὶ
1525 5192 1730 5263 Κύριον

140 5285 297 5355 λέγει
318 5285 509 5339 εἰπών·
550 5305 569 5338 ‹
597 5285 731 5351 Θεὸς
753 5286 849 5339 καὶ
875 5285 1490 5356 Κύριος,καίέπέφανεν
1525 5266 1675 5357 ἡμῖν.
1704 5307 1724 5340 7

142 5378 275 5434 Εττε
303 5377 397 5433 οὖν
457 5379 732 5449 ἐπέφανεν
784 5377 1081 5450 ήμίν,εῐτε
1141 5376 1477 5448 ἐπιφανῆναι
1520 5378 1730 5448 μέλλει,

140 5472 251 5525 οὐκ
273 5470 421 5527 ἐστιν
448 5471 476 5525 6
506 5469 741 5542 Χριστὸς
770 5469 923 5539 ὑμῶν
978 5468 1086 5523 τῶν
1124 5456 1416 5535 Ἰουδαίων,
1449 5471 1565 5524 ἀλλ’
1592 5472 1730 5543 ἠμέ-

221 5624 269 5659 ”
299 5626 442 5681 Psal.
479 5642 587 5689 cur,
613 5626 666 5679 '5.
744 5625 790 5658 3"
825 5624 967 5679 Psal.
1002 5638 1145 5691 LXXI,
1180 5627 1228 5679 l.
1309 5625 1353 5656 ³⁸
1389 5625 1524 5680 ibid.
1561 5628 1611 5690 8,
1664 5629 1714 5679 9.

1831 4459 2092 4515 dicarunt
2111 4474 2241 4513 eum
2270 4457 2368 4528 qui
2395 4465 2669 4512 venturus
2691 4468 2832 4521 erat,
2858 4454 3107 4525 profecto
3128 4453 3223 4523 qui
3246 4453 3421 4517 venit,

1830 4540 1886 4609 et
1919 4568 1952 4613 a
1978 4553 2143 4609 nobis
2192 4551 2533 4608 Christianis
2576 4550 2801 4613 colitur,
2836 4546 3054 4618 cuique
3108 4546 3421 4606 credimus,

1828 4647 1877 4701 is
1912 4661 2076 4703 verus
2101 4644 2359 4701 Christus
2386 4651 2500 4710 est;
2538 4659 2705 4713 quem
2755 4658 2890 4697 vero
2921 4656 3039 4703 vos,
3090 4639 3265 4696 Judaei
3324 4654 3423 4691 ex-

1834 4738 2099 4808 spectatis
2120 4738 2391 4807 impostor
2420 4745 2513 4791 est
2528 4745 2585 4791 et
2613 4734 3007 4799 antichristus;
3031 4733 3075 4786 si
3103 4742 3285 4785 autem
3312 4745 3424 4782 non

1832 4827 2268 4897 produxerimus
2308 4826 2612 4897 prephetas
2641 4826 2816 4879 Deum
2844 4837 2992 4877 esse
3034 4822 3189 4875 illum
3240 4822 3424 4876 decla‘

1836 4929 2047 4986 rantes,
2072 4922 2174 4991 ipsi
2228 4936 2503 4984 erramus,
2533 4920 2711 4975 Judaai
2746 4934 2879 4973 vero
2929 4932 3059 4972 vera
3092 4917 3418 4984 loquuntur.

1835 5011 2082 5068 lndicate
2119 5012 2291 5083 igitur
2319 5012 2479 5075 mihi,
2528 5010 2596 5065 de
2642 5025 2755 5080 quo
2816 5009 3099 5078 Propheta
3148 5003 3369 5060 dixerit-
3404 5021 3418 5056 :
3460 5066 3463 5073 ~

1842 5122 1860 5154 ι
1893 5102 2232 5158 Benedictus
2252 5103 2347 5173 qui
2399 5101 2554 5157 venit
2605 5100 2667 5156 in
2710 5100 2940 5155 nomine
2993 5096 3244 5160 Domini;
3277 5095 3423 5149 Deus
3454 5112 3472 5149 ι

1834 5197 2122 5263 Dominus,
2141 5194 2398 5252 etilluxit
2424 5194 2588 5249 nobis
2614 5196 2681 5248 ³⁸.
2720 5211 2739 5244 7
2773 5189 3057 5246 Attendite
3074 5188 3415 5257 diligenter;

1840 5298 2027 5358 aperte
2072 5289 2248 5349 Deum
2270 5287 2427 5341 illum
2452 5294 2509 5341 et
2538 5283 2835 5340 Dominum
2884 5282 3152 5343 declarat,
3180 5278 3378 5334 dicens
3403 5293 3419 5330 :

1847 5402 1863 5433 ι
1887 5382 2034 5437 Deus
2054 5390 2112 5437 et
2132 5379 2418 5444 Dominus,
2439 5388 2495 5434 et
2515 5377 2696 5434 illuxit
2712 5376 2898 5432 nobis.
2919 5394 2937 5425 7
2974 5374 3102 5430 Sive
3140 5385 3272 5442 ergo
3295 5369 3424 5425 illu-

1837 5472 1999 5537 xerit,
2016 5470 2067 5525 id
2081 5479 2185 5538 est,
2200 5466 2835 5540 apparueritnobis,sive
2848 5465 3203 5537 appariturus
3213 5462 3424 5531 sit,non

1796 5628 1838 5657 ""
1870 5625 2012 5681 Psal.
2046 5641 2210 5692 cxvu,
2239 5624 2331 5679 26.
2374 5622 2465 5677 2'7.
