3910 6300
155 240 283 307 15-221

1168 232 1631 296 DISPUTATIO
1668 228 2076 293 ADVERSUS
2113 234 2441 295 JUDzEOS.

3300 239 3438 306 1222

160 351 508 406 Ἐλεύσονται
542 348 590 401 οξ
638 346 902 420 Ῥωμαῖοι
937 346 1034 400 καὶ
1074 345 1299 416 ἀροῦσιν
1331 345 1487 416 ὑμῶν
1508 344 1573 423 το
1596 342 1743 407 ἔθνος

1853 343 2054 400 iterum
2103 363 2115 398 :
2161 365 2178 396 ι
2218 346 2453 402 Veniant
2485 346 2755 415 Romani,
2783 353 2839 403 et
2868 349 3064 404 tollent
3096 360 3312 420 gentem
3345 369 3439 408 vc-

146 444 244 512 καὶ
278 442 378 512 τήν
411 441 569 495 πόλιν
604 439 702 493 καὶ
743 440 807 492 τὸ
837 438 1147 509 βασίλειονε
1189 433 1528 509 ἆραγέγονε
1582 433 1742 489 τοῦτο

148 510 258 586 ὑπὸ
297 530 712 587 Οὐεσπασιανοῦ
757 531 853 584 καὶ
878 528 1064 593 Τίτου,
1098 529 1131 599 ἦ
1159 530 1221 583 οὐ
1252 529 1475 598 γέγονεν
1502 546 1515 596 ;
1551 524 1740 601 Εἶπεν,

144 628 228 679 ὅτι
262 644 280 678 ι
318 625 378 680 Ὀ
423 626 587 696 νόμος
631 624 726 678 καὶ
764 625 835 676 οῖ’
867 620 1149 695 προφῆται
1191 621 1297 684 ἕως
1348 621 1597 699 Ἰωάννου
1644 619 1743 673 τοῦ

145 718 481 782 Βλτιτιστοῦ,
513 718 608 771 καὶ
653 703 956 770 παύσονται
981 732 1007 744 ··
1030 733 1049 766 ι
1088 708 1203 785 ἆρα
1236 713 1295 766 οὒ
1331 712 1521 782 γέγονε
1545 712 1742 787 τοῦτο;

147 811 255 873 Τίς
292 810 585 880 προφήτης
608 809 739 879 παρ’
777 808 905 876 ὑμῖν
938 807 1087 881 μετὰ
1134 805 1385 876 Ἰωάννην
1415 806 1506 858 τὸν
1535 806 1742 859 Βαπτι-

149 904 318 973 eripi;
356 900 655 966 Ἐπίδειξόν
697 918 788 971 μοι
812 900 1000 953 λοιπὸν
1035 899 1129 968 ἀφ’
1166 894 1227 953 οῦ
1256 898 1616 969 ὲσταύρωσας
1647 898 1739 950 τὸν

151 993 417 1065 Χριστὸν,
468 996 620 1057 ποῖος
653 993 947 1064 προφήτης
987 990 1122 1063 παρ’
1156 992 1285 1062 ὑμῖν
1311 978 1557 1062 Δεὑρέθης
1590 990 1743 1042 ποῖον

150 1086 425 1158 βασίλειον
446 1066 601 1163 ἔχετε
635 1082 914 1156 σήμερον,
948 1085 1059 1138 Ποῦ
1093 1085 1232 1138 εἰσιν
1250 1085 1311 1163 ,οἱ
1340 1083 1530 1155 κριταὶ
1562 1081 1739 1152 ῦμῶν;

151 1180 255 1233 ποῦ
317 1181 364 1233 οἱ
418 1160 727 1250 ἄρχοντες
780 1178 988 1253 πάντες
1042 1160 1311 1241 ἐξέὶιπον.
1368 1175 1481 1228 Ποῦ
1534 1176 1563 1228 ό
1613 1174 1742 1238 ναὸς

152 1269 342 1340 ὑμῶν;
378 1269 486 1322 ἰδοὺ
537 1271 717 1321 κεῖται
762 1268 989 1341 ἔρημος.
1032 1267 1141 1320 Ποῦ
1182 1268 1321 1320 εἰσὶν
1350 1266 1407 1318 αἱ
1432 1266 1645 1328 πλάκες
1673 1264 1741 1329 ἃς

149 1362 408 1433 ἐλάϐετε)
445 1361 554 1414 ἰδοὺ
586 1361 687 1413 οὐκ
723 1359 850 1414 εἰσί.
896 1358 1007 1415 Ποῦ
1058 1361 1112 1412 αἱ
1161 1358 1346 1411 Θυσιαι
1391 1357 1583 1427 ὑμῶν;
1631 1357 1740 1410 ἰδοὺ

149 1452 422 1516 ἐξέλιπον.
454 1451 564 1503 Ποῦ
601 1451 634 1520 ἡ
664 1450 902 1511 κιϐωτὸς
927 1449 1027 1519 τῆς
1059 1448 1358 1521 διαθήκῃς;
1385 1448 1495 1502 ἰδοὺ
1525 1449 1587 1501 οὐ
1615 1448 1742 1517 φαί-

1850 449 2046 498 stram.
2078 446 2136 493 et
2168 439 2485 505 civitatem,
2534 449 2590 495 et
2634 456 2862 511 regnum
2886 444 2972 496 "z
3001 461 3020 494 ι
3067 443 3269 497 factum
3301 445 3437 501 illud

1846 536 1930 582 est
1963 543 2062 597 per
2093 529 2495 598 Vespasianum
2524 539 2581 583 et
2609 530 2817 594 Titum,
2843 533 2929 585 vel
2957 549 3068 587 non
3094 533 3299 589 factum
3320 537 3440 590 est?

1845 619 1995 675 Dixit
2024 637 2037 673 :
2073 618 2212 674 «Lex
2231 628 2286 673 et
2314 621 2596 690 propheta:
2620 637 2794 691 usque
2842 625 2911 679 ad
2954 625 3220 679 Joannem
3256 626 3441 696 Bapti-

1853 718 2017 774 stam,
2048 720 2105 765 et
2128 713 2439 768 cessabunt
2467 714 2512 745 ⁵⁸
2544 733 2557 768 :
2592 732 2611 765 ι
2651 730 2838 769 nonne
2866 725 2920 770 et
2956 717 3088 770 illud
3116 729 3202 773 est
3232 720 3304 772 im
3318 720 3438 787 ple—

1845 798 2009 856 tum?
2059 804 2263 873 Ecquis
2317 805 2467 863 inter
2522 820 2624 860 vos
2668 806 2938 875 propheta
2993 817 3120 875 post
3163 808 3436 862 Joannem

1845 895 2185 965 Baptistam?
2233 897 2343 952 imo
2392 898 2575 952 indica
2620 898 2757 952 mihi
2807 899 2936 967 quis
2975 900 3245 969 propheta
3288 900 3437 970 apud

1843 1004 1942 1043 vos
1960 989 2221 1047 iuventus
2237 992 2330 1056 sit,
2363 1005 2430 1044 ex
2450 1006 2562 1060 quo
2587 990 2908 1046 cruciﬁxisti
2930 990 3245 1058 Christum;
3272 994 3436 1062 quale

1844 1076 2064 1133 habetis
2119 1079 2282 1135 hodie
2328 1081 2603 1151 regnum?
2651 1082 2744 1136 ubi
2779 1090 2905 1135 sunt
2951 1082 3173 1153 judices
3219 1083 3435 1137 vestri?

1845 1168 1940 1223 ubi
1997 1169 2321 1239 principes?
2362 1170 2575 1226 Omnes
2619 1161 2964 1227 defecerunt.
3020 1173 3123 1228 Ubi
3168 1174 3435 1242 templum

1844 1261 2135 1331 vestrum?
2164 1277 2295 1316 ecce
2336 1262 2647 1318 desolatum
2689 1264 2857 1333 jacet.
2896 1248 3002 1319 Ubi
3058 1274 3189 1319 sunt
3232 1265 3434 1321 tabula:

1843 1346 1982 1423 quas
2010 1355 2349 1425 accepistis?
2387 1372 2517 1411 ecce
2552 1373 2664 1410 non
2697 1357 2997 1412 exsistunt.
3030 1352 3134 1413 Ubi
3162 1357 3434 1412 sacriﬁcia

1840 1447 2072 1502 vestra?
2133 1461 2264 1503 ecce
2321 1447 2665 1503 defecerunt.
2733 1450 2839 1506 Ubi
2898 1448 3026 1505 arca
3079 1449 3436 1523 testamenti?

149 1561 327 1597 vent.
368 1542 477 1595 Ποῦ
510 1542 572 1594 τὸ
607 1541 1000 1613 θυσιαστήριον
1020 1534 1069 1594 ’ὃ
1102 1541 1327 1610 ἐποίησε
1356 1540 1605 1609 Μωσῆς;
1634 1539 1738 1594 ποῦ

1847 1553 1975 1594 ecoe
2034 1554 2145 1594 non
2200 1549 2505 1608 comparet.
2568 1540 2673 1596 Ubi
2712 1552 2799 1597 est
2854 1543 3035 1595 altare
3090 1542 3242 1610 quod
3298 1542 3435 1596 fecit

150 1631 186 1701 ή
238 1630 432 1703 ῥάϐδος
481 1632 513 1702 ή
568 1629 961 1701 βλαστήσασα;
1013 1629 1115 1683 ποῦ
1164 1633 1196 1701 ή
1257 1631 1494 1701 στάμνος
1545 1630 1739 1684 καὶτὸ

1847 1629 2103 1702 Moyses?
2142 1630 2238 1685 ubi
2286 1631 2440 1702 virga
2487 1647 2610 1702 quae
2656 1633 3031 1703 germinavit?
3061 1633 3154 1687 ubi
3207 1649 3348 1687 urna
3376 1642 3434 1688 et

1767 1678 1818 1739 B

154 1721 373 1791 μάννα;
406 1720 508 1773 ποῦ
532 1722 849 1782 ἐπισκέασις
883 1721 940 1773 ἐν
972 1720 1049 1790 τῷ
1077 1720 1192 1793 ναῷ
1216 1721 1311 1774 καὶ
1345 1722 1375 1775 ὀ
1403 1719 1741 1792 καθαρισμδς

1847 1716 2088 1775 manna?
2117 1720 2213 1775 ubi
2261 1722 2353 1777 illa
2389 1723 2445 1777 in
2486 1723 2693 1793 templo
2725 1725 3040 1788 ὲπισκίασις
3087 1733 3143 1778 et
3179 1725 3433 1780 lustratio

150 1815 246 1869 τοῦ
280 1816 661 1886 ἁγιάσματοςς
715 1814 818 1868 ποῦ
865 1816 926 1869 τὸ
974 1815 1086 1887 πῦρ
1121 1815 1184 1869 τὸ
1232 1815 1637 1888 κατερχόμενον
1677 1817 1745 1873 ὲκ

150 1906 249 1961 τοῦ
280 1907 570 1979 .οὺρανοῦ;
624 1906 736 1961 Ποῦ
777 1907 875 1960 ἕνα
918 1907 1213 1980 προφήτην
1258 1907 1416 1979 ἔχετε
1465 1908 1739 1980 σήμέρον,;

153 1999 349 2053 οὐδένα
370 1997 600 2067 ames;
641 1997 820 2069 ἔχετε,
863 1998 1004 2052 κατὰ
1057 1999 1157 2070 τὴν
1190 1998 1376 2070 φωνὴν
1425 1998 1536 2053 τῶν
1570 1996 1741 2068 τριῶν

154 2088 360 2142 παίδων
383 2086 482 2159 τὴν
518 2088 658 2157 ὑπὲρ
689 2087 843 2157 ὑμῶν
871 2088 1161 2154 λέγουσαν,
1194 2089 1279 2142 ὅτι
1317 2106 1337 2141 ι
1369 2093 1486 2143 Οὐκ
1509 2088 1656 2143 ἔστιν
1684 2090 1744 2142 ὲν

151 2180 231 2251 τῷ
262 2170 438 2251 καιρῷ
468 2181 643 2252 τούτῳ
678 2182 863 2252 ἄρχων
898 2183 1185 2254 προφήτης
1226 2181 1321 2235 καὶΙ
1354 2180 1686 2252 ἡγούμενος,
1715 2199 1734 2233 ι

154 2271 252 2323 καὶ
280 2270 347 2323 τὰ
374 2269 523 2339 ἑξῆς,
552 2289 570 2320 ι
600 2268 833 2323 ἐνώπιον
865 2270 958 2324 τοῦ
1000 2270 1162 2335 Θεοῦ,
1191 2272 1292 2329 καὶ
1311 2271 1490 2342 εὑρεῖν
1518 2270 1688 2334 ἔλεος.
1712 2289 1736 2322 ι

151 2362 314 2415 Ποῖον
350 2360 459 2432 γὰρ
492 2361 678 2425 τόπον,
709 2361 771 2428 ἐξ
817 2354 892 2415 ὧν
939 2362 1144 2415 ἔδωκεν
1173 2361 1303 2433 ὑμῖν
1331 2363 1360 2414 ὁ
1389 2361 1543 2433 Θεὸς,
1587 2361 1740 2432 ἔχετε

155 2458 435 2527 σήμερον;
477 2456 641 2510 Ἀλλὰ
685 2457 896 2521 πάντας
949 2456 1010 2522 ἐξ
1058 2456 1214 2528 ὑμῶν
1262 2457 1461 2527 ἐπῆρε,
1486 2458 1582 2511 καὶ
1611 2459 1743 2531 ἡμῖν

154 2548 594 2621 αὐτοῦςᾲέδωκεο
632 2549 738 2602 κᾶν
788 2548 850 2601 τὸ
896 2549 1029 2605 Σινᾶ
1064 2548 1226 2621 εἴπῃς
1278 2544 1413 2602 ὅπου
1442 2548 1534 2601 τὸν
1579 2549 1742 2618 νόμον

155 2620 323 2705 sagas}
354 2616 453 2693 ἷςαι
486 2641 547 2693 οὐ
596 2640 891 2707 κατεδέξω,
927 2640 1040 2693 ἀλλ’
1063 2642 1092 2693 ὁ
1118 2616 1355 2711 Χριστὸς
1384 2642 1503 2693 ἐκεῖ
1522 2616 1744 2706 δοξάζε-

155 2750 248 2787 ται
291 2735 567 2804 σήμερονο
617 2732 723 2786 κᾶν
762 2732 853 2787 τὸν
893 2732 1166 2807 Ἰορδάνην
1216 2733 1352 2785 ὅπου
1399 2733 1689 2802 ἐπέρασεν·
1716 2733 1744 2785 ὁ

153 2823 279 2877 τότε
333 2823 461 2887 λαὸς
518 2822 673 2894 ὑμῶν
726 2824 904 2897 εἴπῃς,
936 2822 1074 2876 ἀλλὰ
1109 2822 1348 2893 Χριστοῦ
1379 2823 1501 2876 ἐκεῖ
1538 2821 1744 2892 βαπτι-

158 2914 379 2977 σθέντος
405 2956 420 2978 ,
455 2914 616 2978 αὐτὸς
661 2915 792 2984 παρ’
832 2913 990 2984 ἡμῶν
1019 2915 1136 2966 ἐκεῖ
1162 2911 1475 2977 δοξάζεταιο
1512 2912 1614 2964 κᾶν
1648 2910 1744 2982 τὴν

1845 1812 2346 1869 sanctiﬁcationis?
2398 1814 2493 1869 ubi
2548 1816 2690 1885 ignis
2746 1816 2816 1871 de
2862 1819 3004 1872 coelo
3051 1817 3433 1872 descendens?

1844 1902 1951 1959 Ubi
1973 1905 2060 1959 vel
2105 1921 2273 1965 unum
2297 1907 2624 1977 prophetam
2650 1907 2815 1963 hodie
2837 1909 3098 1963 habetis?
3118 1909 3279 1964 Certe
3306 1909 3436 1964 nul-

1844 1998 1957 2052 lum
1977 1997 2217 2063 habetis,
2239 1999 2398 2069 quIa
2423 2007 2736 2055 sermonem
2765 1990 2933 2055 trium
2961 2017 3286 2072 puerorum,
3311 2002 3430 2071 qui,

1843 2101 2424 2159 personam'vestram
2475 2105 2855 2158 assumentes,
2892 2094 3155 2148 dicebant
3200 2112 3214 2148 :
3263 2114 3281 2144 ι
3312 2095 3433 2148 Non

1843 2192 1928 2238 est
1957 2184 2013 2238 in
2041 2193 2284 2254 tempore
2308 2186 2416 2241 hoc
2444 2186 2727 2257 princeps,
2754 2197 2808 2240 et
2841 2188 3135 2257 propheta,
3166 2196 3224 2240 et
3251 2186 3385 2257 dux,
3406 2205 3425 2237 ι

1843 2281 1900 2327 ει
1921 2290 2045 2342 qua:
2086 2285 2418 2344 sequuntur,
2454 2295 2473 2327 ι
2502 2291 2687 2330 coram
2741 2277 3009 2339 Domino,
3050 2285 3112 2331 ut
3156 2277 3434 2346 possimus

1844 2363 2101 2418 invenire
2136 2356 2581 2420 misericbrdiam
2617 2365 2687 2418 ἰ.
2720 2383 2740 2417 ι
2779 2365 2956 2431 Quem
2997 2366 3146 2420 enim
3182 2366 3432 2420 locorum

1844 2472 1985 2527 quos
2013 2455 2177 2512 dedit
2194 2457 2356 2523 vobis
2386 2458 2556 2523 Deus,
2580 2458 2747 2513 hodie
2775 2457 2993 2513 habetis
3009 2460 3032 2512 τ
3049 2442 3252 2513 omnes
3276 2460 3435 2515 vobis

1844 2547 2095 2612 abstulit,
2127 2556 2184 2604 et
2207 2548 2372 2603 nobis
2397 2551 2532 2619 ipsis
2559 2549 2732 2605 dedit.
2757 2549 2814 2605 Si
2839 2549 2986 2604 enim
3013 2561 3256 2605 montem
3279 2551 3430 2605 Sinai

1852 2639 2007 2694 dicas
2041 2640 2134 2694 ubi
2176 2640 2354 2709 legem
2384 2641 2669 2710 accepisti,
2710 2657 2820 2696 non
2864 2652 3052 2696 autem
3088 2643 3379 2712 suscepisti
3415 2658 3432 2695 :

1846 2739 1903 2785 at
1926 2731 2002 2785 ibi
2030 2730 2283 2789 Christus
2301 2731 2467 2785 hodie
2491 2731 2866 2801 gloriﬁcatur;
2894 2734 2936 2787 si
2964 2732 3224 2788 Iordanis
3254 2733 3437 2802 regio-

1846 2837 1997 2887 nem,
2027 2822 2121 2875 ubi
2151 2822 2409 2876 transivit
2444 2824 2575 2876 olim
2606 2810 2845 2893 populus
2877 2836 3100 2880 vester:
3131 2835 3186 2881 at
3210 2827 3434 2883 Christo

1848 2914 1923 2970 ibi
1955 2916 2255 2997 baptirato,
2283 2916 2400 2985 ipse
2425 2931 2456 2970 a
2486 2913 2648 2971 nobis
2679 2917 2886 2972 ibidem
2922 2920 3156 2985 colitur;
3198 2920 3243 2972 si
3274 2920 3435 2974 Jeru-

167 3004 530 3078 Ἰερουσαλὴμ
555 3006 649 3059 καὶ
691 3005 788 3075 τὴν
812 3003 953 3058 Σιὼν
979 3004 1162 3076 εἴπῃς,
1196 2988 1332 3058 ἀλλά
1356 3005 1595 3075 Χριστοῦ
1624 3006 1741 3058 ἐκεῖ

1847 2988 2015 3071 salem
2045 3017 2101 3063 et
2147 3008 2329 3062 Sion:
2368 3015 2455 3071 at,
2507 3007 2731 3064 Christo
2786 3010 2859 3063 ibi
2908 3010 3210 3075 cruciﬁxo,
3261 3012 3434 3081 ipsius

159 3094 594 3168 σταυρωθέντος,
643 3096 711 3149 τὰ
760 3095 929 3150 αὐτοῦ
981 3096 1288 3168 παθήματα
1322 3098 1444 3149 ἐκεῖ
1484 3108 1741 3175 ’προσκυ-

1847 3100 2132 3171 passiones
2182 3100 2389 3154 ibidem
2441 3100 2606 3154 hodie
2673 3100 3015 3166 adorantur;
3082 3102 3127 3155 si
3186 3111 3432 3157 montem

157 3189 378 3243 νοῦνταὶ
426 3189 704 3259 σήμερον·
734 3188 845 3241 εἴτε
874 3187 935 3240 τὸ
986 3189 1112 3259 ὅρος
1152 3187 1260 3243 τῶν
1299 3187 1529 3242 Ἐλαιῶν
1555 3190 1735 3258 εἴπῃς,

158 3281 300 3335 ἀλλὰ
342 3278 581 3352 Χριστοῦ
608 3279 825 3359 ἐκεῖθεν
845 3278 1269 3350 ἀναληφθέντος,
1303 3280 1468 3343 αὐτὸς
1508 3282 1625 3333 ἐκεῖ
1655 3280 1741 3333 δο-

160 3374 384 3441 ξάζεται
404 3391 417 3405 ’
448 3373 550 3427 κᾶν
578 3372 676 3444 τὴν
706 3373 957 3444 Βηθλεὲμ
988 3373 1143 3429 πόλιν
1185 3372 1352 3425 Δαϐὶδ
1396 3371 1577 3442 εἴπῃς,
1605 3370 1741 3424 ἀλλὰ

157 3466 400 3538 Χριστοῦ
448 3466 658 3519 ἐκεῖθεν
702 3465 1080 3549 γεννηθέντος,
1116 3465 1192 3527 ὡς
1231 3466 1289 3517 ἐν
1314 3463 1552 3534 οὐρανῷ
1582 3464 1745 3545 κάκεῖ

118 3596 125 3600 .
156 3557 444 3620 δοξάζεται
472 3555 723 3608 πάντοτε.
756 3556 866 3607 Καὶ
896 3555 951 3607 τί
972 3554 1117 3621 λέγω
1149 3552 1422 3623 Βηθλεὲμ,
1460 3553 1555 3606 καὶ
1578 3550 1740 3612 Σιὼν,

157 3650 261 3703 καὶ
311 3648 618 3718 Ἰορδάνην;
658 3646 903 3717 Πάρελϐε
937 3647 1122 3711 Δύσιν,
1168 3646 1543 3727 ἐπισκόπησον
1592 3645 1744 3698 Ἀνα-

156 3741 344 3813 τολὴν,
384 3743 685 3811 ὲκζήτησον
715 3738 817 3809 τὴν
855 3739 944 3793 ὑπ’
975 3738 1226 3810 οὐρανὸν,
1262 3738 1432 3811 αὑτὰς
1455 3736 1552 3798 τὰς
1576 3737 1721 3806 Βρε-
1770 3744 1773 3747 ’

165 3833 421 3896 ταννικὰς
444 3833 671 3902 νήσους,
713 3831 858 3884 αὐτὰ
891 3830 975 3883 τὰ
991 3830 1226 3901 ἑσπέρια
1260 3831 1356 3883 καὶ
1397 3830 1605 3898 ἔσχατα
1647 3826 1742 3880 τοῦ

166 3922 406 3991 κόσμου’
447 3922 519 3975 τὰ
572 3922 669 3992 μὲν
714 3920 988 3976 Ἰουδαίων
1033 3923 1130 3975 καὶ
1188 3921 1459 3990 Ἑλλήνων
1501 3919 1743 3973 παλαιω-

164 4014 332 4069 θέντα
387 4015 482 4068 καὶ
524 4015 912 4083 ἀφανισθέντα,
939 4014 1008 4067 τὰ
1036 4013 1093 4066 δὲ
1122 4011 1364 4084 Χριστοῦ
1414 4011 1595 4065 πάντα
1652 4028 1742 4064 πι-

157 4107 469 4177 στευόμενα
497 4107 904 4177 καὶτιμώμενα
928 4106 1023 4159 καὶ
1053 4105 1443 4176 βεϐαιούμενα.

235 4201 347 4254 Καὶ
402 4200 700 4272 μὴέϊπῃς,
763 4202 847 4256 ὅτι
882 4202 1125 4273 σήμερον
1180 4195 1641 4267 καταπονούμεθα
1692 4195 1742 4248 οἱ

158 4294 482 4367 Χριστιανοὶ
530 4298 626 4348 καὶ
673 4292 1220 4364 αἰχμαλωτιζόμεθα·
1276 4290 1436 4344 τοῦτο
1474 4292 1582 4362 γάρ
1624 4290 1741 4343 ἐστι

1842 3190 2123 3251 Olivarum
2172 3208 2185 3243 :
2237 3198 2334 3256 at,
2377 3190 2599 3245 Christo
2638 3192 2767 3245 inde
2808 3192 2862 3244 in
2893 3193 3064 3246 caelos
3099 3201 3426 3262 assumpto,

1843 3282 1986 3351 ipse
2033 3282 2109 3338 ibi
2176 3281 2562 3352 gloriﬁcatur;
2623 3282 2668 3337 si
2740 3283 3062 3348 Bethleem,
3147 3284 3432 3339 civitatem

1842 3373 2018 3429 David
2051 3391 2064 3427 :
2097 3382 2200 3441 .at,
2261 3373 2482 3429 Christo
2530 3375 2607 3429 ibi
2662 3376 2948 3431 inearnato
2977 3417 2992 3442 ,
3037 3376 3143 3441 ibi,
3181 3379 3325 3432 sicut
3374 3377 3432 3433 in

1845 3466 2008 3530 caelo,
2044 3481 2263 3535 semper
2280 3465 2639 3535 gloriﬁcatur.
2678 3468 2784 3523 Sed
2814 3469 2944 3538 quid
2979 3469 3106 3524 dico
3124 3470 3429 3535 Bethleem,

1844 3565 1900 3611 et
1930 3557 2156 3617 Sion,et
2183 3556 2515 3615 Jordaneur?
2540 3559 2808 3615 Percurre
2839 3560 3435 3625 Occidentem,0rieno

1846 3654 1957 3701 tem
1983 3645 2294 3708 considera,
2330 3660 2551 3701 omnem
2577 3664 2701 3716 quae
2746 3649 2858 3705 sub
2881 3651 3024 3704 coelo
3057 3659 3175 3716 est,
3225 3657 3432 3729 terram

1847 3735 2152 3807 investiga,
2196 3738 2343 3806 ipsas
2392 3737 2738 3794 Britannicas
2777 3740 3018 3807 insulas,
3090 3743 3239 3811 ipsas
3282 3744 3433 3798 occi-

1846 3828 2096 3891 dentales
2137 3837 2196 3883 et
2249 3837 2526 3885 extremas
2584 3832 2776 3886 mundi
2820 3834 3047 3903 plagas:
3087 3849 3434 3904 quaecunque

1846 3920 1913 3975 ad
1995 3922 2310 3977 Iudaeorum
2368 3923 2725 3993 gentiumque
2786 3925 3109 3994 religionem
3158 3932 3432 3994 spectant,

1846 4013 2130 4082 antiquata
2159 4023 2216 4069 et
2237 4014 2477 4080 abolita;
2508 4015 2697 4069 omnia
2728 4030 2861 4069 vero
2888 4015 3098 4071 Christi
3149 4019 3432 4088 mysteria,

1847 4106 2080 4170 credita,
2108 4107 2377 4161 honorata
2400 4115 2457 4161 et
2484 4105 2809 4161 conﬁrmata
2833 4107 3099 4177 reperies.

1916 4196 2030 4251 Nec
2061 4196 2234 4258 dicas,
2269 4212 2373 4251 nos
2419 4195 2586 4251 hodie
2624 4196 2979 4253 Christianos
3002 4198 3171 4267 aﬁligi
3194 4238 3209 4262 ,
3251 4199 3434 4268 captl~

1848 4286 2330 4353 vosque-teneri;
2363 4270 2592 4349 etenim
2637 4286 2773 4341 illud
2822 4287 3005 4356 ipsum
3056 4299 3142 4344 est
3196 4289 3435 4345 maxime

158 4385 225 4440 τὸ
257 4387 419 4459 μέγα,
460 4387 542 4439 ὅτι
584 4386 677 4439 καὶ
713 4384 819 4437 ὑπὸ
861 4370 1478 4452 τοσούτωνδιωκομένη
1510 4380 1607 4434 καὶ
1650 4397 1743 4434 πο-

1850 4378 2165 4433 mirandum
2191 4418 2206 4444 ,
2239 4378 2395 4449 quod
2430 4378 2570 4433 ﬁdes
2617 4387 2809 4434 nostra
2835 4421 2849 4443 ,
2905 4395 2936 4435 a
2972 4381 3143 4436 tantis
3182 4382 3436 4438 hostibus

159 4468 475 4549 λεμοῦμὲνη
524 4479 556 4550 ή
599 4478 992 4553 πίστιςεήμῶν,
1024 4475 1244 4530 ἵσταται
1274 4476 1368 4527 καὶ
1396 4474 1459 4526 οὐ
1488 4473 1745 4537 παύεται,

158 4571 287 4625 οὐδὲ
324 4570 386 4623 τὸ
429 4570 697 4641 βασίλειον
741 4569 901 4640 ἡμῶν
956 4571 1333 4639 καταργεῖται,
1383 4565 1503 4618 οὐδὲ
1550 4567 1608 4618 αἱ
1656 4568 1748 4618 ὲκ-

161 4665 386 4735 κλησίαι
421 4664 595 4734 ήμῶν-
621 4662 916 4717 κλείονται·
954 4659 1091 4713 ἀλλὰ
1134 4660 1408 4729 ἀναμέσον
1434 4658 1555 4712 τῶν
1580 4657 1749 4711 ἐθνῶν

160 4755 277 4810 τῶν
326 4752 672 4828 κρατούντων
729 4753 824 4806 καὶ
874 4750 1183 4805 διωκόντων
1226 4751 1377 4821 ἡμᾶς
1450 4747 1750 4818 ἐκκλησίας

162 4851 388 4919 ἔχομεν,
457 4847 551 4917 καὶ
614 4844 882 4929 σταυροὺς
936 4844 1245 4914 πήσσομεν,
1303 4843 1400 4901 καὶ
1447 4838 1749 4911 ἐκκλησίας

164 4928 585 5007 οἰκοδομοῦμεν,
624 4926 821 4999 θυσίας
856 4932 1235 5002 ἐπιτελοῦμεν.
1269 4926 1565 4992 Eia-amatr.
1607 4931 1754 4999 (Κη-

168 5030 501 5105 ρυχθήσεται
547 5027 608 5081 τὸ
639 5027 971 5105 Εὐαγγέλιον
1000 5028 1059 5079 ὲν
1097 5026 1206 5096 ὅλῳ
1229 5022 1307 5101 τῷ
1336 5022 1550 5094 κόσμῳ·
1587 5042 1606 5075 ι
1640 5018 1757 5094 ἆρα

1852 4479 2047 4526 vexata
2077 4480 2137 4526 et
2174 4471 2497 4541 impugnata
2518 4512 2534 4536 ,
2566 4479 2679 4527 stat
2716 4482 2774 4527 et
2807 4488 2918 4527 non
2942 4474 3135 4528 deﬁcit
3160 4492 3173 4537 ;
3200 4474 3312 4528 imo
3337 4489 3435 4529 ne-

1849 4578 1961 4634 que
2002 4579 2233 4641 regnum
2287 4571 2540 4618 nostrum
2580 4568 2786 4619 'cessat'
2812 4579 2994 4635 neque
3034 4565 3285 4620 ecclesiae
3331 4580 3434 4622 no-

1853 4662 1952 4710 trae
1977 4655 2336 4719 clauduntur,
2374 4654 2472 4709 sed
2502 4654 2649 4713 inter
2674 4654 2885 4712 medias
2904 4667 3134 4727 gentes,
3166 4657 3222 4711 in
3254 4658 3436 4715 medio

1851 4762 2046 4803 eorum
2099 4747 2196 4818 qui
2252 4746 2422 4802 nobis
2482 4747 2849 4803 dominantur
2886 4758 3434 4819 persequunturque,

1851 4842 2117 4896 ecclesias
2145 4840 2437 4905 habemus,
2475 4855 2675 4896 cruces
2705 4841 2946 4911 ﬁgimus,
2980 4838 3439 4898 novas’eeclesia‘s

1852 4932 2194 4987 aediﬁcamus
2216 4974 2230 4996 ,
2278 4930 2483 4986 sacris
2517 4940 2851 5001 operemur.;
2882 4933 3029 4987 Dixit
3077 4932 3437 5003 Evangelium

1851 5024 2215 5103 praedicatum
2237 5022 2307 5077 iri
2341 5023 2602 5093 universo
2626 5023 2948 5093 mundo":
2988 5022 3187 5078 Utrum
3210 5036 3268 5079 et
3303 5024 3437 5079 illud

167 5123 417 5193 γέγονεν,
453 5120 487 5190 ἢ
518 5110 583 5173 οὔθ
630 5137 645 5187 ;
688 5112 846 5181 Εἷπε,
874 5117 1047 5171 Πύλαι
1088 5115 1218 5188 ᾅδου
1268 5114 1330 5168 οὐ
1365 5106 1743 5183 κατισχύσουσι

1847 5114 2056 5168 factum
2081 5122 2187 5176 est,
2218 5112 2442 5168 necne?
2466 5113 2613 5167 Dixit
2653 5131 2667 5167 :
2702 5133 2721 5164 ι
2754 5115 2934 5170 Porta;
2961 5114 3122 5169 inferi
3156 5129 3268 5169 non
3296 5128 3440 5186 prae-

169 5218 273 5285 τῆς
322 5213 490 5268 αὑτοῦ
536 5209 887 5280 Ἐκκλησίας,
942 5211 1108 5281 ἤγουν
1154 5209 1254 5278 τῆς
1281 5206 1518 5269 πίστεως
1559 5205 1748 5277 ήμῶν·

1858 5206 2123 5261 valebunt
2152 5206 2420 5260 adversus
2446 5221 2569 5260 eam
2596 5206 2662 5269 ⁸³,
2692 5225 2712 5257 ι
2751 5206 2806 5260 id
2839 5214 2947 5272 est,
2976 5207 3248 5264 adversus
3274 5208 3442 5264 ﬁdem

171 5303 286 5378 ἄρα
310 5302 617 5378 ἐψεύσατο;
647 5304 747 5358 οὐκ
773 5302 1023 5371 ἐγένοντο
1055 5299 1319 5371 Ἕλληνες
1349 5299 1444 5351 καὶ
1477 5297 1743 5369 αἰρεσιάρ·

1858 5309 2105 5355 nostram
2134 5315 2146 5350 :
2185 5314 2253 5353 an
2280 5306 2339 5354 et
2363 5298 2418 5352 in
2449 5297 2556 5354 hoc
2593 5299 2793 5353 falsum
2824 5299 3050 5355 locutus
3084 5301 3211 5355 est?
3242 5302 3442 5356 Annon

169 5417 267 5473 χαι
300 5398 509 5464 πολλοὶ,
544 5397 639 5451 καὶ
669 5394 921 5466 τύραννοι
955 5393 1186 5465 ἰσχυροὶ,
1215 5378 1309 5446 καὶ
1349 5392 1567 5454 ἀσεὸεἶς
1603 5390 1743 5459 βασι-

1857 5391 2192 5446 exstiterunt
2218 5388 2452 5459 gentiles
2474 5397 2529 5443 et
2566 5389 2950 5445 haresiarchm
2973 5390 3156 5457 multi,
3191 5391 3443 5463 tyranni-

170 5494 283 5558 λείς
312 5491 724 5563 πολεμήσαντες
754 5488 852 5558 τὴν
880 5487 1064 5556 πίστιν
1087 5486 1267 5556 ήμῶν,
1301 5486 1394 5539 καὶ
1422 5486 1521 5538 οὐκ
1556 5484 1743 5559 ἠδυνή-

1860 5499 1966 5553 quc
1994 5488 2247 5552 potentes
2296 5489 2353 5536 et
2402 5497 2564 5551 reges
2606 5481 2797 5552 impii,
2839 5481 2933 5552 qui
2986 5480 3148 5537 ﬁdem
3194 5492 3443 5541 nostram

242 5676 291 5711 δ’
324 5674 485 5732 Joan.
521 5690 611 5741 ιι,
634 5674 720 5729 48.
801 5673 846 5704 ⁵⁸
886 5671 1020 5726 Luc.
1051 5685 1158 5735 xvr,
1195 5668 1280 5723 16.
1360 5671 1402 5701 ⁵⁸
1442 5671 1575 5724 Dan.
1610 5686 1685 5735 ιιι,
1714 5671 1800 5735 58,
1836 5671 1922 5725 '59.

2005 5675 2050 5703 ε²
2086 5669 2277 5725 Matth.
2328 5681 2473 5731 xxxv,
2520 5666 2608 5720 Η.
2690 5665 2734 5698 ⁸³
2768 5666 2961 5722 Matth.
2992 5681 3103 5734 xw,
3142 5665 3229 5723 l8,
