4026 6308
484 185 620 250 1223

1689 188 1748 247 S.
1790 184 2189 247 ANASTASII
2231 183 2559 246 SINAI'LE

3623 178 3782 244 1233.1

481 307 896 370 oppugnarunt,
932 306 1127 355 etnon
1167 306 1475 370 potuerunt
1516 313 1638 354 eam
1673 297 2070 368 exstinguere?

2191 297 2348 368 ίησαν
2391 293 2598 367 ταύτην
2641 293 2869 362 σϐέσαι;
2911 288 3078 348 Εἶπεν
3123 293 3256 364 ἡμῖν
3293 293 3408 356 τοῖς
3455 289 3540 355 είς
3599 295 3782 347 ait?”

480 391 632 448 Dixit
673 390 862 454 nobis,
898 391 995 461 qui
1044 389 1325 446 credimus
1362 389 1421 444 in
1453 404 1621 444 eum:
1667 407 1685 439 ι
1724 389 1892 444 Eritis
1938 387 2070 443 odio

482 483 747 538 omnibus
793 491 1024 552 propter
1069 496 1270 536 nomen
1314 495 1500 535 meum
1534 480 1627 534 ἰε
1663 498 1682 531 ι
1729 480 1834 550 ipsi
1877 479 2068 546 dicite,

485 574 684 641 Judaei,
709 590 895 630 nonne
927 589 1066 646 prop
1091 589 1154 629 er
1182 588 1386 628 nomen
1409 572 1622 629 Christi
1651 589 1848 628 omnes
1879 582 2072 644 gentes

487 669 728 723 oderunt
776 682 877 722 nos
907 675 964 720 et
1003 665 1436 721 abominantur?
1466 665 1537 720 Et
1578 665 1624 720 si
1655 673 1842 720 autem
1883 681 1978 718 vos
2004 666 2073 720 de

488 757 601 811 illis
639 756 898 811 omnibus
940 756 1261 822 reticentis,
1311 756 1418 827 ipsi
1464 754 1684 826 lapides
1731 755 2071 812 clamabunt.

491 845 636 899 Sane
686 845 944 899 videmus
976 859 1090 900 non
1123 846 1409 902 exstitisse
1445 863 1476 902 a
1509 847 1714 903 saeculo
1750 855 1970 917 gentem
2005 846 2074 902 ab

491 939 749 995 omnibus
786 950 938 994 tanto
968 947 1216 1009 tempore
1261 939 1636 1010 impugnatam
1660 979 1676 1005 ,
1715 939 1850 1009 quin
1895 939 2074 993 deleta

493 1031 662 1086 fuerit
685 1072 700 1096 ,
742 1041 944 1100 praeter
973 1031 1146 1085 solam
1177 1029 1626 1086 Christianorum
1663 1041 1884 1101 gentem
1913 1047 1928 1083 :
1954 1046 2079 1100 qua:

493 1139 607 1176 non
643 1124 718 1177 ita
745 1123 1160 1192 permansisset
1192 1121 1486 1187 indebilis,
1512 1123 1767 1192 quamvis
1795 1122 1864 1176 ab
1892 1122 2078 1176 omni-

492 1212 598 1266 bus
626 1211 887 1283 gentibus
933 1213 1274 1282 impugnata,
1306 1212 1414 1266 nisi
1457 1227 1656 1266 manus
1694 1212 1914 1266 Domini
1941 1227 2078 1266 con-

494 1313 787 1368 servasset,
827 1311 883 1357 et
911 1303 1082 1358 etiam
1127 1318 1278 1358 nunc
1305 1312 1664 1358 conservaret
1702 1303 1779 1358 ita
1804 1302 2081 1357 indelebi-

492 1396 624 1450 lem.
653 1395 826 1450 Nobis
855 1395 1022 1450 etiam
1054 1402 1402 1464 compertum
1431 1401 1540 1461 est,
1560 1395 1776 1449 nullum
1803 1393 2084 1450 Christia-

497 1501 695 1542 norum
743 1487 1138 1556 imperatorem
1168 1487 1424 1542 Barbaris
1465 1498 1709 1560 unquam
1760 1485 1816 1540 in
1845 1495 2080 1540 mortem

496 1594 619 1634 esse
659 1578 925 1633 traditum
953 1619 968 1643 ,
999 1578 1256 1648 quamvis
1295 1594 1326 1633 a
1357 1587 1439 1635 tot
1470 1579 1728 1649 gentibus
1763 1578 1872 1632 hoc
1901 1579 2086 1648 impu-

2174 387 2550 452 πιστεύουσινι,
2580 387 2664 440 ὃτι
2697 405 2717 438 ι
2743 386 2973 440 Ἔσεσθε
3015 385 3338 456 μισούμενοι
3384 385 3494 454 ὑπο
3542 386 3783 440 πάντων

2171 480 2260 535 διὰ
2301 479 2365 534 τδ
2400 479 2575 552 ὄνομά
2626 497 2729 551 μου
2755 467 2815 531 οἱ
2856 477 2980 550 ἄρτι
3017 479 3178 549 ὑμεῖς
3224 478 3440 543 εἴπατε,
3481 478 3778 540 ἔΙουδαῖοι,

2173 573 2236 626 οὐ
2266 572 2355 626 διὰ
2399 575 2460 626 τὺ
2499 571 2672 642 ὄνομα
2701 569 2798 624 τοῦ
2831 569 3070 640 Χριστοῦ
3113 570 3294 648 πάντα
3334 571 3484 642 ἡμᾶς
3519 570 3590 622 τὰ
3637 565 3776 638 ἔθνη

2179 667 2333 735 μισεῖ
2365 665 2462 719 καὶ
2485 663 2834 734 βδελύσσεται
2861 680 2876 726 ;
2913 663 3034 716 Κᾶν
3065 658 3158 716 οὖν
3194 663 3352 730 ὑμεῖς
3377 660 3555 714 ταῦτα
3593 663 3778 713 ᾶπαν-

2177 772 2247 808 τα
2283 755 2784 825 παρασιωπήσητε,
2825 753 2875 804 οί
2923 750 3064 804 λίθοι
3096 749 3477 820 κεκράξονται.
3507 749 3620 801 Καὶ
3650 748 3779 817 βλέ-

2179 861 2354 917 πομεν
2387 847 2470 900 ὅτι
2505 847 2604 916 οὐχ
2647 845 2876 917 εὓρηται
2910 844 3004 898 ἀπ’
3047 845 3224 915 ἀρχῆς
3255 841 3452 905 αίῶνος
3481 842 3640 904 ἔθνος
3669 841 3778 893 ὑπὸ

2181 938 2403 992 πάντων
2445 923 2754 1011 πολεμηθὲν
2803 937 2896 988 ἐπὶ
2930 936 3157 1007 χρόνους
3204 933 3494 996 τοσούτους
3544 935 3644 988 καὶ
3696 934 3778 1003 μὴ

2179 1025 2518 1096 ὲξαλειφθὲν,
2568 1027 2618 1080 εἰ
2663 1027 2738 1100 μὴ
2779 1025 2940 1095 μόνον
2985 1025 3044 1078 τὸ
3073 1024 3180 1078 τῶν
3209 1022 3560 1092 Χριστιανῶν
3592 1021 3777 1086 ἔθνος,

2179 1119 2318 1190 ὅπερ
2339 1119 2439 1172 οὐκ
2461 1118 2529 1172 ἂν
2563 1118 2778 1188 ἔμεινεν
2805 1117 3194 1182 ἀνεξάλειπτον
3217 1115 3388 1179 οὕτως
3417 1115 3523 1167 ὑπὸ
3550 1117 3781 1169 πάντων

2182 1207 2355 1261 ἐθνῶν
2381 1207 2811 1277 πολεμούμενον,
2841 1208 2890 1260 ei
2921 1205 2996 1278 μὴ
3029 1207 3152 1276 χεὶρ
3193 1205 3402 1276 Κυρίου
3447 1205 3782 1272 διεφύλαττε

2183 1301 2278 1354 καὶ
2322 1299 2675 1368 διαφυλάττει
2714 1299 2847 1352 αὐτὸ
2881 1298 3295 1364 ἁνεξάλειπτον.
3336 1299 3448 1351 Καὶ
3507 1297 3666 1360 ἄλλο,
3693 1298 3782 1350 ὅτι

2181 1393 2362 1470 οὐδεὶς
2399 1391 2746 1463 Χριστιανῶν
2791 1390 3050 1461 βασιλεὺς
3075 1389 3390 1470 ’βαρϐάροις
3431 1388 3564 1442 ποτὲ
3604 1405 3782 1470 ’παρα

2186 1469 2347 1556 εδόθή
2377 1487 2458 1550 είς
2493 1484 2746 1551 θάνατον,
2781 1484 2962 1538 καίτοι
2989 1501 3054 1552 γε
3078 1469 3355 1537 τοσούτων
3384 1469 3649 1536 ὲθνῶντδ
3680 1481 3784 1550 βαι

2188 1579 2386 1633 σίλειον
2409 1577 2872 1648 πολεμησάντων·
2897 1577 2957 1628 ού
2988 1575 3148 1646 μόνον
3169 1575 3228 1628 δὲ
3256 1573 3349 1628 τὸν
3375 1573 3630 1644 βασιλέα,
3660 1571 3789 1626 ἀλλ’

496 1677 723 1740 gnatum
763 1669 835 1723 sit
873 1668 1214 1738 imperium;
1246 1668 1380 1732 imo,
1412 1683 1525 1723 non
1554 1669 1720 1723 modo
1745 1683 1858 1722 non
1885 1677 2086 1738 potue-

2191 1672 2306 1726 οὐδὲ
2329 1670 2429 1742 τὴν
2469 1669 2666 1725 ἑαυτοῦ
2698 1666 2884 1724 εἰκόνα
2905 1663 2984 1722 ’ὲκ
3027 1669 3121 1722 τοῦ
3163 1668 3509 1739 νομίσματος
3557 1685 3785 1744 ,καταρο

497 1770 629 1816 runt
669 1762 1036 1830 imperatores
1076 1759 1532 1816 Christianorum
1581 1759 1780 1815 tollere
1805 1801 1820 1826 ,
1863 1759 1964 1814 sed
2007 1774 2080 1815 ne

499 1853 795 1922 imaginem
820 1850 1044 1921 quidem
1087 1865 1282 1906 eorum
1309 1865 1438 1906 cum
1481 1850 1639 1922 signo
1667 1849 1854 1905 crucis
1885 1849 1942 1904 in
1973 1865 2082 1904 nu-

499 1945 754 1999 mismate
785 1944 1118 2014 impressum
1157 1943 1384 1998 abolere
1422 1943 1740 2008 valuerunt,
1769 1941 1986 1996 etiamsi
2023 1940 2082 1996 id

501 2053 615 2092 non
641 2037 800 2108 pauci
827 2038 1040 2108 tyranni
1069 2036 1426 2091 tentaverint.
1455 2035 1644 2104 Neque
1658 2043 1746 2090 est
1770 2033 1920 2104 quod
1946 2033 2084 2087 illud

501 2129 919 2199 contemptibile
956 2129 1090 2198 quid
1124 2137 1183 2184 et
1225 2128 1380 2198 parvi
1411 2129 1678 2184 momenti
1718 2141 1841 2182 esse
1890 2125 2086 2181 creda-

504 2235 634 2288 tur,
687 2237 890 2291 nempe
936 2220 1101 2277 ﬁdem
1143 2229 1387 2276 nostram
1415 2260 1431 2284 ,
1480 2235 1702 2290 semper
1750 2220 2082 2290 oppugnari,

503 2328 832 2383 semperque
892 2313 1106 2368 ﬁrmam
1157 2310 1528 2366 nihilominus
1575 2324 1971 2378 perseverare,
2027 2317 2084 2364 et

503 2404 855 2461 indelebilem
882 2422 898 2460 :
930 2405 1038 2460 nisi
1089 2402 1239 2460 enim
1279 2404 1426 2460 Deus
1475 2403 1640 2458 ﬁdem
1681 2411 1928 2457 nostram
1969 2417 2084 2472 prae

2140 1835 2152 1842 _
2189 1767 2356 1835 γῆσαι
2385 1764 2484 1817 σὺν
2509 1763 2586 1833 τῷ
2628 1761 2848 1832 σταυρῷ
2873 1763 3120 1832 ἴσχυσαν,
3150 1761 3355 1831 καίπερ
3384 1761 3553 1813 τινῶν
3577 1762 3784 1831 τυράν-

2189 1871 2297 1909 νων
2330 1853 2492 1907 τοῦτο
2519 1853 2956 1923 δοκιμασάντων.
2997 1853 3090 1924 Μὴ
3114 1852 3224 1924 γὰρ
3253 1851 3409 1922 ψιλόν
3447 1869 3509 1904 τε
3555 1851 3655 1904 καὶ
3687 1851 3784 1902 εὐ-

2161 1947 2341 2008 τελές
2369 1963 2450 1999 σοι
2481 1946 2717 2017 πρᾶγμα
2763 1944 2922 1998 τοῦτο
2959 1940 3099 1998 εἶναι
3134 1943 3389 2014 νομισθῇ,
3420 1932 3503 1996 ὅτι
3543 1944 3784 1996 πάντοτε

2190 2038 2291 2091 οὐκ
2320 2036 2599 2090 ἐπαύσατο
2628 2038 2661 2107 ἡ
2685 2037 2872 2100 πίστις
2896 2033 3056 2108 ἡμῶν
3085 2035 3470 2104 πολεμουμένῃ
3505 2035 3787 2087 καὶ-ἱστα-

2193 2129 2330 2200 μένη
2358 2131 2454 2183 καὶ
2488 2129 2562 2201 μὴ
2597 2128 3019 2200 ὲξαλειφομένη.
3049 2129 3112 2187 Ei
3161 2128 3264 2198 γὰρ
3301 2127 3374 2198 μὴ
3417 2128 3562 2196 ὑπὲρ
3595 2127 3777 2190 πάσας

2187 2221 2284 2284 τὰς
2343 2223 2558 2287 πίστεις
2615 2223 2714 2294 τὴν
2747 2224 3047 2294 ’ἡμετέραν
3089 2223 3118 2275 ὁ
3163 2221 3296 2286 Θεὸς
3351 2219 3641 2286 ἐξελέξατο
3689 2218 3786 2272 καὶ

2188 2315 2501 2384 ἠγάπησεν,
2541 2315 2643 2368 οὐκ
2683 2313 2750 2368 ἂν
2799 2313 3078 2384 ἀναμέσον
3117 2311 3231 2367 τῶν
3282 2311 3454 2364 ἐθνῶν
3487 2311 3567 2372 ὡς
3595 2307 3783 2362 λύκων

2187 2403 2356 2460 οντων
2379 2405 2676 2475 ἐφύλαττεν
2703 2405 2998 2460 ἀνάλωτον.

501 2497 716 2552 caeteris
746 2496 1006 2552 omnibus
1051 2495 1308 2566 elegisset
1343 2502 1400 2550 et
1449 2492 1888 2564 eomprobasset,
1936 2508 2218 2565 nunquam
2252 2513 2376 2555 eam
2421 2501 2566 2556 inter
2597 2509 2811 2571 gentes,
2881 2499 3036 2556 velut
3093 2499 3276 2570 lupos,
3343 2498 3611 2553 invictam
3644 2511 3781 2552 con-

505 2597 802 2644 servasset.
1430 2616 1436 2623 '
1457 2629 1460 2631 λ

553 2679 849 2740 Praeterea
907 2693 1019 2733 non
1070 2678 1417 2748 permisisset
1465 2679 1610 2738 Deus
1660 2678 1823 2734 fidem
1887 2678 2084 2735 falsam

506 2785 682 2840 usque
725 2769 793 2822 ad
843 2769 1114 2824 terminos
1156 2775 1320 2828 terrae
1370 2769 1694 2836 dominari,
1735 2771 1842 2825 nisi
1888 2771 2087 2828 fuisset

506 2861 816 2916 mconomia
857 2861 1132 2916 adventus
1179 2861 1233 2915 in
1285 2876 1451 2915 carne
1492 2860 1699 2918 Christi
1725 2902 1740 2924 ,
1771 2862 1894 2917 Filii
1944 2865 2085 2935 ejus,

508 2954 604 3007 Dei
631 2961 686 3008 et
712 2954 1012 3009 Salvatoris
1047 2954 1223 3008 nostri
1259 2971 1272 3008 :
1307 2953 1455 3008 unde
1489 2953 1599 3008 hoc
1634 2953 1814 3024 ipsum
1841 2994 1856 3018 ,
1889 2971 2090 3024 nempe

508 3045 866 3115 Evangelium
881 3043 1086 3100 Christi
1123 3045 1326 3115 ubique
1357 3043 1604 3114 gentium
1641 3045 1919 3100 creditum
1942 3062 2086 3112 esse,

508 3135 816 3188 certissime
873 3134 1070 3204 probat
1132 3149 1246 3187 non
1309 3148 1436 3188 esse
1482 3133 1646 3188 aliam
1691 3133 1855 3190 tidem
1901 3146 2088 3192 nostra

507 3227 911 3297 religiosiorem
945 3226 1050 3280 sub
1088 3225 1252 3280 cmlo.
1285 3224 1428 3291 Quid
1459 3226 1674 3296 igitur?
1705 3228 1932 3284 Adeone
1977 3231 2089 3284 ini-

508 3333 653 3389 quus
685 3325 770 3372 est
812 3317 991 3372 Deus?
1015 3317 1212 3372 Absitl
1244 3333 1355 3372 non
1383 3321 1544 3384 adeo,
1578 3319 1826 3390 inquam,
1853 3321 2082 3392 iniquus

508 3423 612 3477 est,
646 3422 728 3478 ut,
760 3413 934 3484 probe
963 3413 1146 3468 sciens
1173 3413 1321 3483 quod
1359 3413 1662 3468 Christiani
1705 3429 1981 3479 erramus,
2007 3409 2090 3469 sic

508 3521 612 3560 nos
653 3505 828 3560 errori
879 3505 1081 3562 tradat.
1115 3505 1234 3560 Jam
1277 3521 1412 3560 vero
1441 3514 1578 3576 quot
1619 3506 1751 3560 anni
1787 3522 1819 3560 a
1863 3505 2089 3562 Christo

508 3597 860 3659 eﬂluxerunt,
891 3605 952 3653 ut
992 3604 1145 3652 tanta
1189 3596 1476 3652 hominum
1521 3597 1822 3652 multitudo
1867 3597 1940 3652 ab
1983 3598 2089 3654 hoc

509 3705 702 3744 errore
737 3687 1012 3759 perierit!
1045 3687 1167 3743 Non
1211 3688 1360 3743 enim
1389 3688 1516 3742 ’boc
1558 3687 1857 3742 observare
1884 3687 1967 3742 vel
1997 3703 2089 3742 re-

511 3781 787 3852 spondere
809 3780 1146 3848 licet,_tanto
1177 3795 1376 3849 nempe
1409 3795 1681 3834 annorum
1715 3780 1915 3848 spatio,
1941 3779 2090 3834 veri-

509 3881 676 3928 tatem
711 3887 814 3927 nos
848 3871 1170 3926 lsraeliticis
1215 3854 1761 3942 gentibusedoceri.
1805 3870 2086 3936 Quinimo,

507 3963 782 4035 responde
833 3963 1010 4028 mihi,
1041 3963 1321 4032 quomodo
1354 3963 1556 4028 nobis;
1603 3963 1784 4026 nobis,
1839 3965 2088 4034 inquam,

508 4071 756 4111 errorem
819 4055 1117 4125 amplexis,
1166 4053 1311 4124 quod
1346 4054 1573 4121 dicitur,
1624 4055 1898 4110 universa:
1930 4063 2092 4110 terrae

510 4147 811 4216 imperium
860 4147 1007 4201 Deus
1053 4144 1377 4200 commisit?
1412 4146 1702 4212 Quomodo
1741 4146 1944 4200 factum
1983 4154 2089 4210 est,

511 4247 574 4293 ut
625 4253 791 4293 nemo
851 4239 1069 4309 signum
1119 4238 1477 4294 numismatis
1522 4239 1747 4294 abolere
1805 4240 2093 4309 potuerit?

512 4331 739 4387 Scilicet
787 4341 1100 4396 monstrare
1128 4331 1309 4386 voluit
1337 4331 1486 4386 Deus
1513 4331 1688 4400 quod,
1739 4325 1956 4386 etiamsi
1991 4345 2093 4385 nos

2257 2681 2406 2751 Πλὴν
2447 2681 2568 2734 οὐδὲ
2603 2679 2799 2752 ἔμελλε
2875 2683 3178 2752 συγχωρεῖν
3199 2682 3226 2734 ὁ
3251 2678 3384 2743 Θεὸς
3421 2679 3780 2750 πεπλανημέ-

2187 2788 2285 2843 νην
2313 2775 2495 2829 πίστιν
2527 2775 2950 2846 κατακυριεύειν
2992 2774 3091 2828 ἐπὶ
3135 2774 3314 2826 πάντα
3336 2771 3408 2826 τὰ
3441 2775 3657 2842 πέρατα
3681 2773 3780 2840 τῆς

2186 2866 2314 2935 γῆς,
2345 2868 2394 2919 εί
2438 2868 2512 2938 μὴ
2553 2863 2622 2938 ἦν
2651 2869 2684 2938 ἠ
2714 2854 3002 2936 οἰκονομία
3040 2867 3139 2936 τῆς
3166 2863 3434 2936 ὲνσάρκου
3474 2865 3780 2936 παρουσίας

2187 2959 2428 3030 Χριστοῦ
2453 2959 2547 3014 τοῦ
2573 2960 2704 3014 Υίοῦ
2732 2954 2900 3014 αὑτοῦ
2925 2961 3020 3014 καὶ
3049 2959 3184 3045 Θεοῦ
3201 2961 3296 3014 καὶ
3319 2960 3574 3029 Σωτῆρος
3599 2959 3777 3030 ἡμῶν.

2117 3073 2163 3132 ο
2199 3050 2363 3103 Ὅθεν
2395 3051 2491 3104 καὶ
2517 3051 2648 3104 αὐτὸ
2680 3047 2840 3106 τοῦτο
2863 3051 2924 3105 τὸ
2967 3054 3024 3105 ὲν
3051 3055 3185 3132 πᾶσι
3211 3055 3326 3132 τοῖς
3357 3053 3538 3104 ἔθνεσι
3561 3070 3784 3105 πιστευ-

2199 3143 2358 3210 θῆναι
2389 3144 2450 3196 τδ
2484 3142 2816 3212 Εύαγγέλιον
2841 3143 2936 3200 τοῦ
2980 3127 3264 3220 Χρῖστοῦί
3291 3143 3598 3215 μαρτυρίας
3637 3145 3782 3196 ἐστὶν

2197 3235 2624 3304 ἀψευδεστάτης,
2649 3237 2731 3289 ὅτι
2761 3237 2862 3290 οὐκ
2899 3235 3046 3290 ἐστιν
3077 3221 3210 3308 ἄλλη
3253 3239 3438 3301 πίστις
3469 3238 3782 3292 εύσεΰεστέο

2200 3341 2269 3396 ρα
2285 3327 2342 3378 ὲν
2357 3328 2421 3398 τῇ
2437 3327 2528 3379 ὑπ’
2544 3327 2796 3397 οὐρανόνζ
2825 3323 2972 3398 ΨΑρα
2994 3327 3235 3391 τοιοῦτος
3256 3329 3440 3392 ἄδικος
3457 3331 3484 3382 ὁ
3511 3329 3646 3390 Θεό;
3669 3349 3684 3397 ;
3712 3331 3782 3400 μὴ

2197 3417 2588 3485 γένοι’τοί.Ὄτι
2621 3418 2920 3486 ἐγίνωσκεν
2944 3419 3026 3472 ὅτι
3054 3417 3388 3488 πλανώμεθα
3419 3421 3468 3471 οἱ
3515 3421 3780 3489 Χριστια-

2197 3506 2301 3572 νοὶ,
2335 3506 2496 3577 ἤφιεν
2539 3507 2687 3578 ἡμᾶς
2731 3499 2926 3571 οὕτως.
2983 3507 3117 3561 Ἰδοὺ
3165 3507 3350 3560 λοιπδν
3398 3509 3557 3560 πόσοι
3602 3510 3782 3579 χρόνοι

2193 3597 2308 3652 ἀπὸ
2329 3594 2568 3668 Χριστοῦ
2591 3599 2890 3654 ἀπολέσθαι
2918 3603 2983 3672 τῇ
3016 3601 3192 3672 πλάνῃ
3216 3601 3472 3655 τοσοῦτον
3497 3603 3658 3671 γένος
3691 3603 3782 3656 καὶ

2199 3689 2408 3758 πλῆθος
2437 3689 2764 3760 ἀνθρώπωνί
2812 3691 2886 3762 μὴ
2933 3691 3043 3762 γὰρ
3081 3691 3238 3746 τοῦτο
3294 3695 3610 3764 σκοπὴσητε
3651 3693 3781 3763 ἢεῖ-

2199 3796 2361 3854 πητε,
2387 3783 2469 3836 ὅτι
2487 3784 2612 3854 ἄρτι
2632 3784 2712 3848 είς
2732 3784 2970 3838 τοσαῦτα
3008 3785 3104 3856 ἔτη
3131 3779 3508 3856 παιδευόμεθα
3542 3785 3650 3840 ἀπὸ
3679 3787 3782 3839 τιίν

2213 3875 2561 3948 Ἰσραηλιτῶν
2603 3876 2980 3932 ὲθνῶν·“ἀλλ’
3040 3881 3219 3933 ἐκεῖνό
3279 3896 3372 3949 μοι
3423 3879 3778 3951 ὲρμήνευσαι,

2201 3969 2318 4032 πῶς
2349 3969 2481 4039 ἡμῖν
2517 3971 2628 4032 τοῖς
2669 3969 3062 4038 πλανωμένοις,
3106 3969 3180 4032 ὡς
3236 3970 3446 4038 λέγετε,
3483 3971 3584 4039 τὴν
3634 3971 3782 4040 βασι-

2183 4059 2348 4112 ρλείαν
2373 4061 2402 4111 6
2425 4057 2560 4121 Θεὸς
2591 4060 2774 4126 πᾶσης
2797 4059 2895 4128 τῆς
2930 4057 3032 4130 γῆς
3062 4059 3384 4125 ὲπῐστευσε;
3419 4061 3536 4123 πῶς
3567 4061 3663 4129 τὴν
3690 4057 3779 4113 τοῦ

2201 4153 2428 4223 χρυσίου
2475 4149 2747 4223 σφραγῖδα
2781 4151 2958 4212 οὐδεὶς
3006 4151 3360 4222 καταρῒῆσαι
3407 4150 3680 4224 suam;
3729 4153 3784 4217 ἐξ

2200 4245 2359 4315 ἡμῶν
2389 4245 2614 4314 Equos;
2652 4244 2808 4296 πόσοι
2842 4242 3083 4313 βασιλεῖς
3126 4245 3313 4310 ἐθνῶν,
3349 4246 3604 4314 Περσῶν,
3662 4245 3760 4297 Ἀ-

2206 4334 2408 4404 ράὁων,
2455 4334 2612 4387 τοῦτο
2663 4334 3017 4403 ἐδοκίμασαν,
3067 4335 3165 4387 καὶ
3211 4335 3467 4406 οὐδαμῶς
3515 4333 3776 4405 (quem;

511 4424 812 4480 Christiani
859 4423 1304 4494 persecutionem
1329 4423 1596 4492 patimur,
1626 4424 1876 4478 omnium
1911 4431 2086 4478 tamen

2202 4427 2302 4480 ἵνα
2331 4425 2478 4497 δείξῃ
2508 4423 2548 4478 δ’
2565 4425 2730 4488 Θεὸς,
2762 4427 2844 4478 δτι
2887 4425 2994 4478 κᾶν
3023 4425 3350 4498 διωκώμεθα
3365 4429 3410 4479 οἱ
3439 4425 3776 4497 Χριστιανοὶ,

513 4516 810 4586 imperium
833 4514 1154 4570 obtinemus
1181 4531 1194 4567 :
1239 4514 1513 4584 siquidem
1539 4515 1758 4584 signum
1791 4515 2096 4568 numisma-

445 4662 449 4666 .
517 4609 589 4663 tis
619 4607 843 4678 imperii
887 4607 1108 4676 nostri,
1143 4607 1322 4678 ipsum
1353 4618 1440 4662 est
1468 4605 1675 4661 Christi
1719 4607 1956 4677 signum.
1998 4607 2098 4662 Die

445 4746 454 4754 .,
517 4701 686 4770 igitur
713 4699 850 4754 mihi
871 4739 886 4765 ,
919 4698 1030 4754 nisi
1078 4699 1211 4755 inde
1243 4698 1513 4768 probatur
1547 4707 1756 4753 aeterna
1808 4699 2010 4754 invicta
2042 4709 2100 4755 et

519 4791 838 4848 indelebilia
864 4792 1136 4848 exsistere
1163 4790 1330 4848 ﬁdem
1353 4799 1410 4846 et
1441 4791 1734 4862 imperium
1755 4790 2100 4848 Christiano—

411 4935 416 4940 .
519 4903 665 4948 rum,
692 4885 972 4956 quomodo
1003 4883 1216 4941 factum
1237 4894 1326 4941 est
1372 4894 1434 4940 ut
1457 4901 1557 4940 vos
1589 4900 1782 4940 omnes
1804 4926 1817 4947 ,
1850 4885 1945 4956 qui
1973 4901 2100 4942 cru-

519 4995 639 5036 cem
657 4979 862 5036 Cbristi
887 4978 1084 5034 odistis
1104 4987 1161 5034 et
1180 4978 1570 5034 cecideruntet
1592 4978 2100 5048 jucent?quomodo

519 5089 741 5129 erucem
790 5073 850 5127 in
922 5071 1254 5128 numismate
1303 5086 1424 5128 ’τιοη
1483 5072 1650 5126 modo
1709 5073 1930 5126 abolere
1990 5087 2100 5126 non

519 5167 756 5237 potestis
777 5207 792 5231 ,
823 5179 1018 5220 verum
1062 5163 1233 5219 etiam
1255 5163 1502 5220 libenter:
1521 5165 1840 5234 suscipitis;
1893 5164 2025 5228 imo,
2056 5165 2099 5218 si

519 5275 685 5330 quem
733 5273 1020 5313 nummum
1061 5271 1229 5314 cruce
1256 5267 1542 5312 carentem
1593 5257 1865 5320 videnint,
1911 5273 2100 5326 repro-

521 5351 669 5407 batis
703 5360 760 5405 et
807 5349 1087 5422 rejicitis?
1119 5349 1272 5405 Adeo
1303 5365 1496 5405 verum
1529 5361 1614 5403 est
1647 5349 1793 5420 quod
1837 5349 1905 5405 de
1945 5351 2103 5405 vobis

522 5441 662 5497 dixit
695 5441 903 5496 David:
938 5463 956 5494 ι
991 5441 1194 5498 Oculos
1228 5441 1434 5498 habent
1458 5453 1513 5497 et
1543 5457 1651 5496 non
1681 5441 1947 5496 videbunt
1975 5443 2038 5496 ⁸³,
2077 5463 2092 5493 ι

591 5601 638 5632 εἰ
680 5599 868 5654 Matth.
900 5618 952 5667 ιι,
984 5601 1071 5656 ἓὲ.
1151 5601 1194 5633 ⁸⁸
1225 5604 1364 5658 Psal.
1389 5619 1534 5670 cxm,
1564 5604 1595 5658 5
1627 5601 1699 5656 vol
1737 5599 1822 5654 Ηο

2200 4517 2316 4571 ἀλλ’
2361 4517 2523 4587 ἡμεῖς
2582 4516 2804 4570 πάντων
2847 4516 3240 4588 βασιλεύομενρ
3285 4517 3347 4570 τὸ
3391 4517 3501 4587 γὰρ
3553 4521 3779 4586 σημεῖον

2202 4607 2298 4660 τοῦ
2333 4607 2562 4678 χρυσίου
2595 4609 2706 4678 τῆς·
2735 4607 3020 4679 βασιλείας
3057 4609 3236 4680 ἡμῶν,
3274 4593 3500 4678 σήμεῖον
3531 4608 3626 4683 τοῦ
3658 4611 3780 4680 Χρι-

2208 4701 2334 4754 στοῦ
2365 4700 2532 4757 αὐτοῦ
2563 4701 2732 4756 ἐστιν.
2779 4701 2931 4754 Ἐπεὶ
2963 4701 3085 4755 είπέ
3117 4719 3230 4772 μοι,
3261 4703 3308 4754 εί
3352 4701 3428 4774 μὴ
3472 4705 3695 4774 σημεῖον
3717 4697 3778 4772 ἦν

2205 4795 2290 4847 δτι
2333 4793 2571 4856 αἰώνιος.
2595 4795 2688 4846 καὶ
2737 4793 2997 4863 ἀνίκητος
3054 4795 3150 4847 καὶ
3206 4793 3594 4859 ἀνεξάλειπτος
3637 4789 3704 4865 ἦν
3746 4795 3776 4862 ή

2207 4889 2391 4952 πίστις
2439 4889 2533 4942 καὶ
2577 4891 2612 4959 ἡ
2664 4887 2916 4958 βασιλεία
2966 4889 3078 4941 τῶν
3121 4889 3500 4958 Χριστιανῶν,
3543 4889 3660 4950 πῶς
3693 4889 3778 4942 τὸν

2209 4981 2442 5053 σταυρδν
2495 4981 2590 5034 τοῦ
2639 4981 2878 5052 Χρὶστοῦ
2923 4981 3124 5044 πάντες
3173 4981 3331 5049 ὑμεῖς
3383 4977 3668 5050 μισοῦντες
3693 4982 3777 5033 καὶ

2213 5066 2686 5142 βλασφημοῦντες,
2725 5071 3166 5138 ἐκπεπτώκατε;
3202 5070 3320 5134 πῶς
3355 5071 3443 5124 τὸν
3473 5073 3699 5142 σταυρὸν
3722 5075 3774 5124 ἐκ

2212 5163 2304 5217 τοῦ
2342 5165 2570 5235 χρυσίου
2613 5163 2916 5234 ἀπαλεῖψαι
2940 5165 3003 5218 οὺ
3029 5161 3283 5228 δύνασθε,
3319 5161 3456 5217 ἀλλὰ
3487 5165 3584 5218 καὶ
3605 5164 3773 5216 τοῦτον

2210 5254 2509 5326 προθύμως
2559 5253 2801 5324 δέχεσθε,
2857 5253 2996 5307 ἀλλὰ
3029 5251 3136 5307 ’καὶ
3191 5253 3286 5307 ἐὰν
3330 5251 3571 5324 χρυσοῦν
3621 5251 3772 5322 χωρὶς

2211 5347 2446 5416 σταυροῦ
2479 5345 2650 5418 ἴδητε,
2685 5345 3040 5416 βδελύσσεσθε
3062 5345 3192 5400 αὐτὸ
3217 5347 3310 5399 καὶ
3341 5343 3766 5418 ἀποστρέφεσθες

2210 5440 2366 5494 Οὖτιν)
2403 5441 2582 5505 καλῶς
2623 5440 2650 5494 ὁ
2697 5437 2864 5494 Δαϐὶδ
2914 5442 3042 5512 περὶ
3077 5439 3232 5512 ὑμῶν
3268 5433 3424 5495 εἶπεν
3450 5455 3463 5470 '
3499 5459 3518 5494 ι
3560 5437 3768 5507 Ὀφθαλ-
