4026 6308
381 181 399 241 1
411 181 517 245 ἓ25

1385 175 1836 238 DlSPUTATIO
1874 174 2264 235 ADVERSUS
2302 177 2333 236 J
2344 177 2390 237 U
2403 177 2628 241 0.1308.

3484 175 3616 238 1226

379 293 514 361 μοὺς
553 290 762 361 ἔχουσι,
804 287 896 344 καὶ
927 289 1026 342 οὐκ
1059 287 1311 358 ὄψονταιο
1343 289 1566 360 καρδίας
1601 288 1808 358 ἔχουσι,
1845 287 1940 338 καὶ

2056 283 2349 354 Quomodo,
2376 289 2520 358 quod
2551 288 2903 358 impugnatis,
2941 288 2994 342 id
3024 289 3199 359 ipsum
3229 288 3530 359 requiritis,
3563 298 3621 342 et

374 383 438 434 οὐ
484 383 766 435 συνιᾶσι.»
812 380 936 444 Πῶς
967 381 1107 449 ὅπερ
1143 377 1451 448 πολεμεῖτε,
1501 377 1660 430 τοῦτο
1704 377 1940 438 ποθεῖτε,

376 476 474 529 καὶ
535 475 675 542 ὅπερ
735 471 1113 543 βδελύσσεσθε,
1167 469 1324 523 τοῦτο
1379 468 1675 539 προθύμως
1722 467 1944 538 δέχεσθε

378 541 701 636 παραδόξως
729 541 1053 634 νικώμενοι;
1093 562 1200 615 Καλ⁸
1233 563 1282 614 εἰ
1323 560 1431 630 ἀρα
1471 560 1592 614 νοῦν
1628 559 1726 613 καὶ
1753 561 1945 630 φρόνη-

379 675 465 712 σιν
506 659 704 728 είχετε,
736 659 896 728 ἢρκει
946 656 1076 724 ὑμῖν
1117 654 1212 708 καὶ
1261 655 1396 706 πᾶσι
1450 652 1609 706 τοῦτο
1631 652 1691 705 τὸ
1718 653 1946 721 σημεῖον

379 752 460 812 είς
494 749 554 801 τὸ
590 749 762 814 δεῖξαι
804 748 897 800 καὶ
944 748 1129 799 πεῖσαι
1173 745 1339 814 ὑμᾶς,
1376 745 1458 797 ὅτι
1505 743 1746 814 ήπίστις
1785 743 1880 796 καὶ
1918 744 1947 794 6

381 841 609 912 σταυρὸς
643 840 738 893 τοῦ
773 838 1010 909 Χριστοῦ
1039 839 1122 902 είς
1153 836 1354 899 αἰῶνας
1387 836 1622 890 πάντοτε
1651 835 1942 905 βασιλεύει.

379 933 541 984 Πόσοι
579 931 678 1002 τὴν
721 929 905 983 πίστιν
945 928 1106 999 ήμῶν
1148 929 1241 982 καὶ
1272 928 1374 998 τὴν
1417 927 1744 994 Ἐκκλησίαν
1784 944 1948 980 κατα-

376 1022 540 1077 λῦσαι
575 1021 910 1090 ἐδοκίμασαν
943 1022 1036 1073 καὶ
1066 1021 1166 1072 οὐκ
1201 1019 1440 1089 ῐσχυσαν;
1469 1015 1606 1070 Ἀλλ’
1652 1019 1803 1071 αὐτοὶ
1849 1019 1946 1088 μὲν

378 1113 684 1185 παρῆλθον,
728 1114 757 1165 ὁ
802 1113 858 1164 δὲ
890 1112 1138 1182 θεμέλιος
1160 1114 1260 1182 τῆς
1311 1109 1639 1180 Ἐκκλησίας
1663 1111 1754 1162 καὶ
1785 1111 1817 1179 ὴ
1851 1109 1944 1162 πίο

380 1221 496 1267 στις
535 1204 754 1256 ἵσταται
786 1201 1084 1264 ἀσάλευτος
1113 1201 1202 1254 διὰ
1232 1201 1466 1270 Χριστὸν
1497 1201 1588 1254 τὸν
1621 1199 1788 1261 οὕτως
1839 1198 1949 1267 ὁρί-

380 1313 570 1359 σαντα,
611 1296 694 1348 ὃτι
730 1313 749 1346 ι
773 1285 946 1346 Πύλαι
981 1292 1110 1363 ᾇδου
1138 1293 1200 1344 οὐ
1239 1291 1666 1361 κατισχύσουσιν
1699 1291 1887 1359 αὑτήν.
1922 1308 1940 1340 ι

449 1385 562 1439 Ποῦ
608 1386 758 1437 ἐστιν
804 1385 833 1436 6
883 1382 1306 1452 Διοκλητιανός;
1347 1383 1450 1435 ποῦ
1476 1383 1627 1433 ἐστιν
1661 1383 1687 1433 6
1718 1381 1943 1451 Νὲρων;

381 1477 486 1531 ποῦ
521 1478 550 1529 6
596 1473 1042 1538 Οὐεσπασιανός;
1082 1472 1184 1528 ποῦ
1245 1472 1527 1544 Ἦρὼδηςς
1564 1473 1667 1525 ποῦ
1712 1475 1740 1525 6
1769 1472 1942 1536 Μαξι-

383 1567 594 1637 μιανὸς,
652 1566 748 1618 καὶ
810 1565 1012 1628 πάντες
1061 1567 1112 1617 οι
1166 1566 1293 1628 τοὺς
1346 1565 1584 1632 Χριστοῦ
1661 1563 1948 1636 μάρτυρας

2051 377 2196 444 quod
2245 378 2671 444 abominamini,
2706 378 2757 432 id
2790 378 2966 448 ipsum
3002 378 3292 449 diligenter
3316 379 3616 448 suscipitis,

2051 469 2132 524 sic
2176 485 2204 522 a
2238 470 2396 524 vobis
2430 469 2565 540 ipsis
2596 471 2724 524 victi
2758 469 3124 524 mirabiliter?
3155 469 3294 524 Sane
3329 470 3432 528 nisi
3466 485 3620 523 mens

2050 569 2107 615 ct
2149 561 2510 632 intelligentia
2581 578 2678 617 vos
2737 563 3032 617 defecisset
3058 604 3073 626 ,
3105 562 3263 616 vobis
3307 569 3363 616 et
3406 562 3622 616 caeteris

2023 651 2310 704 omnibus
2356 653 2490 706 satis
2529 661 2676 707 esset
2704 654 2811 708 hoc
2835 653 3048 723 signum
3073 693 3088 716 ,
3122 663 3184 707 ut
3215 667 3536 723 persuasum
3565 661 3622 707 et

2055 754 2394 814 compertum
2431 745 2710 800 haberetis
2735 787 2748 811 ,
2786 745 2947 800 ﬁdem
2977 753 3032 799 et
3075 761 3296 800 crucem
3329 745 3533 800 Christi
3567 745 3620 798 in

2052 837 2249 890 saecula
2295 836 2592 890 dominari.
2646 835 2790 902 Quot
2833 847 2889 890 et
2936 837 3124 906 quanti
3161 835 3320 889 ﬁdem
3351 845 3409 888 et
3435 833 3626 889 Eccle-

2052 927 2187 981 siam
2229 936 2474 981 nostram
2527 927 2826 983 dissolvere
2887 935 3216 997 sperarunt,
3252 937 3307 981 et
3356 942 3468 980 non
3520 941 3624 996 po-

2053 1020 2256 1074 tuere?
2282 1019 2397 1074 Imo
2436 1020 2537 1090 ipsi
2569 1021 2941 1083 transierunt,
2975 1029 3032 1073 at
3064 1019 3484 1074 fundamentum
3519 1018 3623 1071 Ec-

2051 1109 2232 1164 clesiae
2257 1151 2272 1173 ,
2322 1125 2443 1179 quae
2495 1121 2581 1165 est
2626 1109 2762 1166 rides
2788 1151 2802 1174 ,
2834 1110 3218 1165 inconcussum
3251 1121 3474 1174 manet,
3525 1125 3625 1178 pcr

2051 1203 2329 1258 Christum
2355 1243 2370 1266 ,
2426 1205 2520 1273 qui
2569 1205 2650 1259 sic
2693 1205 2979 1269 decrevit,
3032 1224 3049 1254 ι
3090 1205 3264 1258 Portze
3292 1245 3305 1267 ,
3337 1204 3620 1272 inquiens.

2054 1296 2215 1350 inferi
2255 1312 2365 1350 non
2400 1297 2774 1366 praevalebunt
2799 1298 3061 1351 adversus
3091 1311 3208 1350 eam
3241 1297 3308 1348 ⁵⁸.
3339 1315 3356 1346 ι

2123 1388 2224 1444 Ubi
2264 1398 2348 1443 est
2391 1389 2804 1443 Diocletianus?
2838 1389 2931 1442 ubi
2975 1388 3162 1442 Nero?
3201 1389 3292 1441 ubi
3340 1386 3626 1456 Vespasia-

2055 1477 2190 1531 nus?
2219 1477 2312 1530 ubi
2336 1476 2618 1531 Herodes?
2649 1477 2740 1530 ubi
2785 1477 3166 1539 Maximianus,
3212 1487 3267 1530 et
3306 1491 3498 1529 omnes
3527 1475 3622 1544 qui

2053 1575 2324 1638 martyres
2351 1566 2574 1636 quidem
2606 1566 2809 1622 Christi
2841 1566 3183 1627 occiderunt.
3232 1565 3392 1619 ﬁdem
3438 1573 3623 1618 autem

377 1656 825 1719 ἀποκτείναντες,
859 1657 958 1728 τὴν
1003 1657 1059 1709 δὲ
1095 1655 1464 1726 πίστινήμῶν
1517 1655 1593 1726 μὴ
1640 1654 1950 1718 παύσαντες

2056 1666 2298 1712 nostram
2343 1658 2696 1722 exstinguere
2743 1659 2828 1712 vel
2877 1656 3244 1712 intercludere
3277 1671 3388 1710 non
3433 1664 3627 1725 potue-

383 1749 516 1820 μηδὲ
569 1748 920 1814 κλείσαντες;
974 1748 1138 1801 Αύτολ⁸
1191 1747 1248 1800 δὲ
1294 1746 1570 1801 ἀπώλοντο
1621 1751 1710 1800 καὶ
1760 1747 1936 1800 διελύ-

381 1839 570 1908 θησαν.
607 1841 666 1892 '0
704 1839 761 1892 δὲ
806 1838 1040 1906 Χριστὸς
1081 1839 1181 1892 οὐκ
1203 1837 1472 1906 ἐψεύσατο
1493 1839 1625 1908 ἡμῖν
1644 1837 1833 1902 εἰπὼν,
1865 1839 1946 1891 ὅτι

385 1951 404 1983 ι
434 1931 660 1984 Ἐσεσθε
684 1931 1002 2002 μισούμενοι
1027 1931 1131 1984 ὑπὸ
1155 1931 1373 1984 πάντων
1395 1930 1482 1984 διὰ
1500 1931 1560 1983 τὸ
1581 1931 1751 1999 ὄνομά
1780 1948 1902 2000 μου.
1927 1949 1945 1982 ι

381 2023 490 2076 Καὶ
523 2024 704 2088 πάλιν,
739 2023 820 2076 ὅτι
847 2041 866 2074 ι
907 2021 1029 2074 Ἐπὶ
1055 2021 1292 2092 βασιλεῖς
1318 2022 1413 2074 καὶ
1429 2021 1701 2091 ἡγεμόνας
1725 2021 1956 2092 ἀχθήσε-

381 2113 708 2167 σθείενεκεν
755 2111 912 2182 ἐμοῦ.
943 2131 961 2164 ι
999 2113 1098 2165 Ἐν
1137 2108 1232 2166 οὖν
1284 2111 1637 2176 ιὲπιλέξασθε⁸
1673 2111 1706 2182 ἦ
1747 2114 1954 2182 μισεῖτε

385 2206 559 2275 ἡμᾶς,
596 2205 768 2265 ὅντως
796 2203 1072 2258 δεικνύετε
1106 2202 1340 2275 Χριστὸν
1371 2201 1706 2273 ἀληθεύοντα
1734 2201 1956 2255 εἰπόντα

381 2299 537 2366 ἡμῖν,
569 2297 653 2348 ὅτι
687 2312 706 2346 ι
735 2295 965 2347 ’Έσεσθε
1013 2293 1335 2365 μισούμενοι
1382 2294 1488 2346 ὑπὸ
1530 2293 1748 2346 πάντων
1782 2292 1872 2345 διὰ
1895 2291 1958 2346 τὺ

380 2383 555 2455 ὄνομά
582 2400 706 2452 μου.
736 2401 755 2434 ι
787 2384 863 2436 Ού
893 2384 1050 2454 μόνον
1073 2383 1133 2436 δὲ
1153 2383 1332 2446 τοῦτο,
1360 2383 1497 2437 ἀλλά
1517 2383 1611 2437 καὶ
1627 2381 1760 2436 ἄλλα
1788 2382 1958 2437 πολλά

382 2471 560 2542 εἶπεν,
600 2475 910 2543 ἀτιναικαθ’
938 2476 1153 2546 ἡμέραν
1197 2474 1513 2546 θεωροῦμεν
1540 2475 1824 2545 γινόμενα,
1853 2476 1954 2530 καὶ

383 2565 478 2618 ἐπὶ
505 2565 691 2617 πλεῖον
725 2565 888 2619 αὐτὸν
919 2565 996 2628 ὡς
1036 2565 1169 2618 Θεὸν
1200 2565 1637 2636 προσκυνοῦμεν.
1673 2563 1832 2632 Εἷπε,
1861 2585 1958 2637 κη-

388 2655 720 2727 ρυχθήσεται
745 2655 808 2709 τὸ
842 2656 1176 2724 Εὐαγγέλιον
1208 2656 1375 2710 αὐτοῦ
1407 2657 1464 2708 ὲν
1496 2657 1603 2726 ὅλῳ
1635 2657 1712 2728 τῷ
1743 2657 1952 2729 κόσμῳ·

388 2743 576 2800 εἶπενο
611 2749 686 2800 Οὐ
733 2749 808 2818 μὴ
859 2749 1017 2819 μείνῃ
1060 2747 1206 2810 λίθος
1253 2748 1346 2800 ἐπὶ
1392 2747 1540 2800 λίθον
1569 2749 1650 2811 είς
1697 2742 1788 2801 τὸν
1832 2751 1958 2802 ναὸν

387 2839 542 2903 ὑμῶν
564 2855 578 2870 ο
616 2834 795 2903 εἶπεν,
838 2838 919 2891 ὅτι
952 2857 970 2889 ι
1016 2837 1074 2891 '0
1105 2839 1179 2908 μὴ
1211 2838 1395 2907 ἀφιεὶς
1435 2838 1646 2909 πατέρα
1680 2839 1772 2892 καὶ
1800 2840 1957 2893 ἀδελ-

390 2933 522 2998 φοὺς
553 2933 647 2983 καὶ
688 2931 942 2999 ἀδελφὰς,
992 2930 1054 2983 ού
1090 2929 1314 2984 δύναται
1361 2930 1728 3001 ἀκολουθῆσαί
1781 2948 1894 3000 μοι.
1931 2949 1950 2982 ι

389 3019 558 3074 Εἶπεν
580 3024 710 3092 ἡμῖν
734 3024 862 3091 περὶ
894 3021 1264 3092 ὲλεημοσύνηε
1284 3024 1540 3092 κρυπτῶς
1561 3023 1727 3094 αὐτὴν
1760 3028 1951 3078 ποιεῖν·

388 3111 543 3165 εἶπεν
571 3115 705 3184 ἡμῖν
728 3131 741 3145 -
777 3131 796 3163 ι
829 3112 1164 3176 Βαπτίζεσθε
1189 3115 1269 3176 εἰς
1297 3115 1356 3166 τὸ
1390 3111 1560 3182 ὄνομα
1593 3115 1686 3168 τοῦ
1719 3118 1952 3186 Πατρὸς,

390 3204 484 3254 καὶ
521 3202 617 3255 τοῦ
679 3203 829 3266 Υίοῦ,
856 3203 948 3255 καὶ
992 3203 1087 3256 τοῦ
1130 3204 1286 3273 ἁγίου
1327 3205 1675 3275 Πνεύματος.
1714 3227 1732 3259 ι
1788 3206 1956 3262 Εἶπεν

388 3298 521 3364 ἡμῖν
549 3311 562 3324 ·
607 3313 624 3347 ι
644 3294 780 3348 Μεθ’
811 3295 965 3365 ὑμῶν
1004 3296 1118 3366 εἰμι
1153 3299 1334 3359 πάσας
1363 3298 1460 3361 τὰς
1493 3298 1704 3369 ἡμέρας
1730 3300 1832 3362 ἕως
1857 3301 1958 3370 τῆς

389 3384 702 3446 συντελείας
734 3382 828 3436 τοῦ
861 3383 1078 3448 αἰῶνος.
1105 3403 1124 3435 ι
1156 3385 1254 3449 Τίς
1280 3384 1374 3438 οὖν
1403 3387 1553 3440 ἐστιν
1598 3381 1636 3438 ό
1662 3387 1958 3458 δυνάμενος

388 3475 607 3545 ἐλέγξαι
628 3475 811 3540 αὐτὸν,
835 3477 918 3530 ὅτι
939 3475 1207 3546 ἐψεύσατο
1228 3478 1404 3532 ταῦτα
1453 3478 1678 3533 εἰπόντα
1705 3479 1796 3532 τὸν
1826 3481 1870 3534 Χ
1880 3498 1960 3550 ρι-

390 3569 547 3632 στόν;
590 3569 776 3631 Οὐδεὶς
831 3569 1082 3632 πάντως’
1130 3568 1268 3623 ἀλλὰ
1316 3569 1495 3624 πάντα
1532 3571 1842 3639 γεγόνασιν,
1883 3572 1960 3634 ὼς

391 3660 748 3728 προείπομεν,
783 3660 875 3714 καὶ
919 3660 1180 3727 γίνονται.
1219 3655 1368 3732 ’Λρα
1417 3662 1516 3716 οὒκ
1554 3662 1750 3716 επεσεν
1777 3664 1806 3716 6
1833 3665 1958 3726 ναὸς

391 3750 546 3820 ὑμῶν
591 3751 686 3804 καὶ
738 3750 908 3820 bear};
937 3746 1046 3818 ἆρα
1077 3751 1176 3803 οὐκ
1222 3752 1499 3824 ἐκηρύχθη
1529 3753 1590 3806 τὸ
1631 3755 1960 3824 Εὐαγγέλιον

390 3843 557 3897 αὑτοῦ
596 3844 655 3895 ἐν
686 3842 795 3914 ὅλῳ
822 3842 900 3912 τῷ
923 3843 1113 3913 κόσμῳ
1137 3860 1152 3907 ;
1185 3838 1294 3913 ἄρα
1319 3845 1380 3897 ού
1422 3845 1728 3917 μισούμεθα
1755 3849 1803 3900 oi
1832 3847 1963 3917 Χρι-

361 3935 600 3988 .στιανοὶ
637 3934 742 3987 ὑπὸ
771 3935 994 3986 πάντων
1026 3934 1135 3986 τῶν
1163 3933 1334 3988 ἐθνῶν
1359 3934 1448 3990 διὰ
1477 3936 1537 3989 τὸ
1568 3937 1740 4007 ὄνομα
1761 3938 1958 4004 αὐτοῦ;

391 4021 502 4096 ἄρα
532 4027 592 4078 οὐ
641 4023 955 4095 θεωροῦμεν
1016 4027 1240 4096 μυρίους
1286 4027 1539 4094 ἀφιέντας
1580 4030 1840 4100 πατέρας,
1868 4031 1963 4083 καὶ

395 4117 659 4189 μητέρας,
681 4119 774 4172 καὶ
801 4115 1222 4182 ἀκολουθοῦντας
1247 4117 1322 4188 τῷ
1348 4119 1600 4191 Χριστῷ;
1625 4115 1732 4190 ἆρα
1764 4122 1823 4174 οὐ
1845 4120 1964 4192 βλέ-

392 4226 568 4278 πομεν
619 4209 652 4281 ἢ
696 4210 756 4262 οὐ
783 4209 1014 4280 νοοῦμεν
1042 4211 1124 4264 ὅτι
1165 4210 1285 4280 μεθ’
1309 4211 1466 4281 ἡμῶν
1496 4215 1643 4266 ἐστιν
1667 4215 1695 4266 6
1723 4215 1956 4286 Χριστὸς

393 4299 575 4360 πάσας
600 4298 695 4362 τὰς
715 4299 924 4368 ἡμέρας
943 4296 1050 4360 ἓως
1062 4297 1159 4367 τῆς
1179 4299 1492 4362 συντελείας
1513 4299 1608 4352 τοῦ
1640 4300 1855 4366 αἰῶνος,
1892 4303 1964 4370 μὴ

397 4387 696 4459 συγχωρῶν
732 4387 1144 4458 ωταργηθῆναι
1169 4388 1267 4458 τὴν
1289 4389 1472 4442 πίστιν
1515 4391 1706 4460 ὴμῶν;
1748 4393 1842 4454 Τὶς
1872 4392 1966 4445 οὖν

396 4479 611 4550 βλέπων
638 4479 705 4532 τά
727 4481 952 4533 τοιαῦτα
975 4480 1068 4533 καὶ
1090 4480 1158 4534 τὰ
1180 4463 1419 4535 τοσαῦτα
1438 4473 1603 4534 αὑτοῦ
1627 4483 1693 4553 ρή
1703 4501 1846 4552 ματα
1871 4486 1966 4537 καὶ

396 4571 720 4641 πράγματα,
752 4570 897 4641 ἀπερ
925 4569 1032 4640 πρὸ
1063 4570 1271 4639 χρόνων
1312 4571 1648 4626 ὀκτακοσίων
1676 4573 1710 4643 ἢ
1741 4573 1840 4627 καὶ
1863 4575 1964 4626 ἐπ-

397 4663 584 4714 έκεινα
607 4661 889 4730 προεῖπεν,
916 4660 1159 4730 σήμερον
1191 4659 1287 4713 καὶ
1314 4659 1436 4714 καθ’
1461 4661 1676 4732 ἡμέραν
1705 4661 1967 4730 γινόμενα

397 4751 492 4804 καὶ
531 4750 837 4820 λάμποντα,
863 4750 1084 4804 δύναται
1105 4751 1411 4820 ἀπιστῆσαι
1439 4751 1471 4822 ἢ
1513 4752 1966 4822 σκανδαλισθῆναι

397 4844 478 4905 είς
509 4841 711 4906 αύτόν;
745 4842 820 4912 μὴ
856 4841 1086 4909 γένοιτο.
1125 4841 1292 4894 Ὥστε
1339 4841 1418 4912 τῷ
1449 4843 1758 4913 βουλομένῳ
1787 4844 1969 4896 ἐντεῦ-

399 4934 494 4985 θεν
522 4930 640 4984 ἐστι
669 4933 886 5001 μαθεῖν,
917 4933 1000 4985 ὅτι
1028 4933 1127 5003 οὐχ
1156 4933 1394 5004 ὑπάρχει
1444 4933 1610 5004 ἑτέρα
1663 4935 1846 4996 πίστις
1885 4935 1973 4987 εύ-

399 5022 700 5093 σεεεστέρα
732 5023 826 5074 ἐπὶ
863 5025 962 5093 τῆς
993 5025 1118 5094 γῆς,
1147 5024 1322 5094 ἀλλ’ἢ
1357 5025 1492 5095 μόνη
1543 5027 1576 5096 η
1607 5027 1686 5089 είς
1719 5026 1970 5096 Χριστόν.

396 5111 560 5182 Δύτῷ
587 5113 620 5182 ἡ
643 5111 770 5175 δόξα
804 5112 896 5164 καὶ
924 5112 984 5166 τὸ
1013 5113 1232 5182 κράτος.
1278 5113 1470 5182 Ἀμήν.

2054 1749 2219 1802 rt'mt?
2245 1749 2353 1817 Ipsi
2390 1750 2676 1818 perierunt
2696 1758 2751 1803 et
2777 1749 3029 1804 dissoluti
3053 1756 3201 1812 sunt,
3230 1763 3468 1817 veraque
3489 1764 3619 1817 pm

2053 1838 2334 1891 nuntiavit
2383 1837 2675 1902 Christus,
2720 1839 2885 1893 nobis
2931 1839 3164 1892 dicens:
3212 1857 3230 1889 ‹
3279 1838 3418 1893 Odia
3469 1840 3628 1894 eritis

2054 1929 2316 1984 omnibus
2361 1938 2588 1999 propter
2637 1945 2840 1984 nomen
2894 1945 3077 1985 meum
3107 1930 3192 1995 "';
3231 1949 3249 1981 ι
3285 1939 3343 1984 et
3377 1929 3576 1984 iterum
3609 1948 3622 1984 :

2063 2038 2081 2069 ι
2104 2019 2185 2073 Ad
2209 2034 2364 2090 reges
2389 2028 2445 2074 et
2468 2019 2535 2074 ad
2566 2019 2832 2090 praesides
2848 2019 3128 2074 ducemini
3159 2029 3384 2090 propter
3416 2037 3501 2075 me
3521 2022 3584 2074 ⁸⁸.
3602 2042 3619 2070 ο

2055 2111 2170 2168 Hoc
2213 2113 2380 2183 igitur
2417 2113 2597 2167 solum
2646 2119 2920 2181 superest,
2954 2110 3102 2180 quod
3149 2110 3482 2165 concludere
3523 2111 3624 2165 de-

2056 2203 2234 2257 beatis
2269 2220 2282 2254 :
2315 2201 2444 2258 odio
2473 2218 2673 2272 nempe
2701 2211 2885 2258 vestro
2924 2203 3214 2257 adversum
3247 2217 3370 2267 nos,
3413 2204 3628 2273 perspi-

2057 2309 2161 2348 cue
2187 2293 2580 2349 demonstratis
2618 2309 2752 2348 vera
2786 2294 3147 2364 prophetasse
3167 2292 3470 2355 Christum,
3496 2294 3626 2348 dum

2059 2385 2311 2441 diceret:
2375 2404 2394 2436 ‹
2439 2384 2578 2440 Odio
2632 2383 2790 2439 eritis
2844 2384 3103 2438 omnibus
3152 2393 3379 2454 propter
3425 2399 3628 2438 nomen

2059 2491 2263 2531 meum.
2292 2495 2331 2536 ι,
2355 2477 2548 2546 Neque
2579 2475 2713 2529 illud
2743 2483 2978 2539 tantum,
3016 2475 3112 2530 sed
3149 2477 3318 2530 multa
3361 2477 3466 2531 alia
3493 2492 3631 2546 pra:-

2059 2567 2220 2631 dixit,
2245 2583 2367 2636 quze
2393 2565 2642 2636 quotidie
2673 2567 2740 2620 ad
2768 2566 3026 2620 eﬂectum
3058 2565 3322 2635 perducta
3355 2567 3627 2634 (ξοπιερὶρί-

2059 2675 2203 2726 mus,
2251 2659 2397 2714 unde
2443 2658 2615 2728 magis
2667 2657 2724 2712 in
2779 2657 2970 2727 ipsius,
3021 2665 3083 2710 ut
3137 2657 3257 2721 Dei,
3309 2657 3630 2711 adoratioue

2060 2751 2472 2805 contirmamur.
2505 2750 2652 2804 Dixit
2684 2748 2832 2804 enim
2889 2747 3246 2818 praedicatum
3275 2747 3340 2802 iri
3389 2749 3632 2819 Evange-

2060 2842 2194 2896 lium
2227 2856 2386 2896 suum
2433 2841 2489 2894 in
2533 2840 2794 2894 universo
2827 2839 3069 2904 mundo;
3098 2839 3348 2908 praedixit
3370 2852 3506 2894 «non
3539 2856 3632 2895 re-

2061 2948 2384 2987 mansurum
2413 2931 2652 3001 lapidem
2679 2946 2848 3001 super
2865 2930 3100 3000 lapidem
3126 2931 3178 2984 in
3201 2931 3403 3000 templo
3424 2939 3624 2998 vestro,
3645 2952 3661 2984 ι

2058 3023 2233 3078 dixit:
2273 3042 2292 3074 ι
2329 3021 2429 3088 Qui
2463 3037 2572 3075 non
2610 3021 2874 3090 relinquit
2896 3029 3108 3089 patrem
3133 3028 3189 3074 et
3220 3019 3419 3075 fratres
3451 3030 3509 3074 et
3536 3036 3628 3075 so-

2059 3131 2235 3178 rores,
2267 3131 2377 3169 non
2403 3121 2586 3184 potest
2629 3113 2819 3167 venire
2855 3120 2982 3181 post
3020 3127 3106 3166 me
3131 3112 3206 3176 ⁸’;
3244 3130 3262 3163 ι
3293 3111 3361 3166 de
3394 3111 3631 3166 eleemo-

2059 3220 2190 3275 syna
2244 3204 2507 3274 praecepit
2549 3201 2734 3267 nobis,
2783 3209 2844 3257 ut
2887 3202 3126 3275 latenter
3162 3215 3281 3254 eam
3317 3200 3626 3267 faciamus;

2058 3297 2198 3351 dixit
2229 3296 2425 3350 nobis:
2459 3315 2476 3345 ι
2514 3294 2872 3364 Baptizamini
2903 3286 2956 3348 i'n
2980 3293 3202 3348 nomine
3229 3293 3408 3348 Patris
3429 3302 3483 3346 et
3507 3295 3628 3348 Filii

2057 3391 2115 3436 ct
2141 3381 2382 3451 Spiritus
2411 3382 2619 3449 sancti;
2655 3401 2674 3434 ι
2711 3390 2768 3436 et
2800 3382 3040 3436 iterum:
3071 3402 3089 3433 ι
3122 3382 3263 3437 Ecce
3307 3397 3407 3452 ego
3440 3383 3629 3436 vobis-

2059 3487 2184 3526 cum
2229 3487 2350 3527 sum
2405 3489 2580 3542 usque
2603 3472 2671 3527 ad
2701 3473 3233 3529 consummationem
3279 3473 3552 3528 saiculi“.
3604 3493 3622 3524 ι

2059 3564 2266 3633 Ecquis
2313 3565 2481 3635 igitur
2515 3563 2796 3620 Christum
2840 3565 3018 3634 possit
3069 3565 3341 3622 mendacii
3399 3581 3630 3636 arguere

2061 3654 2209 3710 circa
2238 3654 2337 3710 has
2357 3669 2549 3710 omnes
2575 3655 3005 3724 praedictiones?
3031 3657 3204 3711 Nemo
3230 3672 3361 3713 sane
3385 3673 3400 3723 ;
3429 3657 3547 3720 sed,
3572 3666 3632 3711 ut

2056 3747 2165 3816 jam
2199 3745 2460 3811 diximus,
2486 3747 2670 3802 omnia
2696 3747 2762 3801 ad
2804 3745 3062 3801 en‘ectum
3100 3748 3366 3816 perducta
3395 3758 3545 3815 sunt,
3576 3762 3632 3805 et

2061 3838 2461 3909 perducuntur.
2488 3838 2683 3894 Nonne
2709 3840 2974 3908 templum
3000 3849 3246 3894 vestrum
3277 3841 3522 3895 dirutum
3546 3853 3632 3896 est

2060 3939 2119 3985 et
2151 3929 2537 3986 combustum?
2564 3929 2759 3986 Nonne
2786 3929 3137 3999 praedicatum
3161 3939 3247 3985 est
3279 3931 3632 4002 Evangelium

2063 4024 2185 4094 ejus
2241 4023 2300 4077 in
2354 4022 2615 4077 universo
2666 4021 2913 4077 mundo?
2952 4021 3147 4078 Nonne
3195 4023 3324 4077 odio
3363 4023 3633 4078 habemur

2063 4132 2164 4171 nos
2188 4115 2488 4170 Christiani
2513 4114 2583 4169 ab
2605 4114 2863 4169 omnibus
2893 4114 3149 4184 gentibus
3174 4124 3400 4185 propter
3431 4132 3631 4172 nomen

2063 4211 2219 4280 ejus?
2256 4209 2732 4264 Nonnevidemus
2773 4209 3206 4263 innumerabiles
3233 4250 3246 4275 ,
3285 4210 3536 4280 patribus
3578 4222 3635 4266 et

1998 4312 2044 4370 ι)
2070 4301 2341 4357 matribus
2367 4301 2598 4364 relictis,
2623 4301 2776 4355 illum
2809 4301 3145 4370 sequentes?
3179 4301 3373 4357 Nonne
3418 4306 3634 4373 perspi-

2067 4393 2246 4448 cimus
2277 4403 2374 4448 aut
2401 4393 2780 4464 intelligimus,
2809 4391 2956 4462 quod
2995 4391 3250 4448 Christus
3301 4409 3426 4448 cum
3473 4395 3636 4450 nobis

2068 4485 2140 4540 sit
2165 4500 2338 4555 usque
2367 4485 2432 4538 ad
2463 4485 2993 4540 consummationem
3023 4485 3231 4550 saeculi,
3266 4500 3376 4539 non
3403 4487 3635 4556 permit-

2019 4611 2027 4619 ι
2068 4583 2190 4630 tens
2218 4576 2380 4630 ﬁdem
2411 4585 2654 4630 nostram
2687 4575 2987 4631 evacuari?
3022 4574 3157 4642 Quis
3197 4585 3283 4630 est
3317 4577 3486 4647 igitur
3516 4579 3633 4647 qui.

2071 4662 2200 4716 talia
2240 4671 2295 4716 et
2344 4670 2494 4717 tanta
2539 4676 2772 4717 cernens
2804 4661 2872 4716 ab
2907 4661 3001 4716 illo
3022 4671 3150 4717 ante
3175 4663 3519 4732 octingentos
3550 4665 3638 4719 vel

2072 4754 2267 4822 plures
2290 4767 2463 4807 annos
2485 4752 2745 4823 praedicta
2779 4752 2864 4808 vel
2890 4761 3182 4823 praecepta,
3211 4739 3457 4824 quotidie
3491 4769 3640 4810 nunc

2074 4845 2142 4899 ad
2187 4845 2444 4901 eﬂectum
2493 4861 2620 4902 cum
2679 4853 2831 4900 tanto
2875 4845 3168 4916 splendore
3215 4845 3498 4916 perducta,
3528 4862 3639 4901 non

2072 4932 2281 4992 credat,
2302 4941 2398 4986 aut
2421 4933 2826 4987 scandalizetur
2853 4933 2908 4987 in
2934 4933 3101 4988 eum?
3123 4933 3279 4987 Absit
3296 4941 3354 4987 ut
3375 4933 3497 4987 talis
3517 4935 3641 5002 quis

2071 5021 2346 5076 exsistatl
2384 5023 2462 5075 Ex
2517 5022 2603 5076 his
2640 5022 2806 5093 igitur
2855 5023 3053 5091 cuique
3081 5024 3288 5077 volenti
3329 5025 3640 5092 perspicere

2073 5113 2224 5176 licet,
2265 5113 2472 5166 nullam
2498 5112 2766 5167 exsistere
2790 5127 2957 5181 super
2983 5121 3210 5175 terram,
3243 5113 3643 5183 religiosiorem

2075 5203 2263 5266 ﬁdem,
2290 5211 2488 5272 praeter
2510 5202 2681 5256 solam
2721 5201 2884 5256 ﬁdem
2915 5195 3302 5256 in'Christum.
3337 5202 3446 5272 ipsi
3471 5201 3645 5271 gloria

2075 5304 2130 5349 et
2172 5302 2432 5364 potestas.
2463 5293 2660 5348 Amen.

480 5452 529 5488 “
565 5455 755 5510 Matth.
784 5470 896 5519 xw,
927 5456 1012 5509 i8.
1089 5457 1133 5488 ⁸⁷
1171 5454 1358 5509 Matth.
1389 5469 1442 5519 x,
1476 5451 1566 5506 22.
1647 5451 1692 5483 ⁸⁸
1723 5448 1858 5504 ibid.
1887 5449 1950 5503 l8

2056 5450 2092 5481 "
2129 5437 2318 5506 Matth.
2344 5468 2399 5516 ι,
2428 5455 2515 5509 57.
2596 5455 2640 5487 ⁸ο
2671 5455 2865 5512 Matth.
2900 5472 3085 5522 xxvm,
3124 5457 3209 5522 19,
3235 5455 3328 5513 20.

723 5659 990 5719 Ριτιιοιι.
1035 5659 1148 5720 Gn.
1199 5659 1529 5724 LXXXIX.

3165 5648 3248 5714 89
3485 5655 3490 5660 ’
