4026 6308
552 220 680 287 129.7

1737 227 1799 288 S.
1842 228 2231 286 nNASTASll
2276 225 2597 285 SlNAlTJi

3661 226 3806 291 1228

1242 594 1468 681 ΤΟΥ
1538 592 1915 680 ΑΥΤΟΥ
1990 592 2482 680 ΔΕΥΤΕΡΑ
2553 592 3111 681 ΕΡΩΤΗΣΙΣ.

1048 930 1583 1024 EJUSDEM
1691 930 2225 1021 SECUNDA
2325 926 2693 1018 INTER
2715 925 3283 1021 ROGATIO.

614 1272 681 1328 Et
708 1270 891 1328 omnia
923 1270 1143 1342 quidem
1173 1270 1241 1326 de
1277 1271 1369 1327 illo
1401 1272 1685 1343 propheta:
1715 1271 2106 1342 praedixerunt,

2281 1268 2390 1320 Καὶ
2406 1269 2513 1338 γὰρ
2538 1269 2753 1323 ἅπαντα
2770 1268 2839 1320 τὰ
2859 1285 2925 1320 πε
2934 1267 2986 1338 pl
3007 1265 3171 1322 αὐτοῦ
3187 1266 3236 1321 οἱ
3255 1268 3536 1338 προφῆται
3560 1265 3802 1338 προεκή-

547 1381 642 1420 vos
674 1374 856 1419 autem
901 1379 1010 1419 non
1047 1363 1349 1419 attenditis.
1398 1364 1455 1420 Si
1489 1379 1621 1419 vero
1667 1363 1855 1419 dicitis
1888 1381 1903 1418 :
1936 1362 2119 1429 Quare

544 1456 826 1528 prophetae
849 1456 918 1510 de
950 1465 1139 1511 vestro
1169 1456 1395 1511 Christo
1432 1457 1726 1526 loquentes
1777 1471 1887 1510 non
1930 1465 2118 1525 aperte

542 1558 601 1605 ct
647 1549 792 1604 clare
849 1549 1009 1603 nobis
1053 1548 1224 1603 locuti
1275 1549 1454 1603 sunt?
1500 1550 1570 1605 Ut
1616 1548 1872 1612 videatis,
1917 1546 2115 1607 Judaei,

542 1641 823 1697 Christum
854 1644 1069 1697 venisse
1098 1652 1154 1698 et
1200 1643 1364 1697 linem
1401 1642 1731 1713 imposuisse
1765 1641 1869 1711 legi
1905 1647 1962 1694 et
1985 1640 2118 1709 legis

543 1730 1033 1791 immolationibus.
1086 1738 1142 1786 et
1189 1731 1348 1785 vobis
1382 1730 1507 1783 dico
1553 1747 1566 1782 :
1618 1729 1777 1791 Istos,
1829 1728 1873 1782 si
1914 1726 2116 1780 nudam

542 1837 657 1878 rem
689 1822 762 1875 ita
790 1822 961 1876 locuti
991 1829 1198 1887 essent,
1230 1822 1414 1875 statim
1457 1818 1783 1889 lapidabatis
1814 1831 2118 1886 eorumque

540 1913 715 1968 libros
741 1912 1090 1967 cremabatis.
1116 1914 1229 1969 Nos
1253 1913 1476 1967 demum
1506 1912 1565 1966 in
1603 1912 1709 1966 hoc
1741 1910 2071 1980 aspiciamus
2099 1925 2113 1974 ;

540 2001 709 2055 modo
729 2001 879 2054 enim
908 2016 975 2054 ex
1009 2001 1210 2055 vestris
1240 1999 1526 2069 pr0pbetis
1569 2014 1669 2053 vos
1708 1996 2117 2059 confundimus,

538 2090 726 2145 omnia
750 2106 872 2160 quae
911 2091 981 2146 de
1011 2090 1234 2147 Christo
1275 2091 1538 2145 dixerunt
1583 2100 1875 2161 arguentes
1911 2100 1969 2144 et
2007 2102 2120 2158 prae

538 2182 699 2237 vobis
742 2192 1035 2252 ponentes.
1086 2182 1256 2237 David
1315 2182 1465 2238 enim
1522 2183 1658 2237 dicit
1703 2200 1716 2237 :
1765 2201 1784 2233 ι
1830 2180 2119 2236 lnclinavit

539 2274 712 2337 crelos
738 2284 796 2329 et
832 2274 1125 2329 descendit
1153 2276 1219 2328 εί.
1263 2293 1283 2326 ι
1320 2274 1487 2330 Isaias
1517 2274 1654 2329 dicit
1685 2292 1699 2328 :
1736 2292 1754 2324 ι
1788 2274 1929 2329 Ecce
1963 2273 2117 2341 virgo

539 2366 818 2435 concipiet
848 2374 905 2420 et
937 2366 1115 2435 pariet
1140 2364 1336 2432 lilium,
1385 2375 1442 2421 et
1472 2366 1748 2420 vocabunt
1776 2378 1975 2419 nomen
1998 2365 2119 2434 ejus

540 2456 974 2521 Emmanuel“;
1016 2474 1036 2508 ι
1088 2471 1158 2510 en
1209 2458 1331 2526 ejus
1373 2457 1654 2512 nativitas.
1711 2457 1915 2510 lterum
1972 2454 2117 2509 idem

540 2546 811 2617 propheta
841 2546 977 2600 dicit
1014 2563 1027 2599 :
1072 2564 1090 2597 ι
1128 2547 1225 2602 llle
1250 2547 1398 2601 Deus
1426 2548 1631 2605 noster.
1657 2563 1767 2601 non
1789 2546 2119 2616 disceptabit

2222 1359 2414 1429 ρυξαν,
2439 1360 2553 1413 ἀλλ’
2579 1359 2734 1427 ὑμεῖς
2759 1360 2859 1413 ούκ
2882 1359 3205 1428 ὲμϐλέπετε.
3223 1360 3355 1413 Εἰδὲ
3378 1362 3575 1428 λέγετε
3599 1361 3684 1413 ὅτι
3705 1361 3801 1413 ἐὰν

2220 1448 2271 1501 οι
2305 1448 2583 1518 προφῆται
2612 1448 2767 1519 ὑμῶν
2789 1465 2858 1501 πε
2869 1449 2922 1517 ρὶ
2946 1448 3043 1501 τοῦ
3074 1449 3309 1519 Χριστοῦ
3334 1451 3609 1512 εἰπόντες.
3632 1452 3719 1503 διὰ
3744 1451 3801 1501 τί

2224 1539 2299 1611 μὴ
2322 1540 2575 1610 φανερῶς
2599 1543 2697 1595 καὶ
2738 1541 3037 1613 δωρῤήδην
3058 1540 3212 1597 εἷπον
3236 1544 3367 1613 ήμῑν
3397 1543 3563 1610 ;“Ὀτι
3593 1544 3682 1596 ἵνα
3710 1547 3785 1596 εἰς

2220 1629 2635 1701 δῆτιῼῐουδαῐω,
2654 1631 2739 1687 ὅτι
2759 1634 2788 1685 6
2807 1633 3039 1701 Χριστὸς
3062 1632 3246 1703 μέλλει
3269 1634 3448 1686 ἐλθεῖν
3465 1633 3562 1684 καὶ
3581 1632 3788 1684 παῦσαι

2215 1723 2309 1776 τὸν
2341 1723 2505 1792 νόμον
2537 1723 2636 1776 καὶ
2659 1722 2755 1787 τὰς
2802 1723 2995 1784 θυσίας
3024 1723 3119 1776 τοῦ
3164 1722 3337 1794 νόμου
3359 1738 3375 1754 ο
3401 1723 3500 1775 καὶ
3527 1722 3673 1790 λέγω
3712 1739 3797 1774 σοι

2217 1813 2299 1865 ὃτι
2328 1812 2377 1863 εἰ
2406 1809 2559 1865 εἶπον
2588 1812 2763 1876 οὕτως
2805 1813 3013 1883 γυμνὸν
3053 1812 3115 1866 τὸ
3149 1813 3404 1883 πρᾶγμα,
3442 1813 3651 1876 εὐθέως
3692 1813 3802 1866 ἐλι-

2217 1900 2413 1965 θάζετε
2454 1901 2655 1964 αὐτοὺς
2690 1902 2786 1955 καὶ
2825 1901 2926 1965 τὰς
2977 1902 3192 1973 βίὸλους
3221 1903 3404 1957 αὐτῶν
3428 1904 3668 1957 ἑκαίετε.
3694 1905 3804 1956 Καὶ

2216 1994 2380 2063 ἡμεῖς
2408 1992 2596 2046 λοιπὸν
2625 1995 2709 2054 εἰς
2736 1991 2900 2046 τοῦτο
2930 1994 3242 2065 βλεπόμεθα
3262 2011 3278 2028 ο
3305 1994 3431 2066 ἄρτι
3454 1996 3567 2068 γὰρ
3591 1996 3658 2048 ἑκ
3687 1995 3802 2047 τῶν

2219 2084 2515 2155 προφητῶν
2557 2084 2710 2155 ὑμῶν
2767 2086 2916 2155 ὑμᾶς
2955 2086 3416 2157 καταισχύνομεν,
3455 2088 3557 2141 ὂλα
3593 2088 3665 2139 τὰ
3701 2086 3799 2139 τοῦ

2217 2178 2456 2246 Χριστοῦ
2493 2175 2554 2240 ἐξ
2589 2176 2772 2231 αὐτῶν
2803 2178 2948 2246 ὑμᾶς
2980 2177 3295 2247 ἐλέγχοντες
3331 2179 3430 2231 καὶ⁵
3471 2179 3786 2247 παριστῶν-

2216 2284 2329 2331 τες.
2370 2268 2429 2320 '0
2464 2266 2631 2321 Δαϐὶδ
2678 2266 2777 2337 μὲν
2818 2270 2928 2337 γὰρ
2974 2267 3159 2336 λέγει’
3203 2269 3498 2322 «Ἐκλινεν
3529 2270 3797 2338 οὐρανοὺς

2219 2360 2314 2413 καὶ
2347 2359 2578 2431 κατέϐη.
2611 2377 2630 2411 ι
2679 2358 2907 2422 Ίισαῖας
2935 2359 3110 2426 λέγει·
3150 2376 3170 2411 ι
3210 2359 3341 2413 Ἰδοὺ
3367 2361 3400 2430 ή
3430 2361 3707 2429 παρθένος
3741 2364 3802 2413 ὲν

2218 2451 2417 2520 γαστρὶ
2439 2450 2572 2516 ἕξει,
2603 2450 2697 2503 καὶ
2719 2449 2931 2515 τέξεται
2954 2451 3108 2512 ὐίὸν.
3142 2450 3239 2504 καὶ
3267 2452 3558 2505 καλέσουσι
3585 2452 3650 2505 τὸ
3680 2454 3804 2505 δνο-

2225 2558 2304 2613 μα
2329 2540 2496 2596 αὐτοῦ
2536 2543 2889 2613 Ἐμμανουήλ
2908 2559 2924 2574 ·
2949 2562 2968 2593 ι
2998 2542 3107 2597 ἰδοὺ
3135 2545 3168 2613 ή
3189 2543 3461 2614 γέννησις.
3494 2546 3605 2598 Καὶ
3636 2544 3801 2597 πάλιν

539 2638 681 2692 alius
713 2653 838 2692 cum
868 2638 1081 2702 illo;.et
1121 2648 1246 2707 post
1295 2638 1350 2692 in
1396 2645 1543 2693 terra
1592 2640 1746 2694 visus
1773 2649 1858 2695 est
1898 2649 1954 2694 et
1992 2653 2115 2693 cum

2218 2634 2248 2686 6
2275 2635 2438 2698 αὐτὸς
2468 2636 2755 2706 προφήτης
2795 2635 2946 2703 λέγει
2968 2651 2983 2666 ·
3028 2654 3047 2686 ι
3072 2630 3239 2699 Οὗτος
3274 2638 3302 2689 6
3337 2636 3471 2700 Θεὸς
3524 2638 3704 2707 ήμῶν,
3734 2638 3798 2691 οὗ

541 2729 864 2783 hominibus
906 2739 1268 2785 conversatus
1309 2739 1394 2785 est
1416 2731 1501 2785 “:
1544 2749 1562 2782 ι
1595 2748 1664 2785 en
1693 2732 1813 2801 ejus
1852 2746 1978 2785 cum
2010 2731 2113 2785 ho-

541 2819 788 2874 minibus
813 2820 1183 2876 conversatio.
1207 2822 1320 2875 Nec
1342 2822 1606 2891 possibile
1633 2832 1753 2877 erat
1777 2823 1938 2876 aliter
1961 2821 2115 2875 illum

539 2912 611 2966 ab
650 2910 971 2967 hominibus
992 2910 1192 2976 videri,
1212 2910 1360 2967 nuda
1382 2912 1439 2967 in
1461 2912 1751 2967 divinitate
1774 2912 2115 2977 conversari,

540 3000 649 3056 nisi
684 3000 981 3056 humanam
1013 3008 1271 3056 naturam
1320 3011 1376 3056 et
1422 3017 1644 3056 carnem
1691 3002 2021 3072 sumpsisset
2062 3012 2119 3057 et

541 3094 833 3149 induisset.
873 3094 1087 3165 Moyses
1128 3100 1368 3165 quoque,
1409 3103 1698 3164 postquam
1743 3094 1973 3166 gloriam
2019 3095 2114 3149 Dei

540 3185 795 3250 vidisset,
822 3187 897 3239 ita
929 3193 989 3239 ut
1017 3186 1314 3254 nequirent
1347 3185 1443 3239 lilii
1472 3186 1635 3239 Israel
1668 3200 1896 3241 eernere
1920 3184 2114 3239 faciem

539 3280 662 3350 ejus
693 3286 959 3348 apertam,
991 3276 1100 3331 nisi
1120 3268 1305 3331 velum
1333 3277 1706 3347 imposuisset,
1739 3277 1875 3330 dixit
1900 3278 1966 3331 ad
1993 3278 2117 3332 illos

541 3370 694 3424 haec:
730 3386 749 3421 ι
794 3366 1124 3437 Prophetam
1150 3367 1206 3421 in
1233 3366 1393 3421 vobis
1421 3382 1649 3438 surgere
1666 3368 1829 3422 faciet
1853 3368 2118 3423 Dominus

539 3463 687 3517 Deus
720 3466 911 3515 noster
940 3474 972 3515 e
1004 3458 1272 3514 fratribus
1317 3459 1519 3515 vestris
1556 3467 1814 3529 tanquam
1852 3473 1940 3513 me
1972 3458 2039 3513 ⁶⁴.
2091 3480 2109 3510 ι

539 3554 682 3621 Quid
709 3560 793 3608 est
820 3551 959 3607 illud
990 3561 1249 3610 tanquam
1275 3552 1394 3606 me?
1426 3551 1495 3608 Ut
1537 3552 1685 3606 enim
1727 3551 1927 3623 Moysis
1948 3551 2117 3606 facies

541 3645 714 3715 gloria
760 3642 1068 3698 illuminata
1116 3641 1336 3707 fuerat,
1392 3650 1450 3698 et
1493 3657 1619 3699 cum
1669 3643 1965 3713 nequirent
2018 3641 2112 3695 lilii

539 3737 704 3792 Israel
740 3734 993 3805 aspicere
1026 3734 1255 3807 gloriam
1288 3736 1432 3806 ejus,
1452 3735 1615 3790 faciei
1650 3735 1833 3789 velum
1866 3734 2116 3804 impone-

537 3822 653 3888 bat,
702 3823 776 3878 ita
817 3822 1021 3879 deinde
1067 3838 1193 3878 cum
1241 3824 1352 3880 illis
1401 3824 1871 3890 conversabatur;
1925 3824 2007 3878 sic
2059 3831 2116 3878 et

536 3915 795 3972 Christus
825 3915 921 3971 Dei
954 3915 1127 3972 Filius
1154 3931 1258 3987 pro
1285 3915 1613 3971 indumento
1644 3916 1841 3971 habuit
1866 3915 2114 3986 corporis

541 4005 942 4073 habitaculum,
977 4007 1267 4063 occultans
1312 4022 1467 4063 suam
1497 4007 1865 4070 divinitatem,
1911 4016 1969 4062 et
1995 4022 2115 4061 me-

538 4099 665 4155 dius
691 4100 867 4155 factus
918 4099 1064 4154 inter
1084 4100 1256 4155 Deum
1286 4108 1343 4155 et
1370 4098 1652 4167 homines;
1690 4100 1963 4167 medians,
1996 4114 2119 4154 me-

540 4192 649 4247 lius
678 4206 843 4261 quam
867 4191 922 4245 in
947 4190 1153 4263 Moyse,
1180 4191 1435 4247 homines
1469 4206 1595 4247 cum
1626 4193 1760 4254 Deo.
1795 4192 1965 4247 Deum
1989 4207 2115 4247 eum

539 4279 880 4336 hominibus.
924 4280 1139 4336 Elenim
1187 4280 1382 4336 melior
1411 4288 1472 4336 et
1502 4281 1678 4352 major
1719 4288 1805 4336 est
1849 4279 2118 4336 Dominus

540 4388 744 4441 servo;
778 4373 992 4445 Moyses
1024 4374 1173 4429 enim
1218 4389 1413 4430 servus
1436 4383 1577 4440 erat,
1621 4374 1877 4431 Christus
1907 4382 2114 4440 autem,

539 4472 602 4518 ut
628 4463 796 4529 Deus,
822 4463 1109 4518 Dominus.
1149 4461 1232 4519 0b
1274 4461 1409 4532 quid
1456 4462 1645 4533 igitur,
1687 4471 1944 4528 tanquam
1976 4478 2059 4516 me
2088 4463 2115 4515 ?

540 4554 624 4610 0b
646 4552 1030 4609 indumentum
1056 4563 1111 4609 et
1133 4552 1558 4617 mediationem;
1585 4562 1644 4609 et
1666 4553 1835 4623 quod,
1861 4554 2113 4623 quisquis

540 4660 653 4700 non
682 4644 873 4701 audiet
901 4645 1051 4701 hunc
1075 4646 1423 4716 prophetam,
1448 4646 1909 4701 exterminabitur
1936 4648 2119 4703 anima

538 4738 662 4802 eius
691 4750 723 4792 a
772 4737 1010 4807 populo;
1044 4745 1101 4792 et
1153 4738 1300 4807 quod
1350 4739 1454 4793 iste
1505 4747 1593 4792 est
1639 4738 1885 4794 liberans
1923 4739 2115 4806 Israel,

544 4831 721 4886 factus
773 4830 941 4885 homo
990 4830 1278 4895 Dominus,
1313 4836 1371 4885 et
1410 4845 1537 4885 eum
1592 4830 1756 4885 nobis
1801 4831 2122 4888 hominibus

543 4930 928 4985 conversatus,
964 4935 1147 4991 neque
1177 4922 1341 4977 alius.

2217 2725 2604 2797 λογισθήσεται
2655 2728 2841 2797 ἔτερος
2878 2726 3017 2797 πρὸς
3068 2727 3267 2782 αὐτόν’
3298 2728 3391 2781 καὶ
3439 2732 3581 2797 μετὰ
3627 2729 3801 2783 ταῦτα

2218 2819 2309 2871 ἐπὶ
2348 2818 2453 2887 γῆς
2497 2817 2656 2890 ὤφθη
2689 2820 2781 2873 καὶ
2809 2822 2922 2883 τοῖς
2950 2819 3259 2889 ἀνθρώποις
3286 2824 3703 2892 συνανεστράφη
3729 2839 3743 2853 ·
3770 2842 3790 2874 ι

2222 2908 2330 2963 ίδοὶ)
2361 2912 2498 2979 μετὰ
2537 2909 2648 2961 τῶν
2685 2910 2993 2980 ἀνθρώπων
3038 2910 3205 2965 αὐτοῦ
3233 2916 3649 2984 συναναστροφὴ
3668 2933 3681 2944 ·
3704 2914 3798 2968 καὶ

2217 2997 2317 3049 οὐκ
2346 2993 2414 3067 ἧν
2449 2997 2675 3050 δυνατὸν
2723 2998 2900 3062 ἄλλως
2950 3017 3068 3064 πως
3108 3000 3273 3054 αὑτὸν
3320 3005 3432 3067 τοῖς
3478 3003 3798 3075 ἀνθρώποις

2216 3087 2471 3156 ὀφθῆναι,
2497 3091 2679 3160 γυμνῇ
2720 3092 2786 3159 τῇ
2814 3088 3032 3160 θεότητι
3068 3093 3607 3165 συναναστραφῆναι,
3641 3098 3690 3149 εξ
3723 3099 3800 3168 μή

2217 3184 2318 3251 τὴν
2346 3180 2694 3253 ἀνθρωπείαν
2725 3182 2888 3251 φύσιν
2909 3183 3028 3252 ικαὶ
3061 3184 3240 3255 σάρκα
3282 3187 3513 3257 ὲφόρεσε
3559 3189 3658 3239 καὶ
3708 3192 3797 3241 ὲν-

2217 3274 2464 3327 εδύσατο.
2505 3274 2614 3327 Καὶ
2636 3275 2665 3327 6
2710 3276 2952 3345 Μωῦσῆς
2977 3277 3115 3344 μετὰ
3145 3277 3203 3330 τὸ
3233 3278 3363 3332 ἰδεῖν
3388 3281 3489 3349 τὴν
3518 3279 3681 3345 δόξαν
3702 3280 3797 3334 τοῦ

2216 3364 2375 3428 Θεοῦ,
2410 3365 2553 3419 ὥστε
2600 3366 2672 3436 μὴ
2702 3365 2963 3420 δύνασθαι
2999 3368 3124 3432 τοὺς
3149 3370 3297 3433 υίοὺς
3339 3370 3557 3443 Ἰσραὴλ
3583 3375 3718 3447 ὀρᾷν
3737 3374 3798 3425 τὸ

2219 3462 2512 3533 πρόσωπον
2551 3463 2716 3517 αὑτοῦ
2745 3465 3288 3536 ἁνακεκαλυμμὲνον,
3316 3467 3365 3520 εἰ
3396 3467 3471 3539 μή
3514 3469 3796 3524 ἐπετίθετο

2216 3552 2279 3604 τὸ
2308 3552 2599 3622 κάλυμμα,
2645 3547 2769 3605 εἷπε
2822 3554 2961 3625 πρὸς
2995 3555 3196 3619 αὐτοὺς
3218 3554 3427 3619 οὕτως·
3463 3576 3483 3609 ι
3510 3559 3637 3613 Ὅτι
3666 3576 3795 3631 προς

2219 3642 2398 3710 φήτην
2435 3640 2569 3711 ὑμῖν
2614 3640 2913 3711 ἀναστήσει
2963 3642 3214 3715 Κύριοςὸ
3251 3645 3569 3717 Θεὸςήμῶν
3599 3650 3665 3701 ὲκ
3686 3650 3794 3703 τῶν

2215 3730 2461 3799 ἀδελφῶν
2498 3732 2650 3801 ὑμῶν
2699 3731 2776 3796 ὼς
2812 3735 2934 3803 ἐμὲ.
2971 3752 2992 3786 ι
3036 3735 3102 3787 Τί
3147 3737 3263 3789 ὲστι
3302 3737 3385 3801 τὸ,
3431 3757 3450 3789 ι
3488 3740 3565 3804 ὡς
3589 3740 3733 3811 ἑμέ;
3768 3762 3787 3793 ι

2220 3822 2432 3894 Ὠσπερ
2476 3822 2586 3892 γὰρ
2624 3828 2687 3878 τὸ
2742 3827 3039 3897 πρόσωπον
3072 3827 3351 3893 Μωῦσέως
3384 3830 3672 3903 ἐδοξάσθη,
3702 3835 3798 3887 καὶ

2214 3915 2301 3969 διὰ
2325 3915 2387 3969 τὸ
2415 3918 2488 3986 μὴ
2518 3916 2779 3971 δύνασθαι
2806 3918 2937 3982 τοὺς
2960 3920 3111 3983 υίοὺς
3151 3921 3371 3992 Ἰσραήλ
3402 3924 3615 3990 ἀτενίζε
3628 3944 3673 3977 ιν
3698 3929 3796 3997 τὴν

2215 4006 2374 4072 δόξαν
2399 4008 2586 4073 αὐτοῦ,
2613 4009 2781 4063 ἐτίθει
2811 4010 3077 4082 κάλυμμα
3121 4011 3200 4083 τῷ
3232 4014 3534 4087 προσώπῳ,
3570 4014 3674 4071 εἷθ’
3703 4018 3795 4072 οῦ-

2213 4117 2324 4163 τως
2352 4101 2537 4163 αὐτοῖς
2558 4100 2755 4170 ὡμίλει
2773 4117 2787 4132 ·
2819 4102 2995 4167 οὕτως
3024 4103 3120 4158 καὶ
3147 4105 3175 4158 6
3215 4106 3453 4177 Χριστὸς
3480 4108 3511 4160 6
3543 4109 3675 4175 Υἱὸς
3693 4114 3788 4164 τοῦ

2215 4192 2349 4246 Θεοῦ
2400 4194 2523 4247 ἀντὶ
2575 4193 2876 4265 περιϐολῆς
2930 4194 3060 4267 ἔσχε
3091 4196 3184 4251 τὸν
3211 4198 3340 4252 ναὸν
3366 4199 3463 4253 τοῦ
3516 4202 3792 4272 σώματος,

2217 4284 2480 4354 κρύπτων
2531 4284 2697 4339 αὐτοῦ
2739 4285 2841 4352 τὴν
2893 4284 3156 4359 θεότητα,
3211 4292 3440 4363 μεσίτης
3502 4299 3795 4367 γενόμενος

2215 4374 2353 4430 Θεοῦ
2382 4377 2476 4430 καὶ
2518 4376 2822 4447 ἀνθρώπων
2842 4394 2857 4409 ·
2885 4380 2914 4433 6
2957 4380 3261 4448 μεσιτεύων
3302 4387 3551 4456 κρεῖττον
3572 4388 3609 4456 ἢ
3648 4391 3815 4461 παρὰ,

2219 4466 2468 4530 Μωῦσεῖ,
2523 4465 2846 4536 ἀνθρώπους
2889 4468 2989 4537 μὲν
3038 4468 3177 4540 πρὸς
3229 4468 3382 4535 Θεὸν,
3418 4471 3551 4527 Θεὸν
3576 4474 3633 4528 δὲ
3663 4476 3814 4547 πρὶςζ

2218 4556 2572 4628 ἀνθρώπους·
2611 4535 2705 4611 παὶ
2732 4558 2842 4629 γὰρ
2871 4535 3140 4629 πρείττιυν
3168 4563 3264 4615 καὶ
3288 4563 3494 4633 μείζων
3521 4535 3836 4639 δεσινι-ὀτηςίξἒ

2216 4652 2365 4721 παρὰ
2398 4649 2610 4705 δούλου.
2648 4650 2711 4702 '0
2734 4651 2846 4723 γὰρ
2872 4652 3119 4723 Μωῦσῆς
3144 4652 3332 4717 δοῦλος
3370 4656 3624 4726 ὑπῆρχεν
3642 4675 3662 4690 θ
3690 4660 3718 4712 ὁ
3739 4661 3792 4713 δὲ

2217 4743 2472 4814 Χριστὸς,
2496 4742 2621 4797 καθ’
2646 4743 2674 4797 6
2693 4743 2848 4809 Θεὸς,
2876 4746 3155 4815 Δεσπότης
3180 4765 3193 4777 ·
3226 4749 3319 4802 καὶ
3340 4749 3427 4803 διὰ
3450 4751 3633 4816 τοῦτο,
3654 4773 3671 4802 ι
3711 4754 3794 4817 Ὧς

2216 4837 2341 4906 ἐμὲ,
2369 4854 2387 4888 ι
2430 4836 2520 4891 διὰ
2568 4838 2629 4892 τὸ
2685 4838 2890 4911 ἔνδυμα
2946 4841 3039 4895 καὶ
3070 4844 3170 4914 τὴν
3212 4846 3535 4914 μεσιτείαν·
3591 4849 3686 4900 καὶ
3712 4849 3790 4900 ὅτι

2218 4929 2368 4992 ὅστις
2397 4929 2499 4982 οὐκ
2540 4929 2763 4983 ἀκούσει
2786 4929 2882 4985 τοῦ
2908 4932 3189 5004 προφήτου
3216 4934 3449 5000 ἐκείνου,
3478 4935 3792 5010 ὲξολοθρευ-

542 5012 770 5083 θήσεται
801 5014 834 5082 ή
864 5011 1016 5083 ψυχὴ
1046 5010 1211 5064 αὐτοῦ
1255 5013 1320 5065 ἐκ
1347 5011 1443 5064 τοῦ
1472 5010 1607 5065 λαοῦ
1648 5013 1847 5066 αὐτοῦ’
1888 5016 1980 5068 καὶ
2032 5016 2114 5071 ὅτι
2153 5019 2317 5081 αὑτός
2349 5019 2500 5071 ἑστιν
2554 5024 2583 5074 6
2618 5020 2982 5095 λυτρούμενος
3046 5025 3139 5079 τὸν
3173 5025 3410 5099 Ἰσραὴλ,
3453 5029 3484 5080 6
3525 5031 3792 5101 ὲνανθρω-

543 5110 725 5178 πήσας
764 5104 994 5177 Κύριος,
1043 5105 1137 5158 καὶ
1172 5106 1646 5176 συναναστραφεὶς
1681 5108 1815 5177 ήμῖν
1855 5109 1971 5170 τοῖς
2028 5109 2359 5182 ἀνθρώποις,
2388 5112 2486 5165 καὶ
2518 5113 2618 5165 οὐκ
2642 5113 2824 5177 ἄλλος.

611 5201 724 5255 Deo
771 5197 1040 5255 Jeremias
1084 5196 1306 5253 locutus
1343 5204 1429 5251 est
1480 5196 1673 5252 dicens
1721 5216 1733 5251 :

536 5273 686 5346 Deus
714 5302 924 5355 uester,
942 5305 1050 5345 non
1079 5289 1413 5360 disceptabit
1440 5289 1580 5344 alter
1597 5304 1721 5345 cum
1748 5306 1838 5353 eo,
1864 5310 1882 5343 ι
1914 5302 1969 5346 et
1995 5308 2119 5353 qua:

544 5398 871 5453 sequuntur.
920 5383 1194 5454 Propheta
1234 5397 1455 5453 quoque
1496 5382 1663 5437 Isaias
1714 5382 1849 5438 dicit
1885 5402 1897 5437 :
1945 5404 1963 5436 ι
1997 5385 2118 5440 Non

546 5477 917 5545 angelus,uec
962 5476 1195 5545 legatus,
1241 5475 1337 5529 sed
1387 5475 1502 5544 ipse
1540 5474 1808 5530 Dominus
1855 5477 2039 5532 veniet
2066 5486 2120 5531 et

1790 5217 1806 5249 ι
1834 5199 1974 5265 Quia
2028 5201 2122 5255 ille
2158 5210 2199 5264 Ι)

2302 5203 2543 5257 Ἀνωθεν
2587 5203 2855 5275 Ἱερεμίας
2880 5206 3102 5279 εἴρηκεν
3158 5207 3355 5274 εἰπὼν,
3397 5210 3481 5263 ὅτι
3519 5231 3537 5262 ι
3574 5206 3740 5274 Οὗτος
3766 5213 3792 5264 6

2224 5293 2357 5358 Θεὸς
2383 5297 2562 5367 ήμῶν,
2581 5298 2641 5351 ού
2664 5297 3042 5371 λογισθήσεται
3061 5301 3245 5374 ἕτερος
3269 5303 3407 5373 πρὸς
3428 5307 3613 5371 αὐτὸν,
3659 5326 3677 5357 ι
3705 5313 3788 5359 καὶ

2224 5390 2293 5442 τὰ
2308 5389 2456 5457 ἑξῆς.
2476 5392 2584 5443 Καὶ
2597 5393 2626 5444 6
2642 5395 2926 5464 προφήτης
2941 5393 3166 5458 Ἡσαΐας
3180 5395 3349 5463 λέγει’
3373 5416 3392 5447 ι
3413 5400 3530 5452 Οὖκ
3548 5402 3788 5468 ἄγγελος,

2226 5481 2287 5531 οὐ
2307 5481 2565 5552 πρέσϐυς,
2582 5482 2871 5552 ἀλλ’,αύτὸς
2889 5486 2917 5538 6
2933 5484 3130 5558 Κύριος
3172 5486 3290 5557 ἥξει
3306 5488 3400 5542 καὶ
3418 5486 3583 5541 σώσει
3602 5488 3786 5559 ἠμᾶγι

615 5631 655 5663 ⁸⁵
692 5627 833 5689 Ρδειι.
862 5648 994 5698 xw,
1028 5633 1115 5687 lO.
1191 5634 1236 5665 ε’
1267 5633 1364 5687 isa.
1410 5648 1507 5697 vn,
1542 5632 1624 5688 M.
1703 5634 1747 5667 ⁸³
1774 5634 1987 5689 Baruch
2046 5651 2116 5700 tu,

2218 5639 2341 5693 $-58.
2418 5636 2464 5672 “
2497 5640 2657 5694 Deut.
2692 5655 2842 5706 mu,
2868 5640 2953 5699 15.
