3910 6300
201 247 339 311 122.)

200 454 326 515 τοὺς
347 452 636 514 Ἰουδαίους
669 452 756 504 διὰ
784 454 882 519 τὴν
917 451 1071 520 ὑμῶν
1093 449 1373 502 ἀπιστίαν.
1391 447 1450 499 ⁸0
1484 444 1771 516 προφήτης

215 542 370 610 Ὠσηὲ
416 540 583 609 λέγει’
620 559 637 590 ι
677 541 905 594 Καλέσω
925 541 1016 592 τὸν
1046 540 1106 591 οὐ
1140 538 1268 591 λαόν
1293 555 1395 607 μου
1433 537 1562 589 λαόν
1585 553 1709 606 μου,
1748 554 1764 584 ι

202 635 368 702 ’ήγοαν
401 632 470 685 τὰ
508 631 879 685 πιστεύσαντα
928 632 1008 693 είς
1052 629 1385 697 αὐτὸνέθνη.
1413 625 1766 685 ΚαὶδΔαϐὶδ,

200 724 434 787 δεικνὺς,
465 723 545 774 δτι
575 724 603 773 ό
636 722 767 785 Θεὸς
788 723 877 775 διὰ
897 723 964 774 τὰ
991 720 1120 790 ἔθνη
1149 719 1485 791 σαρκοῦσθαι
1524 717 1768 787 ἔμελλεν,

202 810 374 865 εἶπεν·
415 834 432 864 ι
484 813 911 866 Ἐϐισίλευσενό
955 812 1087 875 Θεὸς
1121 814 1214 865 ἐπὶ
1267 812 1337 865 τὰ
1365 810 1516 880 ἔθνη*
1551 830 1570 861 ι
1599 810 1685 863 διὰ
1718 808 1770 859 τί

200 906 298 958 οὐκ
322 902 492 967 εἶπεν,
509 905 885 957 Ἐϐασίλευσεν
905 907 996 957 snt
1024 906 1149 967 τοὺς
1181 904 1467 980 Ἰουδαίους
1486 922 1501 968 ;
1523 903 1647 957 Ὀτι
1671 901 1771 970 μὲν

202 997 452 1067 βασιλεὺς
483 999 627 1050 ὲστιν
659 1000 686 1049 ὁ
714 996 846 1058 Θεὸς
894 997 987 1048 ἐπὶ
1030 995 1237 1057 πάντας
1275 1033 1290 1056 ,
1337 993 1495 1063 δῆλον
1536 988 1623 1064 ἦν·
1654 992 1769 1047 ἀλλ’

198 1089 298 1140 οὐκ
336 1084 402 1157 ἢν
437 1090 548 1149 τοῖς
577 1089 752 1139 ἔθνεσι
792 1086 898 1150 πρὸ
933 1086 1027 1138 τοῦ
1051 1085 1337 1139 πιστεῦσαι
1363 1087 1420 1138 ὲν
1454 1083 1769 1151 ὶπιγνὼσει,

198 1184 287 1237 διὰ
306 1184 366 1237 τὸ
388 1185 492 1236 ὑπὸ
507 1184 607 1252 τῆς
625 1182 1065 1252 εἰδωλολατρείας
1091 1181 1416 1250 κατέχεσθαι
1436 1180 1651 1242 αὐτοὺς,
1676 1178 1771 1231 καὶ

197 1274 304 1327 ὑπὸ
329 1273 436 1327 τῶν
482 1273 748 1342 δαιμόνων
806 1272 1231 1341 δεσποζομένους
1267 1269 1604 1341 τυραννικῶς
1635 1284 1651 1299 ·
1684 1267 1771 1320 διὰ

196 1366 255 1419 δὲ
306 1366 405 1435 τῆς
463 1366 730 1433 ὲνσὰρκου
787 1362 951 1416 αὐτοῦ
1005 1361 1321 1431 οἰκονομίας
1398 1358 1771 1430 ἠλευθέρωσεν

198 1458 348 1526 ἡμᾶς
387 1458 493 1510 ἀπὸ
518 1457 622 1507 τῶν
662 1454 895 1508 εἰδώλων
923 1454 1010 1507 διΞι
1037 1453 1133 1506 τοῦ
1166 1454 1296 1506 ἰδίου
1325 1453 1557 1522 αἵματος
1577 1451 1766 1513 αὑτοῦ,

196 1542 261 1600 οὗ
292 1547 505 1616 ἐξέχεεν
553 1546 647 1598 ἐπὶ
695 1546 789 1598 τοῦ
823 1544 1075 1623 σταυροῦ,
1140 1544 1234 1597 καὶ
1288 1541 1639 1597 ἐϐασίλευσεν
1690 1547 1769 1607 εἰς

199 1640 367 1709 ἡμᾶς,
400 1638 532 1692 διότι
570 1638 971 1705 ἐπιστεύσαμεν
1005 1638 1082 1700 είς
1148 1635 1329 1691 αὐτόν.
1364 1634 1455 1688 Διὸ
1481 1634 1575 1688 καὶ
1608 1635 1769 1690 πάλιν

1213 238 1665 304 DlSl’UTATlO
1701 238 2096 300 ADVERSUS
2134 241 2461 302 ΗΠ).ῐίΟᾶ

201 365 292 417 καὶ
311 362 391 414 ὅτι
408 361 634 430 ἔμελλον
653 360 719 412 τὰ
741 358 867 427 ἔθνη
887 359 1174 413 πιστεῦσαι
1198 360 1289 409 καὶ
1305 356 1606 423 ἀποστῆναι
1625 352 1764 419 ὑμᾶς

1873 354 2105 408 salvabit
2158 372 2259 409 nos
2295 358 2337 398 ὐ
2374 375 2387 420 ;
2438 378 2456 407 .-

2508 366 2563 410 et
2616 367 2806 426 gentes
2858 356 3167 412 credituras
3219 372 3375 424 esseh
3395 368 3453 413 et

1877 461 2158 505 amoturas
2186 468 2282 505 vos
2312 451 2530 506 Judmos
2561 462 2786 521 propter
2813 461 3051 506 vestram
3092 451 3453 506 incredulita-

1880 552 2010 597 tem.
2038 543 2310 613 Propheta
2333 543 2473 597 Osee
2496 543 2632 597 dicit
2667 561 2680 596 :
2722 563 2740 593 ι
2788 543 3005 598 Voeabo
3046 558 3154 597 non
3185 545 3450 613 populum

1876 645 2083 694 meum,
2131 633 2393 700 populum
2448 647 2630 699 meum
2671 633 2736 695 Μ,
2782 652 2798 682 ι
2833 632 2886 685 id
2929 642 3015 686 est
3052 631 3347 686 credentes
3397 632 3450 685 iu

1876 740 2002 778 eum
2047 736 2257 793 gentes.
2303 725 2472 778 David
2517 724 2818 778 ostendens
2861 725 3031 781 Deum
3080 725 3229 778 inter
3260 733 3453 793 gentes

1879 815 2277 868 iuearnandum
2324 830 2469 876 esse,
2514 814 2654 868 dixit
2693 831 2705 867 :
2742 832 2761 865 ‹
2802 813 3071 884 Regnavit
3092 814 3240 868 Dens
3286 830 3454 884 super

1877 914 2067 975 gentes
2084 906 2161 965 “7;
2196 923 2214 953 ι
2249 917 2348 963 cur
2376 919 2486 957 non
2504 903 2679 958 dixit:
2707 903 2976 973 Regnavit
2998 918 3166 972 super
3190 903 3456 959 Judzeos?

1880 1012 2062 1067 regem
2107 1012 2229 1051 esse
2277 998 2450 1050 Deum
2512 1012 2679 1067 super
2743 1011 2956 1062 omnes,
3018 996 3249 1053 evidens
3283 1005 3452 1063 erat;

1877 1087 1974 1142 sed
2007 1103 2116 1141 non
2145 1096 2267 1143 erat
2292 1089 2346 1141 in
2377 1088 2656 1158 gentibus,
2681 1097 2977 1156 antequam
3001 1088 3319 1154 crederent,
3352 1104 3449 1144 co-

1875 1177 2064 1247 gnitus
2090 1216 2105 1239 ,
2140 1193 2359 1247 .ncmpe
2403 1193 2526 1247 qua)
2574 1179 2629 1233 in
2662 1178 2977 1235 idololatria
3001 1191 3357 1237 versarentur
3399 1190 3455 1236 et

1877 1269 2271 1325 daemoniorum
2301 1272 2588 1341 tyrannico
2610 1272 3019 1344 subjicerentur
3040 1272 3296 1342 imperio.
3328 1274 3453 1329 Ideo

1876 1377 1976 1431 per
2029 1375 2186 1417 suam
2235 1362 2670 1419 incarnationem
2722 1379 2823 1420 nos
2866 1365 3126 1421 liberavit
3156 1365 3227 1422 ab
3268 1365 3449 1431 idolis,

1876 1469 1975 1523 per
1995 1454 2277 1524 proprium
2299 1469 2460 1509 suum
2476 1457 2999 1527 sanguinem,quem
3019 1457 3164 1514 fudit
3187 1459 3243 1513 in
3265 1475 3449 1520 cruce,

1874 1554 1931 1601 ct
1958 1547 2209 1617 regnavit
2242 1562 2413 1618 super
2452 1563 2573 1605 nos.
2616 1548 2745 1619 quia
2785 1548 3128 1604 credidimus
3170 1549 3223 1604 in
3271 1549 3447 1606 illum.

1878 1636 2112 1706 Propter
2159 1638 2307 1707 quod
2358 1647 2416 1694 et
2463 1638 2665 1694 iterum
2716 1638 2899 1695 dicit:
2936 1659 2955 1692 ι
2983 1639 3186 1697 Omnes
3236 1653 3449 1711 gentes,

196 1705 348 1797 λέγει
376 1747 389 1760 ·
422 1749 440 1779 σ
494 1731 676 1782 Πάντα
724 1728 851 1798 ἔθνη
906 1729 1013 1782 ὅσα
1083 1727 1346 1797 ἐποίησας
1379 1764 1395 1790 ,
1425 1725 1619 1797 ἥξουσι
1677 1726 1764 1781 καὶ

1875 1705 2236 1797 quascunque
2268 1728 2470 1794 fecisti,
2503 1729 2730 1784 venient
2752 1737 2808 1784 et
2826 1728 3139 1785 adorabunt
3159 1705 3346 1786 coram
3374 1738 3447 1791 te.

197 1821 668 1889 προσκυνήσουσιν
696 1817 925 1871 ἐνώπιόν
958 1835 1078 1880 σου,
1114 1817 1288 1887 Κύριε
1318 1834 1336 1865 ι
1365 1833 1379 1846 ·
1409 1816 1524 1869 ὅσοι
1578 1815 1678 1885 μὲν
1713 1818 1769 1869 ὲν

194 1911 276 1979 τῷ
298 1910 390 1962 νῦν
415 1910 568 1963 αίῶνι
595 1908 968 1979 προσέλθωσιν
991 1907 1141 1980 αὐτῷ
1163 1907 1253 1961 διὰ
1271 1906 1365 1961 τοῦ
1384 1906 1543 1976 ἁγίου
1576 1906 1739 1976 βαπτί
1755 1937 1770 1948 -

199 2019 403 2071 σξιατος
436 2017 450 2031 ·
481 2000 730 2072 καθάπερ
753 2002 781 2054 ὁ
814 2000 976 2061 αὐτὸς
1000 2000 1283 2070 προφήτης
1311 2000 1444 2068 ἡμῖν
1474 1998 1769 2069 παρῄνεσε,

194 2095 370 2160 λέων
400 2110 414 2125 ο
457 2113 474 2143 ι
515 2093 849 2162 Προσέλθατε
885 2091 1020 2161 πρὸς
1070 2091 1254 2157 αὐτὸν,
1309 2091 1403 2143 καὶ
1438 2089 1768 2159 φωτίσθητε.

195 2186 295 2239 καὶ
336 2185 405 2238 τὰ
456 2185 724 2255 πρόσωπα
763 2182 918 2252 ὑμῶν
966 2182 1025 2235 οὐ
1064 2181 1138 2253 μὴ
1172 2181 1566 2251 καταισχυνθῇ.
1602 2200 1621 2233 ι
1658 2183 1770 2234 Καὶ

196 2282 359 2342 ἄλλος
385 2280 668 2349 προφήτης
693 2277 861 2343 λέγει·
904 2295 923 2328 t
959 2274 1256 2338 Λούσασθε,
1280 2273 1512 2343 καθαρώ⁸
1531 2274 1767 2343 γίνεσθε,

195 2372 425 2438 ἀφέλετε
456 2371 552 2434 τὰς
574 2369 836 2439 πονηρίας
855 2368 887 2420 ὑ
895 2365 1010 2436 μῶν
1029 2367 1138 2420 ἀπὸ
1162 2366 1270 2418 τῶν
1298 2364 1535 2436 καρδιῶν
1556 2365 1731 2435 ὑμῶν.
1747 2385 1764 2417 ι

194 2463 309 2514 Καὶ
364 2461 412 2511 εί
444 2458 615 2520 οὕτως
666 2456 817 2527 αὐτῷ
856 2455 1220 2526 προσέλθωσι,
1262 2453 1452 2525 μισθὸν
1505 2453 1766 2524 λήψονται

194 2553 297 2621 τῆς
323 2552 575 2613 πίστεως,
594 2549 654 2609 τὸ
667 2549 836 2619 χωρὶς
859 2548 1109 2619 λατρείας
1128 2548 1293 2616 νόμου
1307 2545 1398 2600 διὰ
1416 2546 1515 2615 τῆς
1535 2544 1770 2608 πίστεως

197 2643 439 2712 σωθῆναι
462 2657 473 2670 ·
506 2641 618 2693 ὅσοι
646 2641 703 2692 δὲ
720 2638 813 2692 νῦν
833 2640 908 2710 μὴ
937 2637 1236 2708 θελήσωσιν
1257 2632 1406 2706 αὑτῷ
1427 2636 1767 2704 προσελθεῖν,

194 2739 254 2787 ἐν
279 2734 355 2802 τῷ
383 2731 625 2802 μέλλοντι
652 2730 827 2795 αἰῶνι,
852 2732 948 2783 καὶ
981 2729 1057 2801 μὴ
1086 2728 1424 2798 βουλόμενοι,
1452 2726 1614 2780 αὐτὸν
1640 2744 1740 2796 μετ
1757 2727 1771 2748 ‘

196 2824 459 2895 αἰσχύνης
477 2822 718 2892 μεγάλης
749 2822 844 2875 καὶ
865 2821 1032 2889 φόϐου
1055 2820 1149 2873 καὶ
1165 2802 1367 2891 τρόμου
1391 2817 1586 2872 πολλοῦ
1607 2834 1771 2889 προσ-

194 2916 506 2983 κυνήσουσι⁸
534 2912 717 2974 καθὼς
744 2914 774 2964 ὁ
795 2910 1079 2981 προφήτης
1108 2905 1254 2962 εἶπε·
1289 2925 1309 2961 t
1341 2908 1538 2980 Κύριε,
1565 2907 1767 2978 ὑψηλός

198 3021 294 3057 σου
322 3004 350 3055 ὁ
400 3002 658 3074 βραχίων,
705 3002 800 3056 καὶ
820 3001 919 3055 οὐκ
949 3000 1178 3065 ἔδεισαν,
1208 3020 1227 3053 ι
1264 3001 1431 3073 ήγουν
1487 3001 1583 3055 νῦν
1637 3001 1766 3071 ήπί-
1791 3039 1838 3098 C

196 3111 420 3164 στησαν·
452 3113 468 3143 (
495 3094 714 3160 γνόντες
744 3094 800 3147 δὲ
834 3092 1307 3164 αἰσχυνθήτωσαψ
1335 3114 1357 3147 ι
1405 3095 1683 3150 τουτέστιν
1704 3097 1763 3149 ἐν

194 3186 275 3254 τῷ
290 3150 535 3255 μελίλοντι
563 3184 621 3237 ὃν
636 3183 730 3238 νῦν
754 3184 1060 3254 ἠπίστησαν
1085 3186 1340 3254 Χριστὸν,
1369 3186 1489 3239 τότε
1514 3186 1756 3253 γνώσον-

193 3295 287 3331 ται
320 3277 411 3329 καὶ
445 3276 921 3346 οὶσχυνθήσονται,
955 3277 1051 3331 καὶ
1077 3276 1156 3346 τῷ
1185 3277 1437 3347 ἀσϐέστῳ
1468 3279 1605 3350 πυρὶ
1634 3279 1763 3348 παρ’

194 3371 359 3425 αὐτοῦ
379 3370 937 3440 παραπεμφθήσονται
960 3371 1194 3433 αίωνίως
1223 3369 1684 3439 κολαζόμενοι-δτι
1701 3373 1766 3424 ὲκ

195 3464 334 3517 Σιὼν
375 3464 565 3534 ἔμελλε
591 3461 952 3532 φανεροῦσοαι
990 3464 1018 3515 ὁ
1040 3461 1294 3532 Χριστὸς.
1317 3465 1413 3515 καὶ
1439 3462 1522 3515 δτι
1539 3461 1765 3526 ὕψιστος

191 3558 330 3615 ἐστι,
358 3556 452 3609 καὶ
471 3554 631 3612 αὐτὸς
645 3554 745 3623 τὴν
768 3551 905 3605 Σιὼν
931 3551 1309 3621 ὲθεμελίωσεν.
1339 3550 1547 3608 Εἷπενό
1574 3555 1760 3616 Δαϐὶδ,

200 3665 218 3696 ι
258 3647 458 3714 Μήτηρ
486 3643 644 3706 Σιὼν,
688 3644 804 3711 ἐρεῖ
827 3643 1130 3712 ἄνθρωπος,
1151 3642 1247 3696 καὶ
1293 3643 1580 3715 ἄνθρωπος
1609 3647 1764 3712 ὲγεν-

193 3735 331 3806 νήθη
355 3737 411 3787 ὲν
437 3734 705 3804 αὒτῇ,καὶ
735 3734 897 3796 αὐτὸς
929 3734 1289 3804 ἐθεμελίωσεν
1336 3736 1508 3806 αὐτὴν
1545 3737 1573 3789 ὁ
1601 3735 1763 3804 Ὕψι-

194 3842 339 3889 στος.
379 3843 398 3877 ι

266 3912 387 3967 Ὅτι
423 3913 482 3967 δὲ
533 3912 892 3984 βαπτισθῆναι
925 3915 982 3965 ἐν
1027 3911 1105 3984 τῷ
1131 3911 1392 3987 Ἰορδάνῃ,
1430 3913 1521 3968 καὶ
1559 3930 1761 3984 μαρτυ-

193 4006 424 4077 ρηθῆναι
461 4006 624 4059 αὑτὸν
668 4003 871 4059 ἄνωθεν
900 4004 1053 4075 παρὰ
1075 4005 1170 4059 τοῦ
1216 4005 1353 4059 Θεοῦ
1384 4004 1480 4060 καὶ
1522 4006 1755 4077 Πατρός,

188 4087 332 4145 εἷπε·
376 4111 393 4144 ι
424 4090 580 4161 Φωνὴ
618 4091 822 4162 Κυρίου
862 4094 955 4163 ἐπὶ
984 4093 1211 4147 ὑδάτων*
1235 4096 1264 4149 ό
1297 4095 1431 4158 Θεὸς
1455 4095 1555 4165 τῆς
1599 4095 1757 4167 δόξης

186 4181 502 4252 ἐϐρόντησε·
529 4180 730 4253 Κύριος
753 4181 845 4234 ἐπὶ
863 4180 1069 4237 ὑδάτων
1100 4181 1310 4236 πολλῶν
1337 4223 1353 4237 .
1394 4201 1412 4234 ι
1440 4184 1562 4239 Ὅτι
1598 4185 1759 4239 δὲδιὶ

184 4274 283 4328 τοῦ
298 4273 455 4342 ἁγίου
478 4273 851 4344 βαπτίσματος
871 4273 1156 4345 συνέτριψε
1169 4275 1259 4328 τὸν
1279 4274 1521 4330 διάϐολον
1547 4278 1640 4331 καὶ
1659 4281 1756 4343 τὰς

1874 1818 2107 1874 Domine
2143 1817 2210 1883 ⁸⁸,
2250 1839 2270 1871 ι
2302 1828 2576 1889 quotquot
2609 1819 2666 1874 in
2716 1820 2825 1875 hoc
2854 1823 3110 1891 praesenti
3150 1821 3351 1877 saeculo
3381 1821 3448 1876 ad

1872 1907 2029 1963 illum
2076 1917 2351 1964 venerunt
2400 1924 2498 1978 per
2542 1921 2795 1965 sanctmn
2832 1909 3151 1980 baptisma;
3196 1919 3256 1965 ut
3302 1910 3447 1966 idem

1871 2000 2140 2069 propheta
2175 1999 2336 2056 nobis
2373 2001 2646 2070 prmdixit.
2676 2001 2901 2058 dicens:
2937 2021 2957 2054 ι
2981 2002 3175 2059 Venite
3201 2002 3269 2058 ad
3298 2018 3448 2063 cum,

1870 2101 1928 2145 et
1970 2091 2376 2157 iiiuminamini,
2422 2101 2480 2147 et
2512 2092 2680 2148 facies
2710 2109 2907 2150 vestrae
2951 2110 3061 2150 non
3104 2095 3449 2151 confundan-

1873 2192 1963 2235 tur
1988 2183 2055 2236 θ’.
2102 2203 2119 2233 ι
2153 2183 2308 2238 Alius
2355 2200 2579 2255 quoque
2630 2186 2897 2256 prepheta
2951 2185 3130 2240 dicit:
3170 2204 3189 2237 ι
3223 2185 3451 2240 Munda-

1871 2275 2029 2341 mini,
2053 2277 2176 2346 puri
2199 2279 2535 2340 eﬂlciamini,
2554 2277 2770 2333 auferte
2795 2276 3117 2347 iniquitates
3137 2291 3168 2331 a
3184 2276 3451 2331 cordibus

1872 2367 2069 2421 vestris
2100 2367 2165 2420 7°.
2200 2387 2218 2419 ι
2254 2367 2309 2423 Si
2373 2368 2442 2423 ad
2489 2369 2640 2422 illum
2698 2366 2775 2422 ita
2821 2367 3074 2431 veniunt,
3135 2367 3446 2423 mercedem

1872 2456 1999 2515 fidei
2041 2457 2314 2528 accipient
2345 2469 2407 2515 ut
2451 2458 2570 2516 sine
2598 2458 2738 2530 legis
2787 2458 3104 2513 ministerio
3147 2473 3248 2527 per
3285 2458 3446 2513 fidem

1870 2546 2172 2603 salventur.
2201 2548 2486 2618 Quotquot
2507 2559 2692 2605 autem
2725 2545 2873 2603 nunc
2900 2547 2971 2603 ad
3007 2548 3164 2603 illum
3194 2562 3307 2602 non
3346 2562 3445 2601 vo-

1871 2635 2081 2691 luerint
2104 2637 2316 2699 venire,
2342 2638 2397 2711 in
2428 2638 2616 2697 futuro
2645 2638 2850 2692 saeculo
2874 2652 2985 2692 non
3015 2636 3267 2692 volentes
3292 2636 3445 2690 iilmn

1872 2742 2000 2782 cum
2022 2729 2352 2784 confusione
2376 2745 2568 2801 magna
2597 2739 2654 2785 et
2685 2729 2883 2787 timore
2913 2737 2969 2786 et
3003 2737 3246 2795 tremore
3272 2730 3448 2783 multo

1870 2817 2220 2884 adorabunt;
2256 2828 2317 2875 ut
2356 2821 2624 2891 propheta
2687 2820 2827 2875 dixit
2859 2837 2872 2873 :
2911 2838 2931 2871 ι
2972 2819 3225 2889 Domine,
3274 2819 3445 2875 altum

1869 2918 1956 2965 est
1984 2909 2272 2969 brachium
2311 2919 2490 2973 tuum,
2520 2918 2578 2965 et
2607 2925 2716 2966 non
2762 2909 3069 2964 timuerunt
3092 2909 3162 2973 “,
3198 2927 3219 2961 ι
3252 2908 3307 2962 id
3332 2917 3440 2971 est,

1870 3019 1981 3058 non
2020 3019 2169 3059 nunc
2196 3003 2583 3068 crediderunt;
2617 3022 2636 3054 ι
2665 3012 3064 3072 cognoscentes
3086 3008 3272 3071 autem
3312 3014 3447 3056 eon-

1874 3092 2198 3156 fundentur,
2238 3112 2256 3145 ›
2292 3094 2439 3163 quod
2469 3104 2574 3156 est,
2621 3094 2677 3147 in
2721 3093 2933 3156 futuro,
2972 3105 3135 3161 quem
3158 3105 3308 3145 nunc
3336 3106 3448 3145 non

1872 3184 2229 3239 crediderunt
2251 3183 2550 3248 Christum,
2579 3191 2712 3238 tunc
2735 3188 3073 3254 cognoscent
3113 3189 3170 3236 et
3216 3180 3447 3236 confun-

1873 3275 2101 3343 dentur,
2151 3286 2209 3332 et
2256 3276 2696 3348 inexstinguibili
2747 3274 2861 3346 igni
2903 3274 2974 3329 ab
3019 3273 3115 3331 illo
3162 3273 3450 3329 tradentur

1871 3380 2139 3423 aeternum
2190 3370 2494 3438 puniendi;
2543 3368 2672 3438 quia
2714 3382 2782 3423 ex
2824 3366 2958 3422 Sion
3006 3366 3237 3423 debebat
3273 3366 3449 3442 mani;

1872 3455 2056 3513 (θείετί
2081 3457 2357 3519 Christus,
2391 3468 2447 3512 et
2467 3458 2596 3527 quia
2623 3457 2939 3517 Altissimus
2959 3467 3065 3523 est,
3091 3467 3148 3514 et
3175 3457 3292 3526 ipse
3315 3457 3446 3513 Sion

1871 3543 2144 3599 fundavit.
2185 3544 2333 3599 Dixit
2361 3545 2530 3601 David
2565 3562 2580 3600 :
2628 3565 2646 3596 ι
2680 3547 2855 3601 Mater
2876 3546 3033 3613 Sion,
3062 3545 3211 3602 dicet
3241 3546 3404 3601 homo
3429 3585 3447 3609 ,

1870 3644 1928 3689 et
1953 3635 2118 3689 homo
2138 3644 2302 3691 natus
2330 3645 2415 3691 est
2451 3637 2508 3691 in
2531 3652 2618 3702 ea,
2663 3647 2722 3693 et
2755 3638 2873 3709 ipse
2906 3637 3159 3697 fundavit
3191 3654 3310 3695 eam
3355 3638 3447 3694 Al-

1872 3727 2118 3784 tissimus
2146 3729 2212 3782 ".
2253 3748 2271 3778 ι

1938 3907 2092 3973 Quod
2123 3916 2306 3963 autem
2336 3906 2649 3979 baptizatus
2681 3908 2787 3962 fuit
2814 3906 2870 3963 in
2905 3906 3167 3972 Jordane,
3197 3916 3253 3962 et
3284 3908 3445 3962 testi-

1867 3996 2115 4055 monium
2156 3996 2234 4051 illi
2275 3995 2462 4052 datum
2507 4007 2593 4052 est
2629 3997 2685 4051 in
2726 3996 2882 4053 ctelis
2923 4013 2955 4053 a
2995 3997 3107 4052 Deo
3146 4007 3205 4053 ct
3261 3995 3441 4056 Patre.

1865 4091 2006 4146 dixit
2037 4109 2050 4144 :
2091 4111 2108 4142 ι
2134 4091 2248 4146 Vox
2282 4091 2496 4147 Domini
2524 4106 2692 4161 super
2718 4105 2888 4161 aquas
2923 4106 2941 4157 ;
2972 4089 3113 4146 Deus
3141 4090 3329 4160 gloriae
3360 4090 3444 4142 in-

1868 4182 2087 4248 tonuit;
2143 4183 2404 4237 Dominus
2456 4197 2622 4252 super
2659 4198 2829 4253 aquas
2889 4182 3092 4237 multas
3115 4183 3181 4236 ⁷⁸.
3214 4200 3232 4233 ι
3285 4182 3438 4248 Quod

1864 4281 2047 4328 autem
2072 4288 2172 4343 per
2201 4282 2451 4329 sanctum
2498 4289 2663 4333 suum
2703 4273 2977 4343 baptisma
3015 4272 3275 4329 contrivit
3318 4273 3439 4327 dia-

184 4366 442 4436 δυνάμεις
462 4364 648 4429 αὑτοῦ,
665 4364 832 4435 λέγει*
857 4384 875 4416 ι
898 4366 1046 4419 Ἐκεῖ
1061 4366 1385 4437 συνέτριψας
1400 4368 1498 4431 τὰς
1515 4369 1755 4437 κεφαλὰς

1870 4362 2049 4418 bolum
2098 4374 2155 4419 et
2188 4373 2485 4434 potestates
2535 4367 2675 4436 ejus,
2730 4365 2913 4421 dicit:
2967 4384 2986 4416 ι
3020 4365 3099 4420 lbi
3146 4373 3440 4420 conterens

185 4455 296 4509 τῶν
315 4456 623 4536 δρακόντων
653 4457 747 4511 ἐπὶ
777 4456 871 4511 τοῦ
912 4456 1106 4521 ὓδατος
1136 4475 1149 4488 ·
1181 4478 1201 4510 ι
1230 4461 1477 4514 τουτέστι
1509 4461 1618 4514 τῶν
1643 4462 1758 4516 δαι-

190 4548 391 4619 μόνων.
426 4549 765 4613 Συνέθλασας
796 4550 895 4621 τὴν
914 4549 1155 4621 κεφαλὴν
1178 4550 1275 4603 τοῦ
1298 4552 1611 4622 δράκοντος,
1634 4570 1758 4606 του-

183 4640 338 4693 τέστι
362 4639 457 4693 τοῦ
480 4640 750 4695 διαϐόλου.
769 4640 842 4694 Τὸ
854 4640 944 4707 δὲ,
975 4640 1205 4713 ποιητὴς
1232 4642 1482 4712 οὐρανοῦ,
1511 4645 1607 4697 καὶ
1633 4645 1756 4714 γῆς,

185 4733 282 4786 καὶ
321 4732 618 4804 θαλάσσης,
642 4734 805 4798 αὐτός
830 4735 978 4786 ἐστιν
1006 4735 1034 4788 ὁ
1053 4735 1306 4806 Χριστὸς,
1332 4736 1426 4788 καὶ
1453 4736 1512 4789 ὲν
1548 4741 1614 4807 τῇ
1665 4736 1760 4790 θα-

184 4825 366 4896 λάσσῃ
392 4825 763 4896 περιπατῆσαι
807 4827 968 4880 αὐτὸν
1002 4827 1078 4890 ὠς
1131 4826 1225 4879 ἐπὶ
1254 4826 1515 4898 ἐδάφους,
1552 4828 1647 4883 καὶ
1676 4829 1758 4885 ὅτι

188 4916 362 4980 ἰάσεις
424 4915 624 4978 πολλὰς
665 4916 888 4987 ποιῆσαι
935 4918 993 4970 ὲν
1051 4916 1132 4988 τῷ
1173 4916 1307 4986 λαῷ,
1358 4919 1453 4971 καὶ
1501 4919 1584 4971 δτι
1617 4919 1758 4990 ὑπὲρ

184 5006 281 5059 τοῦ
349 5008 554 5077 κόσμου
614 5006 807 5078 ἔμελλε
863 5009 1092 5072 παθεῖν,
1123 5010 1156 5078 ἠ
1187 5007 1371 5079 βίϐλος
1417 5007 1537 5063 Ἰὼϐ
1586 5011 1757 5075 οὕτως

184 5096 333 5165 λέγει
357 5116 372 5132 ο
416 5119 435 5151 ι
473 5101 530 5153 '0
583 5101 820 5164 τανύσας
848 5103 937 5154 τὸν
972 5103 1198 5173 οὐρανὸν
1222 5101 1413 5173 μόνος,
1462 5103 1490 5155 ὁ
1518 5120 1756 5174 πριπα-

185 5191 359 5260 τήσας
407 5192 499 5245 ἐπὶ
533 5191 806 5264 θαλάσσης
831 5194 907 5257 ὡς
958 5195 1052 5247 ἐπὶ
1082 5193 1333 5263 ἐδάφους.
1376 5212 1393 5243 ι
1432 5193 1589 5247 Καὶὸ
1622 5211 1758 5263 προ-

183 5284 366 5352 φήτης
401 5283 564 5352 λέγει·
597 5303 614 5335 ι
666 5285 798 5339 Τότε
848 5285 1113 5355 ὀφθαλμοὶ
1142 5283 1356 5353 τυφλῶν
1410 5283 1757 5356 ἁνοιχθήσον-

183 5390 298 5441 ται,
343 5377 438 5430 καὶ
481 5377 651 5448 τρανὴ
688 5379 841 5431 ἔσται
888 5376 1108 5444 γλῶσσα
1178 5374 1481 5444 μογιλάλων
1511 5390 1522 5402 ’
1564 5375 1684 5429 τότε
1732 5378 1761 5429 δ

249 5525 295 5557 ⁸³
328 5527 433 5581 lsa.
472 5540 632 5589 uxr,
662 5523 715 5580 ὅ.
793 5526 838 5557 ⁸⁸
869 5525 1007 5581 Osce
1035 5544 1094 5584 ιι.
1128 5530 1199 5584 νι
1225 5544 1240 5595 ;
1269 5530 1430 5595 Rom.
1467 5544 1536 5588 ις,
1564 5529 1653 5582 σε.

176 5597 224 5626 το
255 5597 356 5652 ιω.
393 5615 426 5654 ι.
461 5598 547 5652 16,
626 5598 670 5627 ⁷¹
701 5596 925 5651 .llaluch.
956 5614 1035 5663 i.l,
1075 5601 1127 5656 5.

178 5668 225 5698 ’⁸
258 5669 357 5722 isa.
398 5682 554 5732 uxr,
588 5667 677 5721 25.
716 5690 725 5699 ι

1206 5594 1243 5630 ⁷²
1274 5594 1393 5654 Ρ-ἰιι
1469 5617 1681 5665 Luxu,
1716 5601 1768 5655 5.

1859 4454 2038 4526 capita
2072 4455 2372 4511 draconum
2398 4457 2455 4510 in
2484 4456 2703 4526 aqua“,
2736 4475 2754 4507 ›
2783 4457 2838 4511 id
2868 4464 2974 4523 est,
3005 4455 3435 4521 daemoniorum;

1859 4554 2152 4602 conterens
2200 4554 2365 4618 caput
2414 4548 2695 4613 draconis,
2750 4547 2805 4603 id
2855 4534 2961 4613 est,
3018 4547 3244 4604 diaboli.
3298 4546 3437 4602 Illud

1857 4650 2076 4701 autem,
2126 4636 2359 4693 Creator
2407 4639 2532 4695 coeli
2566 4648 2623 4694 et
2656 4647 2817 4695 terra!
2863 4648 2922 4695 et
2953 4639 3142 4706 maris,
3199 4638 3317 4709 ipse
3353 4647 3439 4692 est

1856 4730 2128 4795 Christus,
2162 4731 2310 4802 quod
2333 4731 2388 4786 in
2419 4732 2557 4787 mari
2590 4733 2895 4795 ambulavit
2921 4740 2983 4789 ut
3015 4734 3072 4788 in
3098 4734 3434 4804 pavimento,

1856 4825 2003 4896 quod
2033 4828 2346 4887 curationes
2365 4828 2564 4885 multas
2585 4811 2715 4884 fecit
2739 4829 2795 4884 in
2822 4830 3046 4901 populo;
3069 4840 3126 4886 et
3144 4844 3244 4900 pro
3272 4845 3435 4884 mun-

1856 4919 1927 4974 do
1958 4918 2153 4975 debuit
2182 4921 2315 4991 pati,
2346 4921 2487 4977 liber
2506 4921 2610 4976 Job
2640 4923 2715 4977 ita
2739 4923 3021 4992 loquitur:
3061 4942 3080 4975 ι
3110 4919 3219 4990 Qui
3235 4922 3434 4977 cadum

1858 5009 2093 5064 tetendit
2138 5010 2311 5070 solus.
2387 5010 2674 5066 ambulans
2728 5011 2784 5068 in
2844 5011 2982 5067 mari
3036 5018 3098 5068 ut
3160 5010 3233 5081 in
3280 5011 3437 5080 pavi-

1860 5110 2047 5155 mento
2069 5101 2153 5166 ‘5;
2188 5119 2208 5152 ι
2240 5101 2511 5171 propheta
2543 5102 2765 5173 quoque
2794 5103 2931 5159 dicit
2963 5122 2978 5158 :
3015 5122 3034 5155 ι
3084 5103 3238 5159 Tunc
3288 5100 3432 5171 oculi

1860 5206 2130 5247 caecorum
2152 5193 2492 5262 aperientur,
2511 5202 2568 5249 et
2592 5195 2772 5250 soluta
2787 5196 2896 5250 erit
2919 5196 3105 5267 lingua
3121 5205 3395 5252 mutormu
3416 5213 3434 5262 ;

1862 5292 1994 5338 tunc
2024 5282 2252 5339 chudus
2283 5294 2346 5338 ut
2375 5299 2575 5339 cervus
2601 5287 2759 5341 saliet
2783 5286 2850 5339 ".
2882 5306 2902 5338 ι
2938 5285 3094 5353 Quod
3122 5294 3307 5341 autem
3341 5285 3436 5339 dc-

1860 5375 2025 5431 hebat
2056 5376 2320 5431 Dominus
2350 5387 2538 5431 noster
2563 5377 2722 5433 Jesus
2760 5378 3014 5433 Christus
3044 5377 3099 5432 in
3127 5377 3433 5433 Jerusalem

1730 5530 1776 5560 "
1810 5530 1951 5586 Psal.
1985 5546 2130 5589 νων.
2163 5531 2215 5585 9.
2299 5530 2343 5561 ⁸⁸
2371 5529 2512 5586 Psal.
2553 5543 2742 5588 uim.
2775 5527 2829 5582 9.
2906 5529 2951 5561 θ’
2983 5526 3125 5581 rm.
3165 5539 3353 5584 xxx-ri.
3377 5530 3430 5582 (ἱ.

1856 5602 1896 5633 ⁷⁸
1928 5602 2073 5659 Psat.
2109 5617 2299 5662 xum,
2326 5601 2380 5656 5.
2456 5596 2671 5654 “Psal.
2697 5614 2882 5665 LXXIII,
2923 5599 3005 5654 l3.
3081 5599 3250 5654 "Job
3281 5613 3353 5658 is,
3378 5604 3429 5651 8.

3408 5733 3449 5760 δ
