4026 6308
632 286 766 352 1231

1829 295 1889 354 S.
1931 293 2328 354 ANAS‘TASII
2371 293 2696 353 SINAITE

3779 294 3931 358 1232

625 407 844 479 ingredi
875 408 1074 463 sedens
1107 409 1161 462 in
1199 410 1350 479 pullo
1384 411 1522 464 asini
1555 410 1862 482 subjugalis
1889 413 2047 481 quast
2090 427 2202 475 rex,

2313 409 2484 479 χωλὸς
2509 409 2584 472 ὡς
2634 407 2829 476 ἔλαφος
2881 407 3091 459 άλεῖται
3129 424 3148 458 s
3182 446 3195 460 .
3234 406 3353 459 Ὀτι
3391 405 3448 458 δέ
3489 405 3665 461 ἰλθεῖν
3717 407 3922 477 ἔμελλε

626 501 894 570 propheta
920 501 1215 556 Zacharias
1237 503 1371 558 dicit
1397 521 1410 556 :
1456 503 1707 558 «Exsulta
1731 504 1886 564 satis.
1918 504 2024 557 lilia
2053 502 2206 569 Sion,

2309 505 2338 556 6
2369 502 2572 572 Κύριος
2606 500 2762 572 ήμῶν
2813 499 3020 570 Ἰησοῦς
3061 501 3294 570 Χριστὸς
3332 497 3426 552 τοῦ
3480 499 3679 552 παθεῖν
3714 503 3772 555 ἐν
3817 503 3921 554 Ἱε-

615 593 816 660 jubila,
847 592 958 647 ﬁlia
981 591 1284 648 Jerusalem
1314 612 1328 659 ;
1362 609 1491 648 ecce
1524 610 1616 649 rex
1667 604 1798 650 tuus
1844 595 1997 650 venit
2033 596 2202 666 justus

2315 595 2598 666 ρουσαλὴμ
2648 591 3016 662 καθεζόμενος
3062 593 3156 646 ἐπὶ
3216 593 3398 646 πώλου
3441 594 3565 646 ὄνου
3603 594 3919 660 ὑποζυγίου

620 696 678 740 ct
720 686 1000 752 salvator;
1045 687 1161 755 ipse
1196 702 1406 756 pauper
1442 698 1499 742 et
1543 688 1848 742 ascendens
1885 703 2051 757 super
2078 689 2202 741 sub-

2311 687 2385 750 ὡς
2420 685 2675 756 βασιλεὺς
2733 682 2958 755 παρὼν,
2991 685 3020 736 6
3051 684 3339 755 προφήτης
3378 683 3662 754 Ζαχαρίας
3709 684 3870 751 λέγει
3899 699 3912 712 ·

613 777 856 848 jugaleni
881 786 937 830 et
957 792 1126 846 super
1152 779 1362 846 pullum
1388 778 1454 831 ⁷⁷.
1481 797 1498 827 ι
1527 778 1680 843 Quod
1703 796 1733 832 a
1756 778 1976 840 vestris,
2011 778 2210 842 Judaei,

620 869 807 937 pueris
845 889 862 920 ι
901 871 1156 944 llosanna
1189 889 1208 922 ι
1243 870 1537 925 clamatum
1565 879 1670 937 est,
1703 871 1815 924 Deo
1855 869 1990 924 illud
2033 870 2212 938 inspi-

617 971 796 1027 rante,
817 961 980 1015 David
999 963 1435 1033 prophetizavit:
1464 983 1481 1014 ι
1504 965 1580 1018 Ex
1593 980 1689 1018 ore
1708 964 2001 1018 infantium
2019 972 2076 1016 et
2101 963 2212 1016 lac-

617 1052 852 1107 tentlum
895 1055 1172 1124 perfecisti
1206 1056 1425 1110 laudem
1447 1057 1513 1108 ’⁸.
1540 1075 1560 1106 ι
1596 1056 1760 1110 Isaias
1779 1064 1962 1110 autem
1997 1073 2008 1108 :
2037 1075 2054 1105 ι
2084 1054 2206 1124 Ipse

616 1141 964 1200 infirmitates
993 1155 1214 1201 nostras
1244 1148 1374 1201 tulit
1409 1157 1465 1203 et
1513 1147 1804 1219 languores
1849 1147 2108 1217 portavit,
2147 1154 2205 1200 et

615 1252 716 1306 pro
749 1237 910 1292 nobis
939 1238 1280 1308 allligitur".
1310 1259 1329 1290 ι

612 1333 822 1401 νηπίω)
887 1335 979 1385 καὶ
1014 1332 1355 1403 θηλαζόντων
1403 1336 1717 1406 κατηρτίσω
1756 1331 1923 1390 αἶνον.
1955 1355 1972 1388 ι
2008 1335 2067 1388 '0
2132 1333 2189 1386 δὲ
2245 1329 2328 1384 Ἦι
2355 1330 2494 1391 ita,"
2529 1347 2547 1380 ι
2585 1327 2756 1392 Αὐτὸς
2800 1328 2899 1392 τὰς
2951 1328 3235 1391 ἀσθενείας
3278 1329 3435 1400 ήμῶν
3474 1324 3614 1400 ἦρε,

614 1426 804 1485 νόσους
833 1425 1120 1490 ἐϐάστασε,
1159 1428 1254 1478 καὶ
1283 1427 1420 1497 ὑπὲρ
1448 1430 1480 1497 ή
1491 1429 1606 1496 μῶν
1635 1429 1909 1484 ὀδυνᾶται.
1961 1446 1980 1481 s

683 1515 878 1571 Nonne
909 1517 1078 1581 vides,
1114 1517 1372 1582 oJudzee,
1417 1521 1695 1588 quomodo
1721 1519 2040 1590 oportuerit
2089 1517 2196 1572 im-

609 1609 750 1676 pleri
783 1608 836 1661 in
861 1609 1012 1662 illum
1042 1609 1244 1679 scripta
1268 1611 1703 1680 prophetarum?
1737 1613 1808 1668 De
1839 1613 1986 1667 illius
2007 1621 2195 1665 autem

2321 798 2339 830 ι
2380 779 2553 849 Χαῖρε
2603 777 2830 846 σφόδρα,
2859 775 3100 844 θύγατερ
3136 774 3295 828 Σιών·
3333 777 3602 846 κήρυσσε,
3667 774 3910 843 θύγατερ

2331 867 2692 940 Ἰερουσαλήμ
2715 885 2728 898 ·
2753 867 2862 922 ἰδοὺ
2889 870 2916 922 6
2940 867 3194 938 βασιλεύς
3212 885 3306 928 σου
3331 869 3552 938 ἔρχεται
3576 867 3793 930 δίκαιος
3818 869 3915 919 καὶ

2319 962 2530 1027 σώζων,
2560 961 2723 1024 αὐτὸς
2759 959 2936 1032 πραῢς
2963 962 3057 1014 καὶ
3087 960 3432 1030 ἐπιϐεϐηκὼς
3461 961 3558 1014 ἐπὶ
3603 961 3912 1028 ὑποζυγίου

2316 1056 2412 1109 καὶ
2428 1053 2634 1108 πώλου.
2669 1071 2688 1105 ι
2725 1054 2848 1106 Ὀτι
2879 1053 2935 1106 δὲ
2962 1055 3056 1108 καὶ
3090 1052 3196 1108 ὑπὸ
3223 1053 3332 1106 τῶν
3359 1053 3568 1107 παίδων
3604 1053 3766 1121 ὑμῶν
3802 1051 3910 1104 τῶι

2327 1145 2594 1200 Ἰουδαίων
2615 1145 2695 1211 τὸ,
2724 1163 2742 1195 ι
2767 1144 3018 1210 Ὡσαννά,
3048 1164 3066 1202 ι
3095 1145 3431 1216 εύφημίσθη,
3453 1145 3562 1199 ὑπὸ
3579 1145 3719 1197 Θεοῦ
3749 1144 3912 1197 τοιῦίτιι⁵

2310 1235 2672 1304 διδαχθέντες,
2695 1235 2902 1288 ὀΔαὸὶδ
2933 1235 3408 1306 προανεφώνησεν·
3438 1254 3457 1286 ι
3496 1235 3594 1288 Ἐκ
3635 1235 3911 1303 στόματος

3661 1329 3757 1380 καὶ
3809 1328 3878 1378 τὰ
3893 1345 3908 1375 :

2379 1504 2491 1574 Οὐχ
2523 1503 2690 1575 ὁρᾷς,
2732 1496 2777 1557 ὦ
2813 1503 3035 1558 Ἰουδαῖε
3061 1545 3077 1569 ,
3114 1504 3228 1568 πῶς
3260 1507 3370 1559 ἔδει
3418 1507 3781 1579 πληρωθῆναι
3831 1511 3902 1573 ei;

2309 1597 2473 1651 αὑτὸν
2521 1597 2619 1658 τὰς
2673 1596 2896 1666 Γραφὰς
2952 1595 3063 1649 τῶν
3123 1598 3457 1668 προφητῶν;
3492 1602 3630 1671 Περὶ
3669 1604 3784 1672 γάρ
3813 1605 3902 1656 τοι

614 1701 952 1771 proditione,
974 1703 1134 1770 cujus
1155 1714 1346 1757 auctor
1373 1705 1658 1759 fuitJudas
1682 1721 1823 1759 unus
1847 1722 1877 1760 e
1901 1705 2192 1760 duodecim

2309 1689 2657 1760 προδεδόσθαι
2691 1690 2855 1742 αὑτὸν
2886 1691 3036 1759 παρὰ
3069 1689 3160 1743 τοῦ
3178 1691 3344 1745 Ἰούδα
3370 1693 3488 1755 ἐνὸς
3514 1694 3621 1746 τῶν
3651 1695 3904 1765 ιβ’μαθη-

612 1793 899 1861 discipulis
917 1794 1059 1864 ejus,
1095 1795 1335 1863 psalmus
1357 1797 1528 1851 dicit:
1579 1817 1596 1849 ι
1627 1800 1806 1862 Quare
1849 1798 2198 1852 fremuerunt

2308 1785 2411 1837 τῶν
2441 1784 2630 1846 αὐτοῦ,
2661 1785 2690 1836 6
2710 1783 2926 1854 ψαλμὸς
2951 1784 3118 1850 λέγει·
3149 1803 3168 1836 ι
3201 1785 3318 1837 Ἵνα
3341 1786 3393 1837 τί
3429 1785 3715 1856 ἐφρύαξαν
3747 1790 3902 1861 ἔθνη,

613 1894 830 1952 gentes,
860 1893 916 1939 et
947 1886 1129 1955 populi
1165 1887 1410 1942 meditati
1464 1899 1593 1943 sant
1617 1891 1799 1944 inania
1827 1889 1850 1942 ?
1886 1889 2194 1944 Asliterunt

616 1990 772 2045 rcges
800 1984 980 2040 terrae,
1015 1984 1073 2030 et
1103 1977 1380 2046 principes
1411 1990 1790 2033 convenerunt
1822 1980 1875 2033 in
1910 1979 2184 2033 unum”.i

612 2066 1007 2124 Convenerunt
1058 2069 1280 2138 quidem
1328 2087 1517 2126 revera
1561 2072 1616 2126 in
1668 2082 1918 2127 sanctum
1965 2087 2196 2141 puerum

615 2161 708 2214 Dei
742 2160 952 2225 Jesum,
987 2164 1082 2232 qui
1116 2163 1492 2228 estChristus,
1517 2165 1760 2220 Herodes
1780 2166 2075 2219 etPontius
2107 2165 2198 2218 Pi-

615 2252 760 2306 latus
795 2268 919 2307 cum
949 2255 1208 2322 gentibus
1237 2267 1292 2310 et
1314 2257 1530 2325 populis
1556 2257 1744 2311 Israel.
1780 2256 1947 2310 David
1978 2271 2198 2326 quoque

613 2344 752 2399 dicit
781 2344 850 2399 de
879 2349 1073 2400 eodem
1108 2366 1120 2401 :
1161 2366 1180 2398 ι
1203 2347 1494 2401 Fuderunt
1527 2363 1721 2402 manus
1761 2364 1911 2402 meas
1934 2358 1991 2402 et
2030 2348 2198 2417 pedes

615 2454 786 2504 meos,
821 2448 875 2494 ct
905 2440 1218 2516 diviserunt
1255 2441 1358 2494 sibi
1398 2442 1724 2495 vestimenta
1755 2457 1894 2503 mea,
1939 2450 1996 2495 et
2025 2456 2194 2510 super

611 2529 859 2586 tunicam
895 2547 1072 2586 meam
1105 2534 1377 2588 miserunt
1407 2542 1614 2588 sortem
1643 2551 1658 2598 ;
1703 2535 2197 2588 dinumeravcrunt

613 2623 796 2675 omnia
829 2637 953 2676 ossa
983 2638 1106 2678 mea
1128 2623 1194 2677 ⁸⁸.
1229 2643 1248 2674 ι
1308 2625 1442 2679 Vide
1490 2625 1927 2687 crucifixionem.
1967 2636 2021 2680 et
2061 2642 2199 2695 quo.

613 2713 780 2767 modo
823 2723 1041 2767 acetum
1089 2729 1214 2768 cum
1268 2714 1396 2769 felle
1446 2715 1522 2768 illi
1575 2716 1875 2771 hiliendum
1911 2711 2199 2783 dederint;

615 2803 762 2858 idem
817 2804 987 2859 David
1037 2803 1236 2859 iterum
1291 2806 1465 2860 dicit:
1525 2826 1543 2857 ι
1576 2807 1856 2862 Bederunt
1906 2807 1960 2861 in
2014 2824 2197 2864 escam

616 2909 794 2948 meam
824 2893 916 2958 fel,
949 2902 1006 2949 et
1037 2895 1092 2948 in
1127 2895 1217 2949 siti
1251 2912 1370 2950 mea
1403 2905 1734 2965 potaverunt
1771 2914 1858 2953 me
1898 2909 2057 2954 aceto
2075 2901 2144 2953 ⁸⁸.
2172 2919 2190 2950 ι

615 2985 759 3054 Ergo
777 2986 990 3040 mentiti
1009 2996 1138 3040 sunt
1155 2988 1438 3057 prophetae
1472 2998 1528 3042 et
1550 2989 1727 3042 nostri
1755 2989 2196 3045 Christianorum

2301 1875 2396 1929 καὶ
2422 1875 2538 1928 λαοὶ
2568 1875 2902 1945 ἐμελέτησαν
2946 1876 3110 1930 καινά
3137 1890 3153 1938 ;
3185 1877 3536 1947 παρέστησαν
3565 1879 3613 1930 οἱ
3648 1878 3894 1947 βασιλεῖς

2303 1967 2404 2036 τῆς
2424 1966 2550 2036 γῆς,
2583 1967 2677 2019 καὶ
2707 1966 2756 2018 οἱ
2785 1966 3044 2037 ἄρχοντες
3075 1965 3426 2037 συνήχθησαν
3450 1969 3545 2020 ἐπὶ
3575 1971 3637 2020 τὸ
3672 1971 3810 2022 αὐτό
3838 2011 3851 2022 .
3882 1991 3900 2022 ι

2301 2058 2654 2129 Συνήχθησαν
2683 2057 2793 2129 γὰρ
2824 2059 2912 2110 ἐπ’
2928 2057 3188 2128 ἀληθείας
3214 2058 3308 2110 ἐπὶ
3332 2060 3422 2111 τὸν
3437 2058 3593 2127 ἅγιον
3614 2061 3795 2114 Παῖδο.
3811 2062 3902 2114 τοῦ

2300 2149 2437 2202 Θεοῦ
2472 2148 2700 2217 Ἰησοῦν,
2728 2149 2787 2210 ὃς
2825 2150 2940 2202 ἐστι
2964 2149 3223 2220 Χριστὸς,
3264 2150 3510 2220 Ἡρώδης
3543 2169 3601 2206 τε
3638 2155 3734 2206 καὶ
3766 2155 3900 2206 Πόν-

2300 2256 2418 2304 τιος
2468 2241 2702 2304 Πιλᾶτος
2733 2241 2832 2296 σὺν
2859 2243 3041 2298 ἔθνεσι
3095 2244 3191 2295 καὶ
3235 2242 3384 2305 λαοῖς
3422 2243 3674 2313 Ἰσραήλ.
3718 2247 3833 2298 Καὶ
3874 2249 3901 2298 6

2301 2332 2468 2387 Δασὶδ
2495 2333 2646 2402 λέγει
2681 2335 2808 2404 περὶ
2847 2333 3013 2388 αὐτοῦ
3046 2349 3060 2364 ⁸
3085 2353 3121 2407 ,ι
3158 2334 3400 2404 Ὤρυξαν
3441 2337 3636 2406 χεῖράς
3668 2355 3777 2406 μου
3800 2341 3897 2391 καὶ

2300 2424 2465 2486 πόδας
2503 2440 2628 2494 μου,
2660 2423 2753 2476 καὶ
2776 2423 3158 2493 διεμερίσαντο
3186 2424 3254 2478 τὰ
3283 2423 3476 2493 ἱμάτιά
3507 2441 3612 2494 μου
3659 2427 3894 2490 ἑαυτοῖς,

2301 2513 2396 2566 καὶ
2433 2515 2527 2565 ἐπὶ
2547 2513 2640 2565 τὸν
2695 2513 2988 2582 ἱματισμόν
3026 2531 3128 2582 μου
3169 2513 3360 2567 ἔϐαλον
3417 2513 3644 2585 κλῆρον·
3677 2517 3893 2588 ἐξηρίθ-

2302 2620 2484 2674 μησαν
2518 2603 2696 2656 πάντα
2745 2603 2813 2655 τά
2838 2603 2974 2658 ὀστᾶ
3003 2620 3131 2674 μου.
3165 2623 3184 2655 ι
3214 2603 3346 2656 Ἰδοὺ
3378 2605 3472 2656 καὶ
3505 2605 3539 2674 ή
3565 2603 3893 2673 σταύρωσῑς.

2299 2695 2394 2748 καὶ
2424 2698 2504 2747 ἑιτι
2531 2695 2654 2760 ὅξος
2689 2693 2830 2766 μετά
2872 2694 3036 2766 χολῆς
3081 2695 3246 2749 αὐτὸν
3297 2695 3578 2750 ἐπύτισαν.
3635 2696 3694 2749 Ὀ
3733 2698 3893 2759 αὐτὸς

2299 2786 2462 2840 Δαϐὶδ
2527 2786 2688 2840 πάλιν
2732 2783 2921 2840 εἶπεν·
2949 2804 2968 2838 ι
3004 2787 3252 2841 Ἐδωκαν
3304 2791 3383 2850 εἰς
3431 2787 3495 2840 τὸ
3536 2787 3738 2858 βρῶμά
3794 2807 3892 2858 μου

2299 2877 2484 2949 χολὴν,
2526 2882 2622 2932 καὶ
2651 2881 2733 2942 εἰς
2782 2880 2882 2950 τήν
2916 2878 3076 2947 δίψαν
3135 2896 3239 2950 μου
3273 2880 3532 2934 ἐπύτισάν
3564 2898 3634 2950 με
3689 2880 3832 2946 ὅξος.
3869 2901 3885 2931 ι

2298 2965 2447 3041 *Αρα
2480 2970 2781 3040 ἐψεύσαντο
2832 2971 2882 3024 oi
2943 2971 3218 3042 προφῆται
3271 2971 3366 3024 καὶ
3395 2971 3445 3024 oi
3501 2972 3892 3040 εὐαγγελισταὶ

613 3078 983 3148 evangelistze.
1045 3079 1246 3134 similia
1315 3079 1583 3143 dicentes,
1636 3081 1751 3135 haec
1803 3097 2022 3150 passum
2073 3098 2196 3139 esse

2308 3063 2460 3132 ἡμῶν
2494 3063 2601 3116 τῶν
2631 3061 3000 3133 Χριστιανῶν,
3039 3063 3109 3116 τὰ
3145 3064 3236 3117 ῐσα
3267 3063 3473 3116 τούτων
3512 3064 3781 3127 εἰπόντες.
3814 3065 3890 3117 ὁτι

611 3169 944 3225 Christum?
982 3170 1037 3225 Si
1081 3171 1257 3226 nostri
1304 3173 1653 3242 evangelista:
1691 3175 1904 3228 mentiti
1948 3185 2097 3238 sunt,
2145 3186 2201 3230 et

615 3261 900 3331 propheta:
925 3262 1092 3316 etiam
1125 3261 1338 3316 mentiti
1386 3262 1586 3317 similia
1633 3263 1742 3318 illis
1789 3264 2058 3319 dicentes.
2111 3266 2201 3320 Vis

617 3355 809 3409 audire
841 3355 906 3409 de
935 3357 1052 3425 ejus
1093 3356 1426 3425 sepultura?
1465 3357 1735 3425 Propheta
1778 3357 1912 3412 dicit
1961 3358 2016 3411 in
2059 3358 2202 3412 libro

613 3447 998 3501 Psalmorum:
1039 3465 1056 3497 ι
1082 3447 1392 3501 Posucrunt
1439 3461 1526 3500 me
1559 3446 1616 3500 in
1677 3446 1800 3500 lacu
1845 3446 2112 3507 inferiori,
2146 3447 2202 3500 in

620 3535 864 3590 tenebris
895 3545 951 3590 et
986 3537 1040 3590 in
1075 3537 1269 3591 umbra
1302 3537 1516 3603 mortis,
1545 3547 1602 3592 et
1643 3537 1824 3592 factus
1881 3553 2000 3590 smn
2058 3539 2204 3592 sicut

613 3629 782 3683 homo
811 3628 935 3682 sine
965 3627 1263 3698 adjutorio,
1312 3629 1456 3684 inter
1509 3638 1758 3684 mortuos
1805 3630 1946 3684 liber
1974 3629 2054 3694 ⁸³,
2091 3649 2109 3682 ι
2150 3629 2200 3684 id

613 3718 850 3774 estsine
897 3731 1144 3789 peccato.
1188 3720 1294 3776 Job
1333 3737 1553 3791 quoque
1600 3721 1770 3776 dicit:
1811 3741 1830 3774 ι
1863 3722 2203 3792 Aperiantur

614 3812 714 3865 tibi
745 3811 943 3866 timore
972 3821 1142 3882 portae
1174 3814 1386 3877 mortis,
1420 3813 1676 3868 custodes
1701 3821 1882 3867 autem
1916 3821 2202 3881 portarum

616 3904 817 3958 lul'ern'i
846 3903 1094 3958 videntes
1121 3912 1174 3958 te
1207 3904 1566 3958 terrebantur
1585 3903 1668 3969 ⁶¹·;
1707 3923 1724 3955 ι
1777 3912 1972 3972 aperte
2001 3904 2201 3957 adver-

615 3997 887 4052 sariorum
918 3997 1314 4052 daemoniorum
1338 4006 1639 4067 potestates
1667 3997 2049 4068 designantur,
2082 4012 2204 4067 quae

618 4088 673 4140 in
701 4085 915 4140 inferno
942 4085 1212 4140 habitant.
1245 4086 1398 4152 Quod
1425 4087 1596 4140 multa
1620 4101 1855 4156 corpora
1880 4097 2201 4141 sanctorum

611 4179 712 4249 qui
744 4179 815 4234 ab
859 4179 1016 4234 initio
1038 4179 1229 4234 mundi
1264 4179 1622 4244 dormierant,
1653 4180 1907 4236 Christus
1953 4182 2008 4235 in
2036 4197 2203 4236 cruce
2234 4232 2249 4268 κ

614 4272 865 4341 pendens
890 4273 1150 4326 excitavit
1181 4287 1211 4325 e
1238 4272 1497 4336 mortuis,
1533 4273 1824 4327 Psalmista
1855 4273 2033 4328 dixit:
2070 4274 2200 4340 «Qui

617 4363 806 4418 educit
839 4365 1053 4417 vinctos
1087 4364 1142 4416 in
1172 4361 1534 4430 fortitudine;
1573 4363 1828 4417 similiter
1853 4365 1948 4432 qui
1972 4380 2200 4418 exacer-

2301 3156 2477 3209 τσῦτα
2497 3154 2700 3210 ἔπαθεν
2723 3156 2998 3226 ὁΧριστὸς
3015 3173 3032 3222 ;
3049 3156 3142 3210 καὶ
3166 3156 3212 3208 εἰ
3243 3158 3292 3209 οἱ
3323 3155 3706 3225 εὐαγγελισταὶ
3737 3157 3888 3227 ήμῶν

2303 3247 2624 3316 ἐψεύσαντο,
2685 3249 2779 3302 καὶ
2822 3249 2870 3302 οἱ
2910 3248 3184 3319 προφῆται
3238 3248 3426 3303 λοιπὸν
3480 3249 3788 3319 ἐψεύσαντο
3825 3251 3886 3303 τὰ

2303 3343 2464 3410 ὅμοια
2519 3342 2747 3394 τούτων·
2780 3341 3047 3404 εἰπόντες.
3098 3341 3286 3403 Θέλεις
3341 3340 3575 3398 ἀκοῦσαι
3627 3345 3724 3396 καὶ
3761 3344 3896 3414 περὶ,

2303 3434 2401 3504 τῆς
2461 3434 2640 3504 ταφῆς
2687 3433 2851 3488 αὑτοῦ
2885 3451 2900 3500 ;
2939 3433 2996 3486 '0
3044 3435 3336 3505 Προφήτης
3399 3433 3548 3503 λέγει
3606 3437 3665 3489 ἐν
3727 3435 3896 3506 βίϐλῳ,

2303 3525 2570 3596 Ψαλμῶν·
2605 3545 2623 3577 ι
2667 3525 2893 3579 Ἐοεντό
2953 3543 3018 3596 με
3079 3527 3137 3580 ἐν
3186 3526 3376 3597 λάκκῳ
3453 3529 3778 3598 κατωτάτω,
3832 3531 3887 3581 ἐν

2304 3619 2600 3680 σκοτεινοῖς
2638 3618 2730 3672 καὶ
2761 3621 2820 3671 ἐν
2863 3619 2992 3690 σκιᾷ
3019 3617 3274 3681 θανάτου,
3316 3621 3410 3673 καὶ
3443 3619 3710 3690 ἐγενήθην
3760 3620 3886 3673 ὡσεὶ

2303 3709 2588 3780 ἄνθρωπος
2604 3709 2925 3782 ἀϐοήθητος,
2946 3711 3002 3764 ἐν
3019 3713 3232 3779 νεκροῖς
3249 3709 3556 3780 ἐλεύθερος,
3569 3732 3588 3763 ι
3618 3713 3885 3765 τουτέστιν

2303 3803 2658 3873 ἀναμάρτητο
2679 3823 2710 3856 ”.
2730 3803 2838 3856 Καὶ
2857 3805 2913 3856 ἐν
2932 3801 3009 3874 τῷ
3047 3801 3168 3855 Ἰὼϐ
3183 3801 3333 3864 λέγει
3356 3819 3368 3831 ·
3399 3822 3417 3854 ι
3442 3802 3780 3871 ’Δνοίγονταί
3810 3821 3883 3856 σοι

2306 3895 2456 3965 φόϐῳ
2507 3895 2676 3948 πύλαι
2720 3893 2974 3961 θανάτου,
3040 3895 3285 3967 πυλωροὶ
3337 3895 3393 3949 δέ
3433 3895 3564 3967 ᾅδου
3602 3897 3800 3958 ἰδόντες
3828 3911 3882 3948 σε

2304 3987 2563 4056 ἔπτηξαν·
2619 4006 2640 4039 ι
2699 3987 2944 4059 δηλονότι
3001 3988 3057 4041 αἱ
3113 3988 3224 4042 τῶν
3301 3987 3562 4041 ἐναντίων
3618 3989 3882 4058 δαιμόνων

2303 4081 2565 4150 δυνάμεις
2583 4082 2637 4132 αἱ
2664 4081 2721 4133 ἐν
2746 4079 2974 4153 τῷνᾷδῃ.
2996 4080 3120 4134 ὐτι
3142 4081 3196 4134 δὲ
3232 4080 3402 4134 πολλὰ
3420 4081 3651 4153 σώματα
3665 4081 3773 4134 τῶν
3799 4099 3880 4134 κε-

2305 4175 2655 4244 κοιμημένων
2681 4173 2774 4228 ἀπ’
2791 4174 2986 4237 αἰῶνος
3011 4173 3180 4243 ἁγίων
3199 4175 3473 4239 δΧριστδς
3497 4178 3557 4229 ἐν
3575 4176 3655 4244 τῷ
3675 4175 3877 4245 σταυρῷ

2307 4258 2673 4339 κρεμάμενος
2720 4267 2940 4337 ήγειρεν
2965 4269 3028 4322 ἐκ
3077 4268 3187 4321 τῶν
3221 4267 3433 4341 νεκρῶν
3461 4309 3476 4333 ,
3513 4271 3542 4322 6
3586 4269 3875 4340 Ψαλμῳδδς

2307 4357 2456 4413 εἶπεν
2489 4378 2530 4410 ·ι
2572 4361 2638 4413 '0
2661 4359 2871 4428 ἐξάγων
2897 4361 3303 4432 πεπεδημένους
3330 4365 3388 4416 ἐν
3411 4361 3635 4433 ἀνδρείᾳ
3656 4379 3670 4392 ·
3693 4363 3877 4432 ὁμοίως

613 4455 732 4510 bati
769 4465 896 4510 sunt
947 4464 1004 4510 et
1062 4455 1312 4510 habitant
1345 4455 1399 4508 in
1459 4455 1731 4524 sepulcris
1751 4456 1818 4508 ⁸³.
1852 4474 1870 4507 ι
1913 4454 2019 4509 Sed
2046 4455 2114 4510 de
2139 4456 2202 4510 il-

2308 4455 2436 4516 τοὺς
2456 4453 2996 4524 παραπικραίνοντας
3017 4455 3142 4518 τοὺς
3161 4455 3547 4518 κατοικοῦντας
3565 4456 3626 4507 ἐν
3641 4455 3838 4520 τάφοις.
3852 4477 3866 4505 ι

618 4549 726 4602 lius
753 4549 1010 4602 triduana
1047 4549 1327 4618 sepultura
1379 4557 1437 4603 et
1481 4547 1892 4602 resurrectione
1941 4548 2206 4618 propheta

616 4640 758 4694 Osee
781 4640 860 4694 sic
894 4640 1139 4710 loquitur
1169 4659 1182 4694 :
1219 4660 1236 4692 ι
1258 4641 1581 4706 Quaeramus
1618 4641 1931 4706 Deminum,
1962 4640 2206 4695 viviﬁca-

621 4734 698 4786 bit
724 4747 825 4786 nos
856 4743 980 4802 post
1002 4733 1139 4788 duos
1162 4733 1299 4798 dies,
1333 4741 1386 4788 et
1418 4735 1471 4787 in
1493 4733 1582 4788 die
1610 4733 1768 4788 tertia
1798 4748 2077 4803 resurgam
2100 4734 2198 4784 ⁸⁸.»

611 4822 775 4889 Quod
804 4833 988 4877 autem
1033 4822 1216 4877 anima
1253 4824 1375 4894 ejus
1419 4824 1475 4877 in
1523 4823 1741 4878 inferno
1784 4839 1895 4876 non
1944 4822 2205 4878 derelicta

618 4925 726 4978 est,
759 4930 938 4984 neque
968 4930 1100 4971 caro
1132 4917 1253 4987 ejus
1279 4916 1416 4971 vidit
1445 4911 1885 4987 corruptionem,
1918 4915 2087 4971 David
2120 4916 2202 4971 di-

613 5005 736 5059 at:
777 5023 796 5056 ι
826 5004 947 5060 Non
973 5003 1325 5076 derelinques
1352 5007 1593 5061 animam
1642 5022 1820 5061 meam
1860 5008 1915 5061 in
1961 5007 2202 5071 inlerno,

620 5113 800 5167 neque
818 5096 977 5154 dabis
995 5109 1245 5154 sanctum
1261 5107 1422 5154 tuum
1441 5100 1630 5156 videre
1647 5101 2063 5170 corruptionem
2079 5102 2124 5132 ³⁷
2137 5143 2149 5154 .
2182 5119 2198 5152 ι

610 5189 698 5245 Ne
728 5190 1015 5247 arbitreris
1047 5204 1228 5246 autem
1261 5193 1334 5248 de
1359 5210 1417 5248 se
1446 5194 1617 5249 David
1644 5194 1886 5250 locutum
1919 5211 2062 5252 esse.
2095 5211 2205 5249 non

617 5284 688 5336 de
716 5283 975 5351 Christo;
1028 5286 1197 5341 David
1252 5288 1308 5342 in
1362 5304 1458 5343 sua
1503 5291 1861 5358 generatione
1907 5289 2208 5344 obsecratus

622 5375 719 5429 Dei
749 5377 1040 5432 voluntati.
1073 5379 1334 5434 dormivit
1362 5391 1418 5434 et
1457 5381 1744 5449 appositus
1783 5393 1868 5436 est
1907 5381 1976 5434 ad
2024 5390 2208 5451 patres

620 5481 772 5532 Suos,
807 5479 863 5523 et
893 5470 1028 5526 vidit
1058 5472 1495 5542 corruptionem.
1533 5473 1653 5542 Ipse
1677 5473 1842 5543 igitur
1869 5475 2202 5559 Deusnatn-

693 5601 738 5635 ’⁷
765 5603 994 5659 Zachar.
1026 5623 1098 5672 ix,
1209 5609 1261 5663 9.
1403 5610 1449 5639 ⁷⁸
1474 5609 1616 5663 Psal.
1657 5624 1772 5672 vin,
1801 5608 1856 5662 5..

623 5673 670 5747 ff
880 5691 1064 5747 vain.
1101 5679 1188 5732 2‘2.
1267 5679 1310 5711 ⁸³
1340 5679 1480 5732 l‘sal.
1537 5695 1774 5744 mxxvir,
1832 5681 1884 5747 7,
1917 5679 1966 5734 8.

623 5743 670 5776 ⁸⁷
698 5743 840 5799 Psal.
874 5746 1058 5807 XVJO.

2009 5611 2023 5640 7
2640 5610 2644 5636 l

2035 5610 2521 5746 ’ἔῗῗῐδιιῷωὲέιὲῇλ
2562 5679 2644 5734 l7.

2311 4548 2476 4600 Ἀλλὰ
2504 4550 2599 4598 καὶ
2625 4549 2756 4606 περὶ
2781 4548 2881 4616 τῆς
2911 4548 3214 4618 τριημέρου
3244 4546 3407 4602 αὑτοῦ
3437 4549 3617 4617 ταφῆς
3663 4553 3758 4600 καὶ
3785 4547 3871 4614 τῆς

2309 4641 2660 4701 ἀναστάσεως
2686 4640 2714 4690 6
2747 4641 3035 4710 προφήτης
3061 4641 3219 4710 Ὠσηὲ
3243 4640 3390 4707 λέγει
3423 4641 3616 4704 οὕτως·
3649 4659 3668 4693 ι
3712 4642 3868 4710 Ζητή-

2312 4747 2494 4799 σωμεν
2520 4731 2610 4783 τὸν
2652 4730 2883 4802 Κύριον,
2919 4736 3014 4784 καὶ
3058 4733 3279 4800 άγιάσει
3314 4734 3461 4803 ἡμᾶς
3491 4733 3630 4804 μετὰ
3680 4734 3871 4802 ήμέρας

2307 4824 2422 4887 δύο,
2443 4823 2542 4876 ικαὶ
2574 4827 2640 4894 τῇ
2687 4823 2847 4896 τρίτῃ
2881 4825 3062 4896 ἡμέρα
3094 4826 3496 4896 ἀναπτήσομαι.
3545 4844 3563 4876 ν
3600 4825 3721 4878 Ὀτι
3747 4824 3800 4876 δὲ
3840 4824 3868 4890 ή

2307 4917 2456 4988 ψυχῆ
2507 4917 2671 4971 αὐτοῦ
2704 4917 2762 4969 ἐν
2794 4915 2898 4989 ᾄδῃ
2920 4918 2981 4970 ού
3024 4917 3449 4972 καταλέλειπται
3477 4959 3491 4982 ,
3518 4918 3641 4972 οὐδὲ
3671 4920 3701 4987 ή
3746 4915 3865 4986 σὰρξ

2309 5009 2476 5064 αὑτοῦ
2513 5005 2620 5062 εἶδε
2662 5006 2976 5080 διαφθορὰν,
3009 5009 3038 5060 6
3063 5007 3229 5061 Δαῦἳδ
3255 5009 3424 5077 λέγει·
3461 5027 3481 5060 ι
3512 5011 3624 5062 Οὐκ
3655 5011 3864 5075 ἐγκατι-

2313 5101 2520 5172 λείψεις
2547 5101 2647 5173 τὴν
2689 5101 2870 5172 ψυχήν
2908 5117 3012 5170 μου
3049 5101 3129 5164 εἰς
3182 5100 3340 5172 ᾅδην,
3404 5102 3524 5154 ούδέ
3571 5100 3756 5161 δώσεις
3791 5099 3864 5148 τὸν

2315 5197 2460 5249 ὅσιόν
2490 5212 2584 5248 σου
2616 5195 2742 5248 ἰδεῖν
2762 5194 3080 5265 διαφθοράν.
3114 5214 3132 5246 ν
3159 5195 3250 5265 Μὴ
3284 5195 3512 5266 νομίσῃς
3555 5195 3610 5248 δὲ
3638 5196 3711 5246 ὅτι
3757 5193 3861 5257 περὶ

2315 5286 2510 5340 ἐαυτοῦ
2538 5280 2690 5337 εἶπεν
2713 5287 2741 5338 6
2757 5284 2940 5346 Δαόὶδ,
2968 5285 3063 5337 καὶ
3089 5287 3150 5337 οὑ
3177 5289 3308 5356 περὶ
3329 5285 3588 5356 Χριστοῦ·
3615 5287 3706 5338 ὁίὲ
3723 5283 3862 5336 Δςὸὶδ

2320 5381 2418 5452 μὲν
2461 5381 2527 5450 τῇ
2570 5378 2676 5450 ἰδίᾳ
2704 5379 2869 5448 γενεᾷ
2899 5377 3254 5449 ὑπηρετήσας
3298 5382 3364 5450 τῇ
3405 5379 3498 5432 τοῦ
3545 5379 3672 5432 Θεοῦ
3701 5377 3858 5448 βουλῇ,

2316 5473 2585 5545 ἐκοιμήθη
2615 5472 2705 5524 καὶ
2738 5469 3038 5542 προσετέθη
3091 5471 3226 5541 πρὸς
3257 5473 3382 5537 τοὺς
3427 5473 3666 5542 πατέρας
3702 5471 3855 5528 αὐτοῦ’,

2640 5606 2685 5638 ⁸ο
2711 5604 2854 5661 Psal.
2887 5621 2947 5670 ιι,
2981 5605 3033 5670 1,
3065 5605 3120 5659 2.
3216 5667 3226 5670 _
3267 5606 3312 5637 “
3345 5606 3488 5661 Psal.
3524 5623 3631 5666 xxi,
3667 5605 3859 5659 l7—l9.

2791 5677 2837 5707 ⁸⁵
2860 5667 3000 5730 Psal.
3021 5667 3284 5746 txvuﬁi,
3315 5677 3367 5732 7.
3484 5676 3532 5710 '°
3562 5681 3692 5734 Osee
3723 5693 3784 5740 vi,
3812 5678 3854 5730 3.
