4026 6308
321 293 455 361 1233

1334 289 1787 352 DISPUTATIO
1827 291 2218 354 ADVERSUS
2253 291 2579 353 ΙΗΟιΕΟΞ.

315 427 408 462 και
429 381 535 460 εἶδε
557 404 882 477 διαφθοράν
902 403 1060 470 αὐτὸς
1086 405 1191 477 γάρ
1214 408 1242 460 ὁ
1262 406 1393 468 Θεὸς
1419 405 1516 477 τὴν
1543 406 1890 477 ἀνθρωπίνην

2022 422 2106 460 am
2155 415 2448 460 humanam
2493 421 2656 476 quam
2709 403 2939 472 sumpsit
2981 400 3288 457 suscitavit.
3338 402 3400 455 Et
3426 402 3552 455 alibi

314 497 500 566 φύσιν,
514 497 578 568 ἢν
593 495 1165 565 άνὲλαϐεν,άνέστησε.
1184 497 1292 548 Καὶ
1304 495 1537 565 ἀλλαχοῦ
1555 499 1880 566 γέγραπται’

3417 282 3552 348 ιεεε

1990 498 2252 566 scriptum
2284 505 2368 552 est
2395 515 2409 550 :
2452 515 2471 548 ι
2497 496 2565 550 Et
2591 496 2694 550 erit
2729 494 2946 561 requies
2972 495 3093 564 ejus
3126 493 3294 564 gloria
3316 494 3394 555 ⁸⁸,
3429 514 3446 544 ι
3499 493 3553 545 id

324 608 344 640 ι
381 589 490 640 Καὶ
516 585 669 640 ἔσται
701 587 734 657 ἡ
763 585 1069 649 ἀνάπαυσις
1104 587 1266 640 αὑτοῦ
1313 602 1362 638 τι
1374 588 1470 656 μὴο
1497 604 1516 637 ι
1550 586 1826 639 τουτέστιν
1852 589 1886 655 ἡ

2023 599 2093 652 st,
2118 591 2338 659 requies
2384 589 2718 660 sepulcrum,
2765 589 2933 660 gloria
2970 597 3152 642 autem
3199 586 3557 641 resurrectio-

319 678 418 750 μὲν
451 678 777 740 ἀνάπαυσις,
815 677 959 747 ταιρὴ
986 691 1002 708 ⁶
1035 679 1067 746 ἡ
1096 676 1152 730 δὲ
1173 678 1329 747 τιμὴ,
1362 677 1677 739 ἀνάστασις.

388 769 586 824 Λοιπὸν
615 769 698 831 τίς
727 767 901 820 ταῦτα
946 767 1158 821 ἀκούων
1189 769 1253 820 ἐκ
1301 768 1408 820 τῶν
1440 767 1735 838 προφητῶν
1761 768 1890 835 περὶ

317 859 414 913 τοῦ
454 858 711 929 Χριστοῦ,
742 859 840 929 οὐχ
867 858 1120 928 ὁμολογεῖ
1145 859 1307 912 αὑτὸν
1339 858 1470 912 Θεὸν
1513 859 1766 929 ἀληθινὸν
1799 860 1887 912 διά

314 955 414 1025 τὴν
447 952 542 1006 τοῦ
585 953 792 1022 κόσμου
835 953 1108 1022 σωτηρίαν
1141 953 1636 1023 ἐνανθρωπὴσαντα
1658 993 1673 1017 ,
1699 953 1892 1006 είδωλά

2019 956 2230 1010 ιυιυῑειη
2259 957 2538 1011 hominem
2560 957 2764 1010 factum
2814 971 2959 1018 esse,
3013 955 3154 1009 idola
3203 954 3556 1010 destruxisse.

316 1063 378 1100 τε
408 1046 854 1116 καταργήσαντα,
886 1043 1075 1108 θυσίας
1105 1045 1378 1113 δαιμόνων
1401 1046 1886 1115 καταστρέψαντας

322 1137 432 1190 Ποῦ
490 1138 630 1188 είσιν
680 1137 735 1188 αί
785 1135 964 1188 θυσίαι
1013 1134 1330 1204 Αἱγύπτου;
1379 1136 1481 1188 ποῦ
1521 1136 1577 1189 αί
1642 1138 1889 1205 μαντεῖαι

320 1227 596 1295 Μέμφεως
623 1243 637 1290 ;
667 1224 769 1278 ποῦ
805 1225 1102 1295 Σεϐἡνυτος
1126 1227 1159 1295 ἡ
1206 1225 1297 1277 τὸν
1325 1225 1545 1294 Σίμωνα
1579 1225 1847 1295 σεϐομένη
1876 1243 1891 1291 ;

324 1316 426 1367 ποῦ
458 1316 718 1385 Νοῡφιςὴ
752 1315 844 1367 τὸν
874 1311 1012 1367 οἶνον
1046 1314 1427 1385 προσκυνοῦσα
1457 1333 1471 1382 ;
1512 1315 1614 1368 ποῦ
1650 1318 1755 1368 εἰσι
1795 1317 1894 1386 σὴ-

325 1424 492 1476 μερον
523 1407 572 1458 οἱ
604 1406 695 1458 τὸν
737 1405 888 1476 ἧλιον
921 1405 1240 1475 σεϐόμενοι;
1283 1405 1385 1458 ποῦ
1425 1406 1526 1469 τῆς
1577 1407 1894 1475 Ἀρτέμιδος

320 1500 349 1549 6
380 1498 504 1559 ναός
537 1513 552 1562 ;
585 1497 688 1548 ποῦ
719 1496 812 1548 τοῦ
861 1497 988 1550 ναοῦ
1025 1496 1264 1560 Κυζίκου
1310 1498 1366 1550 al
1411 1499 1656 1566 μαντεῖαι
1703 1497 1894 1549 Ἀπόλ-

322 1586 490 1647 λωνος
519 1586 615 1638 καὶ
642 1587 859 1639 πάντων
893 1585 1001 1638 τῶν
1032 1587 1340 1656 δαιμόνων;
1381 1587 1488 1639 Τοῦ
1519 1588 1627 1656 γὰρ
1657 1587 1895 1658 Χριστοῦ

323 1679 585 1744 ιρανέντος
633 1680 726 1730 καὶ
781 1679 1017 1747 σταυροῦ
1068 1681 1332 1747 παγέντος
1358 1721 1373 1744 ,
1406 1681 1433 1731 ὁ
1462 1680 1593 1740 Θεὸς
1617 1677 1896 1748 πανταχοῦ

322 1771 711 1837 προσκυνεῖται
776 1771 870 1821 καὶ
924 1769 1226 1834 δοξάζεται.
1269 1773 1378 1822 Καὶ
1419 1772 1519 1823 οὐκ
1552 1770 1895 1840 αἰσχύνεσθε,

2019 1779 2058 1822 3t
2087 1768 2246 1822 idolis
2271 1767 2642 1822 sacriﬁcantes
2675 1768 2914 1822 vocare?
2940 1768 3196 1821 Attamen
3225 1766 3420 1820 mirum
3457 1782 3566 1820 non

337 1860 602 1923 Ἰουδαῖοι,
631 1858 986 1922 εἰδωλοθύτας
1017 1861 1164 1929 ἡμᾶς
1197 1862 1291 1913 καὶ
1337 1861 1727 1931 είδωλολάτρας
1783 1861 1899 1913 dvo—

328 1950 626 2018 μάζοντες;
659 1950 848 2019 Ὅμως
882 1953 1032 2004 οὐδὲν
1063 1952 1212 2017 ξένον
1235 1968 1250 1983 ·
1289 1953 1437 2004 πᾶσα
1473 1952 1580 2022 γάρ
1629 1954 1802 2022 πόρνη
1831 1953 1898 2022 τῇ

326 2039 590 2111 ἐλευθέρᾳ
619 2043 835 2108 γυναικὶ
863 2043 923 2094 τὸ
957 2042 1086 2094 ίδιον
1108 2043 1275 2110 ὄνομα
1295 2042 1625 2113 περιτίθησι,
1661 2042 1900 2113 κράζου-

328 2145 405 2180 σα
442 2128 576 2196 αὐτῇ
606 2145 620 2159 ο
649 2128 1093 2198 Πεπορνευμένη.
1131 2130 1239 2180 Καὶ
1267 2129 1376 2198 γάρ
1417 2129 1636 2181 Ἡσαΐου
1668 2132 1758 2182 καὶ
1799 2129 1901 2183 Ὶεο

327 2216 528 2286 ρεμίου
571 2217 796 2270 καὶτῶν
826 2218 1033 2272 λοιπῶν
1060 2219 1378 2288 προφητῶν,
1409 2221 1470 2272 οὐ
1505 2220 1611 2289 μὴν
1637 2219 1774 2273 ἀλλὰ
1809 2220 1906 2273 καὶ

327 2307 499 2362 αὐτοῦ
523 2307 616 2362 τοῦ
643 2309 900 2380 Χριστοῦ,
920 2311 1021 2364 οὐκ
1042 2312 1356 2377 ὲφείσασθε·
1380 2313 1473 2364 καὶ
1500 2311 1619 2370 πῶς
1639 2313 1770 2380 ἡμῖν
1793 2314 1906 2375 τοῖς

329 2400 676 2469 Χριστιανοῖς
693 2400 842 2469 ἔχετε
860 2401 1147 2468 φείσασθαι
1171 2419 1185 2465 ;
1204 2401 1344 2455 Ἀλλ’
1365 2403 1414 2454 εἰ
1437 2402 1529 2453 καὶ
1545 2401 1722 2471 εἴχετε
1748 2402 1907 2469 ὑμεῖς

331 2492 602 2555 ἐξουσίαν,
617 2493 708 2544 καὶ¹
728 2493 886 2561 ἡμεῖς
906 2494 1145 2562 σήμερον
1165 2491 1380 2561 ἔχομεν,
1396 2493 1496 2543 οὐκ
1511 2490 1575 2542 ἂν
1593 2491 1788 2543 ἐάσατε
1810 2489 1906 2542 ἕνα

331 2582 398 2647 ἐξ
429 2583 583 2652 ἡμῶν
612 2582 776 2652 μέσον
812 2582 961 2651 ὑμῶν
982 2583 1160 2652 ζῆσαι,
1189 2581 1439 2650 καθάπερ
1460 2583 1552 2635 καὶ
1582 2584 1742 2651 ἡμεῖς
1764 2581 1908 2650 ὑμᾶς

241 2723 246 2726 .
333 2673 665 2743 ἀνεχόμεθα.
702 2671 922 2744 Ἐπειδὴ
949 2672 1004 2725 δὲ
1056 2672 1248 2724 εἴπατε
1273 2687 1288 2700 ·
1319 2673 1418 2724 Δια
1458 2671 1511 2722 τί
1544 2671 1644 2723 οὐκ
1671 2666 1829 2722 εἶπαν
1857 2670 1906 2721 οί

337 2764 616 2833 προφῆται
646 2762 896 2832 φανερῶς
917 2762 1011 2814 καὶ
1032 2761 1224 2831 γυμνῷ
1249 2760 1327 2831 τῷ
1351 2760 1635 2829 πράγματι
1662 2775 1728 2810 πε
1739 2760 1792 2830 pl.
1810 2758 1906 2811 τοῦ

337 2855 578 2925 Χριστοῦ
610 2873 624 2918 ;
661 2854 850 2924 ἐρωτῶ
909 2853 1064 2922 κάγὼ
1105 2853 1247 2922 ὑμᾶς
1305 2851 1462 2904 τοῦτό
1508 2868 1572 2918 γε
1605 2867 1619 2881 ·
1658 2849 1780 2913 Πῶς
1807 2850 1908 2903 οὑκ

339 2943 497 2998 εἷπον
525 2947 572 2998 οί
606 2946 882 3017 προφῆται
922 2943 1170 3014 περὶτοῦ
1203 2941 1442 3012 Χριστοῦ
1482 2943 1611 3010 ὑμῖν
1649 2943 1761 3003 τοῖς
1775 2942 1908 2993 Ἰου-

338 3038 532 3100 δαίοις,
556 3039 637 3090 ὃτι
672 3037 903 3090 Βλέπετε
924 3075 939 3099 ,
973 3035 1149 3088 ἐλθεῖν
1178 3034 1293 3104 ἔχει
1318 3032 1603 3102 ἄνθρωπος
1637 3031 1910 3100 καλούμε-

344 3128 434 3192 νος
479 3127 706 3198 Ἰησοῦς,
738 3127 812 3197 μὴ
833 3125 1159 3178 πιστεύσατε
1210 3123 1357 3192 αὐτῷ
1409 3123 1491 3176 ὅτι
1525 3123 1724 3184 πλάνος
1777 3124 1962 3189 ὲστίν;

1988 695 2114 734 nem
2148 680 2350 736 indicat

2059 771 2192 838 Quis
2243 774 2461 827 demum
2492 772 2607 827 ham
2634 771 2860 827 audiens
2889 788 2918 825 a
2966 771 3246 841 prophetis
3289 770 3356 824 de
3399 768 3562 824 Chri-

1993 871 2078 916 sto
2106 863 2271 926 dicta,
2311 879 2421 917 non
2463 859 2666 918 fatetur
2695 863 2841 917 hunc
2878 848 3051 917 Deum
3097 877 3222 916 vere
3254 861 3319 915 ad
3367 861 3561 916 mundi

1989 1043 2386 1098 daemoniorum
2418 1043 2679 1098 sacriﬁcia
2710 1042 3059 1098 abolevisse?
3106 1042 3206 1100 Ubi
3234 1052 3362 1097 sunt
3403 1042 3560 1114 Egy-

1997 1134 2073 1204 pti
2120 1135 2425 1190 sacriﬁcia?
2473 1135 2563 1190 ubi
2617 1135 2941 1204 Memphidis
2979 1135 3255 1188 oracula?
3309 1134 3399 1188 ubi
3465 1135 3563 1188 Se-

1996 1225 2192 1295 henyte
2220 1225 2497 1279 Simonem
2546 1226 2774 1280 colens?
2831 1226 2920 1280 ubi
2974 1225 3187 1295 Nuphis
3215 1225 3400 1279 vinum
3432 1227 3565 1279 ado-

1999 1317 2169 1369 rans?
2200 1317 2290 1370 ubi
2338 1325 2469 1370 sunt
2517 1317 2675 1371 hodie
2729 1317 2858 1372 solis
2907 1317 3188 1373 cultores?
3235 1316 3324 1370 ubi
3379 1316 3565 1370 Dianae

2004 1407 2261 1475 templum
2286 1408 2310 1460 ?
2340 1407 2425 1461 ubi
2454 1406 2706 1478 Cyziceni
2736 1407 2921 1476 templi
2947 1407 3216 1478 Apollinis
3237 1417 3292 1462 et
3317 1408 3562 1460 omnium

2005 1497 2398 1551 dzemouiorum
2446 1479 2712 1550 oracula?
2769 1495 2986 1551 Christo
3025 1497 3170 1550 enim
3221 1497 3564 1551 manifestato

2007 1597 2062 1642 et
2101 1587 2359 1640 in'cruce
2402 1587 2707 1655 pendente,
2759 1587 2903 1640 Deus
2955 1586 3158 1656 ubique
3203 1587 3460 1652 adorator
3511 1597 3565 1640 et

2000 1678 2351 1748 gloriﬁcatur.
2373 1679 2564 1731 Nonne
2587 1693 2682 1731 vos
2707 1677 2892 1746 pudet,
2915 1677 3106 1740 Judazi,
3135 1693 3233 1731 nos
3259 1678 3570 1732 idololatras

2003 1867 2107 1911 est.
2138 1856 2329 1911 Omnis
2369 1858 2514 1910 enim
2563 1856 2824 1910 meretrix
2868 1855 3085 1909 mulieri
3135 1855 3321 1909 liberae
3369 1871 3570 1908 nomen

2003 1964 2164 2002 suum
2220 1947 2470 2016 imponit,
2523 1948 2773 2000 vocitans
2811 1946 2962 2000 illam
3013 1944 3382 1998 meretricem.
3435 1943 3569 1997 Nam

2004 2039 2172 2100 Isaiae,
2204 2038 2472 2101 Ieremiae,
2492 2045 2556 2096 et
2583 2038 2809 2106 reliquis
2843 2036 3146 2107 prophetis,
3175 2036 3424 2106 adeoque
3468 2035 3569 2102 ipsi

2001 2129 2221 2184 Christo
2241 2144 2347 2182 non
2374 2128 2696 2198 pepercistis
2720 2145 2735 2195 ;
2766 2139 2822 2184 et
2841 2128 3116 2198 quomodo
3137 2128 3294 2182 nobis
3314 2125 3574 2182 Christia-

2005 2229 2094 2283 nis
2127 2229 2354 2298 potestis
2407 2230 2671 2295 parcere?
2722 2231 2769 2284 si
2812 2246 2944 2285 vero
2990 2228 3268 2285 haberetis
3301 2229 3441 2282 hanc
3480 2244 3575 2296 po-

2009 2325 2280 2382 testatem,
2311 2332 2474 2386 quam
2501 2331 2600 2372 nos
2644 2316 2807 2372 hodie
2838 2318 3126 2384 habemus,
3160 2333 3268 2371 non
3318 2316 3576 2371 sineretis

2011 2422 2178 2460 unum
2207 2423 2274 2461 ex
2301 2407 2463 2461 nobis
2491 2406 2635 2460 inter
2667 2422 2764 2461 vos
2793 2407 2997 2472 vivere,
3037 2416 3096 2461 ut
3125 2421 3225 2460 nos
3254 2421 3349 2460 vos
3381 2405 3578 2458 tolera-

2011 2509 2151 2548 mus.
2183 2493 2320 2549 Cum
2350 2495 2497 2548 enim
2527 2495 2731 2555 dicitis,
2761 2510 2859 2548 cur
2891 2510 3000 2548 non
3051 2493 3215 2548 locuti
3247 2494 3358 2548 sint
3392 2500 3584 2562 aperte

2009 2595 2065 2640 et
2090 2586 2233 2640 unde
2259 2584 2567 2640 chhristo
2596 2586 2895 2655 propheta),
2930 2601 3112 2654 quaero
3143 2593 3196 2639 et
3224 2599 3326 2654 ego
3349 2599 3376 2636 a
3403 2582 3576 2642 vobis,

2009 2692 2109 2730 cur
2135 2692 2243 2730 non
2276 2676 2518 2732 dixerint
2541 2679 2820 2748 propheta:
2848 2677 3001 2732 vobis
3019 2676 3220 2732 Iudaeis
3236 2676 3301 2729 de
3321 2674 3539 2730 Christo
3563 2691 3578 2724 :

2009 2765 2232 2831 Cavete,
2251 2766 2430 2822 veniet
2456 2768 2620 2821 homo
2642 2767 2945 2836 appellatus
2968 2767 3148 2831 Iesus,
3180 2782 3248 2820 ne
3271 2767 3346 2819 illi
3376 2765 3582 2819 credite

2011 2854 2140 2923 quia
2171 2855 2435 2924 impostor
2473 2857 2596 2910 est?
2626 2845 2742 2911 Sed
2773 2855 2845 2910 ita
2866 2871 3054 2909 verum
3086 2870 3206 2910 esse
3231 2854 3506 2908 Christum
3530 2863 3584 2906 et

2009 2944 2207 3009 Deum,
2257 2960 2419 3014 quem
2480 2947 2762 3016 propheta:
2821 2946 3348 3016 pramuntiaverunt,
3398 2947 3589 2999 nolen-

2015 3041 2096 3088 tes
2122 3036 2368 3102 credere,
2402 3037 2778 3107 impostorem,
2811 3053 2912 3092 nec
2941 3036 3218 3092 Christum
3247 3037 3514 3105 accipitis.

2005 3125 2119 3178 ἀλλ’
2179 3125 2352 3190 οὕτως
2411 3128 2502 3180 τὸν
2550 3128 2799 3200 ἀληθινὸν
2851 3128 3082 3198 Χριστὸν
3119 3129 3212 3181 καὶ
3249 3123 3401 3190 Θεὸν,
3432 3126 3490 3179 δν
3541 3129 3589 3179 οῖ

342 3220 623 3292 προφῆται
670 3220 1068 3291 προεκήρυξαν,
1115 3219 1189 3290 μὴ
1241 3219 1564 3288 θελήσαντες
1596 3218 1899 3284 πιστεῦσαι,
1943 3220 2138 3276 πλάνον
2181 3226 2275 3277 καὶ
2303 3227 2365 3278 οὐ
2399 3225 2632 3294 Χριστὸν
2653 3223 2953 3295 ὲνδέχεσθε.

426 3311 486 3364 Et
520 3310 574 3363 δὲ
596 3310 726 3382 εῐπῃ
746 3312 775 3364 ὁ
818 3310 1090 3374 Ἰουδαῖος,
1114 3310 1198 3364 ὅτι
1236 3309 1361 3373 Πῶς
1392 3310 1488 3362 τοῦ
1519 3309 1655 3362 Θεοῦ
1698 3317 1914 3378 παραγ-

2091 3316 2188 3370 Sin
2218 3325 2398 3370 autem
2425 3316 2643 3371 JUdLBHS
2672 3316 2870 3370 dixerit
2900 3333 2913 3368 :
2947 3313 3256 3381 Quomodo,
3290 3328 3413 3366 cum
3447 3312 3591 3366 Deus

345 3401 625 3470 γείλαντος
665 3401 738 3469 μὴ
781 3403 1106 3470 προσκυνεῖν
1156 3400 1354 3470 ξύλαῆ
1411 3401 1559 3452 λίθον
1625 3401 1719 3453 καὶ
1778 3401 1916 3470 ἔργα

346 3496 550 3567 χειρῶν
586 3495 913 3567 ἀνθρώπων,
951 3495 1071 3558 πῶς
1124 3497 1282 3563 ὑμεῖς
1309 3497 1358 3549 οι
1408 3496 1727 3564 Χριστιανοὶ
1780 3495 1920 3549 αὐτὰ

349 3589 704 3658 προσκυνεῖτε
731 3587 825 3640 καὶ
852 3587 1099 3648 σέϐεσθε,
1134 3587 1416 3650 ποιοῦντες
1443 3586 1622 3641 αὐτῶν
1653 3588 1922 3658 σταυροὺς

351 3679 449 3732 καὶ
475 3678 721 3742 είκόναςς
753 3679 873 3730 εἰπὲ
912 3677 1060 3746 αὐτῷ
1079 3692 1094 3707 °
1125 3678 1262 3743 Λέγε
1299 3695 1385 3745 μοι
1419 3679 1512 3729 καὶ
1541 3678 1628 3738 σὺ,
1673 3677 1918 3740 Ἰουδαῖε,

352 3769 443 3821 διὰ
466 3769 517 3820 τί
552 3769 730 3821 καὶσὺ
759 3771 1084 3838 προσκυνεῖς
1109 3767 1170 3818 τὸ
1203 3767 1404 3836 βιϐλίον
1430 3767 1524 3819 τοῦ
1553 3769 1740 3836 νόμου,
1772 3770 1922 3821 ἐπει-

355 3861 420 3928 δὴ
459 3860 521 3910 ἐκ
547 3858 834 3927 δερμάτων
867 3859 1126 3927 τυγχάνει
1153 3859 1247 3910 καὶ
1285 3861 1341 3909 ὲν
1371 3859 1680 3929 ἀκαθαρσίᾳ
1726 3857 1923 3928 βεϐυρ-

357 3949 659 4016 σενμένον;
692 3949 779 4001 διὰ
833 3947 886 4000 τί
943 3949 998 4000 δὲ
1050 3948 1147 4000 καὶ
1175 3950 1202 4000 ὁ
1246 3947 1443 4000 Ἰακὼϐ
1484 3950 1512 4000 ὁ
1576 3951 1924 4019 πατριάρχης

311 4047 336 4063 ⁸
358 4037 764 4107 προσεκύνησεν
786 4041 877 4092 ἐπὶ
907 4038 968 4092 τὸ
993 4039 1161 4108 ἄκρον
1189 4040 1285 4107 τῆς
1327 4038 1523 4108 ῥάϐδου
1547 4037 1640 4090 τοῦ
1679 4039 1875 4108 Ἰωσήφ
1907 4055 1922 4103 ;

359 4131 470 4182 Καὶ
497 4131 544 4181 εί
579 4130 676 4199 μὲν
703 4129 814 4199 ἔχει
843 4131 1039 4194 εἰπεῖν,
1067 4131 1147 4183 ὅτι
1172 4129 1291 4183 Κᾶν
1317 4129 1606 4200 προσκυνῶ
1627 4129 1721 4181 τοῦ
1757 4129 1923 4198 νόμον

358 4221 420 4272 τὸ
450 4219 671 4288 βιϐλίον,
707 4221 765 4273 οὐ
793 4221 890 4291 τὴν
924 4221 1084 4290 φύσιν
1121 4221 1231 4274 τῶν
1275 4221 1559 4290 δερμάτων
1608 4221 1924 4290 προσκυνῶ,

359 4314 497 4368 ἀλλὰ
525 4317 623 4384 τὴν
640 4314 866 4384 δύναμιν
894 4315 1002 4368 τῶν
1027 4317 1290 4386 ῥημάτων
1319 4333 1332 4346 ·
1355 4317 1448 4368 καὶ
1467 4317 1494 4367 ὁ
1530 4314 1728 4368 Ἰακὼϐ
1757 4331 1927 4385 προσ-

300 4388 323 4486 (
362 4407 604 4475 κυνήσας
651 4407 750 4475 τὴν
807 4406 1020 4476 ῥάϐδον,
1055 4408 1114 4460 ού
1178 4407 1238 4459 τὸ
1285 4404 1443 4469 ξύλον
1493 4404 1927 4475 προσεκύνησεν,

280 4527 322 4702 l

362 4498 499 4550 ἀλλὰ
549 4499 641 4551 τὸν
669 4497 978 4567 κρατοῦντα
1013 4499 1184 4567 αὐτὴν
1223 4497 1420 4568 Ἰωσήφ
1440 4513 1454 4527 '
1493 4497 1611 4550 εἰπὲ
1645 4496 1816 4566 αὐτῷ,
1847 4497 1927 4549 ὅτι
1957 4502 1961 4505 ’

366 4587 553 4650 Οὕτως
602 4589 698 4642 κα)⁵
731 4591 891 4660 ἡμεῖς
919 4591 968 4643 οἱ
1010 4590 1331 4659 Χριστιανοὶ
1371 4589 1806 4658 προσκυνοῦντες
1833 4587 1926 4641 τοῦ

2027 3409 2353 3477 ρτωοερετίι
2399 3424 2468 3462 ne
2527 3407 2827 3462 adorentur
2892 3406 3057 3476 ligna,
3105 3405 3264 3474 lapis,
3321 3415 3375 3458 et
3427 3420 3597 3474 opera

2031 3513 2288 3552 manuum
2319 3499 2618 3563 hominum,
2656 3513 2770 3561 vos,
2803 3496 3126 3561 Christiani,
3183 3496 3298 3550 hzec
3349 3495 3594 3550 adoratis

2028 3597 2083 3643 et
2113 3589 2310 3652 colitis,
2338 3587 2598 3642 facientes
2642 3603 2708 3642 ex
2747 3588 2832 3642 his
2859 3603 3051 3641 cruces
3080 3596 3134 3640 et
3175 3587 3480 3656 imagines?
3511 3604 3595 3640 re-

2032 3679 2241 3750 sponde
2264 3680 2338 3733 illi
2369 3697 2380 3732 :
2416 3679 2512 3734 Dic
2543 3678 2676 3732 mihi
2701 3687 2753 3732 et
2781 3689 2859 3740 tu,
2893 3679 3099 3743 Iudaee,
3128 3694 3297 3748 quare
3324 3690 3376 3732 tu
3402 3679 3606 3733 adoras.

2033 3773 2165 3841 legis
2186 3771 2403 3837 librum,
2429 3786 2550 3826 cum
2569 3785 2597 3824 e
2618 3771 2850 3840 pellibus
2871 3780 2925 3825 et
2942 3770 3237 3826 immundis
3257 3772 3436 3824 coriis.
3450 3787 3568 3824 com

2036 3876 2225 3935 pactus
2255 3865 2367 3918 sit?
2401 3879 2502 3918 cur
2533 3863 2700 3918 Iacob
2731 3863 3039 3932 patriarcha
3070 3863 3320 3917 adoravit
3347 3864 3401 3915 in
3444 3878 3596 3914 sum—

2035 3955 2224 4010 mitate
2249 3955 2413 4026 virgae
2439 3953 2726 4024 Ioseph“?
2747 3953 2900 4020 Quod
2928 3955 2973 4008 si
3005 3954 3246 4023 potuerit
3268 3953 3451 4006 dicere
3480 3972 3492 4005 :
3535 3955 3598 4004 lat

2035 4047 2079 4099 si
2121 4045 2290 4100 adoro
2317 4045 2450 4115 legis
2491 4046 2711 4108 librum,
2745 4061 2854 4098 non
2891 4053 3140 4098 naturam
3162 4043 3385 4112 pellium
3407 4045 3594 4104 adoro,

2037 4133 2130 4188 sed
2161 4134 2452 4188 verborum
2486 4135 2786 4198 virtutem;
2823 4147 3000 4202 neque
3023 4131 3192 4186 Iacob
3219 4131 3460 4185 adorans
3492 4131 3599 4182 vir-

2037 4241 2181 4295 gam,
2213 4226 2419 4294 lignum
2449 4224 2715 4285 adoravit.
2750 4225 2845 4278 sed
2873 4224 2962 4293 qui
3000 4237 3120 4277 eam
3160 4222 3478 4292 possidebat
3508 4221 3598 4277 Jo-

2039 4319 2172 4388 seph
2198 4336 2212 4383 ;
2249 4317 2338 4373 dic
2369 4317 2444 4371 illi
2472 4334 2484 4369 :
2517 4315 2779 4372 Similiter
2812 4324 2866 4370 et
2905 4330 3001 4369 uos
3023 4302 3327 4370 Christiani
3357 4312 3595 4366 adorau-

2042 4421 2119 4464 tes
2144 4409 2347 4465 Christi
2401 4423 2639 4471 crucem,
2679 4423 2786 4461 non
2812 4406 2941 4477 ligni
2985 4415 3238 4462 naturam
3283 4405 3597 4466 adoramus,

2038 4502 2182 4571 quod
2209 4502 2371 4566 absit,
2401 4500 2493 4556 sed
2523 4499 2801 4555 Christum
2824 4501 2878 4552 in
2908 4514 2974 4553 eo
3006 4499 3353 4553 cruciﬁxum.
3393 4496 3596 4559 Ouem-

2039 4592 2332 4646 admodum
2387 4599 2441 4644 et
2471 4607 2587 4655 vos,
2633 4589 2676 4643 si
2709 4589 3030 4644 inveneritis
3080 4587 3244 4642 hodie
3286 4589 3420 4641 duas
3447 4586 3603 4640 tabu-
3663 4593 3665 4596 ‘

367 4678 603 4748 Χριστοῦ
633 4680 882 4749 σταυρὸν,
917 4681 977 4732 οὐ
1005 4681 1104 4748 τὴν
1136 4679 1299 4748 φύσιν
1349 4679 1445 4731 τοῦ
1492 4678 1648 4742 ξύλου
1693 4696 1914 4749 προσκυ‹

2037 4687 2117 4738 las
2151 4695 2205 4739 et
2247 4684 2357 4738 duo
2388 4683 2686 4739 Cherubim
2729 4697 2915 4746 aurea,
2959 4696 3080 4751 qua:
3123 4679 3252 4735 fecit
3280 4679 3509 4750 Moyses.
3546 4687 3602 4731 et.

365 4769 586 4838 νοῦμεν,
619 4770 692 4840 μὴ
715 4771 957 4838 γένοιτοί
991 4771 1126 4824 ἀλλὰ
1156 4771 1388 4840 Χριστὸν
1408 4771 1498 4822 τὸν
1551 4769 1935 4839 σταυρωθέντα

365 4862 426 4912 ἐν
453 4861 621 4930 αὐτῷ.
655 4861 763 4914 Καὶ
790 4860 978 4929 ὥσπερ
1008 4861 1166 4931 ὑμεῖς
1194 4860 1290 4913 ὲὰν
1313 4860 1521 4930 ηὔρατε
1544 4860 1669 4930 ἄρτι
1698 4859 1795 4922 τὰς
1841 4858 1935 4911 δύο

365 4949 580 5012 πλάκας
607 4951 788 5004 καὶτὰ
815 4950 908 5004 δύο
927 4950 1209 5022 Χερουϐὶμ
1230 4950 1298 5003 τά
1321 4952 1520 5022 χρυσᾶ,
1547 4952 1689 5020 ειπερ
1710 4949 1935 5018 εποίησε

363 5044 624 5111 Μωῦσῆς,
655 5043 750 5096 καὶ
780 5041 881 5113 τὴν
903 5042 1155 5106 κιϐωτὸν,
1183 5041 1538 5114 προσῘε]κυνή
1549 5058 1675 5094 σατε
1708 5042 1772 5094 ἂν
1796 5040 1936 5094 αὐτὰ

362 5135 630 5202 τιμῶντες
674 5135 767 5190 τὸν
816 5135 1147 5199 ἐπιτάξαντα
1199 5135 1370 5187 ταῦτα
1394 5151 1408 5167 ο
1445 5134 1523 5203 τῷ
1555 5130 1704 5202 αύτῷ
1745 5132 1934 5201 τρόπῳ

365 5227 461 5280 καὶ
491 5228 670 5297 ἡμεῖς,
698 5227 798 5291 τὰς
830 5227 1046 5290 είκόνας
1075 5225 1532 5298 προσκυνοῦντες,
1567 5227 1628 5278 ού
1676 5225 1736 5277 τὸ
1781 5223 1935 5288 ξύλον

363 5335 798 5391 προσκυνουμεν,
836 5321 910 5390 μὴ
931 5319 1146 5387 γένοιτο
1174 5321 1186 5372 !
1218 5317 1354 5370 άλλά
1383 5317 1617 5388 Χριστὸν
1640 5316 1928 5385 τιμῶντες,

365 5413 463 5466 καὶ
499 5412 623 5473 τοὺς
666 5412 855 5479 ἁγίους
908 5411 1072 5466 αὑτοῦ
1100 5428 1113 5443 ο
1169 5411 1264 5464 καὶ⁴
1312 5409 1436 5463 οὔτε
1486 5411 1546 5462 τὸ
1603 5409 1779 5475 ξύλον,
1813 5408 1935 5460 οὔτε

365 5509 466 5574 τὴν
511 5504 832 5574 ζωγραφίαν
881 5503 1290 5574 προσκυνοῦμεν
1322 5519 1337 5535 ·
1373 5503 1496 5556 ἐπεὶ
1532 5501 1789 5564 πολλάκις
1837 5501 1933 5563 τὰς

437 5653 486 5687 ⁸⁸
564 5655 663 5714 lsa.
699 5671 772 5719 λι,
817 5656 914 5730 Ιθ.»
966 5658 1008 5687 "9
1042 5655 1206 5711 llcbr.
1244 5675 1315 5722 χι,
1346 5658 1436 5712 Ἡ.

2036 4787 2242 4837 arcam,
2277 4772 2580 4845 adoraretis
2598 4786 2664 4825 ea
2687 4769 2931 4824 colentes
2956 4768 3108 4822 illum
3130 4767 3222 4836 qui
3239 4767 3355 4821 haec
3380 4765 3602 4819 manda-

2038 4868 2117 4917 vit
2151 4865 2307 4928 lieri;
2337 4863 2408 4916 ita
2449 4872 2504 4916 et
2536 4877 2638 4916 nos
2678 4877 2804 4915 cum
2846 4860 3109 4930 imagines
3149 4847 3461 4922 adoramus,
3493 4871 3602 4911 non

2036 4959 2332 5011 adoramus
2360 4956 2588 5024 lignum,
2629 4953 2778 5023 quod
2806 4952 2973 5009 absit!
3001 4951 3097 5028 sed
3139 4937 3420 5006 Christum
3465 4949 3604 5003 coli-

2040 5062 2163 5102 mus
2190 5055 2241 5100 et
2267 5056 2482 5100 sanctos
2505 5047 2660 5114 ejus;
2702 5043 2879 5112 neque
2899 5033 3106 5113 lignum
3131 5029 3306 5110 neque
3331 5040 3602 5110 picturam

2040 5140 2350 5199 adoramus,
2365 5151 2488 5190 cum
2505 5133 2980 5204 saepiusimagines
2991 5141 3232 5186 vetustas
3242 5131 3606 5200 abstergimus

2039 5237 2095 5280 et
2126 5237 2472 5287 renovamus,
2506 5231 2602 5276 aut
2629 5228 3004 5290 putrescentes
3022 5218 3416 5281 comburimus,
3446 5218 3608 5270 alias-

2040 5333 2148 5387 que
2203 5331 2373 5369 novas
2418 5313 2670 5373 facimus,
2724 5311 3098 5364 tantummodo
3131 5310 3197 5363 ad
3255 5311 3456 5364 bonam
3491 5323 3606 5361 me-

2041 5403 2274 5458 moriam
2314 5401 2658 5456 servandam.
2713 5399 2818 5452 Vos
2865 5405 3070 5458 autem,
3114 5397 3276 5451 dicite
3326 5395 3480 5456 mihi,
3506 5409 3607 5448 cur

2043 5495 2336 5566 imaginem
2387 5490 3192 5559 NabuchodonosorBabylone
3249 5482 3605 5544 adoraviﬂnl
