3910 6300
197 308 335 370 :93?
1220 312 1679 374 DISPUTATIO
1715 312 2113 373 ADVERSUS
2150 314 2479 375 JUDJEOS.
3316 307 3456 373 1238

187 438 320 472 σατε
343 420 500 486 λόγον
538 422 767 496 Κυρίου,
810 421 953 486 οἶκος
982 423 1248 492 Σοδόμων·
1278 424 1572 504 προσέχετε
1598 423 1760 492 νόμον

1876 437 1973 475 non
2008 422 2139 488 Deo,
2168 431 2224 477 et
2254 424 2662 494 dereliqucru'tt
2698 424 2867 479 Deum
2903 423 2996 493 qui
3038 420 3170 476 fecit
3216 419 3363 476 illos.
3389 430 3446 475 et

187 510 350 566 (θεοῦ.
382 510 510 574 λαὸς
544 512 845 583 Γομόρρας.
886 532 904 564 ι
948 514 1162 584 Ὁρᾶτε,
1194 516 1277 568 ὅτι
1321 516 1415 568 καὶ
1441 512 1757 583 Σοδομίτας.

1876 510 2048 564 nersi
2078 519 2210 564 sunt
2230 527 2261 565 a
2283 512 2397 566 Deo
2419 512 2514 582 qui
2543 514 2775 567 san-ath
2800 527 2896 567 eos
2912 509 2981 565 ".
3013 531 3030 562 ο

190 601 289 652 καὶ
320 600 604 666 ἀπίστους,
638 602 735 657 καὶ
763 603 891 657 λαὸν
918 606 1100 676 μωρὸν
1130 608 1257 668 τοὺς
1299 605 1586 668 Ἰουδαίους
1617 603 1768 669 λέγει
1805 599 1834 650 6
1856 597 2013 667 Θεὸς,
2041 600 2137 655 καὶ
2196 601 2573 668 είδωλοθύτας,
2598 605 2691 656 καὶ
2749 602 3098 674 ἀχαρίστους,
3122 604 3216 656 καὶ
3246 600 3442 669 γενεὰν

188 693 437 762 πονηρὰν
480 695 573 747 καὶ
628 694 1086 766 διεστραμμένην,
1114 699 1209 750 καὶ
1258 697 1424 752 τέκνα
1460 694 1744 768 μωμητά;
1788 707 1807 743 ι
1850 691 1958 744 Καὶ
1982 692 2179 747 ἔθυσαν
2207 695 2530 766 δαιμονίοις,
2595 696 2689 749 καὶ
2720 697 2781 749 οὐ
2837 695 2977 767 Θεῷ,
3022 696 3113 750 καὶ
3160 695 3445 764 ἐγκατέλι-

192 801 298 837 πον
330 786 462 837 Θεὸν
486 786 578 838 τὸν
606 788 908 857 ποιήσαντα
940 789 1157 855 αὐτοὺς,
1191 790 1284 843 καὶ
1314 791 1635 860 ἀπέστησαν
1658 784 1766 841 ἀπὸ
1803 780 1942 836 Θεοῦ
1981 785 2235 857 Σωτῆρος
2277 788 2476 842 αὐτῶν.
2515 807 2534 840 ι

279 874 693 944 Ἐρευνήσωμεν
742 872 835 929 οὖν
866 876 969 943 τὰς
1023 879 1064 931 Γ
1071 879 1247 950 ραφὰς
1271 879 1477 943 λοιπὸν,
1512 881 1608 933 ἐὰν
1647 876 1773 947 περὶ

1948 874 2295 945 Inquiramus
2341 894 2475 949 ergo
2505 877 2845 948 Scripturas,
2873 892 2942 931 an
2977 876 3046 931 de
3076 876 3282 946 populo
3321 892 3455 946 quo-

192 963 360 1017 ἄλλου
394 966 711 1036 οίουδήποτε
755 967 943 1032 ἔθνους
973 970 1213 1024 τοσαῦτα
1243 974 1272 1024 6
1306 972 1441 1035 Θεὸς
1474 972 1773 1041 κατήγγει-

1876 983 2094 1037 cunque
2139 969 2249 1024 alio
2296 970 2442 1025 Deus
2489 978 2638 1025 tanta
2684 967 3117 1024 denuntiaverit.
3172 966 3454 1037 Siquidem

193 1056 308 1111 λεν.
345 1058 454 1112 Καὶ
483 1060 594 1129 γὰρ
640 1060 699 1113 ἐν
739 1059 1134 1132 Ἱεροσολύμοις
1168 1062 1505 1133 πεντήκοντα
1531 1061 1626 1116 δύο
1678 1061 1774 1132 ἐτη

196 1149 493 1218 ἐποιήσατε
520 1149 740 1213 θύοντες
758 1153 817 1204 ὲν
837 1152 917 1223 τῷ
948 1152 1062 1224 ναῷ
1101 1154 1195 1207 τοῦ
1225 1154 1363 1207 Θεοῦ
1390 1158 1503 1219 τοῖς
1534 1153 1775 1217 εἰδώλοις

194 1236 290 1287 ἐπὶ
327 1238 591 1308 Μανασσῆ
625 1238 719 1293 τοῦ
745 1240 1007 1311 βασιλέως
1039 1243 1217 1312 ὑμῶν,
1247 1243 1658 1315 βεϐηλώσαντες
1682 1245 1774 1297 τὸν

195 1328 327 1382 ναὸν
361 1331 456 1384 καὶ
475 1332 574 1402 τὴν
601 1333 758 1387 πόλιν
791 1333 887 1386 τοῦ
908 1334 1041 1388 Θεοῦ
1065 1351 1084 1367 ο
1112 1336 1201 1390 διὰ
1223 1337 1382 1391 τοῦτο
1406 1340 1464 1391 ὲν
1492 1338 1770 1392 Βαϐυλῶνι

199 1422 297 1473 καὶ
324 1420 473 1488 ἅπαξ
503 1424 595 1476 καὶ
619 1423 703 1487 δὶς
731 1425 1052 1496 παρέδωκεν
1083 1429 1229 1499 ὑμᾶς
1255 1431 1283 1483 6
1305 1429 1438 1495 Θεὸς
1480 1435 1595 1494 τοῖς
1621 1431 1769 1484 Χαλ-

194 1510 371 1572 δαίοις
392 1513 473 1573 είς
498 1514 876 1582 αἰχμαλωσίαν
898 1532 911 1547 ·
946 1513 1064 1571 εἶτα
1091 1519 1254 1572 πάλιν
1287 1521 1433 1590 ὑμᾶς
1466 1522 1587 1591 μεθ’
1615 1521 1769 1574 ἐϐδο-

1871 1058 2234 1131 Jerosolymis
2268 1060 2381 1115 duo
2412 1068 2465 1116 et
2517 1060 2916 1133 quinquaginta
2968 1059 3130 1113 annis
3177 1059 3458 1114 sacriﬁca-

1872 1148 2034 1215 yistis
2064 1150 2119 1204 in
2172 1150 2265 1205 Dei
2313 1151 2516 1220 templo
2548 1151 2711 1205 idolis
2758 1149 2860 1205 sub
2909 1149 3158 1203 Manasse
3204 1164 3330 1220 rege
3359 1166 3455 1203 ve-

1882 1245 2019 1299 stro,
2046 1238 2402 1308 profanantes
2427 1239 2620 1293 urbem
2656 1249 2713 1293 et
2736 1238 3003 1309 templum
3030 1238 3151 1292 Dei.
3183 1239 3262 1292 0b
3293 1256 3456 1310 quam

1880 1342 2099 1382 causam
2149 1327 2426 1398 Babylone
2482 1330 2652 1383 semel
2718 1337 2775 1382 et
2831 1327 3030 1383 iterum
3081 1329 3309 1383 tradidit
3361 1345 3458 1385 vos

1880 1422 2027 1477 Deus
2092 1420 2365 1477 Chaldaeis
2446 1421 2501 1476 in
2570 1412 2945 1477 servitutem.’
2983 1420 3192 1476 Deinde
3263 1436 3501 1473 rursus,

1877 1530 1977 1569 vos
2017 1530 2191 1570 annos
2218 1522 2343 1585 post
2381 1516 2724 1585 septuaginta
2763 1514 3068 1570 revocavit.
3099 1513 3258 1568 Modo
3293 1513 3461 1584 igitur

198 1604 447 1671 μήκοντα
508 1580 607 1675 ἐτῆ
666 1608 1049 1666 ἀνεκαλέσατο.
1089 1612 1250 1682 ’Ἄρτι
1280 1580 1374 1666 οῦν
1413 1580 1585 1668 ⁷τοῦτο
1630 1614 1770 1668 θέλω

1878 1606 2025 1661 istud
2060 1580 2238 1661 voloa
2273 1580 2698 1663 vobis-discere.
2738 1607 2870 1661 Post
2908 1615 3154 1660 vestrum
3180 1580 3457 1675 Babylone

198 1692 395 1761 μαθεῖν
418 1693 477 1759 ἐξ
509 1695 661 1763 ὑμῶν
683 1711 698 1726 ⁶
734 1700 871 1767 μετὰ
901 1700 963 1752 τὸ
993 1701 1235 1756 ἀνελθεῖν
1265 1703 1409 1774 ὑμᾶς
1438 1706 1502 1759 ὲκ
1525 1704 1625 1775 τῆς
1653 1706 1777 1759 Βα-

197 1782 458 1850 ϐυλῶνος,
476 1786 572 1839 καὶ
590 1787 873 1858 κτισθῆναι
904 1791 968 1844 ὲκ
996 1791 1246 1865 δευτέρου
1270 1793 1361 1847 τὸν
1387 1795 1514 1849 ναὸν
1538 1795 1690 1865 ὑμῶν
1719 1798 1775 1850 ὲν

211 1877 622 1947 Ἰεροσολύμοις,
647 1881 739 1934 καὶ
765 1882 909 1950 ὑμᾶς
928 1886 986 1938 ὲν
999 1885 1146 1956 αὐτῷ
1172 1886 1250 1957 τῷ
1273 1887 1392 1958 Θεῷ
1406 1890 1775 1960 προσκυνοῦν-

196 1984 299 2028 τας
356 1969 538 2023 οὐκέτι
579 1973 691 2035 τοῖς
729 1971 969 2038 εἰδώλοις
998 1976 1230 2031 ἐθύσατε
1254 1994 1268 2007 ο
1303 1978 1463 2032 ποίαν
1498 1973 1773 2050 ἁμαρτίαν

194 2060 495 2131 ἐποιήσατε
518 2059 748 2116 ἐνώπιον
776 2064 872 2117 τοῦ
904 2065 1042 2119 Θεοῦ
1065 2082 1081 2130 ;
1110 2067 1193 2120 ὃτι
1226 2068 1333 2122 ἰδοὺ
1360 2070 1653 2124 ὀκτακόσια
1680 2073 1773 2124 καὶ

193 2151 424 2205 πλείονα
485 2152 580 2222 ἔτη
633 2155 693 2206 ὲν
747 2155 895 2228 πάσῃ
939 2159 1005 2229 τῇ
1038 2160 1108 2230 γῇ
1159 2160 1537 2230 διεσκόρπισεν
1566 2164 1711 2233 ὑμᾶς
1743 2164 1771 2216 6

193 2242 356 2307 Θεὸς,
385 2243 480 2296 καὶ
509 2243 685 2313 ἤγαγε
717 2245 873 2299 Τῖτον
917 2250 1011 2300 καὶ
1050 2249 1466 2303 Οὐεσπασιανὸν
1488 2252 1597 2304 ἀπὸ
1642 2251 1773 2305 Ῥώ-

197 2350 331 2405 μης,
363 2335 456 2387 καὶ
490 2334 730 2403 ἔσφαξαν
760 2336 820 2401 ἐξ
848 2337 1002 2407 ὑμῶν
1037 2338 1141 2392 κᾶν
1181 2340 1376 2393 ἑκατὸν
1409 2341 1677 2413 μυριάδας
1714 2345 1771 2396 ὲν

207 2425 630 2497 Ἱεροσολύμοις,
670 2429 746 2482 ὡς
767 2429 917 2500 λέγει
946 2432 974 2485 6
1005 2432 1266 2503 Ἰώσηπος
1287 2434 1315 2485 6
1343 2433 1497 2503 ὑμῶν
1533 2452 1773 2505 συγγρα-

195 2520 335 2585 φεὺς
386 2518 546 2587 μόνος
619 2519 795 2573 ταῦτα
882 2523 1214 2593 ἐκθέμενοςο
1281 2526 1377 2578 καὶ
1446 2527 1772 2598 ἐνεπύρισαν

194 2612 294 2663 τὸν
345 2610 474 2663 ναὸν
525 2611 698 2682 ὑμῶν,
728 2616 819 2666 καὶ
843 2615 1150 2686 ἠρήμωσαν
1181 2616 1243 2669 τὸ
1268 2618 1653 2688 θυσιαστήριον
1678 2621 1773 2674 καὶ

195 2696 266 2756 τᾶ
321 2703 474 2772 ἅγια.
504 2705 598 2759 καὶ
626 2705 725 2775 τὴν
782 2706 938 2760 πόλιν
992 2709 1194 2777 πᾶσαν,
1232 2710 1323 2763 καὶ
1353 2711 1451 2780 τὴν
1485 2710 1646 2778 Σιὼν,
1673 2713 1769 2765 καὶ

193 2795 629 2865 ῄχμαλώτευσαν
656 2797 800 2868 ὑμᾶς
832 2814 847 2829 ·
889 2801 982 2853 καὶ
1017 2800 1139 2853 ἐστὲ
1180 2803 1238 2855 ὲν
1284 2801 1437 2875 πάσῃ
1467 2806 1533 2875 τῇ
1564 2806 1633 2875 γῇ
1665 2804 1773 2856 διε-ο

200 2887 509 2958 σπαρμένοι
539 2890 633 2942 καὶ
658 2891 1105 2962 παρανομοῦντες
1120 2893 1224 2956 ἕως
1249 2894 1345 2964 τῆς
1366 2897 1623 2966 σήμερον.
1657 2896 1766 2949 Καὶ

202 2978 313 3029 ἰδοὺ
337 2977 633 3032 ὀκτακόσια
662 2980 758 3033 καὶ
792 2981 1011 3035 πλείονα
1037 2982 1155 3052 ἔτη,
1185 2982 1261 3047 ὡς
1289 2984 1534 3053 εἴπομεν,
1566 2985 1627 3039 οὐ
1675 2986 1767 3039 θυ-

202 3070 540 3140 σιαστήριον,
571 3071 633 3124 οὐ
662 3071 912 3136 κιϐωτὸν,
944 3072 1003 3126 οὐ
1038 3076 1202 3127 τόπον
1224 3074 1317 3128 τοῦ
1347 3076 1539 3146 Πάσχα
1570 3076 1775 3146 φυλάτ-

201 3178 407 3223 τοντες.
437 3158 573 3215 Εἶπε
623 3163 729 3234 γὰρ
754 3164 782 3217 ὁ
816 3164 946 3230 Θεὸς
1000 3165 1128 3236 ὑμῖν
1161 3182 1173 3195 ·
1208 3167 1472 3236 Μηδαμοῦ
1519 3170 1774 3238 ποιήσετε

201 3251 264 3303 τὸ
292 3250 502 3320 Πάσχα,
532 3252 580 3303 εί
613 3252 686 3323 μὴ
713 3254 769 3304 ἐν
799 3254 1157 3326 Ἰερουσαλήμ
1183 3271 1196 3284 ·
1224 3257 1356 3328 μηδὲ
1386 3259 1468 3322 εἰς
1500 3259 1775 3327 Αἴγυπτον

203 3341 503 3395 εἰσελθεῖν·
538 3342 646 3396 ἰδοὺ
682 3343 731 3396 οἱ
757 3345 989 3415 πατέρες
1018 3346 1169 3416 ὑμῶν
1208 3347 1624 3418 ἁμαρτήσαντες
1672 3352 1778 3403 ἀπ-

204 3433 392 3487 έλαϐον
407 3420 557 3488 δεύτε
568 3452 657 3506 ρον
670 3436 726 3490 ἐν
742 3436 1023 3492 Βαϐυλῶνι
1035 3440 1125 3509 αίχ
1133 3439 1569 3509 μαλωτευθέντες
1584 3443 1648 3494 ἐκ
1661 3441 1778 3495 δευ-

201 3529 259 3580 τέ
269 3545 358 3598 ρου
377 3529 469 3581 καὶ
493 3528 744 3600 δευτέρου
763 3528 859 3582 τοῦ
881 3529 1010 3584 ναοῦ
1027 3534 1127 3601 ὲρη
1136 3532 1251 3601 μωθ
1260 3531 1429 3597 ἐντος,
1448 3532 1543 3586 καὶ
1564 3532 1779 3587 διαλλα-

204 3620 365 3686 γῆναι
385 3619 582 3681 αὐτοὺς
616 3620 708 3672 τὸν
725 3620 856 3672 Θεὸν
884 3621 983 3674 καὶ
1023 3620 1444 3692 οἰκοδομηθῆναι
1487 3623 1580 3676 τὸν
1614 3624 1740 3678 ναόν
1760 3641 1775 3657 ·

208 3711 365 3773 ὑμεῖς
385 3710 442 3762 δὲ
468 3711 627 3764 ποίαν
652 3712 924 3783 ἁμαρτίαν
953 3713 1272 3785 ἐποιήσατε,
1294 3715 1387 3768 καὶ
1406 3715 1659 3787 τοιαύτην
1683 3733 1780 3786 με·

205 3800 398 3871 γαλῆν,
426 3804 507 3855 ὅτι
534 3802 716 3855 οὐκέτι
733 3805 952 3874 ἠγειρεν
980 3805 1107 3874 ὑμῖν
1126 3805 1217 3858 τὸν
1239 3806 1407 3859 ναὸνό
1424 3807 1577 3871 Θεὸς,
1594 3807 1779 3862 οὐκέτι

208 3896 481 3963 ἀνήγαγεν
509 3895 653 3964 ὑμᾶς
681 3896 745 3949 ὲκ
774 3895 880 3948 τῶν
908 3896 1118 3968 ἐχθρῶν
1141 3913 1157 3960 ;
1182 3893 1290 3969 ἆρα
1316 3896 1558 3963 εἰδώλοις
1580 3899 1779 3953 ἐούσα-

206 4001 263 4038 τε
294 3986 490 4057 ὑμεῖς,
531 3988 608 4050 ὡς
649 3987 700 4041 οί
754 3989 989 4060 πατέρες
1042 3988 1219 4059 ὑμῶν,
1257 3990 1384 4053 τοὺς
1443 3991 1590 4054 υἱοὺς
1626 3992 1780 4062 ὑμῶν

205 4077 300 4129 καὶ
363 4076 461 4140 τὰς
514 4076 873 4148 θυγατέραςς
929 4074 1042 4149 ἆρα
1104 4079 1271 4133 εἰκόνι
1330 4081 1779 4152 προσεκυνήσατε

203 4168 278 4232 ὡς
337 4169 582 4233 ὲκεῖνοις
641 4168 926 4239 Οὐδαμῶς.
975 4165 1125 4242 ’Λρα
1198 4170 1281 4233 είς
1346 4170 1436 4224 τὸν
1501 4171 1626 4224 ναδν
1699 4170 1779 4224 el-

1876 1713 2210 1768 regressum,
2245 1709 2304 1754 et
2333 1699 2527 1768 templi
2549 1698 2719 1754 vestri
2753 1697 3234 1753 reazditicationem
3269 1696 3459 1751 lliero-

1875 1793 2121 1865 solymis.
2154 1808 2251 1847 vos
2276 1793 2330 1846 in
2376 1792 2470 1846 illo
2518 1792 2819 1846 adorantes
2845 1791 2980 1855 Deo,
3020 1805 3131 1845 non
3176 1784 3338 1845 idolis
3367 1804 3457 1844 sa-

1873 1883 2181 1939 criﬁcastis.
2203 1882 2375 1950 Quale
2394 1891 2682 1952 peccatum
2710 1881 2902 1952 egistis
2923 1896 3108 1936 coram
3134 1881 3289 1935 Deo?
3315 1880 3457 1935 Ecce

1873 1976 2022 2031 enim
2052 1975 2383 2045 octingentis
2414 1982 2472 2028 et
2510 1973 2750 2043 amplius
2789 1974 2949 2028 annis
2996 1974 3051 2026 in
3090 1987 3310 2027 omnem
3340 1981 3453 2027 ter-

1873 2084 1989 2123 ram
2012 2068 2275 2138 dispersit
2304 2082 2402 2121 vos
2429 2066 2599 2129 Deus,
2640 2074 2697 2121 et
2735 2066 2893 2120 duxit
2935 2064 3123 2119 Titum
3163 2073 3220 2118 et
3250 2064 3456 2134 Vespa-

1871 2160 2093 2216 sianum
2130 2160 2324 2221 Roma,
2368 2167 2423 2213 et
2462 2158 2890 2212 trucidaverunt
2917 2172 2985 2211 ex
3031 2156 3190 2211 vobis
3233 2164 3456 2211 centum

1870 2251 2144 2322 myriadas
2171 2250 2605 2321 Hierosolymis,
2648 2260 2710 2304 ut
2766 2249 2905 2304 dicit
2949 2249 3227 2317 Iosephus
3262 2258 3458 2303 vestrae

1873 2343 2055 2414 gentis
2084 2341 2345 2411 scriptor,
2388 2342 2483 2411 qui
2532 2342 2683 2396 solus
2735 2340 2835 2395 ista
2872 2339 3147 2409 exposuit.
3196 2340 3454 2395 Vestrum

1874 2433 2142 2504 templum
2204 2432 2613 2494 incenderunt,
2668 2441 2721 2486 et
2772 2432 3098 2486 deleverunt
3162 2431 3335 2485 altare
3401 2437 3460 2484 et

1873 2537 2084 2591 sancta,
2117 2524 2310 2579 urbem
2341 2539 2565 2594 quoque
2609 2533 2666 2579 et
2715 2524 2870 2590 Sion,
2906 2531 2964 2578 et
2994 2539 3093 2577 vos
3137 2522 3192 2576 in
3220 2522 3459 2577 servitu-

1876 2627 1985 2673 tem
2015 2600 2349 2686 redegerunt
2370 2634 2385 2682 ;
2407 2623 2464 2670 et
2485 2615 2619 2670 estis
2650 2631 2751 2685 per
2777 2624 2947 2669 totam
2978 2624 3188 2671 terram
3217 2615 3453 2685 dispersi

1873 2718 1929 2764 et
1960 2709 2081 2763 sine
2121 2710 2239 2779 lege
2274 2723 2451 2778 usque
2495 2707 2698 2761 adhuc.
2750 2707 2818 2761 Et
2859 2721 2987 2762 ecce
3033 2707 3369 2778 octingentis
3402 2717 3460 2760 et

1874 2801 2109 2871 amplius
2139 2802 2321 2865 annis,
2376 2809 2437 2854 ut
2486 2798 2748 2864 diximus,
2797 2814 2978 2869 neque
3034 2800 3226 2863 altare,
3277 2814 3457 2869 neque

1873 2907 2083 2956 arcam,
2133 2907 2315 2962 neque
2364 2892 2546 2946 locum
2600 2891 2825 2945 Pascha:
2882 2891 3266 2956 conservatis;
3317 2890 3457 2945 dixit

1879 2984 2029 3038 enim
2061 2984 2209 3039 Deus
2238 2984 2434 3038 vobis:
2461 2983 2684 3038 Minime
2717 2981 2933 3037 facietis
2980 2982 3190 3037 Pascha
3243 2982 3349 3036 nisi
3402 2982 3455 3037 in

1880 3076 2226 3132 Hierusalem
2254 3093 2268 3142 ;
2295 3091 2477 3145 neque
2507 3075 2560 3128 in
2594 3073 2887 3145 [Egyptum
2939 3073 3246 3142 regressuri
3276 3090 3291 3139 ;
3324 3088 3457 3129 ecce

1872 3176 2066 3239 patres
2106 3171 2300 3232 vestri,
2350 3183 2477 3222 cum
2530 3167 2930 3237 peccavissent,
2978 3167 3222 3222 secundo
3250 3168 3455 3236 captivi

1877 3260 2213 3332 Babylonem
2264 3259 2451 3325 ducti,
2492 3258 2739 3314 secundo
2782 3266 2994 3315 vastato
3042 3258 3273 3328 templo,
3317 3259 3460 3313 obti-

1879 3356 2122 3407 nuerunt
2146 3352 2390 3407 secundo
2422 3351 2477 3404 in
2506 3351 2738 3422 gratiam
2764 3351 2865 3406 Dei
2895 3349 3077 3405 redire
3102 3358 3158 3404 et
3189 3351 3456 3419 templum

1877 3440 2178 3506 aediﬁcari;
2232 3455 2331 3495 vos
2387 3440 2551 3509 quale
2612 3449 2900 3510 peceatum
2956 3439 3344 3506 eonunisistis,
3402 3450 3459 3505 et

1880 3538 2093 3586 tantum
2128 3530 2351 3601 quidem
2393 3539 2454 3584 ut
2504 3529 2647 3585 Deus
2693 3530 2854 3585 vobis
2898 3545 3009 3585 non
3062 3529 3459 3584 restauraverit

1879 3623 2172 3693 templum,
2203 3637 2381 3691 neque
2410 3636 2508 3675 vos
2541 3620 2611 3675 ab
2638 3621 2893 3675 hostibus
2932 3621 3256 3676 reduxerit?
3296 3621 3461 3676 idolis

1879 3715 2049 3786 igitur
2080 3713 2435 3769 sacriﬁcastis
2472 3727 2605 3775 vos,
2636 3721 2697 3766 ut
2724 3722 2911 3782 patres
2950 3714 3143 3777 vestri,
3186 3713 3332 3768 ﬁlios
3370 3730 3464 3767 ve-

1879 3815 2028 3862 stros
2042 3814 2097 3859 et
2118 3803 2298 3859 ﬁlias?
2323 3803 2640 3873 imaginem,
2667 3811 2725 3857 ut
2750 3803 2851 3868 illi,
2877 3802 3189 3857 adorastis?
3214 3803 3458 3871 Minime.

1879 3897 2024 3968 Ergo
2057 3897 2113 3950 in
2168 3893 2376 3965 templo
2429 3894 2637 3949 idolum
2687 3895 2981 3960 statuistis,
3033 3906 3096 3949 ut
3142 3894 3461 3950 Manasses?

1882 3987 2181 4058 prophetas
2211 3984 2538 4041 occidistis?
2580 3984 2834 4039 Minime.
2865 3984 3038 4051 Quam
3071 3984 3143 4039 ob
3172 3999 3394 4039 causam
3430 4004 3460 4039 a

1880 4081 1995 4136 Deo
2020 4080 2097 4135 ita
2129 4078 2382 4134 derelicti
2410 4077 2592 4134 estis?
2612 4076 2775 4133 Certe
2810 4076 3063 4148 quamvis
3096 4091 3205 4131 non
3236 4074 3459 4138 dicatis,

1880 4170 2095 4242 lapides
2122 4169 2480 4225 clamabunt:
2521 4168 2779 4239 quod'ex
2819 4185 2930 4240 quo
2961 4168 3246 4224 Christum
3280 4168 3462 4223 cruci-

202 4258 368 4312 δωλον
426 4261 715 4330 ὲστήσατε,
747 4260 821 4325 ὡς
860 4262 888 4313 6
945 4261 1288 4333 Μανασσῆς;
1322 4256 1428 4334 ἆρα
1488 4264 1773 4335 προφήτας

1884 4262 2100 4327 ﬁxistis,
2125 4260 2377 4316 derelicti
2407 4260 2610 4316 fuistis.
2651 4260 2735 4317 Ob
2783 4259 2835 4316 id
2888 4276 3065 4331 usque
3111 4260 3297 4315 adhuc
3323 4268 3381 4313 ct
3406 4260 3460 4313 in

204 4353 595 4415 ἁπεκτείνατε;
653 4352 939 4422 Οὐδαμῶς.
1000 4353 1159 4417 Τίνος
1218 4353 1404 4407 ἕνεκεν
1466 4355 1573 4408 ὑπὸ
1640 4354 1777 4409 Θεοῦ

204 4442 373 4506 οὕτως
418 4443 877 4515 ὲγκατελείφθητε
903 4463 918 4511 ;
959 4444 1233 4516 ’Δληθῶς,
1264 4445 1369 4499 κᾶν
1398 4447 1554 4517 ὑμεῖς
1589 4449 1665 4518 μὴ
1697 4449 1777 4500 εῖ-

204 4552 362 4602 πητε,
385 4540 434 4588 οἱ
464 4536 600 4589 λίθοι
626 4536 986 4606 κεκράξονται
1016 4553 1031 4569 υ
1052 4538 1148 4589 ,ὅτι
1191 4537 1282 4608 ἀφ’
1313 4531 1484 4609 οὗπερ
1516 4539 1608 4592 τὸν
1639 4541 1775 4610 Χρι-

204 4629 325 4680 ore:
377 4627 783 4699 ἐσταυρώσατε,
827 4628 1285 4700 ὲγκατελείφθητε
1311 4644 1325 4658 ⁸
1355 4631 1443 4684 διὰ
1484 4630 1643 4684 τοῦτο
1679 4633 1776 4702 μέ-

202 4735 291 4787 χρι
322 4718 415 4771 καὶ
471 4719 567 4772 νῦν
598 4720 688 4773 καὶ
717 4720 797 4783 εἰς
824 4720 914 4773 τὸν
956 4719 1131 4773 αίῶνα
1169 4719 1653 4790 ὲγκατελείφθητε,
1699 4723 1777 4776 δι-

203 4812 621 4883 εσκορπίσθητε,
640 4813 1017 4886 ἐγυμνώθητε,
1047 4814 1390 4886 ἀπερῤίφητε
1404 4815 1499 4868 τοῦ
1520 4816 1650 4868 ναοῦ
1678 4819 1773 4871 καὶ

199 4904 297 4971 τῆς
324 4903 480 4959 Σιών.
507 4906 570 4957 Οἱ
596 4905 705 4976 γὰρ
725 4907 961 4977 πατέρες
991 4906 1143 4978 ὑμῶν
1162 4909 1212 4959 οί
1245 4910 1546 4978 μοσχοποιή
1558 4925 1769 4971 σαντες,

199 4996 247 5048 οἱ
278 4995 445 5049 πολλὰ
490 5000 1000 5069 παρανομήσαντες,
1042 4999 1137 5053 καὶ
1181 5000 1247 5070 τῇ
1276 5000 1447 5053 εἰκόνι
1478 5004 1543 5072 τῇ
1594 5004 1768 5073 χρυσῇ

200 5088 695 5156 προσκυνήσαντες,
729 5091 824 5144 καὶ
851 5091 977 5154 τοὺς
1010 5090 1159 5154 υἱοὺς
1209 5090 1391 5146 αὐτῶν
1423 5091 1518 5144 καὶ
1546 5091 1643 5154 τὰς
1674 5091 1771 5145 θυ-

196 5176 433 5245 γατέρας
462 5176 539 5247 τῷ
562 5177 793 5249 διαϐόλῳ
820 5180 1103 5245 θύσαντες,
1134 5182 1506 5253 ἑϐδομήκοντα
1546 5182 1639 5254 ἔτη
1674 5186 1769 5239 καὶ

200 5265 387 5315 ἑκατὸν
415 5267 470 5316 ἐν
500 5265 775 5320 Βαϐυλῶνι
809 5270 1062 5340 Περσίδος
1104 5273 1507 5338 παιδευθέντες,
1528 5280 1760 5353 ἀνεκλή-

1881 4363 2210 4425 perpetuum
2272 4351 2560 4416 derelicti,
2614 4351 2888 4422 dispersi,
2933 4353 3162 4417 nudati,
3217 4350 3380 4423 ejceti
3429 4367 3462 4405 c

1881 4443 2090 4513 templo
2110 4451 2165 4498 et
2193 4441 2329 4497 Sion
2372 4440 2694 4496 tuanebitis.
2725 4440 2916 4496 Patres
2947 4440 3097 4495 enim
3118 4440 3291 4495 vestri
3320 4439 3464 4494 vitu-

1878 4539 1993 4592 lum
2024 4535 2314 4605 tingentes,
2353 4534 2408 4587 in
2459 4532 2650 4597 multis
2683 4533 2858 4604 legem
2892 4533 3183 4597 violantes,
3236 4547 3459 4587 auream

1882 4632 2179 4703 imaginem
2220 4630 2539 4693 adorantes,
2580 4626 2723 4683 lilios
2771 4636 2829 4682 et
2874 4626 3017 4683 tilias
3060 4641 3189 4681 suas
3232 4623 3459 4681 diabolo

1879 4725 2246 4789 immolantes,
2275 4730 2497 4776 centum
2538 4728 2597 4775 et
2625 4720 2971 4790 septuaginta
3006 4718 3167 4773 annis
3196 4718 3251 4771 in
3283 4716 3458 4786 Baby-

1877 4817 2002 4870 lone
2026 4812 2269 4869 Persidis
2288 4811 2494 4875 edocti,
2517 4810 2758 4864 revocati
2789 4819 2951 4875 sunt;
2972 4822 3071 4863 vos
3096 4808 3154 4862 in
3174 4807 3458 4863 Christum

1876 4915 2191 4979 peccantes,
2216 4918 2324 4957 non
2353 4901 2531 4976 solum
2560 4908 2782 4954 centum
2818 4906 2877 4954 et
2899 4899 3246 4969 septuaginta
3276 4897 3458 4962 annis,

1875 4999 1972 5055 sed
1994 5012 2169 5068 usque
2203 4994 2271 5050 ad
2290 4995 2823 5049 consummationem
2848 4992 3031 5048 saeculi
3051 4991 3251 5062 abjecti
3278 4989 3460 5045 eritis.

1874 5094 1987 5150 Nos
2020 5100 2206 5146 autem
2242 5097 2434 5161 gentes
2471 5086 2566 5141 lilii
2595 5085 2803 5142 Christi
2832 5084 3013 5141 vocati
3054 5099 3264 5148 sumus,
3290 5094 3347 5138 et
3381 5082 3462 5139 ili

1877 5186 2169 5249 servimus,
2195 5192 2253 5238 ct
2283 5182 2439 5236 illum
2496 5176 2870 5251 gloriﬁcamus
2899 5190 3008 5231 una
3042 5191 3172 5231 cum
3202 5176 3366 5231 Patre
3403 5183 3459 5229 et

1875 5289 2063 5341 sancto
2093 5279 2213 5347 ejus
2243 5273 2452 5344 Spiritu
2490 5271 2544 5324 in
2585 5269 2782 5325 saecula
2810 5266 3163 5323 saeculorum.
3187 5266 3385 5322 Amen.

204 5358 394 5423 oan.
450 5358 635 5427 Ὑμεῖς
667 5359 722 5411 δὲ
753 5362 797 5411 οἱ
853 5364 907 5413 ἐν
937 5362 1161 5434 Χριστῷ
1205 5365 1655 5442 ἁμαρτήσαντες,
1696 5382 1792 5451 ορχ
1862 5378 2231 5442 ἑδόομὴκοντα
2282 5368 2403 5421 οὐδὲ
2445 5364 2638 5417 ἑκατὸν
2680 5361 2774 5430 ἔτη
2825 5362 2983 5432 μόνα,
3024 5359 3141 5415 ἀλλ’
3187 5359 3291 5423 ἕως
3360 5360 3458 5428 τῆς

206 5452 513 5516 συντελείας
569 5452 662 5505 τοῦ
716 5456 911 5520 αἰῶνος
967 5457 1310 5532 ἐξεϐλήθητε.
1396 5465 1585 5535 Ἡμεῖς
1639 5470 1693 5522 δὲ
1746 5473 1815 5525 τὰ
1856 5472 2003 5538 ἔθνη,
2042 5466 2146 5519 υἱοὶ
2178 5458 2414 5531 Χριστοῦ
2472 5456 2800 5525 ἐκλήθημεν,
2864 5454 2961 5510 καὶ
3009 5453 3157 5527 αὐτῷ
3206 5451 3457 5506 δουλεύο-

210 5566 324 5621 μῑν,
364 5550 453 5601 καὶ
486 5549 630 5617 αὖτῷ
662 5550 951 5622 δοξάζομεν
980 5550 1088 5622 ἅμα
1128 5553 1199 5624 τῷ
1228 5559 1395 5628 ηατρῖ
1434 5562 1525 5613 ς’λν
1558 5562 1629 5632 τιῖι
1668 5564 1802 5634 ἁγίῳ
1836 5562 1997 5618 α)τοῦ
2035 5558 2314 5627 ilva-Qun
2345 5554 2423 5614 εἰς
2464 5567 2588 5614 τ’,ους
2630 5548 2831 5613 αἰῶνας
2858 5547 2966 5601 τῶν
3006 5545 3239 5601 αἰώνων.
3261 5546 3451 5616 Ἀμήν.

270 5644 316 5674 ⁹’⁴
342 5646 483 5705 Psal.
509 5661 589 5712 ιῑν,
624 5648 801 5715 37,"!l.
