4026 6308
505 311 528 377 1
539 315 642 377 1’39

1790 330 2184 390 AN.~\S’I'ASH
2229 334 2551 392 διν-ητις

3627 339 3768 404 12w

1285 688 1515 775 ΤΟΥ
1588 691 1964 778 ΑΥΤΟΥ
2035 695 2361 780 ΤΡΙΤΗ
2439 697 3001 786 ΕΡΩΤΗΣΙΣ.

1068 1023 1602 1114 EJUSDEM
1708 1023 2149 1111 TERTIA
2227 1024 3178 1122 INTERROGATIO.

565 1381 889 1438 Dicite'mihi
910 1399 924 1435 :
943 1379 1195 1435 Messiam
1217 1391 1382 1446 quem
1407 1372 1740 1443 exspectatis
1755 1385 1852 1425 vos
1866 1369 2058 1433 Judazi,

2239 1371 2443 1424 Εἴπατὲ
2473 1387 2562 1440 μοι
2583 1386 2597 1399 ·
2629 1371 2720 1424 τὸν
2755 1371 3077 1442 ἠλειμμένον
3103 1373 3161 1426 ὃν
3189 1355 3479 1445 ἐκδέχεσθε
3514 1378 3679 1448 ὑμεῖς
3703 1380 3754 1432 οε

496 1476 624 1546 quis
655 1491 776 1530 esse
821 1471 1030 1528 debet?
1064 1470 1288 1526 Judaeus
1333 1468 1510 1538 legem
1559 1465 1758 1536 Moysis
1807 1477 2067 1532 sequens,

2185 1462 2428 1515 Ἰουδαῖοι
2473 1463 2525 1515 τί
2575 1463 2763 1533 μέλλει
2801 1458 2940 1517 εἷναι
2971 1480 2985 1529 ;
3027 1465 3280 1530 Ἰουδαῖος
3313 1463 3429 1537 ἄρα
3461 1468 3784 1532 ὲξακολου-’

494 1585 564 1623 an
595 1567 945 1622 Christianus
975 1577 1246 1634 spernens
1281 1568 1338 1614 et
1365 1557 1780 1628 transgrediens
1806 1555 1980 1624 legem
2013 1563 2058 1606 el

2172 1551 2280 1606 θῶν
2303 1555 2392 1607 τὸν
2421 1554 2586 1623 νόμον
2618 1555 2917 1620 Μωῦσέως,
2948 1555 2981 1625 ἢ
3015 1556 3345 1628 Χριστιανὸς
3377 1564 3751 1629 καταφρονῶν

494 1661 764 1716 sacriﬁcia
794 1656 1062 1713 abolens?
1085 1655 1200 1710 scio
1222 1654 1368 1708 enim
1401 1651 1558 1706 vobis
1585 1648 1883 1704 dicendum
1905 1661 2027 1700 esse
2050 1660 2066 1698 :

492 1754 716 1814 .Lndaeus
759 1761 940 1806 estex
974 1748 1199 1812 Iudaeis,
1233 1745 1378 1800 ﬁlius
1421 1741 1590 1798 David
1638 1730 1815 1812 patris
1869 1735 2066 1802 nostri,

491 1850 665 1920 legem
717 1857 968 1904 servans,
1001 1838 1271 1894 sacriﬁcia
1318 1845 1642 1889 restaurans
1699 1841 1757 1887 et
1817 1838 2065 1884 nostrum

490 1959 685 2013 genus.
711 1942 886 1995 Dicite
913 1938 1048 1992 mihi
1070 1955 1082 1989 :
1105 1933 1248 2001 Quo:
1281 1929 1410 1988 anni
1435 1936 1565 1982 sunt
1591 1942 1622 1981 a
1653 1926 1829 1995 prima
1851 1921 2064 1978 Iudaeo-

492 2051 612 2089 rum
639 2033 959 2102 captivitate
980 2030 1084 2084 sub
1107 2025 1617 2083 Nabuchodonosor
1650 2017 1852 2077 Persa?
1879 2013 2065 2074 dicere

490 2135 754 2195 possunt:
780 2123 924 2177 Mille
953 2121 1081 2175 anni
1106 2127 1161 2174 et
1200 2118 1470 2188 amplius;
1504 2125 1562 2172 et
1592 2115 1667 2168 ita
1699 2113 1923 2184 quidem
1956 2121 2063 2166 est.

487 2211 556 2274 Et
590 2219 678 2273 his
719 2217 845 2272 dico
881 2235 893 2270 :
933 2213 1146 2277 Videte,
1181 2211 1328 2281 quod
1364 2209 1603 2273 dixistis,
1633 2207 1913 2262 Christum
1964 2222 2060 2259 ve-

486 2323 658 2366 strum
685 2310 780 2380 qui
828 2309 978 2364 venit
1025 2307 1273 2362 Judaeum
1313 2319 1457 2369 esse,
1490 2306 1546 2356 e't
1592 2302 1747 2356 illum
1791 2298 2059 2353 sacriﬁcia

483 2403 720 2458 Mosaiea
767 2415 1038 2457 renovare
1095 2406 1153 2453 et
1204 2397 1515 2460 immolare,
1570 2403 1625 2447 et
1668 2392 1914 2447 nondum
1965 2406 2059 2444 ve-

483 2495 655 2557 nisse,
705 2502 761 2547 et
808 2509 836 2546 a
883 2488 1396 2546 Nabuchodonosor
1447 2484 1668 2556 quando
1714 2490 1833 2536 erat
1873 2481 2056 2535 Daniel

483 2587 776 2656 Babylone,
810 2583 958 2639 mille
1009 2590 1065 2636 et
1107 2580 1345 2650 amplius
1390 2593 1566 2632 annos
1615 2576 1926 2640 emuxisse;
1965 2588 2058 2627 ve-

483 2694 605 2730 rum
650 2676 893 2729 dixistis.
940 2673 1080 2728 Audi
1129 2689 1260 2742 ergo
1305 2681 1552 2736 attente;
1596 2680 1655 2723 et
1693 2670 1760 2731 si,
1803 2678 1863 2722 ut
1894 2667 2054 2731 dicis,

479 2769 701 2824 Julacus
727 2775 812 2820 est
839 2765 931 2835 qui
974 2764 1128 2818 venit
1156 2763 1434 2823 Christus,
1469 2772 1524 2816 et
1575 2762 1842 2815 sacriﬁcia
1892 2760 2057 2812 debet

481 2859 678 2928 legalia
726 2856 1054 2919 instituere,
1112 2863 1169 2908 et
1220 2851 1464 2906 nondum
1543 2851 1720 2913 venit,
1779 2849 2056 2920 quomodo

481 2950 672 3005 Daniel
709 2949 979 3018 propheta
1009 2945 1146 3000 dicit
1184 2946 1240 3000 in
1288 2943 1404 2997 suis
1435 2941 1760 3004 visionibus,
1795 2951 2056 3008 tanquam

481 3042 553 3096 ab
591 3039 924 3110 archangelo
971 3035 1195 3092 Gabriel
1241 3035 1532 3089 ediscens:
1585 3053 1604 3085 ‹
1651 3033 1731 3087 Ad
1776 3033 2055 3087 Christum

481 3139 678 3192 ducem
728 3131 1104 3189 hebdomades
1162 3143 1435 3184 annorum
1481 3127 1828 3196 septuaginta
1863 3125 2059 3179 abbre-

480 3229 643 3282 viatze
696 3235 826 3280 sunt
878 3240 1046 3293 super
1095 3221 1360 3291 populum
1406 3229 1561 3273 tuum
1588 3229 1646 3273 et
1672 3234 1837 3286 super
1863 3217 2056 3270 urbem

483 3327 755 3380 sanetam,
805 3325 868 3369 ut
921 3315 1263 3382 compleatur
1310 3309 1681 3381 peceatum”.
1721 3329 1739 3359 ι
1782 3307 1849 3362 Ει
1891 3307 2057 3378 paulo

482 3417 640 3480 post:
677 3427 694 3459 ι
735 3407 803 3462 Ut
833 3406 1086 3474 signetur
1115 3403 1260 3458 visio
1286 3412 1341 3457 et
1377 3402 1680 3472 prophetae,
1701 3407 2058 3469 et'ungantur

482 3507 1038 3562 sanctasanctorum,
1074 3507 1131 3551 et
1172 3495 1396 3550 tollatur
1425 3493 1753 3549 sacriﬁcium
1780 3500 1838 3547 et
1861 3492 2056 3547 obser-

482 3593 635 3647 vatio
673 3592 811 3662 legis
827 3592 892 3644 ”.
933 3609 952 3642 ι
987 3587 1278 3645 Ostendite
1322 3601 1452 3657 ergo
1487 3602 1638 3641 nunc
1667 3586 1849 3650 nobis,
1879 3585 2059 3656 qualis

480 3685 740 3741 Christus
782 3683 1002 3739 venerit
1041 3692 1268 3736 sanctus
1316 3688 1636 3734 sanctorum
1687 3686 1888 3732 unctus
1935 3685 2058 3746 post

483 3777 836 3847 septuaginta
882 3774 1282 3836 hebdomadas,
1318 3771 1369 3825 id
1408 3782 1514 3832 est.
1540 3771 1972 3840 quadringentos
2002 3776 2059 3822 et

469 3867 778 3937 nonaginta
812 3881 985 3919 annos
1015 3879 1045 3918 a
1079 3863 1292 3925 Daniel,
1324 3863 1420 3931 qui
1462 3860 1794 3917 sacriﬁcium
1826 3869 1883 3914 et
1919 3859 2058 3929 legis

482 3962 614 4014 rhse
623 3959 924 4013 rvationem
941 3955 1289 4026 abrogaverit
1302 3956 1326 4008 ?
1338 3953 1565 4021 Quando
1579 3953 1855 4007 sublatum
1873 3961 1957 4006 est
1973 3967 2059 4004 sa—

2091 2725 2130 2779 Β
2161 2747 2421 2816 ἀλήθειαν
2450 2747 2660 2798 εἴπατε.
2694 2745 2962 2796 ’Ἄκουσον
2983 2742 3076 2794 οῦν
3116 2742 3238 2812 ἄρτι
3272 2743 3540 2811 νουνεχῶς
3573 2762 3587 2774 ·

2171 1645 2269 1698 καὶ
2293 1618 2649 1714 παραϐαίνων
2665 1647 2756 1698 τὸν
2777 1618 2943 1717 νόμον
2963 1618 3184 1710 καὶ-τὰς
3207 1618 3398 1713 θυσίας
3419 1618 3740 1714 καταλύων;
3779 1618 3788 1678 Ῑ

2169 1731 2303 1791 Οἶδα
2335 1737 2466 1808 γὰρ,
2507 1739 2680 1790 εἰπεῖν
2708 1737 2882 1808 ἔχετε,
2910 1740 2992 1791 ὅτι
3029 1738 3285 1803 Ἰουδαῖός
3312 1743 3463 1794 ἐστιν
3498 1741 3560 1807 ἐξ
3605 1744 3744 1795 'lou-
3777 1747 3794 1812 Ι

2167 1829 2334 1883 δαίων
2363 1831 2390 1882 6
2420 1831 2531 1892 υίὸς
2559 1830 2723 1884 Δαϐὶδ
2744 1829 2838 1883 τοῦ
2872 1830 3084 1901 πατρὸς
3122 1831 3296 1902 ἡμῶν,
3322 1833 3617 1900 φυλάττων
3651 1835 3747 1887 τὸν
3778 1813 3783 1828 ’

2167 1920 2350 1990 νόμον,
2377 1920 2744 1985 ἀνακαινίζων
2771 1921 2869 1984 τὰς
2911 1922 3103 1984 θυσίας
3129 1924 3222 1976 καὶ
3252 1925 3313 1977 τὸ
3348 1925 3504 1992 γένος
3535 1925 3693 1996 ἡμῶν
3724 1937 3750 1961 ο

2167 2013 2261 2065 καὶ
2292 2012 2412 2066 εἰπέ
2471 2030 2583 2082 μοι,
2638 2013 2794 2066 πόσοι
2840 2014 3021 2082 χρόνοι
3059 2014 3198 2066 εἰσὶν
3248 2013 3355 2068 ἀπὸ
3382 2016 3481 2085 τῆς
3517 2018 3747 2086 πρώτης

2163 2102 2545 2178 αἰχμαλωσίας
2573 2102 2682 2156 τῶν
2720 2103 2994 2155 Ἰουδαίων
3017 2103 3110 2156 ἐπὶ
3131 2103 3611 2176 Ναϐουχοδονόσορ
3646 2107 3742 2160 τοῦ

2165 2198 2415 2268 "ipson;
2449 2193 2667 2268 ἔχουσιν
2706 2195 2883 2247 εἰπεῖν
2925 2195 3004 2247 ὅτι
3054 2194 3202 2264 χίλια
3237 2195 3330 2265 ἐτη
3378 2197 3474 2249 καὶ
3508 2197 3694 2250 πλεῖον
3723 2214 3741 2229 ο

2162 2291 2255 2344 καὶ
2276 2288 2450 2352 οὕτως
2478 2290 2592 2360 ἔχει
2618 2302 2632 2319 ο
2670 2287 2764 2341 καὶ
2791 2285 2912 2336 εἰπὲ
2936 2286 3148 2346 αὐτοῖς’
3177 2287 3414 2339 Βλέπετε
3438 2287 3492 2339 τί
3521 2288 3738 2352 εἴπατε,

2159 2385 2240 2436 ὅτι
2267 2383 2294 2434 6
2319 2383 2610 2451 ἐρχόμενος
2640 2378 2872 2452 Χριστὸς
2905 2377 3056 2451 ὑμῶν
3094 2377 3342 2440 Ἰουδαῖός
3366 2379 3506 2443 ἐστι,
3532 2380 3626 2432 καὶ
3658 2381 3736 2433 ὅτι

2158 2471 2256 2534 τὰς
2288 2471 2480 2534 Θυσίας
2506 2471 2604 2534 τὰς
2639 2471 2938 2532 Μωσαῖκὰς
2973 2466 3312 2534 ἀνακαινίζει
3347 2470 3438 2524 καὶ
3461 2467 3602 2529 θύει,
3641 2471 3735 2521 καὶ

2158 2563 2239 2616 ὅτι
2274 2561 2458 2632 ἀκμὴν
2488 2562 2587 2614 οὐκ
2610 2558 2760 2629 ἦλθε,
2796 2560 2890 2612 καὶ
2921 2561 3003 2612 ὅτι
3025 2543 3496 2632 Ναϐουχοδονόσορ
3533 2559 3622 2616 ὅτε
3669 2556 3736 2633 ἦν

2160 2654 2360 2725 Δανιὴλ
2388 2657 2444 2707 ὲν
2494 2651 2796 2717 Βαϐυλῶνι,
2829 2652 2976 2721 χίλια
3009 2651 3101 2721 ἔτη
3129 2653 3236 2704 εἰσὶ
3266 2652 3299 2722 ἢ
3358 2653 3541 2706 πλεῖον
3579 2669 3597 2684 °
3641 2655 3735 2706 καὶ

3641 2748 3734 2796 καὶ

2158 2839 2270 2902 ἐὰν,
2306 2838 2382 2896 ὼς
2436 2835 2905 2913 λέγειςξῐουδαῖός
2970 2835 3118 2886 ἐστιν
3162 2836 3206 2904 ὁ⁸
3241 2835 3543 2904 ἐρχόμενος
3601 2838 3732 2904 Χρι-

2160 2928 2425 2990 στὸς,καὶ
2461 2928 2650 2990 θυσίας
2703 2926 2885 2996 μέλλει
2940 2925 3174 2994 νομικὰς
3229 2926 3473 2994 ποιῆσαι,
3505 2928 3601 2978 καὶ
3652 2929 3734 2980 ὅτι

2157 3021 2342 3089 ἀκμὴν
2389 3020 2489 3072 οὐκ
2542 3014 2697 3089 ἦλθε,
2731 3017 2845 3081 πῶς
2873 3016 3070 3088 Δανιὴλ
3098 3019 3126 3070 6
3163 3019 3450 3088 προφήτης
3479 3019 3631 3083 λέγει
3677 3022 3736 3071 ἐν

2157 3113 2276 3173 ταῖς
2309 3110 2474 3162 αὑτοῦ
2502 3111 2774 3180 όράσεσιν,
2803 3108 2878 3170 ὡς
2907 3111 2935 3162 6
2961 3109 3296 3182 ἀρχάγγελος
3331 3108 3570 3179 Γαϐριὴλ
3607 3127 3735 3162 συν-

2158 3203 2350 3264 ετίζων
2379 3201 2552 3264 οὕτως
2587 3217 2602 3232 ο
2639 3219 2658 3250 ι
2703 3201 2848 3263 Ἕως
2875 3200 3111 3271 Χριστοῦ
3143 3202 3408 3270 ἡγεμόνος
3437 3201 3734 3271 ἐδδομάδες

2157 3292 2294 3346 ὲτῶν
2321 3291 2694 3362 ἑϐδομήκοντα
2727 3291 3036 3361 συνετμήθη
3064 3292 3155 3343 ἐπὶ
3200 3291 3293 3343 τοῦ
3325 3291 3455 3343 λαοῦ
3495 3308 3588 3344 σου
3641 3296 3737 3345 καὶ

2158 3385 2252 3438 ἐπὶ
2281 3385 2380 3456 τὴν
2419 3384 2574 3437 πόλιν
2601 3383 2700 3453 τὴν
2729 3382 2890 3451 ἁγίαν
2937 3383 3030 3435 τοῦ
3087 3383 3508 3453 συντελεσθῆναι
3549 3385 3735 3455 ἁμαρ-

2156 3477 2300 3530 τίαν.
2347 3495 2366 3528 ι
2406 3476 2516 3530 Kal
2549 3478 2668 3545 μετ’
2696 3475 2854 3544 ὀλίγα
2881 3491 2894 3504 ·
2939 3492 2959 3525 ι
2998 3475 3110 3528 Kal
3141 3475 3235 3528 τοῦ
3269 3475 3569 3545 σφραγίσαι
3604 3477 3736 3545 δρα-

2160 3587 2244 3624 σιν
2296 3570 2390 3622 καὶ
2427 3569 2736 3639 προφήτας,
2762 3568 2853 3620 καὶ
2891 3566 2988 3620 τοῦ
3028 3566 3214 3635 χρίσαι
3248 3569 3382 3634 am
3411 3567 3606 3634 ἁγίων,
3641 3567 3733 3620 τοῦ

2157 3664 2508 3732 καταργῆσαι
2576 3661 2676 3730 τὴν
2737 3660 2927 3714 θυσίαν
2991 3662 3087 3713 καὶ
3145 3659 3245 3732 τὴν
3328 3661 3569 3731 σπουδὴν
3636 3661 3736 3725 τὴν

2157 3752 2408 3821 νομικήν.
2446 3769 2462 3801 ι
2493 3748 2714 3814 Δείξατε
2769 3749 2863 3802 οῦν
2907 3750 3040 3819 ἡμῖν
3091 3750 3253 3818 ἄρτι.
3295 3753 3447 3811 ποῖος
3499 3751 3739 3820 Χριστὸς

2157 3838 2289 3912 ἦλθε
2331 3843 2572 3912 χρισθεὶς
2604 3841 2759 3910 ἅγιος
2804 3841 2977 3910 ἁγίων
3028 3841 3167 3910 μετὰ
3213 3843 3312 3905 τὰς
3357 3843 3737 3914 ἑϐδομήκοντα

2160 3934 2462 4003 ἐεδομάδας
2489 3973 2503 3997 ,
2535 3933 2786 3986 τουτέστι
2821 3932 2957 4002 μετὰ
3017 3933 3341 4002 τετρακόσια
3400 3936 3732 4003 ἐνενήκοντα

481 4053 750 4107 criﬁeium
765 4048 967 4118 ctlcgis
978 4023 1294 4101 observatio
1310 4045 1332 4097 ?
1350 4045 1406 4097 Si
1434 4044 1598 4114 igitur
1613 4059 1720 4096 non
1743 4041 2052 4096 mentimini

2161 4024 2255 4094 ἔτη
2307 4024 2415 4078 ἀπὸ
2448 4023 2667 4093 Δανιὴλ,
2697 4023 3056 4092 καταργήσας
3103 4023 3200 4092 τὴν
3246 4024 3433 4077 θυσίαν
3497 4027 3590 4078 καὶ
3635 4028 3735 4094 τὴν

485 4144 736 4196 dicentes
764 4139 1010 4194 nondum
1048 4139 1267 4192 venisse
1308 4135 1608 4199 Christum,
1637 4135 1730 4188 sed
1762 4143 2055 4187 venlurum

483 4247 628 4298 esse,
658 4231 934 4286 ostendite
973 4229 1136 4283 nobis
1189 4226 1369 4297 qualis
1408 4226 1664 4280 Christus
1704 4226 1890 4289 venit,
1933 4234 2058 4293 post

484 4325 919 4394 quadringentos
942 4331 994 4376 et
1020 4320 1317 4390 nonaginta
1345 4333 1518 4372 annos
1545 4334 1574 4370 a
1600 4317 1810 4381 Daniel,
1832 4327 2058 4372 sanctus

484 4415 849 4472 sanctorum?
881 4413 1104 4468 Nullum
1131 4420 1315 4465 autem
1351 4411 1518 4463 alium
1551 4409 1721 4463 habes
1759 4407 2056 4462 ostenden-

484 4511 614 4562 dum
653 4509 770 4561 haec
801 4506 1116 4568 facientem,
1149 4503 1256 4556 nisi
1294 4502 1481 4557 .lesum
1529 4495 1809 4554 Christum
1858 4499 2055 4553 Filimn

483 4602 602 4657 Dei.
633 4601 701 4655 Et
730 4613 948 4652 rursum
972 4597 1040 4658 si,
1072 4612 1201 4651 vera
1230 4596 1542 4664 loquentes.
1574 4592 1759 4647 dicitis
1787 4591 2056 4646 sacriﬁcia

485 4691 699 4746 institui
749 4688 940 4758 legalia
989 4685 1194 4741 debere
1241 4685 1310 4738 ab
1352 4685 1446 4738 illo
1484 4683 1578 4753 qui
1626 4683 1776 4736 venit
1836 4681 2057 4736 Christo

480 4781 598 4835 Deo
644 4785 857 4839 nostro,
886 4773 1079 4829 Daniel
1107 4781 1296 4827 contra
1325 4771 1589 4825 mentitur
1622 4769 1811 4824 dicens
1837 4768 2057 4824 Christo

482 4873 745 4928 veniente
777 4864 1139 4923 auferendum
1174 4879 1297 4920 esse
1328 4862 1657 4917 sacriﬁcium
1698 4871 1754 4916 et
1792 4862 2056 4916 observa-

483 4965 716 5018 tionem.
745 4959 801 5014 Si
831 4975 932 5012 nos
959 4957 1125 5027 igitur
1155 4968 1402 5007 erramus
1423 4968 1624 5006 novum
1654 4951 1858 5006 Christi
1891 4959 2058 5005 testa-

485 5063 732 5112 mentum
775 5051 1140 5122 possidentes,
1170 5057 1225 5101 et
1271 5055 1450 5099 vester
1478 5043 1732 5098 Christus
1759 5043 1850 5112 qui
1885 5043 2055 5105 venit,

481 5159 645 5204 vetus
691 5151 1081 5200 testamentum
1130 5149 1186 5196 et
1227 5141 1400 5208 legem
1453 5137 1653 5209 Moysis
1697 5147 1948 5199 renovat,
2001 5147 2061 5190 ut

483 5242 691 5300 dicitis,
713 5239 805 5292 ubi
833 5236 1055 5292 demum
1083 5237 1383 5305 quaerimus
1410 5240 1798 5286 testamentum
1835 5230 1964 5283 illud
1991 5231 2058 5284 de

483 5349 596 5400 quo
647 5332 787 5385 dixit
822 5332 968 5385 Deus
994 5344 1091 5398 per
1125 5326 1418 5380 Jeremiam
1465 5325 1827 5393 prophetam:
1871 5345 1883 5374 ι
1922 5324 2058 5378 Ecce

483 5425 603 5479 dies
625 5423 876 5494 veniunt,
909 5433 966 5476 et
995 5430 1232 5480 statuam
1261 5417 1451 5472 domui
1475 5417 1638 5470 Israel
1671 5425 2055 5470 testamentum

2162 5400 2335 5468 θήκην
2395 5395 2610 5461 ἐκείνην
2641 5393 2738 5464 τὴν
2796 5393 2920 5463 περὶ
2949 5387 3016 5462 ἧς

483 5529 709 5576 novum,
746 5529 856 5566 non
902 5511 1209 5566 secundum
1262 5520 1650 5564 tesiamentum
1708 5509 1852 5576 quod
1892 5510 2057 5562 statui

483 5605 738 5673 patribus
752 5620 966 5668 eorum,
981 5603 1202 5673 quando
1223 5603 1384 5658 eduxi
1405 5618 1499 5657 eos
1515 5613 1704 5657 eterra
1717 5601 1931 5671 ἐξέδρα
1948 5606 1988 5635 τῖ’
2006 5606 2053 5656 ‘3:

556 5751 962 5820 ”Dai:.tx,?.l.
1041 5755 1240 5807 "ibid.
1322 5756 1946 5820 “lg-rem.x\‘r,5!,3:2.

2158 4118 2435 4186 νομικήνς
2486 4116 2582 4168 καὶ
2625 4116 2763 4170 -πότε
2815 4113 2958 4186 ἤρθη
3027 4117 3061 4184 ἠ
3136 4115 3340 4186 σπουδὴ
3395 4119 3492 4169 καὶ
3549 4118 3583 4186 ἡ
3646 4116 3737 4169 θυι

2161 4209 2249 4262 σία
2286 4207 2379 4262 τοῦ
2420 4209 2630 4276 νόμους
2668 4209 2732 4262 El
2788 4207 2962 4261 οῦνού
3022 4206 3284 4276 ψεύδεσθε
3331 4208 3617 4274 λέγοντες,
3651 4207 3734 4260 ὅτι

2158 4299 2310 4352 οῦπω
2343 4297 2557 4370 ἦλθεν-ὁ
2611 4299 2867 4368 Χριστὸς,
2899 4298 3036 4351 ἀλλὰ
3095 4298 3299 4368 μέλλει,
3331 4298 3545 4362 δείξατε
3598 4300 3733 4368 ἡμῖν

2160 4395 2317 4453 ποῖος
2343 4391 2576 4460 Χριστὸς
2604 4387 2735 4460 ἦλθε
2765 4390 2910 4458 μετὰ
2932 4389 3261 4459 τετρακόσια
3281 4390 3606 4458 ἐνενήκοντα
3639 4390 3732 4458 ἔτη

2159 4481 2251 4533 τοῦ
2279 4481 2479 4551 Δανιὴλ
2511 4481 2665 4548 ἅγιος
2690 4479 2894 4547 ἀγίων;
2938 4479 3076 4530 Ἀλλ’
3107 4480 3205 4531 οὐκ
3233 4478 3374 4546 ἔχεις
3413 4479 3574 4532 ἄλλον
3613 4480 3736 4532 τινὰ

2158 4573 2327 4638 δεῖξαι
2375 4571 2532 4624 τοῦτο
2592 4571 2914 4641 ποιήσαντα,
2944 4573 2992 4622 εἰ
3025 4571 3098 4641 μὴ
3137 4571 3343 4638 Ἰησοῦν
3369 4570 3604 4641 Χριστὸν
3645 4571 3736 4624 τὸν

2160 4663 2288 4715 Υἱὸν
2317 4662 2410 4716 τοῦ
2441 4660 2598 4715 Θεοῦ.
2632 4659 2745 4714 Kal
2769 4660 2952 4723 πάλιν,
2985 4661 3033 4712 εί
3064 4659 3419 4729 ἀληθεύοντες
3440 4660 3626 4728 λέγετε
3656 4661 3733 4712 ὃτι

2161 4753 2348 4816 θυσίας
2375 4751 2556 4822 μέλλει
2593 4754 2768 4803 ποιεῖν
2795 4750 3026 4820 νομικὰς
3059 4752 3088 4802 6
3126 4751 3418 4821 ἐρχόμενος
3442 4750 3677 4821 Χριστὸς
3706 4753 3733 4803 ὀ

2159 4845 2294 4908 Θεὸς
2351 4843 2528 4914 ⁴ἡμῶν,
2573 4843 2758 4896 λοιπὸν
2809 4841 3009 4911 Δανιὴλ
3072 4842 3328 4910 ψεύδεται
3394 4843 3602 4909 λέγων.
3654 4843 3728 4893 ὅτι

2165 4955 2182 4987 ι
2221 4933 2455 5006 Χριστοῦ
2493 4934 2789 5004 ἐρχομένου
2832 4931 3136 5003 ἀρθήσεται
3163 4931 3323 4985 θυσία
3353 4932 3446 4983 καὶ
3470 4933 3724 4998 σπουδίμ

2159 5030 2272 5084 Kal
2302 5031 2350 5082 εἰ
2408 5028 2516 5098 ἄρα
2559 5029 2718 5097 ἡμεῖς
2755 5025 3178 5096 παρανομοῦμεν
3216 5025 3314 5093 τὴν
3367 5025 3496 5076 νέαν
3547 5024 3735 5093 διαθή·

2161 5139 2262 5191 κην
2284 5119 2378 5173 τοῦ
2409 5117 2646 5188 Χριστοῦ
2681 5117 3023 5186 κατέχοντες,
3058 5117 3151 5169 καὶ
3182 5115 3209 5166 6
3236 5115 3544 5198 ’ἐρχόμενος
3603 5115 3736 5174 Χριο

2163 5214 2283 5273 στὲς
2309 5213 2338 5264 ὑ
2348 5211 2460 5281 μῶν
2484 5211 2580 5278 τὴν
2607 5208 2841 5261 παλαιὰν
2867 5207 2962 5259 καὶ
2994 5208 3084 5259 τὸν
3112 5208 3276 5275 νόμον
3298 5205 3577 5267 Μωῦσέως
3602 5206 3732 5256 ἀνα-

2162 5304 2414 5368 καινίζει,
2455 5304 2526 5364 ὡς
2553 5302 2741 5370 λέγετε
2766 5315 2779 5327 ·
2832 5300 2933 5352 ποῦ
2969 5298 3152 5352 λοιπὸν
3182 5297 3453 5367 ζητοῦμεν
3480 5297 3579 5365 τὴν
3623 5296 3734 5347 δια-

3067 5387 3219 5442 εἷπεν
3245 5392 3272 5442 6
3296 5389 3427 5449 Θεὸς
3461 5389 3527 5440 δι’
3576 5385 3732 5457 Ἰερε-

2167 5491 2288 5560 μίου
2329 5487 2422 5540 τοῦ
2464 5487 2742 5555 προφήτου
2781 5502 2794 5516 ·
2833 5504 2851 5536 ι
2898 5484 3028 5536 Ἰδοὺ
3056 5482 3260 5552 ἡμέραι
3312 5481 3596 5550 ἔρχονται,
3639 5479 3732 5531 καὶ

2162 5582 2487 5652 διαθήσομαι
2549 5580 2628 5652 τῷ
2687 5579 2818 5648 οἴκῳ
2863 5574 3075 5647 Ἰσραὴλ
3105 5573 3368 5643 διαθήκην
3411 5570 3638 5642 καινὴν,
3673 5570 3732 5622 οὐ
