  <div class='ocr_page' id='page_1' title='image "/cluster/home/n/w/nwhite01/storage/ocr_20150623/89/pst.000005712953/628.png"; bbox 0 0 4026 6308; ppageno 0'>
   <div class='ocr_carea' id='block_1_1' title="bbox 237 373 376 440">
    <p class='ocr_par' dir='ltr' id='par_1_1' title="bbox 237 373 376 440">
     <span class='ocr_line' id='line_1_1' title="bbox 237 373 376 440; baseline 0 0"><span class='ocrx_word' id='word_1_1' title='bbox 237 373 376 440; x_wconf 76' lang='grc'><strong>1241</strong></span> 
     </span>
    </p>
   </div>
   <div class='ocr_carea' id='block_1_2' title="bbox 1269 370 2529 458">
    <p class='ocr_par' dir='ltr' id='par_1_2' title="bbox 1269 370 2529 458">
     <span class='ocr_line' id='line_1_2' title="bbox 1269 370 2529 458; baseline 0.007 -10"><span class='ocrx_word' id='word_1_2' title='bbox 1269 390 1728 453; x_wconf 80' lang='lat' dir='ltr'><strong>DISPUTATIO</strong></span> <span class='ocrx_word' id='word_1_3' title='bbox 1767 395 2159 456; x_wconf 77' lang='lat' dir='ltr'><strong>ADVERSUS</strong></span> <span class='ocrx_word' id='word_1_4' title='bbox 2195 370 2529 458; x_wconf 39' lang='lat' dir='ltr'><strong>moraes.</strong></span> 
     </span>
    </p>
   </div>
   <div class='ocr_carea' id='block_1_3' title="bbox 3357 395 3493 461">
    <p class='ocr_par' dir='ltr' id='par_1_3' title="bbox 3357 395 3493 461">
     <span class='ocr_line' id='line_1_3' title="bbox 3357 395 3493 461; baseline 0.022 -3"><span class='ocrx_word' id='word_1_5' title='bbox 3357 395 3493 461; x_wconf 76' lang='grc'><strong>1242</strong></span> 
     </span>
    </p>
   </div>
   <div class='ocr_carea' id='block_1_4' title="bbox 232 486 1805 578">
    <p class='ocr_par' dir='ltr' id='par_1_4' title="bbox 232 486 1805 578">
     <span class='ocr_line' id='line_1_4' title="bbox 232 486 1805 578; baseline 0.011 -39"><span class='ocrx_word' id='word_1_6' title='bbox 232 487 387 578; x_wconf 77' lang='grc' dir='ltr'><strong>κατὰ</strong></span> <span class='ocrx_word' id='word_1_7' title='bbox 412 486 510 558; x_wconf 78' lang='grc' dir='ltr'><strong>τὴν</strong></span> <span class='ocrx_word' id='word_1_8' title='bbox 546 488 808 562; x_wconf 72' lang='grc' dir='ltr'><strong>διαθήκην</strong></span> <span class='ocrx_word' id='word_1_9' title='bbox 835 492 904 563; x_wconf 75' lang='grc' dir='ltr'><strong>ἢν</strong></span> <span class='ocrx_word' id='word_1_10' title='bbox 948 494 1206 568; x_wconf 80' lang='grc' dir='ltr'><strong>διεθέμην</strong></span> <span class='ocrx_word' id='word_1_11' title='bbox 1251 502 1363 564; x_wconf 82' lang='grc' dir='ltr'><strong>τοῖς</strong></span> <span class='ocrx_word' id='word_1_12' title='bbox 1402 505 1677 571; x_wconf 75' lang='grc' dir='ltr'><strong>πατράσιν</strong></span> <span class='ocrx_word' id='word_1_13' title='bbox 1717 505 1805 556; x_wconf 84' lang='grc' dir='ltr'><strong>αὑ-</strong></span> 
     </span>
    </p>
   </div>
   <div class='ocr_carea' id='block_1_5' title="bbox 1910 486 3493 578">
    <p class='ocr_par' dir='ltr' id='par_1_5' title="bbox 1920 505 3493 578">
     <span class='ocr_line' id='line_1_5' title="bbox 1920 505 3493 578; baseline 0.003 -18"><span class='ocrx_word' id='word_1_14' title='bbox 1920 507 2140 560; x_wconf 89' lang='lat' dir='ltr'><strong>Etenim</strong></span> <span class='ocrx_word' id='word_1_15' title='bbox 2178 516 2472 576; x_wconf 80' lang='lat' dir='ltr'><strong>postquam</strong></span> <span class='ocrx_word' id='word_1_16' title='bbox 2517 505 2627 562; x_wconf 83' lang='lat' dir='ltr'><strong>illis</strong></span> <span class='ocrx_word' id='word_1_17' title='bbox 2669 507 2845 578; x_wconf 81' lang='lat' dir='ltr'><strong>legem</strong></span> <span class='ocrx_word' id='word_1_18' title='bbox 2883 506 3148 570; x_wconf 86' lang='lat' dir='ltr'><strong>dedisset,</strong></span> <span class='ocrx_word' id='word_1_19' title='bbox 3181 507 3318 562; x_wconf 79' lang='lat' dir='ltr'><strong>dixit</strong></span> <span class='ocrx_word' id='word_1_20' title='bbox 3347 509 3493 565; x_wconf 86' lang='lat' dir='ltr'><strong>Deus</strong></span> 
     </span>
    </p>
   </div>
   <div class='ocr_carea' id='block_1_6' title="bbox 221 576 1810 661">
    <p class='ocr_par' dir='ltr' id='par_1_6' title="bbox 221 576 1810 661">
     <span class='ocr_line' id='line_1_6' title="bbox 221 576 1810 661; baseline 0.013 -33"><span class='ocrx_word' id='word_1_21' title='bbox 221 576 368 641; x_wconf 82' lang='grc' dir='ltr'><strong>τῶν,</strong></span> <span class='ocrx_word' id='word_1_22' title='bbox 399 580 561 649; x_wconf 78' lang='grc' dir='ltr'><strong>ἡνίκα</strong></span> <span class='ocrx_word' id='word_1_23' title='bbox 617 581 886 651; x_wconf 78' lang='grc' dir='ltr'><strong>ἐξήγαγον</strong></span> <span class='ocrx_word' id='word_1_24' title='bbox 934 585 1134 647; x_wconf 82' lang='grc' dir='ltr'><strong>αὐτοὺς</strong></span> <span class='ocrx_word' id='word_1_25' title='bbox 1187 589 1251 640; x_wconf 82' lang='grc' dir='ltr'><strong>ὲκ</strong></span> <span class='ocrx_word' id='word_1_26' title='bbox 1297 591 1400 660; x_wconf 87' lang='grc' dir='ltr'><strong>γῆς</strong></span> <span class='ocrx_word' id='word_1_27' title='bbox 1429 592 1753 661; x_wconf 76' lang='grc' dir='ltr'><strong>Αίγύπτους</strong></span> <span class='ocrx_word' id='word_1_28' title='bbox 1791 615 1810 646; x_wconf 73' lang='grc' dir='ltr'><strong>ι</strong></span> 
     </span>
    </p>
   </div>
   <div class='ocr_carea' id='block_1_7' title="bbox 222 667 1819 748">
    <p class='ocr_par' dir='ltr' id='par_1_7' title="bbox 222 667 1819 748">
     <span class='ocr_line' id='line_1_7' title="bbox 222 667 1819 748; baseline 0.011 -30"><span class='ocrx_word' id='word_1_29' title='bbox 222 667 380 735; x_wconf 80' lang='grc' dir='ltr'><strong>μετὰ</strong></span> <span class='ocrx_word' id='word_1_30' title='bbox 439 672 548 740; x_wconf 84' lang='grc' dir='ltr'><strong>γὰρ</strong></span> <span class='ocrx_word' id='word_1_31' title='bbox 603 671 664 723; x_wconf 85' lang='grc' dir='ltr'><strong>τὸ</strong></span> <span class='ocrx_word' id='word_1_32' title='bbox 707 669 929 742; x_wconf 85' lang='grc' dir='ltr'><strong>δοθῆναι</strong></span> <span class='ocrx_word' id='word_1_33' title='bbox 989 674 1172 738; x_wconf 78' lang='grc' dir='ltr'><strong>αὐτοῖς</strong></span> <span class='ocrx_word' id='word_1_34' title='bbox 1229 677 1321 731; x_wconf 78' lang='grc' dir='ltr'><strong>τὸν</strong></span> <span class='ocrx_word' id='word_1_35' title='bbox 1369 679 1567 748; x_wconf 89' lang='grc' dir='ltr'><strong>νόμον,</strong></span> <span class='ocrx_word' id='word_1_36' title='bbox 1607 679 1760 735; x_wconf 76' lang='grc' dir='ltr'><strong>εἶπεν</strong></span> <span class='ocrx_word' id='word_1_37' title='bbox 1789 685 1819 737; x_wconf 82' lang='grc' dir='ltr'>ὁ</span> 
     </span>
    </p>
   </div>
   <div class='ocr_carea' id='block_1_8' title="bbox 220 757 1814 844">
    <p class='ocr_par' dir='ltr' id='par_1_8' title="bbox 220 757 1814 844">
     <span class='ocr_line' id='line_1_8' title="bbox 220 757 1814 844; baseline 0.011 -34"><span class='ocrx_word' id='word_1_38' title='bbox 220 757 370 822; x_wconf 77' lang='grc' dir='ltr'><strong>Θεὸς</strong></span> <span class='ocrx_word' id='word_1_39' title='bbox 425 760 512 813; x_wconf 81' lang='grc' dir='ltr'><strong>διὰ</strong></span> <span class='ocrx_word' id='word_1_40' title='bbox 571 760 797 816; x_wconf 82' lang='grc' dir='ltr'>Ἡσαΐου</span> <span class='ocrx_word' id='word_1_41' title='bbox 847 766 942 818; x_wconf 63' lang='grc' dir='ltr'><strong>καὶ⁹</strong></span> <span class='ocrx_word' id='word_1_42' title='bbox 996 767 1236 837; x_wconf 83' lang='grc' dir='ltr'><strong>Μιχαίου</strong></span> <span class='ocrx_word' id='word_1_43' title='bbox 1297 769 1406 823; x_wconf 89' lang='grc' dir='ltr'><strong>τῶν</strong></span> <span class='ocrx_word' id='word_1_44' title='bbox 1473 773 1768 844; x_wconf 83' lang='grc' dir='ltr'><strong>προφητῶν</strong></span> <span class='ocrx_word' id='word_1_45' title='bbox 1801 790 1814 805; x_wconf 78' lang='grc'><strong><em>⁸</em></strong></span> 
     </span>
    </p>
   </div>
   <div class='ocr_carea' id='block_1_9' title="bbox 225 851 1816 934">
    <p class='ocr_par' dir='ltr' id='par_1_9' title="bbox 225 851 1816 934">
     <span class='ocr_line' id='line_1_9' title="bbox 225 851 1816 934; baseline 0.012 -34"><span class='ocrx_word' id='word_1_46' title='bbox 225 869 246 899; x_wconf 73' lang='grc' dir='ltr'>ι</span> <span class='ocrx_word' id='word_1_47' title='bbox 293 851 417 903; x_wconf 88' lang='grc' dir='ltr'><strong>Ὅτι</strong></span> <span class='ocrx_word' id='word_1_48' title='bbox 444 853 509 904; x_wconf 88' lang='grc' dir='ltr'><strong>ὲκ</strong></span> <span class='ocrx_word' id='word_1_49' title='bbox 548 853 688 908; x_wconf 87' lang='grc' dir='ltr'><strong>Σιὼν</strong></span> <span class='ocrx_word' id='word_1_50' title='bbox 717 854 1062 919; x_wconf 76' lang='grc' dir='ltr'><strong>ἐξελεύσεται</strong></span> <span class='ocrx_word' id='word_1_51' title='bbox 1086 860 1275 930; x_wconf 84' lang='grc' dir='ltr'><strong>νόμος,</strong></span> <span class='ocrx_word' id='word_1_52' title='bbox 1306 862 1397 914; x_wconf 77' lang='grc' dir='ltr'><strong>καὶ</strong></span> <span class='ocrx_word' id='word_1_53' title='bbox 1420 863 1578 930; x_wconf 82' lang='grc' dir='ltr'><strong>λόγος</strong></span> <span class='ocrx_word' id='word_1_54' title='bbox 1610 863 1816 934; x_wconf 78' lang='grc' dir='ltr'>Κυρίου</span> 
     </span>
    </p>
   </div>
   <div class='ocr_carea' id='block_1_10' title="bbox 217 939 1815 1022">
    <p class='ocr_par' dir='ltr' id='par_1_10' title="bbox 217 939 1815 1022">
     <span class='ocr_line' id='line_1_10' title="bbox 217 939 1815 1022; baseline 0.01 -30"><span class='ocrx_word' id='word_1_55' title='bbox 217 939 291 1004; x_wconf 75' lang='grc' dir='ltr'><strong>ἐξ</strong></span> <span class='ocrx_word' id='word_1_56' title='bbox 329 939 722 1015; x_wconf 84' lang='grc' dir='ltr'><strong>Ἰερουσαλήμ·</strong></span> <span class='ocrx_word' id='word_1_57' title='bbox 767 965 786 997; x_wconf 75' lang='grc' dir='ltr'><strong>ι</strong></span> <span class='ocrx_word' id='word_1_58' title='bbox 815 947 954 1001; x_wconf 85' lang='grc' dir='ltr'><strong>ὥστε</strong></span> <span class='ocrx_word' id='word_1_59' title='bbox 988 949 1083 1002; x_wconf 90' lang='grc' dir='ltr'><strong>τοῦ</strong></span> <span class='ocrx_word' id='word_1_60' title='bbox 1107 951 1345 1022; x_wconf 81' lang='grc' dir='ltr'><strong>Χριστοῦ</strong></span> <span class='ocrx_word' id='word_1_61' title='bbox 1376 953 1622 1017; x_wconf 80' lang='grc' dir='ltr'><strong>ἐλθόντος</strong></span> <span class='ocrx_word' id='word_1_62' title='bbox 1654 955 1815 1018; x_wconf 64' lang='grc' dir='ltr'><strong>αὐτὸς</strong></span> 
     </span>
    </p>
   </div>
   <div class='ocr_carea' id='block_1_11' title="bbox 215 1033 1758 1115">
    <p class='ocr_par' dir='ltr' id='par_1_11' title="bbox 215 1033 1758 1115">
     <span class='ocr_line' id='line_1_11' title="bbox 215 1033 1758 1115; baseline 0.01 -32"><span class='ocrx_word' id='word_1_63' title='bbox 215 1033 322 1084; x_wconf 73' lang='grc' dir='ltr'><strong>τὸν</strong></span> <span class='ocrx_word' id='word_1_64' title='bbox 361 1035 480 1086; x_wconf 88' lang='grc' dir='ltr'><strong>νέον</strong></span> <span class='ocrx_word' id='word_1_65' title='bbox 506 1035 673 1104; x_wconf 89' lang='grc' dir='ltr'><strong>νόμον</strong></span> <span class='ocrx_word' id='word_1_66' title='bbox 705 1038 884 1108; x_wconf 82' lang='grc' dir='ltr'><strong>ῆγαγε</strong></span> <span class='ocrx_word' id='word_1_67' title='bbox 913 1042 1006 1094; x_wconf 75' lang='grc' dir='ltr'><strong>καὶ</strong></span> <span class='ocrx_word' id='word_1_68' title='bbox 1036 1043 1130 1095; x_wconf 83' lang='grc' dir='ltr'><strong>τὸν</strong></span> <span class='ocrx_word' id='word_1_69' title='bbox 1157 1043 1386 1096; x_wconf 82' lang='grc' dir='ltr'><strong>παλαιὸν</strong></span> <span class='ocrx_word' id='word_1_70' title='bbox 1417 1045 1758 1115; x_wconf 79' lang='grc' dir='ltr'><strong>ἐπλήρωσεν.</strong></span> 
     </span>
    </p>
   </div>
   <div class='ocr_carea' id='block_1_12' title="bbox 311 1125 1815 1206">
    <p class='ocr_par' dir='ltr' id='par_1_12' title="bbox 311 1125 1815 1206">
     <span class='ocr_line' id='line_1_12' title="bbox 311 1125 1815 1206; baseline 0.009 -28"><span class='ocrx_word' id='word_1_71' title='bbox 311 1125 378 1178; x_wconf 83' lang='lat'><strong>&#39;0</strong></span> <span class='ocrx_word' id='word_1_72' title='bbox 411 1127 724 1196; x_wconf 77' lang='grc' dir='ltr'><strong>Ἰουδαῒοςο</strong></span> <span class='ocrx_word' id='word_1_73' title='bbox 764 1131 859 1194; x_wconf 76' lang='grc' dir='ltr'><strong>Εἰς</strong></span> <span class='ocrx_word' id='word_1_74' title='bbox 893 1132 1180 1203; x_wconf 78' lang='grc' dir='ltr'><strong>ἄνθρωπον</strong></span> <span class='ocrx_word' id='word_1_75' title='bbox 1213 1137 1692 1206; x_wconf 84' lang='grc' dir='ltr'><strong>πεφουρκισμένον</strong></span> <span class='ocrx_word' id='word_1_76' title='bbox 1722 1139 1815 1192; x_wconf 75' lang='grc' dir='ltr'><strong>καὶ</strong></span> 
     </span>
    </p>
   </div>
   <div class='ocr_carea' id='block_1_13' title="bbox 219 1217 1815 1296">
    <p class='ocr_par' dir='ltr' id='par_1_13' title="bbox 219 1217 1815 1296">
     <span class='ocr_line' id='line_1_13' title="bbox 219 1217 1815 1296; baseline 0.009 -28"><span class='ocrx_word' id='word_1_77' title='bbox 219 1217 524 1271; x_wconf 79' lang='grc' dir='ltr'><strong>κατάδικον</strong></span> <span class='ocrx_word' id='word_1_78' title='bbox 554 1219 828 1286; x_wconf 78' lang='grc' dir='ltr'><strong>ἐλπίζετε,</strong></span> <span class='ocrx_word' id='word_1_79' title='bbox 861 1223 910 1275; x_wconf 84' lang='grc' dir='ltr'><strong>οί</strong></span> <span class='ocrx_word' id='word_1_80' title='bbox 937 1224 1272 1293; x_wconf 83' lang='grc' dir='ltr'><strong>Χριστιανοί.</strong></span> <span class='ocrx_word' id='word_1_81' title='bbox 1313 1257 1381 1266; x_wconf 91' lang='grc'><strong>-</strong></span> <span class='ocrx_word' id='word_1_82' title='bbox 1435 1227 1498 1280; x_wconf 84' lang='grc'><strong>’0</strong></span> <span class='ocrx_word' id='word_1_83' title='bbox 1542 1231 1815 1296; x_wconf 76' lang='grc' dir='ltr'><strong>Χριστια-</strong></span> 
     </span>
    </p>
   </div>
   <div class='ocr_carea' id='block_1_14' title="bbox 215 1308 1814 1390">
    <p class='ocr_par' dir='ltr' id='par_1_14' title="bbox 215 1308 1814 1390">
     <span class='ocr_line' id='line_1_14' title="bbox 215 1308 1814 1390; baseline 0.008 -31"><span class='ocrx_word' id='word_1_84' title='bbox 215 1310 372 1373; x_wconf 75' lang='grc' dir='ltr'><strong>νόςο</strong></span> <span class='ocrx_word' id='word_1_85' title='bbox 406 1308 472 1361; x_wconf 85' lang='grc' dir='ltr'><strong>Τί</strong></span> <span class='ocrx_word' id='word_1_86' title='bbox 494 1311 612 1364; x_wconf 78' lang='grc' dir='ltr'><strong>ἐστι</strong></span> <span class='ocrx_word' id='word_1_87' title='bbox 657 1311 988 1386; x_wconf 86' lang='grc' dir='ltr'><strong>τιμιώτερον</strong></span> <span class='ocrx_word' id='word_1_88' title='bbox 1032 1316 1184 1388; x_wconf 80' lang='grc' dir='ltr'><strong>παρὰ</strong></span> <span class='ocrx_word' id='word_1_89' title='bbox 1230 1317 1309 1388; x_wconf 82' lang='grc' dir='ltr'><strong>τῷ</strong></span> <span class='ocrx_word' id='word_1_90' title='bbox 1351 1318 1491 1389; x_wconf 81' lang='grc' dir='ltr'><strong>Θεῷ,</strong></span> <span class='ocrx_word' id='word_1_91' title='bbox 1525 1319 1814 1390; x_wconf 79' lang='grc' dir='ltr'><strong>ἅνθρωπος</strong></span> 
     </span>
    </p>
   </div>
   <div class='ocr_carea' id='block_1_15' title="bbox 216 1399 1810 1482">
    <p class='ocr_par' dir='ltr' id='par_1_15' title="bbox 216 1399 1810 1482">
     <span class='ocr_line' id='line_1_15' title="bbox 216 1399 1810 1482; baseline 0.009 -31"><span class='ocrx_word' id='word_1_92' title='bbox 216 1399 258 1470; x_wconf 84' lang='grc' dir='ltr'>ἢ</span> <span class='ocrx_word' id='word_1_93' title='bbox 290 1399 418 1468; x_wconf 75' lang='grc' dir='ltr'><strong>ὄφις</strong></span> <span class='ocrx_word' id='word_1_94' title='bbox 458 1400 693 1470; x_wconf 75' lang='grc' dir='ltr'><strong>χαλκοῦς</strong></span> <span class='ocrx_word' id='word_1_95' title='bbox 722 1404 781 1458; x_wconf 71' lang='grc' dir='ltr'><strong>ὃν</strong></span> <span class='ocrx_word' id='word_1_96' title='bbox 825 1406 983 1476; x_wconf 85' lang='grc' dir='ltr'><strong>ὑμεῖς</strong></span> <span class='ocrx_word' id='word_1_97' title='bbox 1024 1413 1385 1478; x_wconf 83' lang='grc' dir='ltr'><strong>προσκυνεῖτε</strong></span> <span class='ocrx_word' id='word_1_98' title='bbox 1425 1413 1810 1482; x_wconf 76' lang='grc' dir='ltr'><strong>κρεμάμενον;</strong></span> 
     </span>
    </p>
   </div>
   <div class='ocr_carea' id='block_1_16' title="bbox 218 1491 1813 1573">
    <p class='ocr_par' dir='ltr' id='par_1_16' title="bbox 218 1491 1813 1573">
     <span class='ocr_line' id='line_1_16' title="bbox 218 1491 1813 1573; baseline 0.01 -31"><span class='ocrx_word' id='word_1_99' title='bbox 218 1491 382 1562; x_wconf 80' lang='grc' dir='ltr'><strong>Πλὴν</strong></span> <span class='ocrx_word' id='word_1_100' title='bbox 419 1491 654 1548; x_wconf 75' lang='grc' dir='ltr'><strong>ἄκουσον</strong></span> <span class='ocrx_word' id='word_1_101' title='bbox 702 1497 844 1565; x_wconf 84' lang='grc' dir='ltr'><strong>μετὰ</strong></span> <span class='ocrx_word' id='word_1_102' title='bbox 893 1499 1203 1563; x_wconf 83' lang='grc' dir='ltr'><strong>συνέσεως·</strong></span> <span class='ocrx_word' id='word_1_103' title='bbox 1258 1501 1376 1554; x_wconf 82' lang='grc' dir='ltr'><strong>ἀλλ’</strong></span> <span class='ocrx_word' id='word_1_104' title='bbox 1419 1503 1570 1573; x_wconf 83' lang='grc' dir='ltr'><strong>ὅμως</strong></span> <span class='ocrx_word' id='word_1_105' title='bbox 1621 1505 1813 1558; x_wconf 81' lang='grc' dir='ltr'><strong>εἴπατέ</strong></span> 
     </span>
    </p>
   </div>
   <div class='ocr_carea' id='block_1_17' title="bbox 221 1585 1814 1666">
    <p class='ocr_par' dir='ltr' id='par_1_17' title="bbox 221 1585 1814 1666">
     <span class='ocr_line' id='line_1_17' title="bbox 221 1585 1814 1666; baseline 0.011 -32"><span class='ocrx_word' id='word_1_106' title='bbox 221 1601 364 1654; x_wconf 83' lang='grc' dir='ltr'><strong>μοι,</strong></span> <span class='ocrx_word' id='word_1_107' title='bbox 420 1585 777 1657; x_wconf 75' lang='grc' dir='ltr'><strong>ἐσταύρωσαν</strong></span> <span class='ocrx_word' id='word_1_108' title='bbox 845 1592 892 1644; x_wconf 79' lang='grc' dir='ltr'><strong>οἱ</strong></span> <span class='ocrx_word' id='word_1_109' title='bbox 969 1594 1204 1663; x_wconf 83' lang='grc' dir='ltr'><strong>πατέρες</strong></span> <span class='ocrx_word' id='word_1_110' title='bbox 1272 1594 1427 1665; x_wconf 56' lang='lat' dir='ltr'><strong>dp.th</strong></span> <span class='ocrx_word' id='word_1_111' title='bbox 1487 1613 1610 1650; x_wconf 91' lang='grc' dir='ltr'><strong>τινα</strong></span> <span class='ocrx_word' id='word_1_112' title='bbox 1665 1598 1814 1666; x_wconf 83' lang='grc' dir='ltr'><strong>λεγό-</strong></span> 
     </span>
    </p>
   </div>
   <div class='ocr_carea' id='block_1_18' title="bbox 220 1675 1812 1754">
    <p class='ocr_par' dir='ltr' id='par_1_18' title="bbox 220 1675 1812 1754">
     <span class='ocr_line' id='line_1_18' title="bbox 220 1675 1812 1754; baseline 0.009 -28"><span class='ocrx_word' id='word_1_113' title='bbox 220 1691 395 1744; x_wconf 86' lang='grc' dir='ltr'><strong>μενον</strong></span> <span class='ocrx_word' id='word_1_114' title='bbox 439 1675 647 1747; x_wconf 81' lang='grc' dir='ltr'><strong>Ἰησοῦν</strong></span> <span class='ocrx_word' id='word_1_115' title='bbox 683 1680 957 1751; x_wconf 76' lang='grc' dir='ltr'><strong>Χριστόνς</strong></span> <span class='ocrx_word' id='word_1_116' title='bbox 1006 1685 1096 1737; x_wconf 75' lang='grc' dir='ltr'><strong>ναὶ</strong></span> <span class='ocrx_word' id='word_1_117' title='bbox 1144 1685 1178 1754; x_wconf 77' lang='grc' dir='ltr'>ἢ</span> <span class='ocrx_word' id='word_1_118' title='bbox 1228 1683 1326 1752; x_wconf 69' lang='lat' dir='ltr'><strong>ob;</strong></span> <span class='ocrx_word' id='word_1_119' title='bbox 1383 1683 1480 1738; x_wconf 74' lang='grc' dir='ltr'><strong>καῖ</strong></span> <span class='ocrx_word' id='word_1_120' title='bbox 1523 1686 1611 1740; x_wconf 83' lang='grc' dir='ltr'><strong>διὰ</strong></span> <span class='ocrx_word' id='word_1_121' title='bbox 1653 1689 1812 1741; x_wconf 84' lang='grc' dir='ltr'><strong>ποίαν</strong></span> 
     </span>
    </p>
   </div>
   <div class='ocr_carea' id='block_1_19' title="bbox 215 1768 1808 1850">
    <p class='ocr_par' dir='ltr' id='par_1_19' title="bbox 215 1768 1808 1850">
     <span class='ocr_line' id='line_1_19' title="bbox 215 1768 1808 1850; baseline 0.008 -32"><span class='ocrx_word' id='word_1_122' title='bbox 215 1768 414 1822; x_wconf 79' lang='grc' dir='ltr'><strong>αἰτίαν</strong></span> <span class='ocrx_word' id='word_1_123' title='bbox 468 1769 855 1842; x_wconf 75' lang='grc' dir='ltr'><strong>ἐσταυρώσατε</strong></span> <span class='ocrx_word' id='word_1_124' title='bbox 903 1775 1108 1841; x_wconf 84' lang='grc' dir='ltr'><strong>αύτόν;</strong></span> <span class='ocrx_word' id='word_1_125' title='bbox 1160 1777 1306 1829; x_wconf 86' lang='grc' dir='ltr'><strong>Διότι</strong></span> <span class='ocrx_word' id='word_1_126' title='bbox 1358 1777 1675 1846; x_wconf 85' lang='grc' dir='ltr'><strong>παράνομος</strong></span> <span class='ocrx_word' id='word_1_127' title='bbox 1719 1774 1808 1850; x_wconf 81' lang='grc' dir='ltr'><strong>ἦν,</strong></span> 
     </span>
    </p>
   </div>
   <div class='ocr_carea' id='block_1_20' title="bbox 1920 595 3495 667">
    <p class='ocr_par' dir='ltr' id='par_1_20' title="bbox 1920 595 3495 667">
     <span class='ocr_line' id='line_1_20' title="bbox 1920 595 3495 667; baseline -0.001 -16"><span class='ocrx_word' id='word_1_128' title='bbox 1920 613 2020 666; x_wconf 92' lang='lat' dir='ltr'><strong>per</strong></span> <span class='ocrx_word' id='word_1_129' title='bbox 2047 598 2240 652; x_wconf 88' lang='lat' dir='ltr'><strong>Isaiam</strong></span> <span class='ocrx_word' id='word_1_130' title='bbox 2271 606 2328 652; x_wconf 92' lang='lat' dir='ltr'><strong>et</strong></span> <span class='ocrx_word' id='word_1_131' title='bbox 2353 597 2631 652; x_wconf 62' lang='lat' dir='ltr'><strong>Michaeam</strong></span> <span class='ocrx_word' id='word_1_132' title='bbox 2660 596 2989 667; x_wconf 72' lang='lat' dir='ltr'><strong>prophetas:</strong></span> <span class='ocrx_word' id='word_1_133' title='bbox 3022 615 3040 648; x_wconf 77' lang='grc' dir='ltr'><strong>ι</strong></span> <span class='ocrx_word' id='word_1_134' title='bbox 3067 596 3145 650; x_wconf 78' lang='lat' dir='ltr'><strong>Ex</strong></span> <span class='ocrx_word' id='word_1_135' title='bbox 3168 595 3300 651; x_wconf 98' lang='lat' dir='ltr'><strong>Sion</strong></span> <span class='ocrx_word' id='word_1_136' title='bbox 3320 596 3495 650; x_wconf 84' lang='lat' dir='ltr'><strong>exibit</strong></span> 
     </span>
    </p>
   </div>
   <div class='ocr_carea' id='block_1_21' title="bbox 1918 687 3494 762">
    <p class='ocr_par' dir='ltr' id='par_1_21' title="bbox 1918 687 3494 762">
     <span class='ocr_line' id='line_1_21' title="bbox 1918 687 3494 762; baseline 0.001 -21"><span class='ocrx_word' id='word_1_137' title='bbox 1918 688 2027 753; x_wconf 83' lang='lat' dir='ltr'><strong>lex,</strong></span> <span class='ocrx_word' id='word_1_138' title='bbox 2091 697 2147 743; x_wconf 89' lang='lat' dir='ltr'><strong>et</strong></span> <span class='ocrx_word' id='word_1_139' title='bbox 2199 689 2432 762; x_wconf 76' lang='lat' dir='ltr'><strong>verbum</strong></span> <span class='ocrx_word' id='word_1_140' title='bbox 2500 688 2720 743; x_wconf 86' lang='lat' dir='ltr'><strong>Domini</strong></span> <span class='ocrx_word' id='word_1_141' title='bbox 2786 704 2854 741; x_wconf 86' lang='lat' dir='ltr'><strong>ex</strong></span> <span class='ocrx_word' id='word_1_142' title='bbox 2910 688 3281 742; x_wconf 84' lang='lat' dir='ltr'><strong>Jerusalem&#39;.</strong></span> <span class='ocrx_word' id='word_1_143' title='bbox 3329 705 3347 739; x_wconf 72' lang='grc' dir='ltr'><strong>ι</strong></span> <span class='ocrx_word' id='word_1_144' title='bbox 3412 687 3494 742; x_wconf 90' lang='lat' dir='ltr'><strong>lta</strong></span> 
     </span>
    </p>
   </div>
   <div class='ocr_carea' id='block_1_22' title="bbox 1916 777 3493 849">
    <p class='ocr_par' dir='ltr' id='par_1_22' title="bbox 1916 777 3493 849">
     <span class='ocr_line' id='line_1_22' title="bbox 1916 777 3493 849; baseline -0.001 -16"><span class='ocrx_word' id='word_1_145' title='bbox 1916 777 2174 833; x_wconf 76' lang='lat' dir='ltr'><strong>Christus</strong></span> <span class='ocrx_word' id='word_1_146' title='bbox 2208 795 2333 834; x_wconf 89' lang='lat' dir='ltr'><strong>cum</strong></span> <span class='ocrx_word' id='word_1_147' title='bbox 2363 779 2537 845; x_wconf 88' lang='lat' dir='ltr'><strong>venit,</strong></span> <span class='ocrx_word' id='word_1_148' title='bbox 2561 793 2759 834; x_wconf 88' lang='lat' dir='ltr'><strong>novam</strong></span> <span class='ocrx_word' id='word_1_149' title='bbox 2793 778 2968 849; x_wconf 88' lang='lat' dir='ltr'><strong>legem</strong></span> <span class='ocrx_word' id='word_1_150' title='bbox 2997 778 3229 832; x_wconf 81' lang='lat' dir='ltr'><strong>adduxit</strong></span> <span class='ocrx_word' id='word_1_151' title='bbox 3255 785 3312 833; x_wconf 91' lang='lat' dir='ltr'><strong>et</strong></span> <span class='ocrx_word' id='word_1_152' title='bbox 3338 785 3493 832; x_wconf 88' lang='lat' dir='ltr'><strong>vete-</strong></span> 
     </span>
    </p>
   </div>
   <div class='ocr_carea' id='block_1_23' title="bbox 1919 869 2336 939">
    <p class='ocr_par' dir='ltr' id='par_1_23' title="bbox 1919 869 2336 939">
     <span class='ocr_line' id='line_1_23' title="bbox 1919 869 2336 939; baseline 0.002 -16"><span class='ocrx_word' id='word_1_153' title='bbox 1919 885 2033 924; x_wconf 87' lang='lat' dir='ltr'><strong>rem</strong></span> <span class='ocrx_word' id='word_1_154' title='bbox 2065 869 2336 939; x_wconf 73' lang='lat' dir='ltr'><strong>implevit.</strong></span> 
     </span>
    </p>
   </div>
   <div class='ocr_carea' id='block_1_24' title="bbox 1985 1121 3493 1191">
    <p class='ocr_par' dir='ltr' id='par_1_24' title="bbox 1985 1121 3493 1191">
     <span class='ocr_line' id='line_1_24' title="bbox 1985 1121 3493 1191; baseline -0.001 -14"><span class='ocrx_word' id='word_1_155' title='bbox 1985 1124 2220 1178; x_wconf 74' lang='lat' dir='ltr'><strong>Judwus.</strong></span> <span class='ocrx_word' id='word_1_156' title='bbox 2237 1123 2295 1177; x_wconf 93' lang='lat' dir='ltr'><strong>ln</strong></span> <span class='ocrx_word' id='word_1_157' title='bbox 2321 1123 2597 1177; x_wconf 88' lang='lat' dir='ltr'><strong>hominem</strong></span> <span class='ocrx_word' id='word_1_158' title='bbox 2617 1121 3341 1178; x_wconf 81' lang='lat' dir='ltr'><strong>crucifixumetdamuatum</strong></span> <span class='ocrx_word' id='word_1_159' title='bbox 3367 1137 3493 1191; x_wconf 85' lang='lat' dir='ltr'><strong>spe-</strong></span> 
     </span>
    </p>
   </div>
   <div class='ocr_carea' id='block_1_25' title="bbox 1916 1213 3494 1280">
    <p class='ocr_par' dir='ltr' id='par_1_25' title="bbox 1916 1213 3494 1280">
     <span class='ocr_line' id='line_1_25' title="bbox 1916 1213 3494 1280; baseline -0.002 -11"><span class='ocrx_word' id='word_1_160' title='bbox 1916 1216 2068 1280; x_wconf 79' lang='lat' dir='ltr'><strong>ratis,</strong></span> <span class='ocrx_word' id='word_1_161' title='bbox 2093 1215 2416 1270; x_wconf 76' lang='lat' dir='ltr'><strong>Christiani.</strong></span> <span class='ocrx_word' id='word_1_162' title='bbox 2448 1244 2519 1256; x_wconf 85' lang='lat'><strong>--</strong></span> <span class='ocrx_word' id='word_1_163' title='bbox 2549 1214 2902 1270; x_wconf 75' lang='lat' dir='ltr'><strong>Christianus.</strong></span> <span class='ocrx_word' id='word_1_164' title='bbox 2949 1213 3084 1280; x_wconf 87' lang='lat' dir='ltr'><strong>Quis</strong></span> <span class='ocrx_word' id='word_1_165' title='bbox 3109 1223 3194 1267; x_wconf 86' lang='lat' dir='ltr'><strong>est</strong></span> <span class='ocrx_word' id='word_1_166' title='bbox 3221 1213 3494 1267; x_wconf 75' lang='lat' dir='ltr'><strong>excellen-</strong></span> 
     </span>
    </p>
   </div>
   <div class='ocr_carea' id='block_1_26' title="bbox 1916 1301 3494 1378">
    <p class='ocr_par' dir='ltr' id='par_1_26' title="bbox 1916 1301 3494 1378">
     <span class='ocr_line' id='line_1_26' title="bbox 1916 1301 3494 1378; baseline -0.002 -16"><span class='ocrx_word' id='word_1_167' title='bbox 1916 1310 2025 1362; x_wconf 90' lang='lat' dir='ltr'><strong>tior</strong></span> <span class='ocrx_word' id='word_1_168' title='bbox 2048 1308 2194 1378; x_wconf 90' lang='lat' dir='ltr'><strong>apud</strong></span> <span class='ocrx_word' id='word_1_169' title='bbox 2220 1309 2413 1372; x_wconf 89' lang='lat' dir='ltr'><strong>Deum,</strong></span> <span class='ocrx_word' id='word_1_170' title='bbox 2442 1308 2609 1361; x_wconf 89' lang='lat' dir='ltr'><strong>homo</strong></span> <span class='ocrx_word' id='word_1_171' title='bbox 2637 1323 2706 1360; x_wconf 89' lang='lat' dir='ltr'><strong>an</strong></span> <span class='ocrx_word' id='word_1_172' title='bbox 2740 1320 2971 1375; x_wconf 89' lang='lat' dir='ltr'><strong>serpens</strong></span> <span class='ocrx_word' id='word_1_173' title='bbox 2997 1320 3175 1359; x_wconf 84' lang='lat' dir='ltr'><strong>:ereus</strong></span> <span class='ocrx_word' id='word_1_174' title='bbox 3199 1320 3362 1374; x_wconf 84' lang='lat' dir='ltr'><strong>quem</strong></span> <span class='ocrx_word' id='word_1_175' title='bbox 3394 1301 3494 1358; x_wconf 83' lang='lat' dir='ltr'><strong>vos</strong></span> 
     </span>
    </p>
   </div>
   <div class='ocr_carea' id='block_1_27' title="bbox 1914 1396 3488 1469">
    <p class='ocr_par' dir='ltr' id='par_1_27' title="bbox 1914 1396 3488 1469">
     <span class='ocr_line' id='line_1_27' title="bbox 1914 1396 3488 1469; baseline -0.003 -15"><span class='ocrx_word' id='word_1_176' title='bbox 1914 1401 2160 1456; x_wconf 89' lang='lat' dir='ltr'><strong>adoratis</strong></span> <span class='ocrx_word' id='word_1_177' title='bbox 2185 1416 2515 1469; x_wconf 89' lang='lat' dir='ltr'><strong>suspensum</strong></span> <span class='ocrx_word' id='word_1_178' title='bbox 2536 1400 2559 1453; x_wconf 87' lang='lat'><strong>?</strong></span> <span class='ocrx_word' id='word_1_179' title='bbox 2578 1407 2820 1452; x_wconf 81' lang='lat' dir='ltr'><strong>attamen</strong></span> <span class='ocrx_word' id='word_1_180' title='bbox 2845 1399 2972 1452; x_wconf 89' lang='lat' dir='ltr'><strong>audi</strong></span> <span class='ocrx_word' id='word_1_181' title='bbox 3001 1413 3125 1452; x_wconf 90' lang='lat' dir='ltr'><strong>eum</strong></span> <span class='ocrx_word' id='word_1_182' title='bbox 3157 1396 3488 1451; x_wconf 89' lang='lat' dir='ltr'><strong>attentione.</strong></span> 
     </span>
    </p>
   </div>
   <div class='ocr_carea' id='block_1_28' title="bbox 1915 1487 3494 1558">
    <p class='ocr_par' dir='ltr' id='par_1_28' title="bbox 1915 1487 3494 1558">
     <span class='ocr_line' id='line_1_28' title="bbox 1915 1487 3494 1558; baseline -0.004 -13"><span class='ocrx_word' id='word_1_183' title='bbox 1915 1489 2021 1545; x_wconf 87' lang='lat' dir='ltr'><strong>Sed</strong></span> <span class='ocrx_word' id='word_1_184' title='bbox 2050 1491 2216 1545; x_wconf 82' lang='lat' dir='ltr'><strong>dicite</strong></span> <span class='ocrx_word' id='word_1_185' title='bbox 2252 1491 2423 1544; x_wconf 92' lang='lat' dir='ltr'><strong>mihi:</strong></span> <span class='ocrx_word' id='word_1_186' title='bbox 2457 1490 2853 1544; x_wconf 78' lang='lat' dir='ltr'><strong>crucilixerunt</strong></span> <span class='ocrx_word' id='word_1_187' title='bbox 2893 1497 3078 1558; x_wconf 85' lang='lat' dir='ltr'><strong>patres</strong></span> <span class='ocrx_word' id='word_1_188' title='bbox 3107 1487 3274 1541; x_wconf 86' lang='lat' dir='ltr'><strong>vestri</strong></span> <span class='ocrx_word' id='word_1_189' title='bbox 3300 1503 3494 1555; x_wconf 81' lang='lat' dir='ltr'><strong>queru-</strong></span> 
     </span>
    </p>
   </div>
   <div class='ocr_carea' id='block_1_29' title="bbox 1912 1575 3491 1649">
    <p class='ocr_par' dir='ltr' id='par_1_29' title="bbox 1912 1575 3491 1649">
     <span class='ocr_line' id='line_1_29' title="bbox 1912 1575 3491 1649; baseline -0.004 -14"><span class='ocrx_word' id='word_1_190' title='bbox 1912 1579 2038 1635; x_wconf 86' lang='lat' dir='ltr'><strong>dam</strong></span> <span class='ocrx_word' id='word_1_191' title='bbox 2067 1581 2402 1649; x_wconf 89' lang='lat' dir='ltr'><strong>appellatum</strong></span> <span class='ocrx_word' id='word_1_192' title='bbox 2441 1579 2629 1635; x_wconf 86' lang='lat' dir='ltr'><strong>Jesum</strong></span> <span class='ocrx_word' id='word_1_193' title='bbox 2671 1578 2999 1633; x_wconf 86' lang='lat' dir='ltr'><strong>Christum?</strong></span> <span class='ocrx_word' id='word_1_194' title='bbox 3036 1577 3109 1630; x_wconf 88' lang='lat' dir='ltr'><strong>ita</strong></span> <span class='ocrx_word' id='word_1_195' title='bbox 3137 1592 3204 1629; x_wconf 91' lang='lat' dir='ltr'><strong>an</strong></span> <span class='ocrx_word' id='word_1_196' title='bbox 3241 1577 3394 1629; x_wconf 88' lang='lat' dir='ltr'><strong>non?</strong></span> <span class='ocrx_word' id='word_1_197' title='bbox 3424 1575 3491 1629; x_wconf 81' lang='lat' dir='ltr'><strong>Et</strong></span> 
     </span>
    </p>
   </div>
   <div class='ocr_carea' id='block_1_30' title="bbox 1912 1666 3488 1742">
    <p class='ocr_par' dir='ltr' id='par_1_30' title="bbox 1912 1666 3488 1742">
     <span class='ocr_line' id='line_1_30' title="bbox 1912 1666 3488 1742; baseline -0.004 -16"><span class='ocrx_word' id='word_1_198' title='bbox 1912 1672 2131 1742; x_wconf 89' lang='lat' dir='ltr'><strong>qualem</strong></span> <span class='ocrx_word' id='word_1_199' title='bbox 2159 1671 2232 1727; x_wconf 90' lang='lat' dir='ltr'><strong>ob</strong></span> <span class='ocrx_word' id='word_1_200' title='bbox 2266 1687 2485 1726; x_wconf 85' lang='lat' dir='ltr'><strong>causam</strong></span> <span class='ocrx_word' id='word_1_201' title='bbox 2532 1669 2970 1724; x_wconf 83' lang='lat' dir='ltr'><strong>crucifixerunt?</strong></span> <span class='ocrx_word' id='word_1_202' title='bbox 3003 1668 3082 1722; x_wconf 90' lang='lat' dir='ltr'><strong>Eo</strong></span> <span class='ocrx_word' id='word_1_203' title='bbox 3112 1667 3259 1736; x_wconf 89' lang='lat' dir='ltr'><strong>quod</strong></span> <span class='ocrx_word' id='word_1_204' title='bbox 3307 1666 3488 1738; x_wconf 88' lang='lat' dir='ltr'><strong>legum</strong></span> 
     </span>
    </p>
   </div>
   <div class='ocr_carea' id='block_1_31' title="bbox 1912 1756 3491 1830">
    <p class='ocr_par' dir='ltr' id='par_1_31' title="bbox 1912 1756 3491 1830">
     <span class='ocr_line' id='line_1_31' title="bbox 1912 1756 3491 1830; baseline -0.001 -16"><span class='ocrx_word' id='word_1_205' title='bbox 1912 1763 2148 1816; x_wconf 81' lang='lat' dir='ltr'><strong>violator</strong></span> <span class='ocrx_word' id='word_1_206' title='bbox 2169 1770 2310 1822; x_wconf 89' lang='lat' dir='ltr'><strong>erat,</strong></span> <span class='ocrx_word' id='word_1_207' title='bbox 2340 1771 2396 1816; x_wconf 91' lang='lat' dir='ltr'><strong>et</strong></span> <span class='ocrx_word' id='word_1_208' title='bbox 2429 1761 2606 1830; x_wconf 80' lang='lat' dir='ltr'><strong>legem</strong></span> <span class='ocrx_word' id='word_1_209' title='bbox 2653 1770 2710 1814; x_wconf 87' lang='lat' dir='ltr'><strong>et</strong></span> <span class='ocrx_word' id='word_1_210' title='bbox 2743 1759 2982 1813; x_wconf 88' lang='lat' dir='ltr'><strong>Sabbata</strong></span> <span class='ocrx_word' id='word_1_211' title='bbox 3017 1757 3294 1812; x_wconf 87' lang='lat' dir='ltr'><strong>abolebat.</strong></span> <span class='ocrx_word' id='word_1_212' title='bbox 3317 1757 3384 1810; x_wconf 89' lang='lat' dir='ltr'><strong>Et</strong></span> <span class='ocrx_word' id='word_1_213' title='bbox 3421 1756 3491 1812; x_wconf 87' lang='lat' dir='ltr'><strong>de</strong></span> 
     </span>
    </p>
   </div>
   <div class='ocr_carea' id='block_1_32' title="bbox 215 1842 1805 1934">
    <p class='ocr_par' dir='ltr' id='par_1_32' title="bbox 215 1842 1805 1934">
     <span class='ocr_line' id='line_1_32' title="bbox 215 1842 1805 1934; baseline 0.008 -23"><span class='ocrx_word' id='word_1_214' title='bbox 215 1859 326 1912; x_wconf 77' lang='grc' dir='ltr'><strong>καὶ</strong></span> <span class='ocrx_word' id='word_1_215' title='bbox 373 1861 606 1915; x_wconf 80' lang='grc' dir='ltr'><strong>κατέλυε</strong></span> <span class='ocrx_word' id='word_1_216' title='bbox 648 1863 743 1915; x_wconf 82' lang='grc' dir='ltr'><strong>τὸν</strong></span> <span class='ocrx_word' id='word_1_217' title='bbox 781 1863 946 1934; x_wconf 89' lang='grc' dir='ltr'><strong>νόμον</strong></span> <span class='ocrx_word' id='word_1_218' title='bbox 994 1867 1087 1919; x_wconf 71' lang='grc' dir='ltr'><strong>καὶ</strong></span> <span class='ocrx_word' id='word_1_219' title='bbox 1127 1867 1188 1919; x_wconf 71' lang='grc' dir='ltr'><strong>τὸ</strong></span> <span class='ocrx_word' id='word_1_220' title='bbox 1225 1842 1526 1924; x_wconf 55' lang='lat' dir='ltr'><strong>nam)».</strong></span> <span class='ocrx_word' id='word_1_221' title='bbox 1577 1842 1693 1923; x_wconf 65' lang='grc' dir='ltr'><strong>Καὶ</strong></span> 
     </span>
    </p>
   </div>
   <div class='ocr_carea' id='block_1_33' title="bbox 1910 1842 3488 1934">
    <p class='ocr_par' dir='ltr' id='par_1_33' title="bbox 1911 1846 3488 1923">
     <span class='ocr_line' id='line_1_33' title="bbox 1911 1846 3488 1923; baseline -0.004 -16"><span class='ocrx_word' id='word_1_222' title='bbox 1911 1869 2023 1923; x_wconf 92' lang='lat' dir='ltr'><strong>quo</strong></span> <span class='ocrx_word' id='word_1_223' title='bbox 2071 1853 2447 1922; x_wconf 64' lang='lat' dir='ltr'><strong>praedixerunt</strong></span> <span class='ocrx_word' id='word_1_224' title='bbox 2481 1853 2762 1921; x_wconf 71' lang='lat' dir='ltr'><strong>propheta:</strong></span> <span class='ocrx_word' id='word_1_225' title='bbox 2818 1860 3115 1904; x_wconf 87' lang='lat' dir='ltr'><strong>venturum</strong></span> <span class='ocrx_word' id='word_1_226' title='bbox 3163 1862 3286 1902; x_wconf 90' lang='lat' dir='ltr'><strong>esse</strong></span> <span class='ocrx_word' id='word_1_227' title='bbox 3332 1846 3488 1900; x_wconf 90' lang='lat' dir='ltr'><strong>illum</strong></span> 
     </span>
    </p>
   </div>
   <div class='ocr_carea' id='block_1_34' title="bbox 216 1955 1812 2032">
    <p class='ocr_par' dir='ltr' id='par_1_34' title="bbox 216 1955 1812 2032">
     <span class='ocr_line' id='line_1_34' title="bbox 216 1955 1812 2032; baseline 0.007 -27"><span class='ocrx_word' id='word_1_228' title='bbox 216 1956 382 2006; x_wconf 87' lang='grc' dir='ltr'><strong>ποῖον</strong></span> <span class='ocrx_word' id='word_1_229' title='bbox 418 1955 693 2026; x_wconf 76' lang='grc' dir='ltr'><strong>ἐκήρυξαν</strong></span> <span class='ocrx_word' id='word_1_230' title='bbox 722 1958 772 2009; x_wconf 78' lang='grc' dir='ltr'><strong>οἱ</strong></span> <span class='ocrx_word' id='word_1_231' title='bbox 804 1959 1081 2029; x_wconf 80' lang='grc' dir='ltr'><strong>προφῆται</strong></span> <span class='ocrx_word' id='word_1_232' title='bbox 1112 1959 1292 2012; x_wconf 76' lang='grc' dir='ltr'><strong>ἐλθεῖν</strong></span> <span class='ocrx_word' id='word_1_233' title='bbox 1322 1962 1408 2032; x_wconf 71' lang='grc' dir='ltr'><strong>ἐπ’</strong></span> <span class='ocrx_word' id='word_1_234' title='bbox 1435 1962 1681 2032; x_wconf 83' lang='grc' dir='ltr'><strong>ἐσχάτων</strong></span> <span class='ocrx_word' id='word_1_235' title='bbox 1703 1963 1812 2016; x_wconf 90' lang='grc' dir='ltr'><strong>τῶν</strong></span> 
     </span>
    </p>
   </div>
   <div class='ocr_carea' id='block_1_35' title="bbox 214 2031 1808 2122">
    <p class='ocr_par' dir='ltr' id='par_1_35' title="bbox 214 2031 1808 2122">
     <span class='ocr_line' id='line_1_35' title="bbox 214 2031 1808 2122; baseline 0.004 -25"><span class='ocrx_word' id='word_1_236' title='bbox 214 2043 474 2114; x_wconf 78' lang='grc' dir='ltr'><strong>ἡμερῶν,</strong></span> <span class='ocrx_word' id='word_1_237' title='bbox 509 2043 604 2097; x_wconf 86' lang='grc' dir='ltr'><strong>τοῦ</strong></span> <span class='ocrx_word' id='word_1_238' title='bbox 641 2045 916 2116; x_wconf 79' lang='grc' dir='ltr'><strong>πραθῆναι</strong></span> <span class='ocrx_word' id='word_1_239' title='bbox 938 2086 953 2108; x_wconf 88' lang='grc'><em>,</em></span> <span class='ocrx_word' id='word_1_240' title='bbox 999 2049 1094 2100; x_wconf 74' lang='grc' dir='ltr'><strong>καὶ</strong></span> <span class='ocrx_word' id='word_1_241' title='bbox 1161 2049 1227 2122; x_wconf 21' lang='grc' dir='ltr'><strong>τὸ.</strong></span> <span class='ocrx_word' id='word_1_242' title='bbox 1251 2031 1415 2102; x_wconf 72' lang='grc' dir='ltr'><strong>πόσου</strong></span> <span class='ocrx_word' id='word_1_243' title='bbox 1449 2031 1562 2120; x_wconf 69' lang='grc' dir='ltr'><strong>ἔχει</strong></span> <span class='ocrx_word' id='word_1_244' title='bbox 1592 2051 1808 2122; x_wconf 74' lang='grc' dir='ltr'><strong>πραθῆο</strong></span> 
     </span>
    </p>
   </div>
   <div class='ocr_carea' id='block_1_36' title="bbox 213 2136 1811 2214">
    <p class='ocr_par' dir='ltr' id='par_1_36' title="bbox 213 2136 1811 2214">
     <span class='ocr_line' id='line_1_36' title="bbox 213 2136 1811 2214; baseline 0.005 -27"><span class='ocrx_word' id='word_1_245' title='bbox 213 2151 351 2196; x_wconf 87' lang='grc' dir='ltr'><strong>ναι,</strong></span> <span class='ocrx_word' id='word_1_246' title='bbox 400 2136 493 2187; x_wconf 73' lang='grc' dir='ltr'><strong>καὶ</strong></span> <span class='ocrx_word' id='word_1_247' title='bbox 537 2136 619 2189; x_wconf 84' lang='grc' dir='ltr'><strong>ὅτι</strong></span> <span class='ocrx_word' id='word_1_248' title='bbox 662 2137 774 2207; x_wconf 76' lang='grc' dir='ltr'><strong>ἔχει</strong></span> <span class='ocrx_word' id='word_1_249' title='bbox 807 2137 1043 2208; x_wconf 78' lang='grc' dir='ltr'><strong>ἀχθῆναι</strong></span> <span class='ocrx_word' id='word_1_250' title='bbox 1071 2141 1151 2204; x_wconf 89' lang='grc' dir='ltr'><strong>εἰς</strong></span> <span class='ocrx_word' id='word_1_251' title='bbox 1182 2139 1410 2194; x_wconf 81' lang='grc' dir='ltr'><strong>θάνατον</strong></span> <span class='ocrx_word' id='word_1_252' title='bbox 1442 2143 1537 2195; x_wconf 70' lang='grc' dir='ltr'><strong>καὶ</strong></span> <span class='ocrx_word' id='word_1_253' title='bbox 1563 2142 1641 2212; x_wconf 85' lang='grc' dir='ltr'><strong>τῷ</strong></span> <span class='ocrx_word' id='word_1_254' title='bbox 1670 2141 1811 2214; x_wconf 81' lang='grc' dir='ltr'><strong>ξύλῳ</strong></span> 
     </span>
    </p>
   </div>
   <div class='ocr_carea' id='block_1_37' title="bbox 212 2225 1811 2305">
    <p class='ocr_par' dir='ltr' id='par_1_37' title="bbox 212 2225 1811 2305">
     <span class='ocr_line' id='line_1_37' title="bbox 212 2225 1811 2305; baseline 0.009 -29"><span class='ocrx_word' id='word_1_255' title='bbox 212 2225 382 2296; x_wconf 73' lang='grc' dir='ltr'><strong>ἥλοις</strong></span> <span class='ocrx_word' id='word_1_256' title='bbox 418 2230 608 2298; x_wconf 88' lang='grc' dir='ltr'><strong>χεῖρας</strong></span> <span class='ocrx_word' id='word_1_257' title='bbox 640 2229 736 2282; x_wconf 79' lang='grc' dir='ltr'><strong>καὶ</strong></span> <span class='ocrx_word' id='word_1_258' title='bbox 763 2232 930 2295; x_wconf 83' lang='grc' dir='ltr'><strong>πόδας</strong></span> <span class='ocrx_word' id='word_1_259' title='bbox 961 2232 1447 2305; x_wconf 85' lang='grc' dir='ltr'><strong>προσηλωθήσεται</strong></span> <span class='ocrx_word' id='word_1_260' title='bbox 1468 2273 1484 2299; x_wconf 86' lang='lat'><strong>,</strong></span> <span class='ocrx_word' id='word_1_261' title='bbox 1533 2237 1628 2290; x_wconf 73' lang='grc' dir='ltr'><strong>καὶ</strong></span> <span class='ocrx_word' id='word_1_262' title='bbox 1655 2237 1811 2302; x_wconf 74' lang='grc' dir='ltr'><strong>ὄξους</strong></span> 
     </span>
    </p>
   </div>
   <div class='ocr_carea' id='block_1_38' title="bbox 213 2319 1809 2398">
    <p class='ocr_par' dir='ltr' id='par_1_38' title="bbox 213 2319 1809 2398">
     <span class='ocr_line' id='line_1_38' title="bbox 213 2319 1809 2398; baseline 0.007 -28"><span class='ocrx_word' id='word_1_263' title='bbox 213 2319 323 2370; x_wconf 75' lang='grc' dir='ltr'><strong>καὶ</strong></span> <span class='ocrx_word' id='word_1_264' title='bbox 373 2319 541 2388; x_wconf 83' lang='grc' dir='ltr'><strong>χολῆς</strong></span> <span class='ocrx_word' id='word_1_265' title='bbox 586 2321 882 2388; x_wconf 85' lang='grc' dir='ltr'><strong>γεύσεται,</strong></span> <span class='ocrx_word' id='word_1_266' title='bbox 938 2323 1036 2377; x_wconf 79' lang='grc' dir='ltr'><strong>καὶ</strong></span> <span class='ocrx_word' id='word_1_267' title='bbox 1071 2325 1154 2378; x_wconf 85' lang='grc' dir='ltr'><strong>ὅτι</strong></span> <span class='ocrx_word' id='word_1_268' title='bbox 1193 2325 1359 2398; x_wconf 85' lang='grc' dir='ltr'><strong>λόγχῃ</strong></span> <span class='ocrx_word' id='word_1_269' title='bbox 1394 2327 1809 2398; x_wconf 83' lang='grc' dir='ltr'><strong>κεντηθήσεται,</strong></span> 
     </span>
    </p>
   </div>
   <div class='ocr_carea' id='block_1_39' title="bbox 213 2409 1810 2490">
    <p class='ocr_par' dir='ltr' id='par_1_39' title="bbox 213 2409 1810 2490">
     <span class='ocr_line' id='line_1_39' title="bbox 213 2409 1810 2490; baseline 0.008 -31"><span class='ocrx_word' id='word_1_270' title='bbox 213 2409 324 2460; x_wconf 69' lang='grc' dir='ltr'><strong>καὶ</strong></span> <span class='ocrx_word' id='word_1_271' title='bbox 371 2409 400 2461; x_wconf 85' lang='grc' dir='ltr'><strong>ό</strong></span> <span class='ocrx_word' id='word_1_272' title='bbox 445 2411 672 2480; x_wconf 79' lang='grc' dir='ltr'><strong>οὐρανὸς</strong></span> <span class='ocrx_word' id='word_1_273' title='bbox 717 2413 1178 2485; x_wconf 83' lang='grc' dir='ltr'><strong>σκοτισθήσεται;</strong></span> <span class='ocrx_word' id='word_1_274' title='bbox 1215 2417 1325 2470; x_wconf 75' lang='grc' dir='ltr'><strong>Καὶ</strong></span> <span class='ocrx_word' id='word_1_275' title='bbox 1353 2417 1609 2471; x_wconf 81' lang='grc' dir='ltr'><strong>ἀδύνατον</strong></span> <span class='ocrx_word' id='word_1_276' title='bbox 1634 2413 1701 2488; x_wconf 83' lang='grc' dir='ltr'><strong>ῆν</strong></span> <span class='ocrx_word' id='word_1_277' title='bbox 1735 2419 1810 2490; x_wconf 75' lang='grc' dir='ltr'><strong>μὴ</strong></span> 
     </span>
    </p>
   </div>
   <div class='ocr_carea' id='block_1_40' title="bbox 217 2500 1810 2579">
    <p class='ocr_par' dir='ltr' id='par_1_40' title="bbox 217 2500 1810 2579">
     <span class='ocr_line' id='line_1_40' title="bbox 217 2500 1810 2579; baseline 0.005 -25"><span class='ocrx_word' id='word_1_278' title='bbox 217 2500 592 2572; x_wconf 82' lang='grc' dir='ltr'><strong>πληρωθῆναι</strong></span> <span class='ocrx_word' id='word_1_279' title='bbox 643 2505 771 2567; x_wconf 80' lang='grc' dir='ltr'><strong>τοὺς</strong></span> <span class='ocrx_word' id='word_1_280' title='bbox 812 2504 1005 2573; x_wconf 82' lang='grc' dir='ltr'><strong>λόγους</strong></span> <span class='ocrx_word' id='word_1_281' title='bbox 1039 2507 1148 2560; x_wconf 86' lang='grc' dir='ltr'><strong>τῶν</strong></span> <span class='ocrx_word' id='word_1_282' title='bbox 1179 2509 1501 2579; x_wconf 84' lang='grc' dir='ltr'><strong>προφητῶν.</strong></span> <span class='ocrx_word' id='word_1_283' title='bbox 1556 2506 1622 2560; x_wconf 88' lang='grc' dir='ltr'><strong>Τί</strong></span> <span class='ocrx_word' id='word_1_284' title='bbox 1664 2508 1810 2577; x_wconf 84' lang='grc' dir='ltr'><strong>λέγει</strong></span> 
     </span>
    </p>
   </div>
   <div class='ocr_carea' id='block_1_41' title="bbox 211 2589 1805 2668">
    <p class='ocr_par' dir='ltr' id='par_1_41' title="bbox 211 2589 1805 2668">
     <span class='ocr_line' id='line_1_41' title="bbox 211 2589 1805 2668; baseline 0.006 -27"><span class='ocrx_word' id='word_1_285' title='bbox 211 2589 400 2643; x_wconf 86' lang='grc' dir='ltr'><strong>ταῦτα</strong></span> <span class='ocrx_word' id='word_1_286' title='bbox 446 2593 665 2656; x_wconf 73' lang='grc' dir='ltr'><strong>πάντας</strong></span> <span class='ocrx_word' id='word_1_287' title='bbox 719 2594 813 2656; x_wconf 71' lang='lat' dir='ltr'><strong>El;</strong></span> <span class='ocrx_word' id='word_1_288' title='bbox 855 2595 948 2648; x_wconf 80' lang='grc' dir='ltr'><strong>τὸν</strong></span> <span class='ocrx_word' id='word_1_289' title='bbox 991 2595 1228 2667; x_wconf 81' lang='grc' dir='ltr'><strong>Χριστόν</strong></span> <span class='ocrx_word' id='word_1_290' title='bbox 1259 2597 1416 2667; x_wconf 78' lang='grc' dir='ltr'><strong>ἡμῶν</strong></span> <span class='ocrx_word' id='word_1_291' title='bbox 1458 2599 1737 2660; x_wconf 81' lang='grc' dir='ltr'><strong>ἐγένοντο,</strong></span> <span class='ocrx_word' id='word_1_292' title='bbox 1771 2597 1805 2668; x_wconf 77' lang='grc' dir='ltr'><strong>ἢ</strong></span> 
     </span>
    </p>
   </div>
   <div class='ocr_carea' id='block_1_42' title="bbox 214 2681 1811 2758">
    <p class='ocr_par' dir='ltr' id='par_1_42' title="bbox 214 2681 1811 2758">
     <span class='ocr_line' id='line_1_42' title="bbox 214 2681 1811 2758; baseline 0.006 -25"><span class='ocrx_word' id='word_1_293' title='bbox 214 2683 310 2758; x_wconf 23' lang='grc' dir='ltr'><strong>είς.</strong></span> <span class='ocrx_word' id='word_1_294' title='bbox 352 2681 442 2736; x_wconf 82' lang='grc' dir='ltr'><strong>τὸν</strong></span> <span class='ocrx_word' id='word_1_295' title='bbox 483 2683 818 2754; x_wconf 72' lang='grc' dir='ltr'><strong>εἰλημμένον</strong></span> <span class='ocrx_word' id='word_1_296' title='bbox 864 2687 1018 2756; x_wconf 83' lang='grc' dir='ltr'><strong>ὑμῶν</strong></span> <span class='ocrx_word' id='word_1_297' title='bbox 1071 2687 1328 2757; x_wconf 83' lang='grc' dir='ltr'><strong>μέλλουσι</strong></span> <span class='ocrx_word' id='word_1_298' title='bbox 1371 2688 1653 2756; x_wconf 84' lang='grc' dir='ltr'><strong>γίνεσθαι;</strong></span> <span class='ocrx_word' id='word_1_299' title='bbox 1699 2691 1811 2743; x_wconf 80' lang='grc' dir='ltr'><strong>Καὶ</strong></span> 
     </span>
    </p>
   </div>
   <div class='ocr_carea' id='block_1_43' title="bbox 217 2772 1810 2849">
    <p class='ocr_par' dir='ltr' id='par_1_43' title="bbox 217 2772 1810 2849">
     <span class='ocr_line' id='line_1_43' title="bbox 217 2772 1810 2849; baseline 0.007 -27"><span class='ocrx_word' id='word_1_300' title='bbox 217 2773 271 2823; x_wconf 86' lang='grc' dir='ltr'><strong>εἰ</strong></span> <span class='ocrx_word' id='word_1_301' title='bbox 315 2772 415 2842; x_wconf 84' lang='grc' dir='ltr'><strong>μὲν</strong></span> <span class='ocrx_word' id='word_1_302' title='bbox 464 2775 548 2838; x_wconf 89' lang='grc' dir='ltr'><strong>είς</strong></span> <span class='ocrx_word' id='word_1_303' title='bbox 577 2776 668 2828; x_wconf 88' lang='grc' dir='ltr'><strong>τὸν</strong></span> <span class='ocrx_word' id='word_1_304' title='bbox 697 2776 1034 2847; x_wconf 72' lang='grc' dir='ltr'><strong>εἰλημμένον</strong></span> <span class='ocrx_word' id='word_1_305' title='bbox 1067 2779 1098 2830; x_wconf 85' lang='grc' dir='ltr'>ὑ</span> <span class='ocrx_word' id='word_1_306' title='bbox 1111 2777 1228 2848; x_wconf 84' lang='grc' dir='ltr'><strong>μῶν</strong></span> <span class='ocrx_word' id='word_1_307' title='bbox 1260 2779 1516 2849; x_wconf 83' lang='grc' dir='ltr'><strong>μέλλουσι</strong></span> <span class='ocrx_word' id='word_1_308' title='bbox 1541 2778 1810 2847; x_wconf 83' lang='grc' dir='ltr'><strong>γίνεσθαι,</strong></span> 
     </span>
    </p>
   </div>
   <div class='ocr_carea' id='block_1_44' title="bbox 219 2865 1810 2936">
    <p class='ocr_par' dir='ltr' id='par_1_44' title="bbox 219 2865 1810 2936">
     <span class='ocr_line' id='line_1_44' title="bbox 219 2865 1810 2936; baseline 0.004 -19"><span class='ocrx_word' id='word_1_309' title='bbox 219 2865 344 2917; x_wconf 75' lang='grc' dir='ltr'><strong>ἰδοὺ</strong></span> <span class='ocrx_word' id='word_1_310' title='bbox 395 2865 489 2918; x_wconf 73' lang='grc' dir='ltr'><strong>καὶ</strong></span> <span class='ocrx_word' id='word_1_311' title='bbox 534 2867 694 2936; x_wconf 80' lang='grc' dir='ltr'><strong>ὑμεῖς</strong></span> <span class='ocrx_word' id='word_1_312' title='bbox 739 2870 821 2930; x_wconf 86' lang='grc' dir='ltr'><strong>είς</strong></span> <span class='ocrx_word' id='word_1_313' title='bbox 863 2867 1153 2936; x_wconf 81' lang='grc' dir='ltr'><strong>ἄνθρωπον</strong></span> <span class='ocrx_word' id='word_1_314' title='bbox 1200 2870 1494 2924; x_wconf 81' lang='grc' dir='ltr'><strong>κατάδικον</strong></span> <span class='ocrx_word' id='word_1_315' title='bbox 1527 2869 1810 2933; x_wconf 78' lang='grc' dir='ltr'><strong>ἑλπίζετε’</strong></span> 
     </span>
    </p>
   </div>
   <div class='ocr_carea' id='block_1_45' title="bbox 215 2953 1805 3029">
    <p class='ocr_par' dir='ltr' id='par_1_45' title="bbox 215 2953 1805 3029">
     <span class='ocr_line' id='line_1_45' title="bbox 215 2953 1805 3029; baseline 0.003 -22"><span class='ocrx_word' id='word_1_316' title='bbox 215 2955 270 3007; x_wconf 83' lang='grc' dir='ltr'><strong>εἰ</strong></span> <span class='ocrx_word' id='word_1_317' title='bbox 319 2953 378 3006; x_wconf 84' lang='grc' dir='ltr'><strong>δὲ</strong></span> <span class='ocrx_word' id='word_1_318' title='bbox 427 2957 508 3018; x_wconf 83' lang='grc' dir='ltr'><strong>εἰς</strong></span> <span class='ocrx_word' id='word_1_319' title='bbox 552 2955 643 3008; x_wconf 79' lang='grc' dir='ltr'><strong>τὸν</strong></span> <span class='ocrx_word' id='word_1_320' title='bbox 681 2957 917 3026; x_wconf 85' lang='grc' dir='ltr'><strong>Χριστὸν</strong></span> <span class='ocrx_word' id='word_1_321' title='bbox 953 2955 1113 3028; x_wconf 78' lang='grc' dir='ltr'><strong>ἡμῶν</strong></span> <span class='ocrx_word' id='word_1_322' title='bbox 1174 2959 1351 3012; x_wconf 87' lang='grc' dir='ltr'><strong>πάντα</strong></span> <span class='ocrx_word' id='word_1_323' title='bbox 1391 2958 1805 3029; x_wconf 80' lang='grc' dir='ltr'><strong>ἐπληρώθησαν,</strong></span> 
     </span>
    </p>
   </div>
   <div class='ocr_carea' id='block_1_46' title="bbox 218 3045 1808 3119">
    <p class='ocr_par' dir='ltr' id='par_1_46' title="bbox 218 3045 1808 3119">
     <span class='ocr_line' id='line_1_46' title="bbox 218 3045 1808 3119; baseline 0.002 -21"><span class='ocrx_word' id='word_1_324' title='bbox 218 3045 666 3112; x_wconf 79' lang='grc' dir='ltr'><strong>συγκαταθέντες</strong></span> <span class='ocrx_word' id='word_1_325' title='bbox 719 3047 910 3101; x_wconf 73' lang='grc' dir='ltr'><strong>εἴπατε</strong></span> <span class='ocrx_word' id='word_1_326' title='bbox 964 3047 1063 3119; x_wconf 82' lang='grc' dir='ltr'><strong>τὴν</strong></span> <span class='ocrx_word' id='word_1_327' title='bbox 1113 3048 1419 3118; x_wconf 82' lang='grc' dir='ltr'><strong>ἀλήθειαν·</strong></span> <span class='ocrx_word' id='word_1_328' title='bbox 1475 3051 1522 3100; x_wconf 84' lang='grc' dir='ltr'><strong>εί</strong></span> <span class='ocrx_word' id='word_1_329' title='bbox 1573 3048 1629 3101; x_wconf 82' lang='grc' dir='ltr'><strong>δὲ</strong></span> <span class='ocrx_word' id='word_1_330' title='bbox 1684 3047 1808 3101; x_wconf 75' lang='grc' dir='ltr'><strong>οὕτε</strong></span> 
     </span>
    </p>
   </div>
   <div class='ocr_carea' id='block_1_47' title="bbox 216 3136 1808 3209">
    <p class='ocr_par' dir='ltr' id='par_1_47' title="bbox 216 3136 1808 3209">
     <span class='ocr_line' id='line_1_47' title="bbox 216 3136 1808 3209; baseline 0.003 -21"><span class='ocrx_word' id='word_1_331' title='bbox 216 3139 306 3200; x_wconf 84' lang='grc' dir='ltr'><strong>εἰς</strong></span> <span class='ocrx_word' id='word_1_332' title='bbox 353 3136 445 3190; x_wconf 84' lang='grc' dir='ltr'><strong>τὸν</strong></span> <span class='ocrx_word' id='word_1_333' title='bbox 485 3137 754 3208; x_wconf 79' lang='grc' dir='ltr'><strong>ἡμέτερον</strong></span> <span class='ocrx_word' id='word_1_334' title='bbox 787 3139 1027 3206; x_wconf 77' lang='grc' dir='ltr'><strong>Χριστὸν</strong></span> <span class='ocrx_word' id='word_1_335' title='bbox 1047 3178 1062 3204; x_wconf 86' lang='grc'><em>,</em></span> <span class='ocrx_word' id='word_1_336' title='bbox 1093 3137 1220 3192; x_wconf 76' lang='grc' dir='ltr'><strong>οὒτε</strong></span> <span class='ocrx_word' id='word_1_337' title='bbox 1257 3142 1336 3202; x_wconf 76' lang='grc' dir='ltr'><strong>εἰς</strong></span> <span class='ocrx_word' id='word_1_338' title='bbox 1361 3139 1455 3192; x_wconf 79' lang='grc' dir='ltr'><strong>τὸν</strong></span> <span class='ocrx_word' id='word_1_339' title='bbox 1479 3138 1808 3209; x_wconf 75' lang='grc' dir='ltr'><strong>εἰλημμένον</strong></span> 
     </span>
    </p>
   </div>
   <div class='ocr_carea' id='block_1_48' title="bbox 217 3228 1804 3300">
    <p class='ocr_par' dir='ltr' id='par_1_48' title="bbox 217 3228 1804 3300">
     <span class='ocr_line' id='line_1_48' title="bbox 217 3228 1804 3300; baseline 0.001 -17"><span class='ocrx_word' id='word_1_340' title='bbox 217 3228 404 3299; x_wconf 79' lang='grc' dir='ltr'><strong>ὑμῶν,</strong></span> <span class='ocrx_word' id='word_1_341' title='bbox 443 3231 660 3292; x_wconf 79' lang='grc' dir='ltr'><strong>πάντως</strong></span> <span class='ocrx_word' id='word_1_342' title='bbox 689 3231 738 3282; x_wconf 81' lang='grc' dir='ltr'><strong>οἱ</strong></span> <span class='ocrx_word' id='word_1_343' title='bbox 766 3230 1048 3300; x_wconf 80' lang='grc' dir='ltr'><strong>προφῆται</strong></span> <span class='ocrx_word' id='word_1_344' title='bbox 1078 3231 1391 3300; x_wconf 72' lang='grc' dir='ltr'><strong>ψεύδονται·</strong></span> <span class='ocrx_word' id='word_1_345' title='bbox 1427 3233 1475 3284; x_wconf 83' lang='grc' dir='ltr'><strong>εί</strong></span> <span class='ocrx_word' id='word_1_346' title='bbox 1501 3232 1559 3285; x_wconf 84' lang='grc' dir='ltr'><strong>δὲ</strong></span> <span class='ocrx_word' id='word_1_347' title='bbox 1590 3232 1804 3284; x_wconf 79' lang='grc' dir='ltr'><strong>στενού-</strong></span> 
     </span>
    </p>
   </div>
   <div class='ocr_carea' id='block_1_49' title="bbox 221 3321 1802 3394">
    <p class='ocr_par' dir='ltr' id='par_1_49' title="bbox 221 3321 1802 3394">
     <span class='ocr_line' id='line_1_49' title="bbox 221 3321 1802 3394; baseline 0.001 -20"><span class='ocrx_word' id='word_1_348' title='bbox 221 3337 382 3392; x_wconf 87' lang='grc' dir='ltr'><strong>μενοι</strong></span> <span class='ocrx_word' id='word_1_349' title='bbox 435 3321 658 3386; x_wconf 77' lang='grc' dir='ltr'><strong>ἄκοντες</strong></span> <span class='ocrx_word' id='word_1_350' title='bbox 715 3322 1031 3390; x_wconf 83' lang='grc' dir='ltr'><strong>ὁμολογεῖτε</strong></span> <span class='ocrx_word' id='word_1_351' title='bbox 1087 3323 1170 3376; x_wconf 82' lang='grc' dir='ltr'><strong>ὅτι</strong></span> <span class='ocrx_word' id='word_1_352' title='bbox 1221 3322 1312 3374; x_wconf 80' lang='grc' dir='ltr'><strong>τὸν</strong></span> <span class='ocrx_word' id='word_1_353' title='bbox 1361 3322 1597 3393; x_wconf 77' lang='grc' dir='ltr'><strong>Χριστὸν</strong></span> <span class='ocrx_word' id='word_1_354' title='bbox 1645 3323 1802 3394; x_wconf 73' lang='grc' dir='ltr'><strong>ἡμῶν</strong></span> 
     </span>
    </p>
   </div>
   <div class='ocr_carea' id='block_1_50' title="bbox 219 3412 1801 3484">
    <p class='ocr_par' dir='ltr' id='par_1_50' title="bbox 219 3412 1801 3484">
     <span class='ocr_line' id='line_1_50' title="bbox 219 3412 1801 3484; baseline 0.001 -18"><span class='ocrx_word' id='word_1_355' title='bbox 219 3413 384 3482; x_wconf 85' lang='grc' dir='ltr'><strong>κακῷ</strong></span> <span class='ocrx_word' id='word_1_356' title='bbox 409 3412 626 3483; x_wconf 82' lang='grc' dir='ltr'><strong>θανάτῳ</strong></span> <span class='ocrx_word' id='word_1_357' title='bbox 648 3415 697 3466; x_wconf 88' lang='grc' dir='ltr'><strong>οἱ</strong></span> <span class='ocrx_word' id='word_1_358' title='bbox 721 3414 958 3484; x_wconf 79' lang='grc' dir='ltr'><strong>πατέρες</strong></span> <span class='ocrx_word' id='word_1_359' title='bbox 982 3414 1011 3466; x_wconf 87' lang='grc' dir='ltr'>ὑ</span> <span class='ocrx_word' id='word_1_360' title='bbox 1021 3413 1136 3484; x_wconf 85' lang='grc' dir='ltr'><strong>μῶν</strong></span> <span class='ocrx_word' id='word_1_361' title='bbox 1159 3414 1457 3482; x_wconf 74' lang='grc' dir='ltr'><strong>ἐφόνευσαν</strong></span> <span class='ocrx_word' id='word_1_362' title='bbox 1477 3415 1551 3476; x_wconf 83' lang='grc' dir='ltr'><strong>ὡς</strong></span> <span class='ocrx_word' id='word_1_363' title='bbox 1571 3414 1801 3484; x_wconf 84' lang='grc' dir='ltr'><strong>κακοῦρ-</strong></span> 
     </span>
    </p>
   </div>
   <div class='ocr_carea' id='block_1_51' title="bbox 1911 1939 3487 2010">
    <p class='ocr_par' dir='ltr' id='par_1_51' title="bbox 1911 1939 3487 2010">
     <span class='ocr_line' id='line_1_51' title="bbox 1911 1939 3487 2010; baseline -0.005 -10"><span class='ocrx_word' id='word_1_364' title='bbox 1911 1945 2175 2001; x_wconf 83' lang='lat' dir='ltr'><strong>extremis</strong></span> <span class='ocrx_word' id='word_1_365' title='bbox 2200 1945 2398 2000; x_wconf 88' lang='lat' dir='ltr'><strong>diebus</strong></span> <span class='ocrx_word' id='word_1_366' title='bbox 2427 1943 2801 2006; x_wconf 84' lang='lat' dir='ltr'><strong>vendendum,</strong></span> <span class='ocrx_word' id='word_1_367' title='bbox 2825 1951 2881 1996; x_wconf 88' lang='lat' dir='ltr'><strong>et</strong></span> <span class='ocrx_word' id='word_1_368' title='bbox 2901 1941 3092 2010; x_wconf 87' lang='lat' dir='ltr'><strong>quanti</strong></span> <span class='ocrx_word' id='word_1_369' title='bbox 3115 1939 3487 2004; x_wconf 91' lang='lat' dir='ltr'><strong>vendendum,</strong></span> 
     </span>
    </p>
   </div>
   <div class='ocr_carea' id='block_1_52' title="bbox 1911 2035 3492 2104">
    <p class='ocr_par' dir='ltr' id='par_1_52' title="bbox 1911 2035 3492 2104">
     <span class='ocr_line' id='line_1_52' title="bbox 1911 2035 3492 2104; baseline -0.005 -10"><span class='ocrx_word' id='word_1_370' title='bbox 1911 2039 1976 2094; x_wconf 86' lang='lat' dir='ltr'><strong>ad</strong></span> <span class='ocrx_word' id='word_1_371' title='bbox 2013 2051 2247 2094; x_wconf 89' lang='lat' dir='ltr'><strong>mortem</strong></span> <span class='ocrx_word' id='word_1_372' title='bbox 2291 2039 2456 2094; x_wconf 88' lang='lat' dir='ltr'><strong>etiam</strong></span> <span class='ocrx_word' id='word_1_373' title='bbox 2489 2036 2829 2098; x_wconf 89' lang='lat' dir='ltr'><strong>ducendum,</strong></span> <span class='ocrx_word' id='word_1_374' title='bbox 2857 2044 2913 2090; x_wconf 91' lang='lat' dir='ltr'><strong>et</strong></span> <span class='ocrx_word' id='word_1_375' title='bbox 2944 2035 2997 2088; x_wconf 92' lang='lat' dir='ltr'><strong>in</strong></span> <span class='ocrx_word' id='word_1_376' title='bbox 3025 2035 3177 2104; x_wconf 87' lang='lat' dir='ltr'><strong>ligno</strong></span> <span class='ocrx_word' id='word_1_377' title='bbox 3200 2047 3400 2086; x_wconf 88' lang='lat' dir='ltr'><strong>manus</strong></span> <span class='ocrx_word' id='word_1_378' title='bbox 3434 2042 3492 2086; x_wconf 91' lang='lat' dir='ltr'><strong>et</strong></span> 
     </span>
    </p>
   </div>
   <div class='ocr_carea' id='block_1_53' title="bbox 1911 2130 3488 2203">
    <p class='ocr_par' dir='ltr' id='par_1_53' title="bbox 1911 2130 3488 2203">
     <span class='ocr_line' id='line_1_53' title="bbox 1911 2130 3488 2203; baseline -0.004 -15"><span class='ocrx_word' id='word_1_379' title='bbox 1911 2134 2082 2203; x_wconf 89' lang='lat' dir='ltr'><strong>pedes</strong></span> <span class='ocrx_word' id='word_1_380' title='bbox 2121 2134 2242 2203; x_wconf 85' lang='lat' dir='ltr'><strong>ejus</strong></span> <span class='ocrx_word' id='word_1_381' title='bbox 2265 2133 2434 2187; x_wconf 87' lang='lat' dir='ltr'><strong>clavis</strong></span> <span class='ocrx_word' id='word_1_382' title='bbox 2467 2130 2870 2202; x_wconf 81' lang='lat' dir='ltr'><strong>transflgendos</strong></span> <span class='ocrx_word' id='word_1_383' title='bbox 2897 2144 3041 2191; x_wconf 88' lang='lat' dir='ltr'><strong>esse,</strong></span> <span class='ocrx_word' id='word_1_384' title='bbox 3089 2137 3144 2182; x_wconf 91' lang='lat' dir='ltr'><strong>et</strong></span> <span class='ocrx_word' id='word_1_385' title='bbox 3177 2135 3396 2182; x_wconf 90' lang='lat' dir='ltr'><strong>acetum</strong></span> <span class='ocrx_word' id='word_1_386' title='bbox 3431 2137 3488 2182; x_wconf 89' lang='lat' dir='ltr'><strong>et</strong></span> 
     </span>
    </p>
   </div>
   <div class='ocr_carea' id='block_1_54' title="bbox 1909 2219 3489 2298">
    <p class='ocr_par' dir='ltr' id='par_1_54' title="bbox 1909 2219 3489 2298">
     <span class='ocr_line' id='line_1_54' title="bbox 1909 2219 3489 2298; baseline -0.004 -18"><span class='ocrx_word' id='word_1_387' title='bbox 1909 2227 1983 2282; x_wconf 92' lang='lat' dir='ltr'><strong>fel</strong></span> <span class='ocrx_word' id='word_1_388' title='bbox 2011 2234 2380 2298; x_wconf 85' lang='lat' dir='ltr'><strong>gnstaturum,</strong></span> <span class='ocrx_word' id='word_1_389' title='bbox 2407 2233 2464 2279; x_wconf 87' lang='lat' dir='ltr'><strong>et</strong></span> <span class='ocrx_word' id='word_1_390' title='bbox 2493 2220 2679 2278; x_wconf 72' lang='lat' dir='ltr'><strong>lancea</strong></span> <span class='ocrx_word' id='word_1_391' title='bbox 2729 2220 3146 2292; x_wconf 82' lang='lat' dir='ltr'><strong>perforandum,</strong></span> <span class='ocrx_word' id='word_1_392' title='bbox 3177 2219 3489 2288; x_wconf 63' lang='lat' dir='ltr'><strong>coelumque</strong></span> 
     </span>
    </p>
   </div>
   <div class='ocr_carea' id='block_1_55' title="bbox 1910 2310 3485 2391">
    <p class='ocr_par' dir='ltr' id='par_1_55' title="bbox 1910 2310 3485 2391">
     <span class='ocr_line' id='line_1_55' title="bbox 1910 2310 3485 2391; baseline -0.006 -18"><span class='ocrx_word' id='word_1_393' title='bbox 1910 2319 2320 2391; x_wconf 86' lang='lat' dir='ltr'><strong>obscurandum</strong></span> <span class='ocrx_word' id='word_1_394' title='bbox 2352 2316 2512 2372; x_wconf 85' lang='lat' dir='ltr'><strong>esse?</strong></span> <span class='ocrx_word' id='word_1_395' title='bbox 2535 2330 2715 2384; x_wconf 89' lang='lat' dir='ltr'><strong>neque</strong></span> <span class='ocrx_word' id='word_1_396' title='bbox 2753 2311 3017 2384; x_wconf 86' lang='lat' dir='ltr'><strong>possibile</strong></span> <span class='ocrx_word' id='word_1_397' title='bbox 3061 2320 3207 2365; x_wconf 89' lang='lat' dir='ltr'><strong>esset</strong></span> <span class='ocrx_word' id='word_1_398' title='bbox 3241 2326 3351 2365; x_wconf 88' lang='lat' dir='ltr'><strong>non</strong></span> <span class='ocrx_word' id='word_1_399' title='bbox 3381 2310 3485 2364; x_wconf 81' lang='lat' dir='ltr'><strong>im—</strong></span> 
     </span>
    </p>
   </div>
   <div class='ocr_carea' id='block_1_56' title="bbox 1914 2400 3480 2479">
    <p class='ocr_par' dir='ltr' id='par_1_56' title="bbox 1914 2400 3480 2479">
     <span class='ocr_line' id='line_1_56' title="bbox 1914 2400 3480 2479; baseline -0.007 -15"><span class='ocrx_word' id='word_1_400' title='bbox 1914 2410 2051 2479; x_wconf 90' lang='lat' dir='ltr'><strong>pleri</strong></span> <span class='ocrx_word' id='word_1_401' title='bbox 2080 2409 2251 2463; x_wconf 89' lang='lat' dir='ltr'><strong>verba</strong></span> <span class='ocrx_word' id='word_1_402' title='bbox 2287 2403 2872 2477; x_wconf 84' lang='lat' dir='ltr'><strong>prophetarum.Quid</strong></span> <span class='ocrx_word' id='word_1_403' title='bbox 2920 2402 3035 2457; x_wconf 66' lang='lat' dir='ltr'><strong>haec</strong></span> <span class='ocrx_word' id='word_1_404' title='bbox 3081 2401 3264 2455; x_wconf 87' lang='lat' dir='ltr'><strong>omnia</strong></span> <span class='ocrx_word' id='word_1_405' title='bbox 3313 2400 3480 2469; x_wconf 87' lang='lat' dir='ltr'><strong>signi-</strong></span> 
     </span>
    </p>
   </div>
   <div class='ocr_carea' id='block_1_57' title="bbox 1913 2487 3485 2554">
    <p class='ocr_par' dir='ltr' id='par_1_57' title="bbox 1913 2487 3485 2554">
     <span class='ocr_line' id='line_1_57' title="bbox 1913 2487 3485 2554; baseline -0.008 -3"><span class='ocrx_word' id='word_1_406' title='bbox 1913 2496 2113 2551; x_wconf 83' lang='lat' dir='ltr'><strong>ficant?</strong></span> <span class='ocrx_word' id='word_1_407' title='bbox 2141 2496 2195 2549; x_wconf 92' lang='lat' dir='ltr'><strong>in</strong></span> <span class='ocrx_word' id='word_1_408' title='bbox 2227 2502 2416 2549; x_wconf 92' lang='lat' dir='ltr'><strong>nostro</strong></span> <span class='ocrx_word' id='word_1_409' title='bbox 2446 2493 2668 2548; x_wconf 87' lang='lat' dir='ltr'><strong>Christo</strong></span> <span class='ocrx_word' id='word_1_410' title='bbox 2697 2492 2839 2546; x_wconf 87' lang='lat' dir='ltr'><strong>facta</strong></span> <span class='ocrx_word' id='word_1_411' title='bbox 2865 2498 3016 2554; x_wconf 90' lang='lat' dir='ltr'><strong>sunt,</strong></span> <span class='ocrx_word' id='word_1_412' title='bbox 3058 2503 3190 2542; x_wconf 91' lang='lat' dir='ltr'><strong>num</strong></span> <span class='ocrx_word' id='word_1_413' title='bbox 3223 2487 3275 2540; x_wconf 91' lang='lat' dir='ltr'><strong>in</strong></span> <span class='ocrx_word' id='word_1_414' title='bbox 3303 2497 3485 2541; x_wconf 85' lang='lat' dir='ltr'><strong>vestro</strong></span> 
     </span>
    </p>
   </div>
   <div class='ocr_carea' id='block_1_58' title="bbox 1909 2576 3486 2644">
    <p class='ocr_par' dir='ltr' id='par_1_58' title="bbox 1909 2576 3486 2644">
     <span class='ocr_line' id='line_1_58' title="bbox 1909 2576 3486 2644; baseline -0.009 0"><span class='ocrx_word' id='word_1_415' title='bbox 1909 2589 2104 2644; x_wconf 84' lang='lat' dir='ltr'><strong>Messia</strong></span> <span class='ocrx_word' id='word_1_416' title='bbox 2137 2587 2256 2641; x_wconf 87' lang='lat' dir='ltr'><strong>fieri</strong></span> <span class='ocrx_word' id='word_1_417' title='bbox 2286 2585 2534 2640; x_wconf 86' lang='lat' dir='ltr'><strong>debent?</strong></span> <span class='ocrx_word' id='word_1_418' title='bbox 2565 2593 2620 2638; x_wconf 91' lang='lat' dir='ltr'><strong>et</strong></span> <span class='ocrx_word' id='word_1_419' title='bbox 2642 2583 2686 2637; x_wconf 91' lang='lat' dir='ltr'><strong>si</strong></span> <span class='ocrx_word' id='word_1_420' title='bbox 2712 2585 2767 2636; x_wconf 92' lang='lat' dir='ltr'><strong>in</strong></span> <span class='ocrx_word' id='word_1_421' title='bbox 2807 2590 2993 2636; x_wconf 88' lang='lat' dir='ltr'><strong>vestro</strong></span> <span class='ocrx_word' id='word_1_422' title='bbox 3017 2579 3210 2633; x_wconf 85' lang='lat' dir='ltr'><strong>Messia</strong></span> <span class='ocrx_word' id='word_1_423' title='bbox 3242 2577 3358 2631; x_wconf 87' lang='lat' dir='ltr'><strong>fieri</strong></span> <span class='ocrx_word' id='word_1_424' title='bbox 3385 2576 3486 2630; x_wconf 88' lang='lat' dir='ltr'><strong>de-</strong></span> 
     </span>
    </p>
   </div>
   <div class='ocr_carea' id='block_1_59' title="bbox 1910 2667 3486 2743">
    <p class='ocr_par' dir='ltr' id='par_1_59' title="bbox 1910 2667 3486 2743">
     <span class='ocr_line' id='line_1_59' title="bbox 1910 2667 3486 2743; baseline -0.008 -10"><span class='ocrx_word' id='word_1_425' title='bbox 1910 2679 2096 2743; x_wconf 86' lang='lat' dir='ltr'><strong>beant,</strong></span> <span class='ocrx_word' id='word_1_426' title='bbox 2119 2693 2246 2732; x_wconf 91' lang='lat' dir='ltr'><strong>eece</strong></span> <span class='ocrx_word' id='word_1_427' title='bbox 2271 2686 2328 2732; x_wconf 92' lang='lat' dir='ltr'><strong>et</strong></span> <span class='ocrx_word' id='word_1_428' title='bbox 2357 2693 2456 2730; x_wconf 87' lang='lat' dir='ltr'><strong>vos</strong></span> <span class='ocrx_word' id='word_1_429' title='bbox 2483 2677 2536 2730; x_wconf 90' lang='lat' dir='ltr'><strong>in</strong></span> <span class='ocrx_word' id='word_1_430' title='bbox 2569 2673 2849 2729; x_wconf 88' lang='lat' dir='ltr'><strong>hominem</strong></span> <span class='ocrx_word' id='word_1_431' title='bbox 2879 2672 3202 2726; x_wconf 87' lang='lat' dir='ltr'><strong>damnatum</strong></span> <span class='ocrx_word' id='word_1_432' title='bbox 3230 2667 3486 2738; x_wconf 86' lang='lat' dir='ltr'><strong>speratis.</strong></span> 
     </span>
    </p>
   </div>
   <div class='ocr_carea' id='block_1_60' title="bbox 1911 2759 3487 2832">
    <p class='ocr_par' dir='ltr' id='par_1_60' title="bbox 1911 2759 3487 2832">
     <span class='ocr_line' id='line_1_60' title="bbox 1911 2759 3487 2832; baseline -0.007 -7"><span class='ocrx_word' id='word_1_433' title='bbox 1911 2770 1969 2825; x_wconf 90' lang='lat' dir='ltr'><strong>Si</strong></span> <span class='ocrx_word' id='word_1_434' title='bbox 1996 2785 2128 2825; x_wconf 88' lang='lat' dir='ltr'><strong>vero</strong></span> <span class='ocrx_word' id='word_1_435' title='bbox 2154 2771 2209 2824; x_wconf 90' lang='lat' dir='ltr'><strong>in</strong></span> <span class='ocrx_word' id='word_1_436' title='bbox 2233 2777 2422 2822; x_wconf 90' lang='lat' dir='ltr'><strong>nostro</strong></span> <span class='ocrx_word' id='word_1_437' title='bbox 2449 2767 2671 2822; x_wconf 85' lang='lat' dir='ltr'><strong>Christo</strong></span> <span class='ocrx_word' id='word_1_438' title='bbox 2701 2766 2884 2820; x_wconf 89' lang='lat' dir='ltr'><strong>omnia</strong></span> <span class='ocrx_word' id='word_1_439' title='bbox 2919 2763 3142 2832; x_wconf 88' lang='lat' dir='ltr'><strong>impleta</strong></span> <span class='ocrx_word' id='word_1_440' title='bbox 3181 2770 3334 2826; x_wconf 90' lang='lat' dir='ltr'><strong>sunt,</strong></span> <span class='ocrx_word' id='word_1_441' title='bbox 3355 2759 3487 2815; x_wconf 81' lang='lat' dir='ltr'><strong>sub-</strong></span> 
     </span>
    </p>
   </div>
   <div class='ocr_carea' id='block_1_61' title="bbox 1910 2854 3484 2920">
    <p class='ocr_par' dir='ltr' id='par_1_61' title="bbox 1910 2854 3484 2920">
     <span class='ocr_line' id='line_1_61' title="bbox 1910 2854 3484 2920; baseline -0.008 -4"><span class='ocrx_word' id='word_1_442' title='bbox 1910 2861 2192 2916; x_wconf 88' lang='lat' dir='ltr'><strong>mittentes</strong></span> <span class='ocrx_word' id='word_1_443' title='bbox 2226 2874 2321 2915; x_wconf 90' lang='lat' dir='ltr'><strong>vos</strong></span> <span class='ocrx_word' id='word_1_444' title='bbox 2354 2859 2639 2912; x_wconf 84' lang='lat' dir='ltr'><strong>veritatem</strong></span> <span class='ocrx_word' id='word_1_445' title='bbox 2667 2855 2912 2911; x_wconf 82' lang='lat' dir='ltr'><strong>fatemini</strong></span> <span class='ocrx_word' id='word_1_446' title='bbox 2937 2872 2951 2920; x_wconf 91' lang='lat'><strong>;</strong></span> <span class='ocrx_word' id='word_1_447' title='bbox 2979 2854 3063 2908; x_wconf 91' lang='lat' dir='ltr'><strong>sin</strong></span> <span class='ocrx_word' id='word_1_448' title='bbox 3091 2862 3275 2906; x_wconf 85' lang='lat' dir='ltr'><strong>autem</strong></span> <span class='ocrx_word' id='word_1_449' title='bbox 3303 2865 3484 2920; x_wconf 85' lang='lat' dir='ltr'><strong>neque</strong></span> 
     </span>
    </p>
   </div>
   <div class='ocr_carea' id='block_1_62' title="bbox 1909 2948 3486 3022">
    <p class='ocr_par' dir='ltr' id='par_1_62' title="bbox 1909 2948 3486 3022">
     <span class='ocr_line' id='line_1_62' title="bbox 1909 2948 3486 3022; baseline -0.01 -9"><span class='ocrx_word' id='word_1_450' title='bbox 1909 2958 1967 3013; x_wconf 90' lang='lat' dir='ltr'><strong>in</strong></span> <span class='ocrx_word' id='word_1_451' title='bbox 1999 2967 2187 3012; x_wconf 89' lang='lat' dir='ltr'><strong>nostro</strong></span> <span class='ocrx_word' id='word_1_452' title='bbox 2220 2954 2464 3019; x_wconf 86' lang='lat' dir='ltr'><strong>Christo,</strong></span> <span class='ocrx_word' id='word_1_453' title='bbox 2507 2967 2687 3022; x_wconf 86' lang='lat' dir='ltr'><strong>neque</strong></span> <span class='ocrx_word' id='word_1_454' title='bbox 2744 2951 2800 3004; x_wconf 90' lang='lat' dir='ltr'><strong>in</strong></span> <span class='ocrx_word' id='word_1_455' title='bbox 2843 2960 3030 3003; x_wconf 86' lang='lat' dir='ltr'><strong>vestro</strong></span> <span class='ocrx_word' id='word_1_456' title='bbox 3088 2948 3301 3009; x_wconf 79' lang='lat' dir='ltr'><strong>Messia,</strong></span> <span class='ocrx_word' id='word_1_457' title='bbox 3356 2962 3486 3015; x_wconf 90' lang='lat' dir='ltr'><strong>pro-</strong></span> 
     </span>
    </p>
   </div>
   <div class='ocr_carea' id='block_1_63' title="bbox 1911 3038 3488 3121">
    <p class='ocr_par' dir='ltr' id='par_1_63' title="bbox 1911 3038 3488 3121">
     <span class='ocr_line' id='line_1_63' title="bbox 1911 3038 3488 3121; baseline -0.009 -15"><span class='ocrx_word' id='word_1_458' title='bbox 1911 3052 2094 3121; x_wconf 57' lang='lat' dir='ltr'><strong>pheta</strong></span> <span class='ocrx_word' id='word_1_459' title='bbox 2146 3063 2338 3103; x_wconf 89' lang='lat' dir='ltr'><strong>omnes</strong></span> <span class='ocrx_word' id='word_1_460' title='bbox 2374 3045 2757 3110; x_wconf 89' lang='lat' dir='ltr'><strong>mentiuntur;</strong></span> <span class='ocrx_word' id='word_1_461' title='bbox 2789 3042 2934 3112; x_wconf 87' lang='lat' dir='ltr'><strong>quod</strong></span> <span class='ocrx_word' id='word_1_462' title='bbox 2988 3042 3032 3094; x_wconf 90' lang='lat' dir='ltr'><strong>si</strong></span> <span class='ocrx_word' id='word_1_463' title='bbox 3079 3039 3274 3093; x_wconf 87' lang='lat' dir='ltr'><strong>arctali</strong></span> <span class='ocrx_word' id='word_1_464' title='bbox 3316 3038 3488 3092; x_wconf 84' lang='lat' dir='ltr'><strong>invite</strong></span> 
     </span>
    </p>
   </div>
   <div class='ocr_carea' id='block_1_64' title="bbox 1910 3131 3485 3198">
    <p class='ocr_par' dir='ltr' id='par_1_64' title="bbox 1910 3131 3485 3198">
     <span class='ocr_line' id='line_1_64' title="bbox 1910 3131 3485 3198; baseline -0.01 0"><span class='ocrx_word' id='word_1_465' title='bbox 1910 3143 2160 3198; x_wconf 77' lang='lat' dir='ltr'><strong>fatemini</strong></span> <span class='ocrx_word' id='word_1_466' title='bbox 2192 3150 2444 3196; x_wconf 88' lang='lat' dir='ltr'><strong>nostrum</strong></span> <span class='ocrx_word' id='word_1_467' title='bbox 2473 3138 2754 3194; x_wconf 89' lang='lat' dir='ltr'><strong>Christum</strong></span> <span class='ocrx_word' id='word_1_468' title='bbox 2797 3136 2992 3189; x_wconf 83' lang='lat' dir='ltr'><strong>acerba</strong></span> <span class='ocrx_word' id='word_1_469' title='bbox 3024 3142 3199 3187; x_wconf 91' lang='lat' dir='ltr'><strong>morte</strong></span> <span class='ocrx_word' id='word_1_470' title='bbox 3231 3148 3259 3185; x_wconf 92' lang='lat' dir='ltr'><strong>a</strong></span> <span class='ocrx_word' id='word_1_471' title='bbox 3286 3131 3485 3184; x_wconf 83' lang='lat' dir='ltr'><strong>vestris</strong></span> 
     </span>
    </p>
   </div>
   <div class='ocr_carea' id='block_1_65' title="bbox 1909 3222 3484 3304">
    <p class='ocr_par' dir='ltr' id='par_1_65' title="bbox 1909 3222 3484 3304">
     <span class='ocr_line' id='line_1_65' title="bbox 1909 3222 3484 3304; baseline -0.011 -13"><span class='ocrx_word' id='word_1_472' title='bbox 1909 3234 2162 3304; x_wconf 89' lang='lat' dir='ltr'><strong>patribus</strong></span> <span class='ocrx_word' id='word_1_473' title='bbox 2185 3248 2387 3288; x_wconf 56' lang='lat' dir='ltr'><strong>casum</strong></span> <span class='ocrx_word' id='word_1_474' title='bbox 2417 3246 2538 3286; x_wconf 89' lang='lat' dir='ltr'><strong>esse</strong></span> <span class='ocrx_word' id='word_1_475' title='bbox 2571 3237 2630 3283; x_wconf 90' lang='lat' dir='ltr'><strong>ut</strong></span> <span class='ocrx_word' id='word_1_476' title='bbox 2665 3228 3076 3282; x_wconf 85' lang='lat' dir='ltr'><strong>malefactorem</strong></span> <span class='ocrx_word' id='word_1_477' title='bbox 3108 3234 3164 3280; x_wconf 93' lang='lat' dir='ltr'><strong>et</strong></span> <span class='ocrx_word' id='word_1_478' title='bbox 3195 3223 3334 3295; x_wconf 87' lang='lat' dir='ltr'><strong>legis</strong></span> <span class='ocrx_word' id='word_1_479' title='bbox 3364 3222 3484 3276; x_wconf 89' lang='lat' dir='ltr'><strong>vio-</strong></span> 
     </span>
    </p>
   </div>
   <div class='ocr_carea' id='block_1_66' title="bbox 1906 3318 3488 3391">
    <p class='ocr_par' dir='ltr' id='par_1_66' title="bbox 1906 3318 3488 3391">
     <span class='ocr_line' id='line_1_66' title="bbox 1906 3318 3488 3391; baseline -0.009 -9"><span class='ocrx_word' id='word_1_480' title='bbox 1906 3328 2158 3390; x_wconf 89' lang='lat' dir='ltr'><strong>latorem,</strong></span> <span class='ocrx_word' id='word_1_481' title='bbox 2188 3324 2484 3380; x_wconf 75' lang='lat' dir='ltr'><strong>aﬂ‘eramus</strong></span> <span class='ocrx_word' id='word_1_482' title='bbox 2521 3321 2842 3391; x_wconf 87' lang='lat' dir='ltr'><strong>prophetas,</strong></span> <span class='ocrx_word' id='word_1_483' title='bbox 2864 3329 2920 3375; x_wconf 90' lang='lat' dir='ltr'><strong>et</strong></span> <span class='ocrx_word' id='word_1_484' title='bbox 2956 3318 3246 3372; x_wconf 85' lang='lat' dir='ltr'><strong>videamus</strong></span> <span class='ocrx_word' id='word_1_485' title='bbox 3268 3332 3336 3370; x_wconf 87' lang='lat' dir='ltr'><strong>an</strong></span> <span class='ocrx_word' id='word_1_486' title='bbox 3373 3329 3488 3368; x_wconf 58' lang='lat' dir='ltr'><strong>ma-</strong></span> 
     </span>
    </p>
   </div>
   <div class='ocr_carea' id='block_1_67' title="bbox 1905 3404 3224 3479">
    <p class='ocr_par' dir='ltr' id='par_1_67' title="bbox 1905 3404 3224 3479">
     <span class='ocr_line' id='line_1_67' title="bbox 1905 3404 3224 3479; baseline -0.007 -12"><span class='ocrx_word' id='word_1_487' title='bbox 1905 3414 2226 3469; x_wconf 87' lang='lat' dir='ltr'><strong>lefactorem</strong></span> <span class='ocrx_word' id='word_1_488' title='bbox 2261 3411 2505 3466; x_wconf 77' lang='lat' dir='ltr'><strong>dixerint</strong></span> <span class='ocrx_word' id='word_1_489' title='bbox 2537 3424 2703 3479; x_wconf 87' lang='lat' dir='ltr'><strong>quem</strong></span> <span class='ocrx_word' id='word_1_490' title='bbox 2727 3424 2827 3462; x_wconf 88' lang='lat' dir='ltr'><strong>vos</strong></span> <span class='ocrx_word' id='word_1_491' title='bbox 2850 3404 3224 3462; x_wconf 80' lang='lat' dir='ltr'><strong>crucifixistis.</strong></span> 
     </span>
    </p>
   </div>
   <div class='ocr_carea' id='block_1_68' title="bbox 220 3493 3489 3578">
    <p class='ocr_par' dir='ltr' id='par_1_68' title="bbox 220 3493 3489 3578">
     <span class='ocr_line' id='line_1_68' title="bbox 220 3493 3489 3578; baseline -0.002 -22"><span class='ocrx_word' id='word_1_492' title='bbox 220 3519 324 3570; x_wconf 87' lang='grc' dir='ltr'><strong>γον</strong></span> <span class='ocrx_word' id='word_1_493' title='bbox 377 3503 470 3556; x_wconf 76' lang='grc' dir='ltr'><strong>τὸν</strong></span> <span class='ocrx_word' id='word_1_494' title='bbox 522 3503 614 3556; x_wconf 82' lang='grc' dir='ltr'><strong>καὶ</strong></span> <span class='ocrx_word' id='word_1_495' title='bbox 663 3505 826 3574; x_wconf 87' lang='grc' dir='ltr'><strong>νόμον</strong></span> <span class='ocrx_word' id='word_1_496' title='bbox 873 3505 1213 3561; x_wconf 82' lang='grc' dir='ltr'><strong>καταλύοντα</strong></span> <span class='ocrx_word' id='word_1_497' title='bbox 1241 3547 1257 3571; x_wconf 86' lang='grc'><em>,</em></span> <span class='ocrx_word' id='word_1_498' title='bbox 1311 3506 1628 3576; x_wconf 83' lang='grc' dir='ltr'><strong>ὲνέγκωμεν</strong></span> <span class='ocrx_word' id='word_1_499' title='bbox 1679 3508 1805 3568; x_wconf 81' lang='grc' dir='ltr'><strong>τοὺς</strong></span> <span class='ocrx_word' id='word_1_500' title='bbox 1845 3508 2169 3578; x_wconf 84' lang='grc' dir='ltr'><strong>προφήτας,</strong></span> <span class='ocrx_word' id='word_1_501' title='bbox 2223 3503 2318 3557; x_wconf 73' lang='grc' dir='ltr'><strong>καὶ</strong></span> <span class='ocrx_word' id='word_1_502' title='bbox 2371 3503 2572 3570; x_wconf 80' lang='grc' dir='ltr'><strong>ἴδωμεν</strong></span> <span class='ocrx_word' id='word_1_503' title='bbox 2626 3501 2722 3553; x_wconf 76' lang='grc' dir='ltr'><strong>ἐὰν</strong></span> <span class='ocrx_word' id='word_1_504' title='bbox 2764 3500 3070 3569; x_wconf 80' lang='grc' dir='ltr'><strong>κακοῦργον</strong></span> <span class='ocrx_word' id='word_1_505' title='bbox 3131 3495 3334 3564; x_wconf 81' lang='grc' dir='ltr'><strong>λέγωσι</strong></span> <span class='ocrx_word' id='word_1_506' title='bbox 3393 3493 3489 3548; x_wconf 73' lang='grc' dir='ltr'><strong>τὸν</strong></span> 
     </span>
    </p>
   </div>
   <div class='ocr_carea' id='block_1_69' title="bbox 221 3595 929 3668">
    <p class='ocr_par' dir='ltr' id='par_1_69' title="bbox 221 3595 929 3668">
     <span class='ocr_line' id='line_1_69' title="bbox 221 3595 929 3668; baseline 0.007 -19"><span class='ocrx_word' id='word_1_507' title='bbox 221 3596 317 3665; x_wconf 82' lang='grc' dir='ltr'><strong>ὑφ’</strong></span> <span class='ocrx_word' id='word_1_508' title='bbox 343 3595 500 3665; x_wconf 82' lang='grc' dir='ltr'><strong>ὑμῶν</strong></span> <span class='ocrx_word' id='word_1_509' title='bbox 528 3597 929 3668; x_wconf 87' lang='grc' dir='ltr'><strong>σταυρωθέντα.</strong></span> 
     </span>
    </p>
   </div>
   <div class='ocr_carea' id='block_1_70' title="bbox 296 3689 1803 3762">
    <p class='ocr_par' dir='ltr' id='par_1_70' title="bbox 296 3689 1803 3762">
     <span class='ocr_line' id='line_1_70' title="bbox 296 3689 1803 3762; baseline 0.003 -22"><span class='ocrx_word' id='word_1_510' title='bbox 296 3689 506 3741; x_wconf 82' lang='grc' dir='ltr'><strong>Εἴπατε</strong></span> <span class='ocrx_word' id='word_1_511' title='bbox 538 3689 596 3741; x_wconf 83' lang='grc' dir='ltr'><strong>δέ</strong></span> <span class='ocrx_word' id='word_1_512' title='bbox 637 3707 766 3759; x_wconf 83' lang='grc' dir='ltr'><strong>μοι,</strong></span> <span class='ocrx_word' id='word_1_513' title='bbox 814 3689 898 3754; x_wconf 88' lang='grc' dir='ltr'><strong>τίς</strong></span> <span class='ocrx_word' id='word_1_514' title='bbox 931 3691 1083 3744; x_wconf 76' lang='grc' dir='ltr'><strong>ἐστιν</strong></span> <span class='ocrx_word' id='word_1_515' title='bbox 1117 3691 1213 3746; x_wconf 76' lang='grc' dir='ltr'><strong>ἐπὶ</strong></span> <span class='ocrx_word' id='word_1_516' title='bbox 1245 3691 1350 3760; x_wconf 89' lang='grc' dir='ltr'><strong>γῆς</strong></span> <span class='ocrx_word' id='word_1_517' title='bbox 1380 3690 1803 3762; x_wconf 78' lang='grc' dir='ltr'><strong>ἀναμάρτητοςς</strong></span> 
     </span>
    </p>
   </div>
   <div class='ocr_carea' id='block_1_71' title="bbox 223 3780 1804 3854">
    <p class='ocr_par' dir='ltr' id='par_1_71' title="bbox 223 3780 1804 3854">
     <span class='ocr_line' id='line_1_71' title="bbox 223 3780 1804 3854; baseline 0.001 -20"><span class='ocrx_word' id='word_1_518' title='bbox 223 3781 341 3846; x_wconf 77' lang='grc' dir='ltr'><strong>καὶ,</strong></span> <span class='ocrx_word' id='word_1_519' title='bbox 377 3780 452 3843; x_wconf 89' lang='grc' dir='ltr'><strong>ώς</strong></span> <span class='ocrx_word' id='word_1_520' title='bbox 481 3782 514 3851; x_wconf 80' lang='grc' dir='ltr'><strong>ή</strong></span> <span class='ocrx_word' id='word_1_521' title='bbox 547 3782 739 3853; x_wconf 81' lang='grc' dir='ltr'><strong>Γραφῆ</strong></span> <span class='ocrx_word' id='word_1_522' title='bbox 768 3783 939 3851; x_wconf 79' lang='grc' dir='ltr'><strong>λέγει,</strong></span> <span class='ocrx_word' id='word_1_523' title='bbox 980 3783 1156 3845; x_wconf 78' lang='grc' dir='ltr'><strong>οὐδεὶς</strong></span> <span class='ocrx_word' id='word_1_524' title='bbox 1191 3783 1430 3854; x_wconf 72' lang='grc' dir='ltr'><strong>καθαρὸς</strong></span> <span class='ocrx_word' id='word_1_525' title='bbox 1464 3783 1575 3837; x_wconf 78' lang='grc' dir='ltr'><strong>ἀπὸ</strong></span> <span class='ocrx_word' id='word_1_526' title='bbox 1607 3784 1804 3854; x_wconf 78' lang='grc' dir='ltr'><strong>ῥύπου,</strong></span> 
     </span>
    </p>
   </div>
   <div class='ocr_carea' id='block_1_72' title="bbox 221 3875 1806 3949">
    <p class='ocr_par' dir='ltr' id='par_1_72' title="bbox 221 3875 1806 3949">
     <span class='ocr_line' id='line_1_72' title="bbox 221 3875 1806 3949; baseline 0.003 -21"><span class='ocrx_word' id='word_1_527' title='bbox 221 3875 335 3928; x_wconf 77' lang='grc' dir='ltr'><strong>οὐδ’</strong></span> <span class='ocrx_word' id='word_1_528' title='bbox 365 3875 431 3929; x_wconf 84' lang='grc' dir='ltr'><strong>ἂν</strong></span> <span class='ocrx_word' id='word_1_529' title='bbox 482 3876 610 3946; x_wconf 88' lang='grc' dir='ltr'><strong>μίαν</strong></span> <span class='ocrx_word' id='word_1_530' title='bbox 651 3877 867 3949; x_wconf 80' lang='grc' dir='ltr'><strong>ἡμέραν</strong></span> <span class='ocrx_word' id='word_1_531' title='bbox 917 3880 950 3949; x_wconf 78' lang='grc' dir='ltr'><strong>ἡ</strong></span> <span class='ocrx_word' id='word_1_532' title='bbox 995 3877 1108 3948; x_wconf 77' lang='grc' dir='ltr'><strong>ζωὴ</strong></span> <span class='ocrx_word' id='word_1_533' title='bbox 1145 3878 1311 3932; x_wconf 83' lang='grc' dir='ltr'><strong>αὑτοῦ</strong></span> <span class='ocrx_word' id='word_1_534' title='bbox 1337 3919 1352 3942; x_wconf 92' lang='grc'><strong><em>,</em></strong></span> <span class='ocrx_word' id='word_1_535' title='bbox 1404 3878 1497 3932; x_wconf 69' lang='grc' dir='ltr'><strong>καὶ</strong></span> <span class='ocrx_word' id='word_1_536' title='bbox 1536 3879 1693 3949; x_wconf 84' lang='grc' dir='ltr'><strong>δῆλον</strong></span> <span class='ocrx_word' id='word_1_537' title='bbox 1722 3878 1806 3932; x_wconf 79' lang='grc' dir='ltr'><strong>ὅτι</strong></span> 
     </span>
    </p>
   </div>
   <div class='ocr_carea' id='block_1_73' title="bbox 220 3966 1804 4040">
    <p class='ocr_par' dir='ltr' id='par_1_73' title="bbox 220 3966 1804 4040">
     <span class='ocr_line' id='line_1_73' title="bbox 220 3966 1804 4040; baseline 0.003 -23"><span class='ocrx_word' id='word_1_538' title='bbox 220 3966 400 4030; x_wconf 69' lang='grc' dir='ltr'><strong>οὐδεὶς</strong></span> <span class='ocrx_word' id='word_1_539' title='bbox 437 3969 486 4021; x_wconf 87' lang='grc' dir='ltr'><strong>εἰ</strong></span> <span class='ocrx_word' id='word_1_540' title='bbox 523 3968 684 4037; x_wconf 87' lang='grc' dir='ltr'><strong>μόνος</strong></span> <span class='ocrx_word' id='word_1_541' title='bbox 715 3971 743 4022; x_wconf 87' lang='grc' dir='ltr'><strong>ό</strong></span> <span class='ocrx_word' id='word_1_542' title='bbox 771 3968 924 4032; x_wconf 88' lang='grc' dir='ltr'><strong>Θεός.</strong></span> <span class='ocrx_word' id='word_1_543' title='bbox 973 3971 1082 4024; x_wconf 70' lang='grc' dir='ltr'><strong>Καὶ</strong></span> <span class='ocrx_word' id='word_1_544' title='bbox 1112 3971 1438 4037; x_wconf 82' lang='grc' dir='ltr'><strong>ἀκούσωμεν</strong></span> <span class='ocrx_word' id='word_1_545' title='bbox 1467 3970 1520 4022; x_wconf 88' lang='grc' dir='ltr'><strong>τί</strong></span> <span class='ocrx_word' id='word_1_546' title='bbox 1554 3971 1682 4040; x_wconf 76' lang='grc' dir='ltr'><strong>περὶ</strong></span> <span class='ocrx_word' id='word_1_547' title='bbox 1710 3970 1804 4022; x_wconf 85' lang='grc' dir='ltr'><strong>τοῦ</strong></span> 
     </span>
    </p>
   </div>
   <div class='ocr_carea' id='block_1_74' title="bbox 222 4056 1807 4131">
    <p class='ocr_par' dir='ltr' id='par_1_74' title="bbox 222 4056 1807 4131">
     <span class='ocr_line' id='line_1_74' title="bbox 222 4056 1807 4131; baseline 0.002 -21"><span class='ocrx_word' id='word_1_548' title='bbox 222 4056 494 4121; x_wconf 84' lang='grc' dir='ltr'><strong>παθόντος</strong></span> <span class='ocrx_word' id='word_1_549' title='bbox 519 4058 762 4129; x_wconf 87' lang='grc' dir='ltr'><strong>Χριστοῦ</strong></span> <span class='ocrx_word' id='word_1_550' title='bbox 792 4059 950 4130; x_wconf 81' lang='grc' dir='ltr'><strong>ἡμῶν</strong></span> <span class='ocrx_word' id='word_1_551' title='bbox 981 4063 1010 4114; x_wconf 86' lang='grc' dir='ltr'>ὁ</span> <span class='ocrx_word' id='word_1_552' title='bbox 1043 4061 1268 4124; x_wconf 74' lang='grc' dir='ltr'><strong>Ἡσαΐας</strong></span> <span class='ocrx_word' id='word_1_553' title='bbox 1297 4060 1472 4128; x_wconf 84' lang='grc' dir='ltr'><strong>λέγει·</strong></span> <span class='ocrx_word' id='word_1_554' title='bbox 1517 4078 1534 4111; x_wconf 82' lang='grc' dir='ltr'><strong>ι</strong></span> <span class='ocrx_word' id='word_1_555' title='bbox 1559 4060 1644 4124; x_wconf 87' lang='grc' dir='ltr'><strong>Ὡς</strong></span> <span class='ocrx_word' id='word_1_556' title='bbox 1673 4061 1807 4131; x_wconf 86' lang='grc' dir='ltr'><strong>πρό-</strong></span> 
     </span>
    </p>
   </div>
   <div class='ocr_carea' id='block_1_75' title="bbox 222 4147 1804 4221">
    <p class='ocr_par' dir='ltr' id='par_1_75' title="bbox 222 4147 1804 4221">
     <span class='ocr_line' id='line_1_75' title="bbox 222 4147 1804 4221; baseline 0.003 -22"><span class='ocrx_word' id='word_1_557' title='bbox 222 4147 392 4200; x_wconf 74' lang='grc' dir='ltr'><strong>ϐατον</strong></span> <span class='ocrx_word' id='word_1_558' title='bbox 423 4149 515 4200; x_wconf 72' lang='grc' dir='ltr'><strong>ἐπὶ</strong></span> <span class='ocrx_word' id='word_1_559' title='bbox 545 4150 758 4220; x_wconf 75' lang='grc' dir='ltr'><strong>σφαγὴν</strong></span> <span class='ocrx_word' id='word_1_560' title='bbox 787 4149 929 4221; x_wconf 74' lang='grc' dir='ltr'><strong>ἢχθη</strong></span> <span class='ocrx_word' id='word_1_561' title='bbox 947 4192 961 4213; x_wconf 85' lang='grc'><em>,</em></span> <span class='ocrx_word' id='word_1_562' title='bbox 1005 4152 1097 4204; x_wconf 78' lang='grc' dir='ltr'><strong>καὶ</strong></span> <span class='ocrx_word' id='word_1_563' title='bbox 1129 4151 1206 4214; x_wconf 83' lang='grc' dir='ltr'><strong>ὡς</strong></span> <span class='ocrx_word' id='word_1_564' title='bbox 1233 4151 1405 4220; x_wconf 79' lang='grc' dir='ltr'><strong>ἀμνὸς</strong></span> <span class='ocrx_word' id='word_1_565' title='bbox 1436 4152 1678 4206; x_wconf 78' lang='grc' dir='ltr'><strong>ἐναντίον</strong></span> <span class='ocrx_word' id='word_1_566' title='bbox 1707 4150 1804 4204; x_wconf 65' lang='grc' dir='ltr'><strong>τοῦ</strong></span> 
     </span>
    </p>
   </div>
   <div class='ocr_carea' id='block_1_76' title="bbox 221 4238 1804 4311">
    <p class='ocr_par' dir='ltr' id='par_1_76' title="bbox 221 4238 1804 4311">
     <span class='ocr_line' id='line_1_76' title="bbox 221 4238 1804 4311; baseline 0.004 -21"><span class='ocrx_word' id='word_1_567' title='bbox 221 4238 506 4309; x_wconf 82' lang='grc' dir='ltr'><strong>κείροντος</strong></span> <span class='ocrx_word' id='word_1_568' title='bbox 537 4240 702 4292; x_wconf 83' lang='grc' dir='ltr'><strong>αὑτὸν</strong></span> <span class='ocrx_word' id='word_1_569' title='bbox 730 4241 972 4309; x_wconf 79' lang='grc' dir='ltr'><strong>ἄφωνος·</strong></span> <span class='ocrx_word' id='word_1_570' title='bbox 1010 4242 1118 4294; x_wconf 85' lang='grc' dir='ltr'><strong>ἀπὸ</strong></span> <span class='ocrx_word' id='word_1_571' title='bbox 1149 4241 1257 4294; x_wconf 87' lang='grc' dir='ltr'><strong>τῶν</strong></span> <span class='ocrx_word' id='word_1_572' title='bbox 1286 4242 1524 4311; x_wconf 83' lang='grc' dir='ltr'><strong>ἀνομιῶν</strong></span> <span class='ocrx_word' id='word_1_573' title='bbox 1552 4241 1647 4294; x_wconf 87' lang='grc' dir='ltr'><strong>τοῦ</strong></span> <span class='ocrx_word' id='word_1_574' title='bbox 1671 4241 1804 4296; x_wconf 87' lang='grc' dir='ltr'><strong>λαοῦ</strong></span> 
     </span>
    </p>
   </div>
   <div class='ocr_carea' id='block_1_77' title="bbox 223 4330 1807 4406">
    <p class='ocr_par' dir='ltr' id='par_1_77' title="bbox 223 4330 1807 4406">
     <span class='ocr_line' id='line_1_77' title="bbox 223 4330 1807 4406; baseline 0.004 -24"><span class='ocrx_word' id='word_1_575' title='bbox 223 4347 332 4398; x_wconf 82' lang='grc' dir='ltr'><strong>μου</strong></span> <span class='ocrx_word' id='word_1_576' title='bbox 381 4330 519 4401; x_wconf 79' lang='grc' dir='ltr'><strong>ῆχθη</strong></span> <span class='ocrx_word' id='word_1_577' title='bbox 571 4332 651 4394; x_wconf 78' lang='grc' dir='ltr'><strong>εἰς</strong></span> <span class='ocrx_word' id='word_1_578' title='bbox 701 4331 969 4385; x_wconf 83' lang='grc' dir='ltr'><strong>θάνατον·</strong></span> <span class='ocrx_word' id='word_1_579' title='bbox 1029 4334 1124 4386; x_wconf 74' lang='grc' dir='ltr'><strong>καὶ</strong></span> <span class='ocrx_word' id='word_1_580' title='bbox 1169 4332 1326 4386; x_wconf 83' lang='grc' dir='ltr'><strong>δώσω</strong></span> <span class='ocrx_word' id='word_1_581' title='bbox 1366 4333 1496 4394; x_wconf 78' lang='grc' dir='ltr'><strong>τοὺς</strong></span> <span class='ocrx_word' id='word_1_582' title='bbox 1533 4336 1807 4406; x_wconf 80' lang='grc' dir='ltr'><strong>πονηροὺς</strong></span> 
     </span>
    </p>
   </div>
   <div class='ocr_carea' id='block_1_78' title="bbox 221 4422 1804 4493">
    <p class='ocr_par' dir='ltr' id='par_1_78' title="bbox 221 4422 1804 4493">
     <span class='ocr_line' id='line_1_78' title="bbox 221 4422 1804 4493; baseline 0.003 -20"><span class='ocrx_word' id='word_1_583' title='bbox 221 4422 348 4474; x_wconf 78' lang='grc' dir='ltr'><strong>ἀντὶ</strong></span> <span class='ocrx_word' id='word_1_584' title='bbox 381 4423 478 4492; x_wconf 86' lang='grc' dir='ltr'><strong>τῆς</strong></span> <span class='ocrx_word' id='word_1_585' title='bbox 507 4424 683 4493; x_wconf 81' lang='grc' dir='ltr'><strong>ταφῆς</strong></span> <span class='ocrx_word' id='word_1_586' title='bbox 711 4425 878 4478; x_wconf 84' lang='grc' dir='ltr'><strong>αὑτοῦ</strong></span> <span class='ocrx_word' id='word_1_587' title='bbox 899 4467 913 4490; x_wconf 91' lang='grc'>,</span> <span class='ocrx_word' id='word_1_588' title='bbox 965 4426 1058 4478; x_wconf 78' lang='grc' dir='ltr'><strong>καὶ</strong></span> <span class='ocrx_word' id='word_1_589' title='bbox 1085 4426 1212 4488; x_wconf 74' lang='grc' dir='ltr'><strong>τοὺς</strong></span> <span class='ocrx_word' id='word_1_590' title='bbox 1242 4425 1528 4488; x_wconf 84' lang='grc' dir='ltr'><strong>πλουσίους</strong></span> <span class='ocrx_word' id='word_1_591' title='bbox 1557 4426 1680 4479; x_wconf 55' lang='grc' dir='ltr'><strong>ἀντὶ⁵</strong></span> <span class='ocrx_word' id='word_1_592' title='bbox 1707 4425 1804 4478; x_wconf 85' lang='grc' dir='ltr'><strong>τοῦ</strong></span> 
     </span>
    </p>
   </div>
   <div class='ocr_carea' id='block_1_79' title="bbox 1976 3683 3489 3756">
    <p class='ocr_par' dir='ltr' id='par_1_79' title="bbox 1976 3683 3489 3756">
     <span class='ocr_line' id='line_1_79' title="bbox 1976 3683 3489 3756; baseline -0.007 -10"><span class='ocrx_word' id='word_1_593' title='bbox 1976 3691 2152 3746; x_wconf 87' lang='lat' dir='ltr'><strong>Dicite.</strong></span> <span class='ocrx_word' id='word_1_594' title='bbox 2165 3698 2349 3744; x_wconf 85' lang='lat' dir='ltr'><strong>autem</strong></span> <span class='ocrx_word' id='word_1_595' title='bbox 2377 3687 2537 3750; x_wconf 87' lang='lat' dir='ltr'><strong>mihi,</strong></span> <span class='ocrx_word' id='word_1_596' title='bbox 2565 3687 2690 3756; x_wconf 85' lang='lat' dir='ltr'><strong>quis</strong></span> <span class='ocrx_word' id='word_1_597' title='bbox 2708 3695 2792 3741; x_wconf 87' lang='lat' dir='ltr'><strong>est</strong></span> <span class='ocrx_word' id='word_1_598' title='bbox 2825 3686 2878 3739; x_wconf 91' lang='lat' dir='ltr'><strong>in</strong></span> <span class='ocrx_word' id='word_1_599' title='bbox 2909 3696 3055 3739; x_wconf 89' lang='lat' dir='ltr'><strong>terra</strong></span> <span class='ocrx_word' id='word_1_600' title='bbox 3078 3683 3198 3738; x_wconf 87' lang='lat' dir='ltr'><strong>sine</strong></span> <span class='ocrx_word' id='word_1_601' title='bbox 3221 3685 3489 3752; x_wconf 84' lang='lat' dir='ltr'><strong>peccato?</strong></span> 
     </span>
    </p>
   </div>
   <div class='ocr_carea' id='block_1_80' title="bbox 1905 3775 3484 3856">
    <p class='ocr_par' dir='ltr' id='par_1_80' title="bbox 1905 3775 3484 3856">
     <span class='ocr_line' id='line_1_80' title="bbox 1905 3775 3484 3856; baseline -0.008 -16"><span class='ocrx_word' id='word_1_602' title='bbox 1905 3793 1982 3848; x_wconf 89' lang='lat' dir='ltr'><strong>et,</strong></span> <span class='ocrx_word' id='word_1_603' title='bbox 2007 3793 2067 3838; x_wconf 89' lang='lat' dir='ltr'><strong>ut</strong></span> <span class='ocrx_word' id='word_1_604' title='bbox 2097 3783 2236 3836; x_wconf 91' lang='lat' dir='ltr'><strong>dicit</strong></span> <span class='ocrx_word' id='word_1_605' title='bbox 2274 3780 2583 3856; x_wconf 81' lang='lat' dir='ltr'><strong>Scriptura.</strong></span> <span class='ocrx_word' id='word_1_606' title='bbox 2617 3794 2780 3832; x_wconf 90' lang='lat' dir='ltr'><strong>nemo</strong></span> <span class='ocrx_word' id='word_1_607' title='bbox 2811 3793 2986 3845; x_wconf 91' lang='lat' dir='ltr'><strong>purus</strong></span> <span class='ocrx_word' id='word_1_608' title='bbox 3013 3775 3220 3844; x_wconf 88' lang='lat' dir='ltr'><strong>absque</strong></span> <span class='ocrx_word' id='word_1_609' title='bbox 3247 3775 3484 3840; x_wconf 88' lang='lat' dir='ltr'><strong>macula,</strong></span> 
     </span>
    </p>
   </div>
   <div class='ocr_carea' id='block_1_81' title="bbox 1907 3865 3485 3939">
    <p class='ocr_par' dir='ltr' id='par_1_81' title="bbox 1907 3865 3485 3939">
     <span class='ocr_line' id='line_1_81' title="bbox 1907 3865 3485 3939; baseline -0.006 -8"><span class='ocrx_word' id='word_1_610' title='bbox 1907 3876 2126 3932; x_wconf 89' lang='lat' dir='ltr'><strong>tametsi</strong></span> <span class='ocrx_word' id='word_1_611' title='bbox 2195 3875 2360 3928; x_wconf 92' lang='lat' dir='ltr'><strong>unius</strong></span> <span class='ocrx_word' id='word_1_612' title='bbox 2398 3871 2507 3927; x_wconf 89' lang='lat' dir='ltr'><strong>diei</strong></span> <span class='ocrx_word' id='word_1_613' title='bbox 2541 3871 2654 3925; x_wconf 84' lang='lat' dir='ltr'><strong>vita</strong></span> <span class='ocrx_word' id='word_1_614' title='bbox 2698 3871 2822 3939; x_wconf 92' lang='lat' dir='ltr'><strong>ejus</strong></span> <span class='ocrx_word' id='word_1_615' title='bbox 2866 3869 2960 3932; x_wconf 90' lang='lat' dir='ltr'><strong>sit,</strong></span> <span class='ocrx_word' id='word_1_616' title='bbox 2998 3883 3163 3921; x_wconf 88' lang='lat' dir='ltr'><strong>nemo</strong></span> <span class='ocrx_word' id='word_1_617' title='bbox 3201 3875 3349 3922; x_wconf 86' lang='lat' dir='ltr'><strong>certe</strong></span> <span class='ocrx_word' id='word_1_618' title='bbox 3379 3865 3485 3921; x_wconf 90' lang='lat' dir='ltr'><strong>nisi</strong></span> 
     </span>
    </p>
   </div>
   <div class='ocr_carea' id='block_1_82' title="bbox 1906 3957 3486 4028">
    <p class='ocr_par' dir='ltr' id='par_1_82' title="bbox 1906 3957 3486 4028">
     <span class='ocr_line' id='line_1_82' title="bbox 1906 3957 3486 4028; baseline -0.006 -6"><span class='ocrx_word' id='word_1_619' title='bbox 1906 3970 2058 4023; x_wconf 88' lang='lat' dir='ltr'><strong>solus</strong></span> <span class='ocrx_word' id='word_1_620' title='bbox 2082 3967 2223 4022; x_wconf 88' lang='lat' dir='ltr'><strong>Deus</strong></span> <span class='ocrx_word' id='word_1_621' title='bbox 2240 3967 2281 4019; x_wconf 83' lang='lat'><strong>’.</strong></span> <span class='ocrx_word' id='word_1_622' title='bbox 2301 3966 2606 4020; x_wconf 84' lang='lat' dir='ltr'><strong>Audiamus</strong></span> <span class='ocrx_word' id='word_1_623' title='bbox 2627 3976 2776 4015; x_wconf 88' lang='lat' dir='ltr'><strong>nunc</strong></span> <span class='ocrx_word' id='word_1_624' title='bbox 2796 3959 2928 4028; x_wconf 90' lang='lat' dir='ltr'><strong>quid</strong></span> <span class='ocrx_word' id='word_1_625' title='bbox 2951 3959 3020 4013; x_wconf 91' lang='lat' dir='ltr'><strong>de</strong></span> <span class='ocrx_word' id='word_1_626' title='bbox 3048 3969 3240 4012; x_wconf 90' lang='lat' dir='ltr'><strong>nostro</strong></span> <span class='ocrx_word' id='word_1_627' title='bbox 3262 3957 3486 4013; x_wconf 89' lang='lat' dir='ltr'><strong>Christo</strong></span> 
     </span>
    </p>
   </div>
   <div class='ocr_carea' id='block_1_83' title="bbox 1907 4044 3485 4125">
    <p class='ocr_par' dir='ltr' id='par_1_83' title="bbox 1907 4044 3485 4125">
     <span class='ocr_line' id='line_1_83' title="bbox 1907 4044 3485 4125; baseline -0.006 -17"><span class='ocrx_word' id='word_1_628' title='bbox 1907 4054 2150 4125; x_wconf 86' lang='lat' dir='ltr'><strong>patiente</strong></span> <span class='ocrx_word' id='word_1_629' title='bbox 2183 4053 2351 4107; x_wconf 81' lang='lat' dir='ltr'><strong>Isaias</strong></span> <span class='ocrx_word' id='word_1_630' title='bbox 2380 4051 2566 4106; x_wconf 88' lang='lat' dir='ltr'><strong>dicat:</strong></span> <span class='ocrx_word' id='word_1_631' title='bbox 2612 4066 2631 4099; x_wconf 72' lang='grc' dir='ltr'><strong>ι</strong></span> <span class='ocrx_word' id='word_1_632' title='bbox 2671 4048 2960 4117; x_wconf 86' lang='lat' dir='ltr'><strong>Tanquam</strong></span> <span class='ocrx_word' id='word_1_633' title='bbox 2992 4045 3112 4098; x_wconf 89' lang='lat' dir='ltr'><strong>ovis</strong></span> <span class='ocrx_word' id='word_1_634' title='bbox 3145 4044 3212 4098; x_wconf 89' lang='lat' dir='ltr'><strong>ad</strong></span> <span class='ocrx_word' id='word_1_635' title='bbox 3246 4045 3485 4099; x_wconf 86' lang='lat' dir='ltr'><strong>occisio—</strong></span> 
     </span>
    </p>
   </div>
   <div class='ocr_carea' id='block_1_84' title="bbox 1905 4137 3485 4211">
    <p class='ocr_par' dir='ltr' id='par_1_84' title="bbox 1905 4137 3485 4211">
     <span class='ocr_line' id='line_1_84' title="bbox 1905 4137 3485 4211; baseline -0.006 -10"><span class='ocrx_word' id='word_1_636' title='bbox 1905 4163 2031 4202; x_wconf 89' lang='lat' dir='ltr'><strong>nem</strong></span> <span class='ocrx_word' id='word_1_637' title='bbox 2055 4147 2256 4200; x_wconf 89' lang='lat' dir='ltr'><strong>ductus</strong></span> <span class='ocrx_word' id='word_1_638' title='bbox 2290 4151 2394 4204; x_wconf 89' lang='lat' dir='ltr'><strong>est.</strong></span> <span class='ocrx_word' id='word_1_639' title='bbox 2424 4153 2480 4198; x_wconf 91' lang='lat' dir='ltr'><strong>et</strong></span> <span class='ocrx_word' id='word_1_640' title='bbox 2505 4151 2766 4211; x_wconf 85' lang='lat' dir='ltr'><strong>tanquam</strong></span> <span class='ocrx_word' id='word_1_641' title='bbox 2803 4154 2978 4208; x_wconf 89' lang='lat' dir='ltr'><strong>agnus</strong></span> <span class='ocrx_word' id='word_1_642' title='bbox 3001 4153 3190 4191; x_wconf 90' lang='lat' dir='ltr'><strong>coram</strong></span> <span class='ocrx_word' id='word_1_643' title='bbox 3220 4137 3485 4192; x_wconf 88' lang='lat' dir='ltr'><strong>tondente</strong></span> 
     </span>
    </p>
   </div>
   <div class='ocr_carea' id='block_1_85' title="bbox 1906 4227 3486 4304">
    <p class='ocr_par' dir='ltr' id='par_1_85' title="bbox 1906 4227 3486 4304">
     <span class='ocr_line' id='line_1_85' title="bbox 1906 4227 3486 4304; baseline -0.006 -11"><span class='ocrx_word' id='word_1_644' title='bbox 1906 4253 1966 4292; x_wconf 89' lang='lat' dir='ltr'><strong>se</strong></span> <span class='ocrx_word' id='word_1_645' title='bbox 1992 4239 2411 4298; x_wconf 87' lang='lat' dir='ltr'><strong>obmutescens;</strong></span> <span class='ocrx_word' id='word_1_646' title='bbox 2438 4243 2665 4304; x_wconf 88' lang='lat' dir='ltr'><strong>propter</strong></span> <span class='ocrx_word' id='word_1_647' title='bbox 2687 4241 2905 4300; x_wconf 86' lang='lat' dir='ltr'><strong>peccata</strong></span> <span class='ocrx_word' id='word_1_648' title='bbox 2933 4229 3118 4299; x_wconf 87' lang='lat' dir='ltr'><strong>populi</strong></span> <span class='ocrx_word' id='word_1_649' title='bbox 3147 4227 3252 4282; x_wconf 90' lang='lat' dir='ltr'><strong>mei</strong></span> <span class='ocrx_word' id='word_1_650' title='bbox 3285 4229 3486 4283; x_wconf 85' lang='lat' dir='ltr'><strong>ductus</strong></span> 
     </span>
    </p>
   </div>
   <div class='ocr_carea' id='block_1_86' title="bbox 1905 4318 3484 4391">
    <p class='ocr_par' dir='ltr' id='par_1_86' title="bbox 1905 4318 3484 4391">
     <span class='ocr_line' id='line_1_86' title="bbox 1905 4318 3484 4391; baseline -0.006 -9"><span class='ocrx_word' id='word_1_651' title='bbox 1905 4337 1992 4382; x_wconf 90' lang='lat' dir='ltr'><strong>est</strong></span> <span class='ocrx_word' id='word_1_652' title='bbox 2017 4329 2084 4382; x_wconf 89' lang='lat' dir='ltr'><strong>ad</strong></span> <span class='ocrx_word' id='word_1_653' title='bbox 2117 4336 2382 4389; x_wconf 90' lang='lat' dir='ltr'><strong>mortem;</strong></span> <span class='ocrx_word' id='word_1_654' title='bbox 2424 4335 2479 4378; x_wconf 89' lang='lat' dir='ltr'><strong>et</strong></span> <span class='ocrx_word' id='word_1_655' title='bbox 2507 4324 2652 4378; x_wconf 90' lang='lat' dir='ltr'><strong>dabo</strong></span> <span class='ocrx_word' id='word_1_656' title='bbox 2681 4321 2879 4391; x_wconf 90' lang='lat' dir='ltr'><strong>impios</strong></span> <span class='ocrx_word' id='word_1_657' title='bbox 2901 4335 3004 4390; x_wconf 90' lang='lat' dir='ltr'><strong>pro</strong></span> <span class='ocrx_word' id='word_1_658' title='bbox 3034 4318 3319 4388; x_wconf 86' lang='lat' dir='ltr'><strong>sepultura</strong></span> <span class='ocrx_word' id='word_1_659' title='bbox 3343 4320 3484 4389; x_wconf 86' lang='lat' dir='ltr'><strong>ejus.</strong></span> 
     </span>
    </p>
   </div>
   <div class='ocr_carea' id='block_1_87' title="bbox 1906 4409 3484 4487">
    <p class='ocr_par' dir='ltr' id='par_1_87' title="bbox 1906 4409 3484 4487">
     <span class='ocr_line' id='line_1_87' title="bbox 1906 4409 3484 4487; baseline -0.008 -13"><span class='ocrx_word' id='word_1_660' title='bbox 1906 4430 1963 4474; x_wconf 89' lang='lat' dir='ltr'><strong>et</strong></span> <span class='ocrx_word' id='word_1_661' title='bbox 1992 4419 2196 4474; x_wconf 88' lang='lat' dir='ltr'><strong>divites</strong></span> <span class='ocrx_word' id='word_1_662' title='bbox 2220 4433 2320 4487; x_wconf 90' lang='lat' dir='ltr'><strong>pro</strong></span> <span class='ocrx_word' id='word_1_663' title='bbox 2342 4424 2523 4470; x_wconf 90' lang='lat' dir='ltr'><strong>morte</strong></span> <span class='ocrx_word' id='word_1_664' title='bbox 2549 4415 2706 4484; x_wconf 86' lang='lat' dir='ltr'><strong>ejus;</strong></span> <span class='ocrx_word' id='word_1_665' title='bbox 2729 4427 2794 4466; x_wconf 90' lang='lat' dir='ltr'><strong>eo</strong></span> <span class='ocrx_word' id='word_1_666' title='bbox 2819 4410 2967 4480; x_wconf 90' lang='lat' dir='ltr'><strong>quod</strong></span> <span class='ocrx_word' id='word_1_667' title='bbox 2999 4409 3349 4478; x_wconf 89' lang='lat' dir='ltr'><strong>iniquitatem</strong></span> <span class='ocrx_word' id='word_1_668' title='bbox 3377 4425 3484 4463; x_wconf 90' lang='lat' dir='ltr'><strong>non</strong></span> 
     </span>
    </p>
   </div>
   <div class='ocr_carea' id='block_1_88' title="bbox 221 4501 1805 4587">
    <p class='ocr_par' dir='ltr' id='par_1_88' title="bbox 221 4504 1802 4587">
     <span class='ocr_line' id='line_1_88' title="bbox 221 4504 1802 4587; baseline 0.003 -21"><span class='ocrx_word' id='word_1_669' title='bbox 221 4513 459 4567; x_wconf 86' lang='grc' dir='ltr'><strong>θανάτου</strong></span> <span class='ocrx_word' id='word_1_670' title='bbox 479 4504 510 4544; x_wconf 72' lang='grc'><em>”</em></span> <span class='ocrx_word' id='word_1_671' title='bbox 551 4516 634 4568; x_wconf 87' lang='grc' dir='ltr'><strong>ὅτι</strong></span> <span class='ocrx_word' id='word_1_672' title='bbox 681 4517 956 4586; x_wconf 75' lang='grc' dir='ltr'><strong>ἁμαρτίαν</strong></span> <span class='ocrx_word' id='word_1_673' title='bbox 990 4517 1089 4570; x_wconf 85' lang='grc' dir='ltr'><strong>οὐκ</strong></span> <span class='ocrx_word' id='word_1_674' title='bbox 1119 4517 1373 4586; x_wconf 79' lang='grc' dir='ltr'><strong>ἐποίησεν</strong></span> <span class='ocrx_word' id='word_1_675' title='bbox 1394 4557 1408 4581; x_wconf 87' lang='grc'><em>,</em></span> <span class='ocrx_word' id='word_1_676' title='bbox 1449 4517 1571 4570; x_wconf 78' lang='grc' dir='ltr'>οὐδὲ</span> <span class='ocrx_word' id='word_1_677' title='bbox 1601 4517 1802 4587; x_wconf 81' lang='grc' dir='ltr'><strong>εὑρέθη</strong></span> 
     </span>
    </p>
   </div>
   <div class='ocr_carea' id='block_1_89' title="bbox 1910 4501 3478 4587">
    <p class='ocr_par' dir='ltr' id='par_1_89' title="bbox 1910 4501 3478 4579">
     <span class='ocr_line' id='line_1_89' title="bbox 1910 4501 3478 4579; baseline -0.008 -15"><span class='ocrx_word' id='word_1_678' title='bbox 1910 4511 2123 4573; x_wconf 87' lang='lat' dir='ltr'><strong>fecerit,</strong></span> <span class='ocrx_word' id='word_1_679' title='bbox 2153 4525 2334 4579; x_wconf 90' lang='lat' dir='ltr'><strong>neque</strong></span> <span class='ocrx_word' id='word_1_680' title='bbox 2369 4510 2630 4562; x_wconf 88' lang='lat' dir='ltr'><strong>inventus</strong></span> <span class='ocrx_word' id='word_1_681' title='bbox 2682 4507 2756 4560; x_wconf 88' lang='lat' dir='ltr'><strong>sit</strong></span> <span class='ocrx_word' id='word_1_682' title='bbox 2788 4503 2946 4557; x_wconf 90' lang='lat' dir='ltr'><strong>dolus</strong></span> <span class='ocrx_word' id='word_1_683' title='bbox 2996 4503 3050 4556; x_wconf 88' lang='lat' dir='ltr'><strong>in</strong></span> <span class='ocrx_word' id='word_1_684' title='bbox 3109 4517 3204 4555; x_wconf 91' lang='lat' dir='ltr'><strong>ore</strong></span> <span class='ocrx_word' id='word_1_685' title='bbox 3238 4501 3408 4570; x_wconf 76' lang='lat' dir='ltr'><strong>ejus&#39;.</strong></span> <span class='ocrx_word' id='word_1_686' title='bbox 3462 4520 3478 4551; x_wconf 77' lang='grc' dir='ltr'><strong>ι</strong></span> 
     </span>
    </p>
   </div>
   <div class='ocr_carea' id='block_1_90' title="bbox 219 4605 1804 4680">
    <p class='ocr_par' dir='ltr' id='par_1_90' title="bbox 219 4605 1804 4680">
     <span class='ocr_line' id='line_1_90' title="bbox 219 4605 1804 4680; baseline 0.001 -20"><span class='ocrx_word' id='word_1_687' title='bbox 219 4607 372 4670; x_wconf 82' lang='grc' dir='ltr'><strong>δόλος</strong></span> <span class='ocrx_word' id='word_1_688' title='bbox 420 4610 478 4660; x_wconf 77' lang='grc' dir='ltr'><strong>ἐν</strong></span> <span class='ocrx_word' id='word_1_689' title='bbox 507 4607 586 4675; x_wconf 83' lang='grc' dir='ltr'><strong>τῷ</strong></span> <span class='ocrx_word' id='word_1_690' title='bbox 629 4609 857 4680; x_wconf 85' lang='grc' dir='ltr'><strong>στόματι</strong></span> <span class='ocrx_word' id='word_1_691' title='bbox 903 4610 1090 4663; x_wconf 74' lang='grc' dir='ltr'><strong>αὑτοῦ.</strong></span> <span class='ocrx_word' id='word_1_692' title='bbox 1128 4629 1146 4660; x_wconf 72' lang='grc' dir='ltr'><strong>ι</strong></span> <span class='ocrx_word' id='word_1_693' title='bbox 1172 4605 1320 4680; x_wconf 62' lang='grc' dir='ltr'><strong>*Αρα</strong></span> <span class='ocrx_word' id='word_1_694' title='bbox 1349 4611 1446 4662; x_wconf 73' lang='grc' dir='ltr'><strong>οὐκ</strong></span> <span class='ocrx_word' id='word_1_695' title='bbox 1480 4610 1804 4679; x_wconf 81' lang='grc' dir='ltr'><strong>αἰσχύνεσθε</strong></span> 
     </span>
    </p>
   </div>
   <div class='ocr_carea' id='block_1_91' title="bbox 220 4698 1804 4773">
    <p class='ocr_par' dir='ltr' id='par_1_91' title="bbox 220 4698 1804 4773">
     <span class='ocr_line' id='line_1_91' title="bbox 220 4698 1804 4773; baseline 0 -21"><span class='ocrx_word' id='word_1_696' title='bbox 220 4698 446 4765; x_wconf 75' lang='grc' dir='ltr'><strong>λοιπόνς</strong></span> <span class='ocrx_word' id='word_1_697' title='bbox 488 4700 595 4754; x_wconf 75' lang='grc' dir='ltr'><strong>ἰδοῦ</strong></span> <span class='ocrx_word' id='word_1_698' title='bbox 629 4701 924 4769; x_wconf 85' lang='grc' dir='ltr'><strong>προφανῶς</strong></span> <span class='ocrx_word' id='word_1_699' title='bbox 954 4703 1380 4773; x_wconf 76' lang='grc' dir='ltr'><strong>ᾐσχημονήσατε</strong></span> <span class='ocrx_word' id='word_1_700' title='bbox 1403 4717 1418 4733; x_wconf 78' lang='grc' dir='ltr'><strong>ο</strong></span> <span class='ocrx_word' id='word_1_701' title='bbox 1469 4701 1663 4754; x_wconf 76' lang='grc' dir='ltr'><strong>εἴπατε</strong></span> <span class='ocrx_word' id='word_1_702' title='bbox 1695 4702 1804 4772; x_wconf 74' lang='grc' dir='ltr'><strong>γὰρ</strong></span> 
     </span>
    </p>
   </div>
   <div class='ocr_carea' id='block_1_92' title="bbox 220 4791 1803 4863">
    <p class='ocr_par' dir='ltr' id='par_1_92' title="bbox 220 4791 1803 4863">
     <span class='ocr_line' id='line_1_92' title="bbox 220 4791 1803 4863; baseline 0.002 -19"><span class='ocrx_word' id='word_1_703' title='bbox 220 4791 311 4844; x_wconf 84' lang='grc' dir='ltr'><strong>ὅτι</strong></span> <span class='ocrx_word' id='word_1_704' title='bbox 361 4791 449 4843; x_wconf 81' lang='grc' dir='ltr'><strong>διὰ</strong></span> <span class='ocrx_word' id='word_1_705' title='bbox 495 4792 556 4845; x_wconf 78' lang='grc' dir='ltr'><strong>τὸ</strong></span> <span class='ocrx_word' id='word_1_706' title='bbox 600 4797 940 4863; x_wconf 85' lang='grc' dir='ltr'><strong>παρανομεῖν</strong></span> <span class='ocrx_word' id='word_1_707' title='bbox 986 4793 1374 4862; x_wconf 81' lang='grc' dir='ltr'><strong>ἐσταυρώσατε</strong></span> <span class='ocrx_word' id='word_1_708' title='bbox 1422 4794 1643 4858; x_wconf 82' lang='grc' dir='ltr'><strong>αὑτὸν,·</strong></span> <span class='ocrx_word' id='word_1_709' title='bbox 1679 4797 1708 4847; x_wconf 90' lang='grc' dir='ltr'>ὁ</span> <span class='ocrx_word' id='word_1_710' title='bbox 1745 4795 1803 4847; x_wconf 87' lang='grc' dir='ltr'><strong>δὲ</strong></span> 
     </span>
    </p>
   </div>
   <div class='ocr_carea' id='block_1_93' title="bbox 221 4883 1803 4955">
    <p class='ocr_par' dir='ltr' id='par_1_93' title="bbox 221 4883 1803 4955">
     <span class='ocr_line' id='line_1_93' title="bbox 221 4883 1803 4955; baseline 0.001 -20"><span class='ocrx_word' id='word_1_711' title='bbox 221 4884 512 4952; x_wconf 84' lang='grc' dir='ltr'><strong>προφήτης</strong></span> <span class='ocrx_word' id='word_1_712' title='bbox 544 4883 694 4952; x_wconf 74' lang='grc' dir='ltr'><strong>λέγει</strong></span> <span class='ocrx_word' id='word_1_713' title='bbox 723 4884 805 4938; x_wconf 78' lang='grc' dir='ltr'><strong>ὅτι</strong></span> <span class='ocrx_word' id='word_1_714' title='bbox 829 4884 1110 4955; x_wconf 81' lang='grc' dir='ltr'><strong>ἁμαρτίαν</strong></span> <span class='ocrx_word' id='word_1_715' title='bbox 1138 4885 1239 4937; x_wconf 80' lang='grc' dir='ltr'><strong>οὐκ</strong></span> <span class='ocrx_word' id='word_1_716' title='bbox 1265 4885 1511 4955; x_wconf 74' lang='grc' dir='ltr'><strong>εποίησε.</strong></span> <span class='ocrx_word' id='word_1_717' title='bbox 1545 4886 1654 4937; x_wconf 81' lang='grc' dir='ltr'><strong>Καὶ</strong></span> <span class='ocrx_word' id='word_1_718' title='bbox 1680 4886 1803 4937; x_wconf 78' lang='grc' dir='ltr'><strong>ἐπεὶ</strong></span> 
     </span>
    </p>
   </div>
   <div class='ocr_carea' id='block_1_94' title="bbox 222 4973 1802 5045">
    <p class='ocr_par' dir='ltr' id='par_1_94' title="bbox 222 4973 1802 5045">
     <span class='ocr_line' id='line_1_94' title="bbox 222 4973 1802 5045; baseline 0.003 -21"><span class='ocrx_word' id='word_1_719' title='bbox 222 4973 397 5036; x_wconf 79' lang='grc' dir='ltr'><strong>οὐδεὶς</strong></span> <span class='ocrx_word' id='word_1_720' title='bbox 417 4974 800 5042; x_wconf 83' lang='grc' dir='ltr'><strong>ἀναμάρτητος</strong></span> <span class='ocrx_word' id='word_1_721' title='bbox 825 4977 876 5028; x_wconf 82' lang='grc' dir='ltr'><strong>εἰ</strong></span> <span class='ocrx_word' id='word_1_722' title='bbox 902 4975 976 5044; x_wconf 85' lang='grc' dir='ltr'><strong>μὴ</strong></span> <span class='ocrx_word' id='word_1_723' title='bbox 1005 4975 1164 5043; x_wconf 84' lang='grc' dir='ltr'><strong>μόνος</strong></span> <span class='ocrx_word' id='word_1_724' title='bbox 1190 4977 1217 5027; x_wconf 86' lang='grc' dir='ltr'>ὁ</span> <span class='ocrx_word' id='word_1_725' title='bbox 1237 4975 1390 5038; x_wconf 74' lang='grc' dir='ltr'><strong>Θεὸς,</strong></span> <span class='ocrx_word' id='word_1_726' title='bbox 1421 4974 1577 5045; x_wconf 88' lang='grc' dir='ltr'><strong>δῆλον</strong></span> <span class='ocrx_word' id='word_1_727' title='bbox 1602 4975 1683 5028; x_wconf 84' lang='grc' dir='ltr'><strong>ὅτι</strong></span> <span class='ocrx_word' id='word_1_728' title='bbox 1707 4977 1802 5028; x_wconf 80' lang='grc' dir='ltr'><strong>καὶ</strong></span> 
     </span>
    </p>
   </div>
   <div class='ocr_carea' id='block_1_95' title="bbox 224 5062 1804 5134">
    <p class='ocr_par' dir='ltr' id='par_1_95' title="bbox 224 5062 1804 5134">
     <span class='ocr_line' id='line_1_95' title="bbox 224 5062 1804 5134; baseline 0.003 -22"><span class='ocrx_word' id='word_1_729' title='bbox 224 5062 356 5123; x_wconf 87' lang='grc' dir='ltr'><strong>Θεός</strong></span> <span class='ocrx_word' id='word_1_730' title='bbox 385 5063 530 5114; x_wconf 77' lang='grc' dir='ltr'><strong>ἐστιν</strong></span> <span class='ocrx_word' id='word_1_731' title='bbox 560 5063 813 5131; x_wconf 56' lang='grc' dir='ltr'><strong>ἀληθινὸς</strong></span> <span class='ocrx_word' id='word_1_732' title='bbox 839 5065 868 5116; x_wconf 85' lang='grc' dir='ltr'>ὁ</span> <span class='ocrx_word' id='word_1_733' title='bbox 893 5062 1228 5134; x_wconf 81' lang='grc' dir='ltr'><strong>σταυρωθεὶς</strong></span> <span class='ocrx_word' id='word_1_734' title='bbox 1267 5064 1356 5132; x_wconf 83' lang='grc' dir='ltr'><strong>ὑφ’</strong></span> <span class='ocrx_word' id='word_1_735' title='bbox 1392 5063 1546 5131; x_wconf 80' lang='grc' dir='ltr'><strong>ὑμῶν</strong></span> <span class='ocrx_word' id='word_1_736' title='bbox 1570 5082 1582 5094; x_wconf 77' lang='grc' dir='ltr'><strong>ο</strong></span> <span class='ocrx_word' id='word_1_737' title='bbox 1619 5064 1804 5133; x_wconf 75' lang='grc' dir='ltr'><strong>ἁμαρο</strong></span> 
     </span>
    </p>
   </div>
   <div class='ocr_carea' id='block_1_96' title="bbox 224 5155 1805 5226">
    <p class='ocr_par' dir='ltr' id='par_1_96' title="bbox 224 5155 1805 5226">
     <span class='ocr_line' id='line_1_96' title="bbox 224 5155 1805 5226; baseline 0.004 -22"><span class='ocrx_word' id='word_1_738' title='bbox 224 5155 346 5205; x_wconf 82' lang='grc' dir='ltr'><strong>τίαν</strong></span> <span class='ocrx_word' id='word_1_739' title='bbox 375 5155 484 5223; x_wconf 80' lang='grc' dir='ltr'><strong>γὰρ</strong></span> <span class='ocrx_word' id='word_1_740' title='bbox 514 5155 612 5207; x_wconf 73' lang='grc' dir='ltr'><strong>οὐκ</strong></span> <span class='ocrx_word' id='word_1_741' title='bbox 640 5156 918 5226; x_wconf 80' lang='grc' dir='ltr'><strong>ἐποίησεν,</strong></span> <span class='ocrx_word' id='word_1_742' title='bbox 950 5157 1072 5208; x_wconf 75' lang='grc' dir='ltr'>οὐδὲ</span> <span class='ocrx_word' id='word_1_743' title='bbox 1101 5156 1299 5226; x_wconf 78' lang='grc' dir='ltr'><strong>εὑρέθη</strong></span> <span class='ocrx_word' id='word_1_744' title='bbox 1329 5156 1475 5219; x_wconf 79' lang='grc' dir='ltr'><strong>δόλος</strong></span> <span class='ocrx_word' id='word_1_745' title='bbox 1503 5159 1560 5208; x_wconf 83' lang='grc' dir='ltr'><strong>ὲν</strong></span> <span class='ocrx_word' id='word_1_746' title='bbox 1585 5157 1660 5226; x_wconf 85' lang='grc' dir='ltr'><strong>τῷ</strong></span> <span class='ocrx_word' id='word_1_747' title='bbox 1684 5159 1805 5210; x_wconf 68' lang='grc' dir='ltr'><strong>στόε-</strong></span> 
     </span>
    </p>
   </div>
   <div class='ocr_carea' id='block_1_97' title="bbox 230 5245 1800 5320">
    <p class='ocr_par' dir='ltr' id='par_1_97' title="bbox 230 5245 1800 5320">
     <span class='ocr_line' id='line_1_97' title="bbox 230 5245 1800 5320; baseline 0.003 -22"><span class='ocrx_word' id='word_1_748' title='bbox 230 5261 360 5313; x_wconf 82' lang='grc' dir='ltr'><strong>ματι</strong></span> <span class='ocrx_word' id='word_1_749' title='bbox 408 5245 594 5302; x_wconf 79' lang='grc' dir='ltr'><strong>αὐτοῦ.</strong></span> <span class='ocrx_word' id='word_1_750' title='bbox 627 5249 856 5318; x_wconf 86' lang='grc' dir='ltr'><strong>Ἰδωμεν</strong></span> <span class='ocrx_word' id='word_1_751' title='bbox 887 5248 944 5301; x_wconf 81' lang='grc' dir='ltr'>δὲ</span> <span class='ocrx_word' id='word_1_752' title='bbox 977 5248 1029 5300; x_wconf 89' lang='grc' dir='ltr'><strong>τί</strong></span> <span class='ocrx_word' id='word_1_753' title='bbox 1082 5250 1178 5301; x_wconf 70' lang='grc' dir='ltr'><strong>καὶ</strong></span> <span class='ocrx_word' id='word_1_754' title='bbox 1220 5251 1269 5301; x_wconf 84' lang='grc' dir='ltr'><strong>οἱ</strong></span> <span class='ocrx_word' id='word_1_755' title='bbox 1308 5249 1487 5302; x_wconf 71' lang='grc' dir='ltr'><strong>λοιποὶ</strong></span> <span class='ocrx_word' id='word_1_756' title='bbox 1522 5251 1800 5320; x_wconf 73' lang='grc' dir='ltr'><strong>προφῆται</strong></span> 
     </span>
    </p>
   </div>
   <div class='ocr_carea' id='block_1_98' title="bbox 227 5339 1800 5410">
    <p class='ocr_par' dir='ltr' id='par_1_98' title="bbox 227 5339 1800 5410">
     <span class='ocr_line' id='line_1_98' title="bbox 227 5339 1800 5410; baseline 0.003 -21"><span class='ocrx_word' id='word_1_757' title='bbox 227 5339 356 5408; x_wconf 77' lang='grc' dir='ltr'><strong>περὶ</strong></span> <span class='ocrx_word' id='word_1_758' title='bbox 411 5339 508 5392; x_wconf 88' lang='grc' dir='ltr'><strong>τοῦ</strong></span> <span class='ocrx_word' id='word_1_759' title='bbox 557 5340 828 5403; x_wconf 74' lang='grc' dir='ltr'><strong>παθόντος</strong></span> <span class='ocrx_word' id='word_1_760' title='bbox 877 5341 1116 5410; x_wconf 82' lang='grc' dir='ltr'><strong>Χριστοῦ</strong></span> <span class='ocrx_word' id='word_1_761' title='bbox 1153 5342 1312 5409; x_wconf 79' lang='grc' dir='ltr'><strong>ἡμῶν</strong></span> <span class='ocrx_word' id='word_1_762' title='bbox 1355 5342 1644 5409; x_wconf 79' lang='grc' dir='ltr'><strong>λέγουσιν’</strong></span> <span class='ocrx_word' id='word_1_763' title='bbox 1703 5343 1800 5394; x_wconf 79' lang='grc' dir='ltr'><strong>ἐὰν</strong></span> 
     </span>
    </p>
   </div>
   <div class='ocr_carea' id='block_1_99' title="bbox 226 5427 1762 5502">
    <p class='ocr_par' dir='ltr' id='par_1_99' title="bbox 226 5427 1762 5502">
     <span class='ocr_line' id='line_1_99' title="bbox 226 5427 1762 5502; baseline 0.007 -23"><span class='ocrx_word' id='word_1_764' title='bbox 226 5427 301 5490; x_wconf 83' lang='grc' dir='ltr'><strong>ὡς</strong></span> <span class='ocrx_word' id='word_1_765' title='bbox 349 5429 682 5500; x_wconf 79' lang='grc' dir='ltr'><strong>κὰκοῦργον,</strong></span> <span class='ocrx_word' id='word_1_766' title='bbox 717 5431 751 5501; x_wconf 75' lang='grc' dir='ltr'><strong>ἢ</strong></span> <span class='ocrx_word' id='word_1_767' title='bbox 786 5431 881 5485; x_wconf 78' lang='grc' dir='ltr'><strong>ἐὰν</strong></span> <span class='ocrx_word' id='word_1_768' title='bbox 911 5431 984 5495; x_wconf 82' lang='grc' dir='ltr'><strong>ὼς</strong></span> <span class='ocrx_word' id='word_1_769' title='bbox 1016 5431 1222 5502; x_wconf 77' lang='grc' dir='ltr'><strong>Κύριον</strong></span> <span class='ocrx_word' id='word_1_770' title='bbox 1249 5433 1411 5484; x_wconf 80' lang='grc' dir='ltr'><strong>αὐτὸν</strong></span> <span class='ocrx_word' id='word_1_771' title='bbox 1437 5433 1762 5501; x_wconf 78' lang='grc' dir='ltr'><strong>ὁμολογῶσιο</strong></span> 
     </span>
    </p>
   </div>
   <div class='ocr_carea' id='block_1_100' title="bbox 229 5519 1800 5592">
    <p class='ocr_par' dir='ltr' id='par_1_100' title="bbox 229 5519 1800 5592">
     <span class='ocr_line' id='line_1_100' title="bbox 229 5519 1800 5592; baseline 0.003 -21"><span class='ocrx_word' id='word_1_772' title='bbox 229 5520 368 5587; x_wconf 62' lang='grc' dir='ltr'><strong>τάλα</strong></span> <span class='ocrx_word' id='word_1_773' title='bbox 395 5519 503 5591; x_wconf 71' lang='grc' dir='ltr'><strong>γὰρ</strong></span> <span class='ocrx_word' id='word_1_774' title='bbox 534 5522 596 5574; x_wconf 84' lang='grc' dir='ltr'><strong>τὸ</strong></span> <span class='ocrx_word' id='word_1_775' title='bbox 622 5521 829 5590; x_wconf 63' lang='grc' dir='ltr'><strong>πλῆθος</strong></span> <span class='ocrx_word' id='word_1_776' title='bbox 860 5522 967 5574; x_wconf 84' lang='grc' dir='ltr'><strong>τῶν</strong></span> <span class='ocrx_word' id='word_1_777' title='bbox 995 5525 1289 5592; x_wconf 81' lang='grc' dir='ltr'><strong>προφητῶν</strong></span> <span class='ocrx_word' id='word_1_778' title='bbox 1321 5524 1674 5592; x_wconf 81' lang='grc' dir='ltr'><strong>ἐντρέπεσθε,</strong></span> <span class='ocrx_word' id='word_1_779' title='bbox 1707 5525 1800 5576; x_wconf 81' lang='grc' dir='ltr'><strong>καὶ</strong></span> 
     </span>
    </p>
   </div>
   <div class='ocr_carea' id='block_1_101' title="bbox 229 5610 1798 5684">
    <p class='ocr_par' dir='ltr' id='par_1_101' title="bbox 229 5610 1798 5684">
     <span class='ocr_line' id='line_1_101' title="bbox 229 5610 1798 5684; baseline 0.003 -24"><span class='ocrx_word' id='word_1_780' title='bbox 229 5611 496 5678; x_wconf 78' lang='grc' dir='ltr'><strong>φιμο·Ξσθε</strong></span> <span class='ocrx_word' id='word_1_781' title='bbox 539 5610 726 5665; x_wconf 74' lang='grc' dir='ltr'><strong>λοιπὸν</strong></span> <span class='ocrx_word' id='word_1_782' title='bbox 760 5612 855 5665; x_wconf 84' lang='grc' dir='ltr'><strong>τοῦ</strong></span> <span class='ocrx_word' id='word_1_783' title='bbox 884 5613 1064 5682; x_wconf 75' lang='grc' dir='ltr'><strong>λέγειν</strong></span> <span class='ocrx_word' id='word_1_784' title='bbox 1097 5615 1238 5666; x_wconf 77' lang='grc' dir='ltr'><strong>κατὰ</strong></span> <span class='ocrx_word' id='word_1_785' title='bbox 1267 5614 1506 5683; x_wconf 80' lang='grc' dir='ltr'><strong>Χριστοῦ</strong></span> <span class='ocrx_word' id='word_1_786' title='bbox 1543 5614 1634 5667; x_wconf 72' lang='grc' dir='ltr'><strong>καὶ</strong></span> <span class='ocrx_word' id='word_1_787' title='bbox 1663 5615 1798 5684; x_wconf 79' lang='grc' dir='ltr'><strong>Χρι-</strong></span> 
     </span>
    </p>
   </div>
   <div class='ocr_carea' id='block_1_102' title="bbox 283 5785 1526 5854">
    <p class='ocr_par' dir='ltr' id='par_1_102' title="bbox 283 5785 1526 5854">
     <span class='ocr_line' id='line_1_102' title="bbox 283 5785 1526 5854; baseline -0.001 -13"><span class='ocrx_word' id='word_1_788' title='bbox 283 5787 318 5814; x_wconf 82' lang='grc'><strong>¹¹</strong></span> <span class='ocrx_word' id='word_1_789' title='bbox 350 5787 525 5853; x_wconf 57' lang='lat' dir='ltr'><strong>Isauri,</strong></span> <span class='ocrx_word' id='word_1_790' title='bbox 546 5788 599 5841; x_wconf 80' lang='lat'><strong>5.</strong></span> <span class='ocrx_word' id='word_1_791' title='bbox 677 5788 697 5818; x_wconf 83' lang='lat'><strong>’</strong></span> <span class='ocrx_word' id='word_1_792' title='bbox 718 5786 818 5842; x_wconf 80' lang='lat' dir='ltr'><strong>Job</strong></span> <span class='ocrx_word' id='word_1_793' title='bbox 847 5802 950 5851; x_wconf 70' lang='lat' dir='ltr'><strong>xxv,</strong></span> <span class='ocrx_word' id='word_1_794' title='bbox 976 5785 1024 5840; x_wconf 65' lang='grc'><strong>4.</strong></span> <span class='ocrx_word' id='word_1_795' title='bbox 1103 5787 1242 5841; x_wconf 71' lang='lat' dir='ltr'><strong>3lsa.</strong></span> <span class='ocrx_word' id='word_1_796' title='bbox 1272 5789 1453 5854; x_wconf 75' lang='lat' dir='ltr'><strong>l.llt,f5,</strong></span> <span class='ocrx_word' id='word_1_797' title='bbox 1475 5787 1526 5840; x_wconf 84' lang='lat'><strong>7.</strong></span> 
     </span>
    </p>
   </div>
   <div class='ocr_carea' id='block_1_103' title="bbox 1907 4594 3486 4676">
    <p class='ocr_par' dir='ltr' id='par_1_103' title="bbox 1907 4594 3486 4676">
     <span class='ocr_line' id='line_1_103' title="bbox 1907 4594 3486 4676; baseline -0.009 -17"><span class='ocrx_word' id='word_1_798' title='bbox 1907 4606 2050 4676; x_wconf 89' lang='lat' dir='ltr'><strong>Ergo</strong></span> <span class='ocrx_word' id='word_1_799' title='bbox 2078 4618 2263 4657; x_wconf 90' lang='lat' dir='ltr'><strong>nonne</strong></span> <span class='ocrx_word' id='word_1_800' title='bbox 2293 4600 2511 4656; x_wconf 89' lang='lat' dir='ltr'><strong>tandem</strong></span> <span class='ocrx_word' id='word_1_801' title='bbox 2553 4614 2652 4653; x_wconf 91' lang='lat' dir='ltr'><strong>vos</strong></span> <span class='ocrx_word' id='word_1_802' title='bbox 2696 4597 2909 4668; x_wconf 83' lang='lat' dir='ltr'><strong>pudet?</strong></span> <span class='ocrx_word' id='word_1_803' title='bbox 2943 4611 3011 4650; x_wconf 88' lang='lat' dir='ltr'><strong>en</strong></span> <span class='ocrx_word' id='word_1_804' title='bbox 3048 4594 3336 4649; x_wconf 88' lang='lat' dir='ltr'><strong>manifeste</strong></span> <span class='ocrx_word' id='word_1_805' title='bbox 3364 4609 3486 4662; x_wconf 88' lang='lat' dir='ltr'><strong>per-</strong></span> 
     </span>
    </p>
   </div>
   <div class='ocr_carea' id='block_1_104' title="bbox 1905 4683 3486 4760">
    <p class='ocr_par' dir='ltr' id='par_1_104' title="bbox 1905 4683 3486 4760">
     <span class='ocr_line' id='line_1_104' title="bbox 1905 4683 3486 4760; baseline -0.008 -11"><span class='ocrx_word' id='word_1_806' title='bbox 1905 4711 2098 4749; x_wconf 87' lang='lat' dir='ltr'><strong>sonam</strong></span> <span class='ocrx_word' id='word_1_807' title='bbox 2166 4693 2306 4747; x_wconf 89' lang='lat' dir='ltr'><strong>male</strong></span> <span class='ocrx_word' id='word_1_808' title='bbox 2368 4691 2550 4760; x_wconf 78' lang='lat' dir='ltr'><strong>agitis.</strong></span> <span class='ocrx_word' id='word_1_809' title='bbox 2634 4689 2808 4743; x_wconf 88' lang='lat' dir='ltr'><strong>Dicite</strong></span> <span class='ocrx_word' id='word_1_810' title='bbox 2867 4686 3017 4741; x_wconf 86' lang='lat' dir='ltr'><strong>enim</strong></span> <span class='ocrx_word' id='word_1_811' title='bbox 3075 4700 3176 4738; x_wconf 91' lang='lat' dir='ltr'><strong>vos</strong></span> <span class='ocrx_word' id='word_1_812' title='bbox 3247 4692 3304 4736; x_wconf 87' lang='lat' dir='ltr'><strong>ut</strong></span> <span class='ocrx_word' id='word_1_813' title='bbox 3349 4683 3486 4753; x_wconf 88' lang='lat' dir='ltr'><strong>legis</strong></span> 
     </span>
    </p>
   </div>
   <div class='ocr_carea' id='block_1_105' title="bbox 1903 4773 3485 4849">
    <p class='ocr_par' dir='ltr' id='par_1_105' title="bbox 1903 4773 3485 4849">
     <span class='ocr_line' id='line_1_105' title="bbox 1903 4773 3485 4849; baseline -0.01 -7"><span class='ocrx_word' id='word_1_814' title='bbox 1903 4773 2232 4842; x_wconf 73' lang='lat' dir='ltr'><strong>violatorem</strong></span> <span class='ocrx_word' id='word_1_815' title='bbox 2287 4782 2629 4839; x_wconf 71' lang='lat' dir='ltr'><strong>crucifixisse</strong></span> <span class='ocrx_word' id='word_1_816' title='bbox 2685 4796 2850 4849; x_wconf 87' lang='lat' dir='ltr'><strong>quem</strong></span> <span class='ocrx_word' id='word_1_817' title='bbox 2909 4779 3177 4848; x_wconf 87' lang='lat' dir='ltr'><strong>propheta</strong></span> <span class='ocrx_word' id='word_1_818' title='bbox 3211 4775 3344 4829; x_wconf 90' lang='lat' dir='ltr'><strong>dicit</strong></span> <span class='ocrx_word' id='word_1_819' title='bbox 3375 4776 3485 4828; x_wconf 90' lang='lat' dir='ltr'><strong>ini-</strong></span> 
     </span>
    </p>
   </div>
   <div class='ocr_carea' id='block_1_106' title="bbox 1904 4869 3487 4951">
    <p class='ocr_par' dir='ltr' id='par_1_106' title="bbox 1904 4869 3487 4951">
     <span class='ocr_line' id='line_1_106' title="bbox 1904 4869 3487 4951; baseline -0.009 -17"><span class='ocrx_word' id='word_1_820' title='bbox 1904 4881 2170 4951; x_wconf 89' lang='lat' dir='ltr'><strong>quitatem</strong></span> <span class='ocrx_word' id='word_1_821' title='bbox 2211 4893 2320 4932; x_wconf 90' lang='lat' dir='ltr'><strong>non</strong></span> <span class='ocrx_word' id='word_1_822' title='bbox 2367 4875 2584 4930; x_wconf 87' lang='lat' dir='ltr'><strong>fecisse.</strong></span> <span class='ocrx_word' id='word_1_823' title='bbox 2636 4874 2701 4928; x_wconf 90' lang='lat' dir='ltr'><strong>Et</strong></span> <span class='ocrx_word' id='word_1_824' title='bbox 2738 4889 2862 4926; x_wconf 84' lang='lat' dir='ltr'><strong>cum</strong></span> <span class='ocrx_word' id='word_1_825' title='bbox 2900 4885 3061 4924; x_wconf 91' lang='lat' dir='ltr'><strong>nemo</strong></span> <span class='ocrx_word' id='word_1_826' title='bbox 3095 4869 3217 4922; x_wconf 88' lang='lat' dir='ltr'><strong>sine</strong></span> <span class='ocrx_word' id='word_1_827' title='bbox 3261 4877 3487 4936; x_wconf 85' lang='lat' dir='ltr'><strong>peccato</strong></span> 
     </span>
    </p>
   </div>
   <div class='ocr_carea' id='block_1_107' title="bbox 1908 4961 3486 5042">
    <p class='ocr_par' dir='ltr' id='par_1_107' title="bbox 1908 4961 3486 5042">
     <span class='ocr_line' id='line_1_107' title="bbox 1908 4961 3486 5042; baseline -0.012 -15"><span class='ocrx_word' id='word_1_828' title='bbox 1908 4981 1994 5027; x_wconf 90' lang='lat' dir='ltr'><strong>est</strong></span> <span class='ocrx_word' id='word_1_829' title='bbox 2030 4979 2231 5042; x_wconf 66' lang='lat' dir='ltr'><strong>praeter</strong></span> <span class='ocrx_word' id='word_1_830' title='bbox 2265 4969 2444 5023; x_wconf 91' lang='lat' dir='ltr'><strong>solum</strong></span> <span class='ocrx_word' id='word_1_831' title='bbox 2486 4967 2684 5026; x_wconf 87' lang='lat' dir='ltr'><strong>Deum,</strong></span> <span class='ocrx_word' id='word_1_832' title='bbox 2715 4964 2944 5017; x_wconf 85' lang='lat' dir='ltr'><strong>evidens</strong></span> <span class='ocrx_word' id='word_1_833' title='bbox 2973 4971 3058 5015; x_wconf 90' lang='lat' dir='ltr'><strong>est</strong></span> <span class='ocrx_word' id='word_1_834' title='bbox 3086 4961 3257 5014; x_wconf 90' lang='lat' dir='ltr'><strong>Deum</strong></span> <span class='ocrx_word' id='word_1_835' title='bbox 3294 4973 3486 5012; x_wconf 82' lang='lat' dir='ltr'><strong>verum</strong></span> 
     </span>
    </p>
   </div>
   <div class='ocr_carea' id='block_1_108' title="bbox 1908 5049 3485 5132">
    <p class='ocr_par' dir='ltr' id='par_1_108' title="bbox 1908 5049 3485 5132">
     <span class='ocr_line' id='line_1_108' title="bbox 1908 5049 3485 5132; baseline -0.012 -14"><span class='ocrx_word' id='word_1_836' title='bbox 1908 5079 2029 5118; x_wconf 86' lang='lat' dir='ltr'><strong>esse</strong></span> <span class='ocrx_word' id='word_1_837' title='bbox 2056 5077 2218 5132; x_wconf 91' lang='lat' dir='ltr'><strong>quem</strong></span> <span class='ocrx_word' id='word_1_838' title='bbox 2248 5075 2346 5113; x_wconf 91' lang='lat' dir='ltr'><strong>vos</strong></span> <span class='ocrx_word' id='word_1_839' title='bbox 2378 5057 2766 5114; x_wconf 74' lang='lat' dir='ltr'><strong>erueitixistis;</strong></span> <span class='ocrx_word' id='word_1_840' title='bbox 2801 5054 3146 5122; x_wconf 84' lang='lat' dir='ltr'><strong>iniquitatem</strong></span> <span class='ocrx_word' id='word_1_841' title='bbox 3179 5049 3325 5104; x_wconf 92' lang='lat' dir='ltr'><strong>enim</strong></span> <span class='ocrx_word' id='word_1_842' title='bbox 3375 5062 3485 5100; x_wconf 90' lang='lat' dir='ltr'><strong>non</strong></span> 
     </span>
    </p>
   </div>
   <div class='ocr_carea' id='block_1_109' title="bbox 1907 5137 3485 5221">
    <p class='ocr_par' dir='ltr' id='par_1_109' title="bbox 1907 5137 3485 5221">
     <span class='ocr_line' id='line_1_109' title="bbox 1907 5137 3485 5221; baseline -0.011 -15"><span class='ocrx_word' id='word_1_843' title='bbox 1907 5153 2058 5217; x_wconf 84' lang='lat' dir='ltr'><strong>fecit,</strong></span> <span class='ocrx_word' id='word_1_844' title='bbox 2093 5168 2270 5221; x_wconf 90' lang='lat' dir='ltr'><strong>neque</strong></span> <span class='ocrx_word' id='word_1_845' title='bbox 2305 5151 2562 5204; x_wconf 89' lang='lat' dir='ltr'><strong>inventus</strong></span> <span class='ocrx_word' id='word_1_846' title='bbox 2602 5153 2683 5198; x_wconf 67' lang='lat' dir='ltr'><strong>est</strong></span> <span class='ocrx_word' id='word_1_847' title='bbox 2717 5145 2877 5198; x_wconf 88' lang='lat' dir='ltr'><strong>dolus</strong></span> <span class='ocrx_word' id='word_1_848' title='bbox 2909 5143 2962 5194; x_wconf 89' lang='lat' dir='ltr'><strong>in</strong></span> <span class='ocrx_word' id='word_1_849' title='bbox 2983 5158 3085 5208; x_wconf 79' lang='lat' dir='ltr'><strong>ore</strong></span> <span class='ocrx_word' id='word_1_850' title='bbox 3117 5141 3256 5210; x_wconf 79' lang='lat' dir='ltr'><strong>ejus.</strong></span> <span class='ocrx_word' id='word_1_851' title='bbox 3289 5137 3485 5189; x_wconf 72' lang='lat' dir='ltr'><strong>Videa-</strong></span> 
     </span>
    </p>
   </div>
   <div class='ocr_carea' id='block_1_110' title="bbox 1909 5227 3487 5310">
    <p class='ocr_par' dir='ltr' id='par_1_110' title="bbox 1909 5227 3487 5310">
     <span class='ocr_line' id='line_1_110' title="bbox 1909 5227 3487 5310; baseline -0.011 -13"><span class='ocrx_word' id='word_1_852' title='bbox 1909 5259 2034 5297; x_wconf 85' lang='lat' dir='ltr'><strong>mus</strong></span> <span class='ocrx_word' id='word_1_853' title='bbox 2078 5253 2261 5297; x_wconf 88' lang='lat' dir='ltr'><strong>autem</strong></span> <span class='ocrx_word' id='word_1_854' title='bbox 2312 5239 2444 5310; x_wconf 85' lang='lat' dir='ltr'><strong>quid</strong></span> <span class='ocrx_word' id='word_1_855' title='bbox 2501 5246 2765 5307; x_wconf 62' lang='lat' dir='ltr'><strong>prieterea</strong></span> <span class='ocrx_word' id='word_1_856' title='bbox 2813 5233 3097 5302; x_wconf 67' lang='lat' dir='ltr'><strong>prophetia</strong></span> <span class='ocrx_word' id='word_1_857' title='bbox 3149 5231 3216 5283; x_wconf 89' lang='lat' dir='ltr'><strong>de</strong></span> <span class='ocrx_word' id='word_1_858' title='bbox 3263 5227 3487 5282; x_wconf 84' lang='lat' dir='ltr'><strong>Christo</strong></span> 
     </span>
    </p>
   </div>
   <div class='ocr_carea' id='block_1_111' title="bbox 1907 5319 3486 5403">
    <p class='ocr_par' dir='ltr' id='par_1_111' title="bbox 1907 5319 3486 5403">
     <span class='ocr_line' id='line_1_111' title="bbox 1907 5319 3486 5403; baseline -0.013 -13"><span class='ocrx_word' id='word_1_859' title='bbox 1907 5344 2097 5390; x_wconf 91' lang='lat' dir='ltr'><strong>nostro</strong></span> <span class='ocrx_word' id='word_1_860' title='bbox 2148 5345 2309 5403; x_wconf 84' lang='lat' dir='ltr'><strong>passo</strong></span> <span class='ocrx_word' id='word_1_861' title='bbox 2351 5331 2576 5393; x_wconf 87' lang='lat' dir='ltr'><strong>dicant;</strong></span> <span class='ocrx_word' id='word_1_862' title='bbox 2629 5337 2814 5379; x_wconf 92' lang='lat' dir='ltr'><strong>utrum</strong></span> <span class='ocrx_word' id='word_1_863' title='bbox 2862 5335 3117 5391; x_wconf 87' lang='lat' dir='ltr'><strong>tanquam</strong></span> <span class='ocrx_word' id='word_1_864' title='bbox 3166 5319 3486 5372; x_wconf 82' lang='lat' dir='ltr'><strong>malefacto-</strong></span> 
     </span>
    </p>
   </div>
   <div class='ocr_carea' id='block_1_112' title="bbox 1908 5408 3482 5494">
    <p class='ocr_par' dir='ltr' id='par_1_112' title="bbox 1908 5408 3482 5494">
     <span class='ocr_line' id='line_1_112' title="bbox 1908 5408 3482 5494; baseline -0.013 -12"><span class='ocrx_word' id='word_1_865' title='bbox 1908 5444 2046 5490; x_wconf 86' lang='lat' dir='ltr'><strong>rem,</strong></span> <span class='ocrx_word' id='word_1_866' title='bbox 2074 5443 2140 5479; x_wconf 91' lang='lat' dir='ltr'><strong>au</strong></span> <span class='ocrx_word' id='word_1_867' title='bbox 2170 5415 2429 5494; x_wconf 80' lang='lat' dir='ltr'><strong>tauquam</strong></span> <span class='ocrx_word' id='word_1_868' title='bbox 2457 5420 2750 5476; x_wconf 87' lang='lat' dir='ltr'><strong>Dominum</strong></span> <span class='ocrx_word' id='word_1_869' title='bbox 2803 5415 3049 5469; x_wconf 76' lang='lat' dir='ltr'><strong>indicant</strong></span> <span class='ocrx_word' id='word_1_870' title='bbox 3093 5413 3287 5466; x_wconf 80' lang='lat' dir='ltr'><strong>illum?</strong></span> <span class='ocrx_word' id='word_1_871' title='bbox 3331 5408 3482 5463; x_wconf 78' lang='lat' dir='ltr'><strong>brevi</strong></span> 
     </span>
    </p>
   </div>
   <div class='ocr_carea' id='block_1_113' title="bbox 1903 5504 3483 5583">
    <p class='ocr_par' dir='ltr' id='par_1_113' title="bbox 1903 5504 3483 5583">
     <span class='ocr_line' id='line_1_113' title="bbox 1903 5504 3483 5583; baseline -0.011 -11"><span class='ocrx_word' id='word_1_872' title='bbox 1903 5520 2050 5573; x_wconf 90' lang='lat' dir='ltr'><strong>enim</strong></span> <span class='ocrx_word' id='word_1_873' title='bbox 2084 5516 2439 5571; x_wconf 86' lang='lat' dir='ltr'><strong>multitudine</strong></span> <span class='ocrx_word' id='word_1_874' title='bbox 2463 5511 2856 5583; x_wconf 87' lang='lat' dir='ltr'><strong>prophetarum</strong></span> <span class='ocrx_word' id='word_1_875' title='bbox 2885 5504 3264 5564; x_wconf 87' lang='lat' dir='ltr'><strong>movebimini,</strong></span> <span class='ocrx_word' id='word_1_876' title='bbox 3284 5512 3340 5556; x_wconf 84' lang='lat' dir='ltr'><strong>et</strong></span> <span class='ocrx_word' id='word_1_877' title='bbox 3364 5512 3483 5556; x_wconf 82' lang='lat' dir='ltr'><strong>tan-</strong></span> 
     </span>
    </p>
   </div>
   <div class='ocr_carea' id='block_1_114' title="bbox 1906 5595 3480 5677">
    <p class='ocr_par' dir='ltr' id='par_1_114' title="bbox 1906 5595 3480 5677">
     <span class='ocr_line' id='line_1_114' title="bbox 1906 5595 3480 5677; baseline -0.01 -13"><span class='ocrx_word' id='word_1_878' title='bbox 1906 5611 2029 5664; x_wconf 89' lang='lat' dir='ltr'><strong>dem</strong></span> <span class='ocrx_word' id='word_1_879' title='bbox 2081 5625 2176 5664; x_wconf 85' lang='lat' dir='ltr'><strong>vos</strong></span> <span class='ocrx_word' id='word_1_880' title='bbox 2225 5607 2467 5677; x_wconf 81' lang='lat' dir='ltr'><strong>pudebit&#39;</strong></span> <span class='ocrx_word' id='word_1_881' title='bbox 2491 5612 2677 5660; x_wconf 81' lang='lat' dir='ltr'><strong>contra</strong></span> <span class='ocrx_word' id='word_1_882' title='bbox 2717 5600 2995 5656; x_wconf 83' lang='lat' dir='ltr'><strong>Christqu</strong></span> <span class='ocrx_word' id='word_1_883' title='bbox 3035 5609 3091 5654; x_wconf 91' lang='lat' dir='ltr'><strong>et</strong></span> <span class='ocrx_word' id='word_1_884' title='bbox 3135 5595 3480 5653; x_wconf 82' lang='lat' dir='ltr'><strong>Christianos</strong></span> 
     </span>
    </p>
   </div>
  </div>
