4026 6308
549 285 684 349 1243

1706 275 1764 334 S.
1809 267 2203 331 ANAS'i‘ASll
2246 261 2571 322 Sl'NAlT.'E

3668 237 3807 300 12H

543 393 720 460 loqui.
755 392 897 446 Ecce
935 391 1086 446 enim
1131 389 1370 457 qualiter
1413 384 1480 438 de
1524 380 1729 436 Christi
1784 379 2119 435 venditione.

2233 371 2466 423 στιανὼν
2485 385 2498 398 ·
2559 365 2669 418 ίόοἰι
2699 364 2810 433 γὰρ
2840 359 3100 421 ὡσαύτως
3135 357 3267 414 περὶ
3297 358 3397 426 τῆς
3428 352 3686 423 πράσεως
3711 348 3803 403 τοῦ

545 495 600 538 at
631 483 852 553 triginta
880 489 1263 551 argenteorum
1291 479 1414 543 ejus
1433 473 1797 528 aestimatione
1828 470 2123 524 Zacharias

545 585 602 631 ct
634 575 907 630 Jeremias
961 571 1245 642 prophetae
1306 568 1651 636 loquuntur:
1707 583 1725 614 ι
1780 563 1847 616 Ει
1898 575 2124 642 ιιοοορετ

548 675 680 719 runt
727 638 1263 734 triginta'araentea
1319 657 1556 726 pretium
1613 651 1907 722 appretiati
1957 638 2122 719 queui

547 754 1000 824 appretiaverunt
1028 749 1128 804 lilii
1161 749 1349 813 Israel,
1375 760 1434 802 et
1457 747 1730 801 dederunt
1751 758 1818 798 ea
1843 743 1897 796 in
1931 753 2123 811 agrum

549 846 699 916 ﬁguli
729 845 786 899 in
818 843 1154 912 sepulturam
1185 839 1659 910 peregrinorum‘.
1697 856 1714 887 ι
1753 833 1910 899 Quod
1940 840 2124 886 autem

549 941 744 994 falsum
783 935 1162 990 testimonium
1187 933 1461 988 dederunt
1486 931 1554 984 de
1591 929 1687 982 illo
1713 927 1888 983 Judaei
1917 926 1974 978 in
1999 939 2122 994 pas-

548 1029 724 1084 sionis
746 1035 1014 1096 tempore,
1044 1023 1286 1094 psalmus
1311 1022 1447 1076 dicit
1471 1037 1484 1074 :
1528 1041 1546 1072 ι
1585 1021 1936 1087 Insurgentes
1958 1015 2014 1068 in
2037 1029 2126 1068 me

550 1129 720 1173 testes
750 1117 948 1188 iniqui,
987 1130 1110 1185 quae
1164 1113 1491 1184 ignorabant
1540 1107 1955 1180 interrogabant
2003 1120 2122 1170 me;

551 1209 932 1264 rctribuerunt
957 1203 1092 1258 mihi
1119 1203 1260 1257 mala
1288 1217 1389 1272 pro
1416 1199 1632 1254 bonis".
1667 1215 1686 1248 ι

620 1389 687 1442 Ει
719 1385 870 1458 quod
915 1386 1062 1440 ultro
1108 1383 1224 1438 hinc
1263 1379 1439 1435 voluit
1477 1376 1614 1448 pati,
1642 1390 1752 1430 non
1786 1372 1976 1436 invite,
2001 1383 2129 1441 pro-

549 1482 712 1552 pheta
759 1477 895 1532 dicit
944 1495 958 1530 :
1018 1495 1036 1526 ι
1073 1473 1309 1543 Tel-gum
1352 1483 1552 1524 meum
1597 1465 1727 1520 dedi
1783 1466 1839 1518 in
1889 1461 2124 1532 ﬂagella,

2227 460 2468 534 Χριστοῦ
2523 457 2620 514 καὶ
2664 458 2774 508 τῶν
2821 453 3117 524 τριάκοντα
3161 450 3446 521 ἀργυρίων
3497 444 3597 513 τῆς
3638 443 3804 511 τιμῆς

2225 552 2388 607 αὐτοῦ
2422 549 2697 622 Ζαχαρίας
2729 547 2822 600 καὶ
2855 544 3121 616 Ἱερεμίας
3155 544 3206 596 oi
3240 539 3520 610 προφῆται
3557 535 3800 606 λέγουσι·

2231 663 2251 696 ι
2286 643 2395 696 Kal
2427 640 2628 694 ἔλαϐον
2673 639 2744 693 τὰ
2769 636 3068 708 τριάκοντα
3092 634 3336 706 ἀργύρια
3371 633 3474 702 τὴν
3505 630 3674 698 τιμὴν
3709 625 3805 678 τοῦ

2223 731 2595 802 τετιμημένου
2643 729 2706 782 6v
2751 727 3112 798 ἐτιμήσαντο⁸
3137 725 3250 780 ἀπὸ
3276 722 3411 776 υίῶν
3435 719 3676 792 Ἰσραὴλ,
3711 719 3806 770 καὶ

2225 828 2436 882 ἔδωκαν
2464 826 2607 880 αὑτά
2641 827 2722 888 είς
2749 825 2843 878 τὸν
2869 821 3040 893 ἀγρὸν
3073 819 3170 876 τοῦ
3198 818 3492 893 κεραμέως
3521 819 3604 880 είς
3629 815 3806 884 ταφὴν

2223 921 2337 981 τοῖς
2366 917 2557 983 ξένοις.
2591 934 2610 968 ι
2659 915 2784 968 Ὅτι
2809 913 2866 966 δὲ
2892 913 2991 968 καὶ
3021 909 3504 982 ψευδομαρτυρίαν
3539 906 3807 966 δεδώκασι

2227 1009 2347 1061 κατ’
2391 1006 2564 1060 αὐτοῦ
2614 1006 2668 1057 οί
2705 1005 2956 1059 Ἰουδαῖοι
3001 1002 3062 1054 ὲν
3107 1000 3187 1072 τῷ
3221 999 3407 1070 καιρῷ
3442 997 3539 1052 τοῦ
3575 995 3806 1059 πάθους,

2225 1101 2254 1152 6
2276 1097 2494 1168 ψαλμδς
2534 1097 2708 1165 λέγει·
2737 1115 2758 1147 ι
2794 1093 3152 1157 ’Λναστάντες
3181 1109 3270 1164 μοι
3301 1090 3581 1162 μάρτυρες
3601 1089 3803 1149 ἄδικοι,

2224 1189 2263 1242 ἃ.
2307 1189 2408 1242 οὐκ
2450 1187 2749 1253 ἐγίνωσκον
2785 1183 3017 1256 ἠρώτων
3062 1198 3164 1254 με·
3218 1178 3644 1245 ἀνταπεδίδοσάν
3713 1195 3808 1250 μοι

2228 1285 2442 1356 πονηρά
2474 1283 2598 1339 ἀντὶ
2621 1281 2867 1351 ἀγαθῶν.
2895 1299 2920 1334 ο

2297 1378 2409 1431 Kal
2441 1377 2525 1430 ὅτι
2559 1374 2828 1438 ἑκουσίως
2863 1373 3041 1427 ταῦτα
3067 1371 3327 1442 ἠνέσχετο
3349 1369 3547 1426 παθεῖν
3581 1368 3678 1422 καὶ
3701 1368 3808 1420 οὐκ

2227 1470 2526 1534 ἀκουσίως,
2557 1470 2586 1524 6
2605 1469 2892 1538 προφήτης
2917 1465 3096 1534 λέγει·
3127 1484 3146 1516 ι
3170 1465 3276 1519 Τὸν
3293 1461 3464 1518 νῶτόν
3493 1478 3600 1531 μου
3627 1461 3809 1515 ἔδωκα

545 1581 602 1626 οι
657 1569 906 1625 maxillas
965 1580 1115 1620 meas
1169 1564 1224 1616 in
1278 1562 1497 1630 alapas;
1553 1555 1722 1612 facies
1771 1563 1954 1609 autem
2005 1565 2119 1605 mea

2225 1564 2306 1625 είς
2337 1561 2634 1632 μάστιγας,
2668 1559 2890 1638 scale-ca;
2917 1556 3174 1626 σιαγόνας
3203 1573 3306 1626 μου
3335 1555 3417 1618 είς
3443 1553 3773 1624 ῥαπίσματα
3790 1569 3803 1581 ·

545 1678 657 1717 ηοη
700 1674 892 1714 aversa
937 1665 1024 1712 est
1054 1653 1121 1709 ad
1165 1651 1465 1723 opprobria
1497 1656 1810 1718 sputorum,
1843 1653 1900 1698 et
1947 1641 2119 1712 sputis

2225 1653 2288 1707 τὸ
2323 1654 2382 1708 δὲ
2421 1651 2717 1724 πρόσωπόν
2755 1668 2858 1722 μου
2900 1649 3002 1703 οὐκ
3035 1645 3364 1718 ἀπεστράφη
3399 1643 3512 1700 ἀπὺ
3537 1643 3809 1712 αἰσχύνης

546 1753 844 1811 immundis
881 1753 1256 1818 conspuerunt
1293 1758 1381 1798 me
1411 1744 1452 1796 ⁸.
1485 1761 1503 1793 ι
1539 1741 1616 1795 De
1667 1739 1873 1808 spineta
1901 1747 2119 1789 corona:

2225 1718 2677 1812 ἐμπτυσμάτων,
2730 1718 2827 1794 καὶ
2870 1739 3231 1810 ὲμπτύσμασι
3259 1737 3482 1807 μιαροίς
3505 1734 3691 1790 αὐτῶν
3719 1735 3810 1784 ἐν-

545 1843 900 1910 ἱιῐιμοεὶιίοιιο
939 1839 1207 1897 Jeremias
1257 1835 1437 1892 dicit:
1476 1853 1494 1884 ι
1531 1830 1716 1902 Spinis
1769 1827 2120 1898 iniquitatum

544 1952 769 1994 suarum
823 1939 1234 1989 coronaverunt
1266 1943 1374 1983 me.
1415 1946 1434 1978 ι
1476 1925 1544 1980 Et
1590 1922 1736 1994 quod
1791 1919 2120 1992 principium

545 2036 746 2082 nostra:
787 2023 1003 2087 salutis,
1051 2021 1107 2075 id
1151 2027 1256 2083 est,
1315 2030 1538 2071 crucem
1583 2012 1823 2084 propriis
1875 2007 2120 2064 humeris

543 2119 781 2192 portavit
805 2117 899 2187 qui
937 2115 993 2169 in
1019 2114 1108 2167 illa
1131 2113 1375 2166 elevatus
1400 2117 1504 2172 est,
1537 2106 1706 2161 Isaias
1737 2103 1871 2159 dicit
1897 2121 1911 2156 :
1942 2121 1960 2154 ι
1987 2103 2122 2156 Paro

542 2213 701 2265 vulus
728 2216 890 2262 natus
917 2213 1002 2260 est
1035 2203 1214 2266 nobis,
1254 2200 1402 2254 [ilius
1427 2199 1590 2253 datus
1635 2205 1719 2252 est
1749 2194 1934 2259 nobis,
1960 2194 2121 2262 cujus

541 2301 886 2373 principatus
910 2297 963 2351 in
986 2294 1238 2350 humeris
1265 2292 1389 2362 ejus
1423 2291 1466 2356 ⁷,
1499 2309 1516 2341 ι
1558 2289 1611 2343 id
1649 2295 1753 2352 est,
1777 2301 1934 2342 crux.
1962 2284 2118 2352 Quod

541 2397 686 2450 Dcus
743 2401 801 2448 et
849 2407 949 2445 rex
1006 2395 1134 2444 ante
1193 2386 1393 2441 saecula
1452 2392 1571 2437 erat
1618 2380 1893 2443 Christus,
1953 2387 2009 2432 et
2063 2377 2118 2431 in

541 2485 722 2538 m-dio
759 2491 922 2538 terrae
969 2477 1218 2549 (ττιιοὶίίςὶ
1275 2475 1514 2530 debebat
1553 2472 1620 2528 ad
1673 2471 1905 2526 salutem
1955 2468 2120 2538 hujus

540 2573 755 2633 mundi.
805 2571 976 2626 David
1012 2571 1148 2626 dicit
1185 2587 1200 2622 :
1248 2587 1267 2620 ι
1309 2569 1452 2622 Deus
1497 2581 1593 2620 rex
1638 2573 1829 2617 noster
1859 2569 1984 2616 ante
2017 2576 2118 2615 sa:-

539 2664 664 2718 cula
718 2671 979 2732 Operatus
1039 2669 1125 2714 est
1183 2659 1418 2713 salutem
1473 2657 1528 2710 in
1573 2654 1756 2710 medio
1805 2661 1969 2708 terra:
2015 2652 2058 2705 ⁸.
2096 2670 2115 2702 ι

542 2755 610 2810 Ει
644 2752 792 2824 quod
836 2750 1232 2806 transﬁxerunt
1284 2763 1484 2803 manus
1527 2748 1648 2818 ejus
1697 2754 1755 2800 et
1810 2744 1999 2814 pedes,
2039 2742 2116 2798 si-

540 2845 748 2900 militer
785 2841 1083 2898 Zacharias
1111 2840 1247 2895 dicit
1283 2857 1296 2892 :
1328 2858 1346 2890 ι
1387 2839 1560 2907 Plagae
1590 2852 1785 2891 eorum
1831 2835 1892 2889 in
1935 2833 2118 2889 medio

539 2951 802 2990 manuum
830 2947 1101 2994 mearum,
1153 2939 1209 2987 et
1241 2930 1390 2984 dicet
1432 2946 1446 2982 :
1501 2928 1598 2982 His
1629 2928 1879 2996 plagatus
1909 2940 2032 2979 sum
2059 2925 2118 2980 in

540 3027 704 3081 domo
733 3023 917 3081 dilecti
963 3023 1070 3078 mei
1108 3025 1154 3078 ’.
1183 3039 1202 3073 ι
1237 3021 1372 3076 Vide
1411 3019 1688 3089 quomodo
1733 3018 1818 3072 vel
1860 3027 1983 3086 post
2018 3017 2118 3074 hos

540 3117 821 3172 cruciatus
865 3115 1095 3170 dilectos
1150 3128 1250 3167 vos
1281 3121 1457 3175 vocet,
1497 3119 1554 3165 ct
1588 3126 1692 3164 non
1727 3109 2116 3165 convertimini

540 3207 611 3262 ad
663 3207 850 3260 illum!
884 3221 1012 3260 vere
1037 3204 1234 3274 ingrati
1265 3203 1418 3258 estis.
1449 3203 1526 3256 De
1560 3201 1750 3256 lancea
1777 3217 1886 3270 qua
1910 3203 2117 3256 mortui

544 3296 878 3360 perforatum
919 3303 1003 3349 est
1033 3303 1284 3349 sanctum
1314 3293 1435 3362 ejus
1458 3292 1622 3354 latus,
1665 3306 1696 3346 e
1731 3306 1842 3360 quo
1877 3290 2120 3344 manavit

542 3387 768 3456 sanguis
791 3395 847 3441 et
872 3401 1032 3455 aqua,
1062 3383 1328 3453 propheta
1357 3383 1651 3438 Zacharias
1679 3381 1819 3437 dixit
1848 3400 1862 3436 :
1903 3401 1920 3433 ι
1953 3382 2114 3455 Aspi-

542 3476 693 3529 cieut
745 3474 801 3528 in
851 3491 938 3529 me
989 3487 1152 3544 quem
1189 3484 1200 3523 t
1243 3471 1583 3528 ansllxerunt
1633 3473 1698 3538 '°,
1733 3491 1752 3522 ι
1812 3481 1870 3527 et
1906 3453 2118 3544 Moyses

543 3567 688 3620 clare
721 3565 863 3620 idem
899 3565 1231 3636 signiﬁcavit
1281 3580 1380 3634 per
1405 3563 1635 3619 arduam
1671 3574 1904 3634 petram.
1928 3581 1959 3619 e
1986 3579 2116 3633 qua,

543 3658 693 3727 virga
737 3658 830 3712 illo
857 3657 1224 3727 percutiente,
1259 3657 1498 3712 manavit
1519 3671 1662 3725 aqua
1689 3656 1743 3710 in
1781 3657 1946 3711 vitam
1983 3666 2117 3712 tem-

543 3747 784 3816 poralem
807 3747 996 3817 populi
1025 3755 1157 3802 tunc
1201 3747 1521 3802 exsistentis
1544 3762 1558 3811 ;
1583 3745 1664 3800 sic
1705 3745 2116 3812 immaculatum

543 3852 746 3906 corpus
791 3837 996 3894 Christi
1045 3847 1102 3892 et
1137 3838 1236 3892 Dei
1271 3847 1551 3892 mortuum
1586 3847 1778 3892 sancto
1815 3853 1916 3893 suo
1941 3838 2117 3894 latere

543 3931 682 3986 ludit
737 3933 924 3986 statim
953 3931 1274 4002 sanguinem
1308 3938 1365 3986 et
1389 3945 1584 4000 aquam
1620 3931 1688 3984 ad
1729 3931 1962 3986 salutem
1989 3946 2117 3986 cre-

544 4021 794 4076 dentium
820 4021 891 4091 ,in
919 4021 1087 4076 vitam
1121 4031 1382 4076 aeternam
1414 4019 1470 4074 in
1506 4009 1646 4091 ipso,
1673 4030 1730 4076 et
1763 4037 1871 4076 non
1902 4031 2116 4092 tempo-

543 4113 737 4165 ralem.

2222 1835 2464 1888 έπτυσάν
2483 1850 2572 1902 με.
2605 1851 2624 1882 ι
2657 1833 2790 1902 Περὶ
2805 1831 2862 1886 δὲ
2875 1831 2972 1884 τοῦ
3001 1829 3063 1895 ἐξ
3083 1827 3339 1884 ἀκανθῶν
3361 1828 3633 1895 στέφανον
3653 1825 3813 1895 9095'-

2223 1941 2338 1988 σαι,
2361 1926 2391 1978 6
2424 1924 2698 1996 Ἱερεμίας
2723 1924 2902 1991 λέγει·
2939 1943 2960 1975 ι
2988 1923 3122 1986 Ταῖς
3141 1920 3408 1984 ἀκάνθαις
3430 1920 3542 1974 τῶν
3561 1919 3811 1989 ἀνομιῶν

2221 2013 2403 2067 αὐτῶν
2427 2011 2660 2082 ἔστεψάν
2687 2029 2778 2083 με.
2794 2031 2812 2064 ι
2845 2013 2958 2067 Kal
2985 2011 3069 2065 ὅτι
3090 2011 3192 2082 τὴν
3211 2010 3388 2082 ἀρχὴν
3407 2010 3510 2080 τῆς
3529 2008 3812 2079 σωτηρίας

2222 2105 2381 2175 ἡμῶν
2403 2145 2418 2171 ,
2451 2105 2715 2160 τουτέστι
2765 2105 2858 2158 τὸν
2901 2103 3156 2173 σταυρὸν,
3201 2103 3260 2156 έν
3302 2103 3417 2164 τοῖς
3449 2100 3603 2163 ίδίοις
3635 2100 3812 2169 ὤμοις

2201 2197 2522 2262 κὲϐἀσταξεν
2569 2200 2598 2252 6
2643 2196 2882 2266 ὑψωθεὶς
2931 2198 2990 2250 έν
3027 2192 3200 2264 αὐτῷ,
3243 2193 3470 2256 Ἡσαΐας
3499 2192 3688 2260 λέγει,
3725 2193 3811 2245 ὅτι

2226 2307 2247 2340 μι
2287 2289 2507 2344 Παιδίον
2549 2288 2818 2360 ἐγεννήθη
2868 2288 3032 2358 ἡμῖν,
3082 2286 3198 2348 υίὸς
3223 2285 3320 2339 καὶ
3355 2283 3515 2354 ὲδόθη
3553 2285 3711 2354 ἡμῖν,
3747 2275 3810 2335 οῦ

2219 2385 2252 2452 ή
2285 2382 2426 2450 ἀρχὴ
2457 2379 2553 2434 ἐπὶ
2581 2379 2676 2434 τοῦ
2704 2378 2861 2450 ὥμου
2888 2377 3055 2433 αὐτοῦ
3086 2395 3106 2432 ι
3128 2415 3146 2440 ,
3173 2376 3456 2430 τουτέστιν
3487 2375 3516 2426 6
3548 2373 3807 2442 σταυρὸς.

2223 2475 2345 2527 "Usi.
2393 2475 2530 2537 Θεὸς
2575 2473 2672 2527 καὶ
2711 2471 2971 2544 βασιλεὺς
3004 2471 3112 2540 πρὸ
3141 2469 3356 2525 αἰώνων
3385 2463 3454 2539 ἦν
3486 2467 3518 2520 6
3544 2465 3806 2535 Χριστὸς,

2219 2567 2318 2622 καὶ
2351 2567 2410 2621 έν
2441 2566 2593 2636 μέσῳ
2617 2565 2722 2635 γῆς
2753 2563 3121 2634 σταυροῦσθαι
3143 2561 3306 2616 αὑτὸν
3327 2559 3523 2631 ἔμελλε
3543 2559 3682 2628 πρὸς
3705 2575 3808 2611 σω-

2216 2658 2418 2729 τηρίαν
2469 2656 2636 2710 αὐτοῦ
2684 2655 2918 2726 κόσμου,
2968 2656 2998 2708 6
3040 2652 3206 2708 Δαϐὶδ
3240 2651 3419 2719 λέγει·
3459 2667 3480 2702 ι
3505 2649 3563 2702 '0
3590 2649 3650 2702 δὲ
3673 2647 3807 2710 Θεὸς

2220 2748 2478 2817 βασιλεὺς
2533 2745 2695 2819 ήμῶν
2753 2745 3083 2818 προαιῶνιος
3158 2743 3460 2816 είργάσατο
3526 2739 3806 2808 σωτηρῖαν

2220 2843 2279 2895 ὲν
2311 2841 2464 2912 μέσῳ
2491 2841 2594 2911 τῆς
2618 2839 2748 2909 γῆς.
2777 2857 2798 2892 ι
2838 2839 2952 2892 Καὶ
2985 2839 3069 2892 ὅτι
3099 2837 3468 2909 προσήλωσαν
3498 2834 3668 2889 αὑτοῦ
3691 2837 3805 2904 χεῖ-

2222 2951 2320 3005 ρας
2375 2933 2472 2986 καὶ
2521 2931 2725 2995 πόδας,
2780 2929 2920 3002 ὁμοῦ
2985 2929 3262 3000 Ζαχαρίας
3307 2929 3485 2997 λέγει,
3539 2927 3624 2980 ὃτι
3684 2947 3704 2978 ι
3738 2928 3805 2979 Δί

2219 3024 2426 3095 πληγαὶ
2454 3023 2634 3076 αὐτῶν
2663 3021 2767 3076 ἀνὰ
2796 3022 2962 3092 μέσον
2988 3023 3097 3074 τῶν
3125 3019 3325 3092 χειρῶν
3373 3035 3504 3087 μου·
3539 3017 3636 3070 καὶ
3661 3017 3800 3086 ἐρεῖ,

2221 3115 2288 3180 ἀς
2333 3116 2578 3187 ἐπλήγην
2629 3119 2686 3169 ὲν
2731 3114 2808 3184 τῷ
2848 3113 2985 3184 οἴκῳ
3027 3111 3121 3166 τοῦ
3169 3109 3457 3182 ἀγαπητοῦ
3504 3127 3663 3180 μου.ι
3696 3108 3804 3161 Ἴδε

2224 3207 2344 3271 πῶς
2375 3209 2470 3260 καὶ
2503 3205 2642 3277 μετὰ
2675 3206 2746 3259 τὰ
2773 3205 3074 3276 παθήματα
3101 3204 3272 3257 ταῦτα
3301 3202 3624 3269 ἁγαπητοῦς
3656 3201 3805 3268 ὑμᾶς

2222 3299 2399 3364 καλεῖ,
2433 3299 2528 3352 καὶ
2555 3299 2658 3351 οὐκ
2684 3297 3049 3367 ἐπιστρέφετε
3082 3295 3220 3364 πρὸς
3247 3293 3439 3350 αὐτόνί
3469 3293 3641 3356 ὅντως
3663 3293 3804 3362 ἀχά-

2228 3407 2400 3461 ριστοι
2427 3391 2607 3460 ὑμεῖς.
2646 3389 2784 3460 Περὶ
2807 3389 2866 3442 δὲ
2901 3388 2998 3442 τοῦ
3025 3387 3262 3442 θανόντα
3287 3385 3452 3438 αὐτὸν
3479 3384 3655 3456 λόγχῃ
3677 3401 3803 3437 κεν-

2220 3481 2452 3552 τηθῆναι
2502 3482 2602 3550 τὴν
2652 3479 2816 3548 ἁγίαν
2859 3479 3024 3552 αὐτοῦ
3071 3476 3314 3548 πλευρὰν
3357 3478 3452 3530 καὶ
3499 3474 3690 3546 gnam
3741 3475 3806 3538 ἐξ

2222 3551 2396 3640 αὐτῆς
2427 3566 2566 3640 αἷμα
2595 3572 2691 3625 καὶ
2717 3551 2892 3638 ὕδωρ,
2927 3573 2955 3623 6
2987 3571 3275 3641 προφήτης
3299 3569 3582 3638 Ζαχαρίας
3607 3561 3763 3618 εἶπεν
3785 3583 3799 3594 ·

2228 3682 2247 3714 ι
2295 3662 2708 3732 Ἐπιϐλέψονται
2753 3663 2893 3734 πρός
2925 3679 2994 3733 με
3023 3664 3106 3725 εἰς
3131 3661 3193 3715 ὃν
3218 3661 3600 3732 ἐξεκέντησαν.
3629 3678 3648 3710 ι
3690 3659 3806 3712 Kal

2221 3756 2250 3807 6
2275 3753 2515 3824 Μωῦσῆς
2554 3753 2744 3822 σαφῶς
2772 3753 2977 3824 ταύτην
3003 3753 3372 3824 προεικονίζει
3402 3751 3490 3804 διὰ
3517 3753 3616 3820 τῆς
3637 3752 3805 3819 ἀκρο,

2222 3845 2390 3913 τόμου
2437 3844 2644 3915 πέτρας
2669 3884 2685 3903 .,
2742 3839 2810 3914 ἧς
2859 3844 2950 3898 διὰ
2990 3845 3093 3914 τῆς
3136 3843 3334 3915 ῥάϐδου
3367 3843 3534 3896 αὑτοῦ
3567 3839 3802 3908 πλήξας,

2221 3935 2447 3988 ἔϐλυσεν
2477 3935 2624 4006 ὕδωρ
2657 3935 2795 4004 πρὸς
2823 3934 3100 4006 σωτηρίαν
3125 3933 3224 3988 τοῦ
3249 3934 3378 3988 λαοῦ
3398 3951 3414 3967 ·
3467 3935 3502 4004 ἡ
3534 3933 3594 3986 δὲ
3625 3935 3805 4002 πέτρα

2219 4024 2290 4099 ἦν
2317 4027 2604 4090 είκονικῶς
2633 4029 2662 4080 6
2685 4028 2925 4097 Χριστός
2945 4044 2957 4057 ·
2993 4027 3070 4090 ὡς
3091 4027 3202 4098 γὰρ
3231 4029 3263 4096 ὴ
3289 4028 3598 4097 ἀκρότομος
3625 4025 3804 4095 πέτρα

2221 4120 2427 4190 ἄψυχος
2449 4159 2467 4182 ,
2521 4113 2658 4172 οῦσα
2695 4121 2791 4172 καὶ
2822 4118 3151 4188 ἀναίσθητος
3198 4117 3531 4188 κρουσθεῖσα
3563 4117 3669 4170 ὑπὸ
3696 4115 3802 4185 τῆς

544 4202 742 4272 ῥάϐδου
768 4203 1048 4266 Μωῦσέως
1069 4203 1232 4267 εὐθὺς
1257 4203 1484 4258 ἔϐλυσεν
1507 4203 1654 4276 ὕδωρ
1675 4207 1758 4268 είς
1813 4205 1961 4276 ζωὴν
2015 4209 2348 4280 πρόσκαιρον
2411 4210 2493 4282 τῷ
2521 4211 2642 4263 τότε
2701 4209 2816 4280 λαῷ
2839 4248 2853 4273 ,
2909 4209 3052 4264 οὕτω
3095 4213 3190 4264 καὶ
3229 4210 3295 4263 τὸ
3333 4211 3605 4279 ἄχραντον
3639 4207 3802 4274 σῶμα

543 4293 778 4364 Χριστοῦ
825 4295 920 4348 τοῦ
965 4295 1102 4348 Θεοῦ
1147 4295 1424 4367 νεκρωθὲν
1451 4297 1518 4365 τῇ
1546 4296 1678 4366 ἀγῖᾳ
1708 4295 1872 4348 αὐτοῦ
1899 4298 2109 4368 πλευρᾷ
2147 4301 2308 4365 εὐθὺς
2337 4301 2566 4354 ἔϐλυσεν
2590 4296 2727 4368 αἷμα
2757 4301 2851 4368 καὶ
2877 4299 3018 4372 ὕδωρ
3045 4301 3182 4372 πρὸς
3205 4301 3485 4370 σωτηρίαν
3541 4298 3654 4351 τῶν
3710 4315 3800 4350 πε.

544 4390 844 4444 στευόντων
877 4391 957 4453 είς
986 4389 1131 4460 ζωὴν
1161 4391 1380 4445 αἰώνιον
1415 4391 1496 4454 είς
1529 4391 1694 4443 αὐτὸν
1727 4391 1822 4444 καὶ
1851 4390 1912 4444 οὐ
1941 4394 2299 4466 πρόσκαιρον.

610 4483 932 4553 Rursusque
955 4483 1098 4538 idem
1131 4484 1397 4553 propheta
1422 4483 1633 4554 Moyses
1658 4482 1795 4538 dicit
1821 4483 1891 4538 de
1909 4483 2116 4538 Christi

2293 4489 2404 4541 Kal
2436 4488 2604 4542 πάλιν
2649 4490 2680 4542 6
2707 4487 2872 4551 αὐτὸς
2903 4487 3190 4557 προφήτης
3213 4486 3453 4553 Μωῡσῆς
3483 4483 3632 4552 λέγει
3663 4483 3796 4554 περὶ

531 4573 900 4629 cruciﬁxionc
963 4585 1021 4629 et
1079 4583 1264 4629 vestra
1342 4574 1730 4628 incredulitate
1781 4592 1794 4627 :
1867 4593 1886 4626 ι
1934 4575 2115 4630 Vitam

536 4677 776 4720 vestram
805 4665 1062 4721 videbitis
1087 4667 1440 4736 pendentem,
1473 4677 1530 4720 et
1577 4681 1689 4720 non
1740 4665 1980 4745 credetis
2005 4667 2070 4721 ¹¹.
2095 4688 2113 4719 ι

537 4757 679 4812 llaec
713 4756 802 4812 hic
825 4757 991 4812 vitam
1015 4767 1274 4812 aaternam
1304 4765 1464 4810 vocat
1497 4757 1550 4810 in
1583 4755 1732 4826 ligno
1761 4757 2116 4826 pendentem.

535 4849 616 4904 Nc
650 4848 802 4903 dicas
829 4849 982 4902 illum
1009 4847 1076 4902 de
1101 4855 1356 4917 serpente
1379 4862 1534 4902 aeneo
1557 4847 1663 4902 hoc
1686 4847 1932 4902 locutum
1963 4862 2116 4912 esse;

531 4955 662 4994 nam
700 4939 754 4993 in
805 4948 1120 5008 serpentem
1165 4937 1545 5000 crediderunt.
1588 4938 1643 4992 in
1693 4939 1862 4992 vitam
1909 4948 2112 5004 autem,

529 5046 658 5100 qua:
683 5039 766 5086 cst
786 5029 1064 5095 Christus,
1095 5029 1236 5085 dixit
1262 5047 1361 5086 vos
1389 5047 1496 5084 non
1527 5030 1859 5085 credituros.
1895 5030 2110 5086 Etenim

535 5139 778 5182 nostram
834 5129 1278 5184 maledictionem
1324 5129 1382 5184 in
1429 5145 1592 5199 quam
1638 5147 1738 5199 per
1787 5131 2114 5198 prtevarica-

533 5219 740 5273 tionem
765 5232 821 5274 et
848 5219 1280 5276 iuobedientiam
1321 5221 1710 5284 incideramus,
1747 5221 1838 5274 hic
1863 5223 2108 5283 sustulit.

533 5319 591 5362 ut
639 5309 906 5378 scriptum
959 5321 1042 5366 est
1083 5331 1095 5366 :
1140 5331 1158 5363 ι
1199 5313 1520 5368 Maledictus
1575 5315 1671 5384 qui
1717 5293 2006 5386 pendetin
2039 5315 2108 5368 li-

535 5411 637 5461 gno
687 5398 770 5461 '3;
819 5417 836 5449 ι
876 5408 929 5454 ct
986 5399 1338 5456 maledictum
1387 5414 1612 5473 propter
1656 5420 1756 5459 nos
1805 5405 1978 5459 factus
2027 5415 2109 5459 est

609 5626 875 5680 ‘ZaChar.
903 5645 972 5684 tu.
1016 5630 1098 5682 1'2.
1141 5631 1220 5681 l7».
1298 5634 1316 5661 "
1347 5632 1488 5686 Psal.
1527 5649 1702 5686 xntv.
1742 5634 1820 5686 li.
1901 5633 1920 5660 ⁸
1953 5633 2052 5684 lca.
2087 5649 2135 5689 ι..
2170 5632 2220 5682 (ἴ.

2211 4579 2311 4649 τὴν
2333 4579 2427 4633 τοῦ
2461 4579 2700 4643 Χριστοῦ
2737 4579 3048 4649 σταύρωσιν
3067 4578 3163 4632 καὶ
3191 4577 3290 4648 τὴν
3317 4575 3472 4647 ὑμῶν
3499 4576 3790 4640 ἀπιστίαν,

2217 4671 2301 4722 ὅτι
2326 4688 2346 4720 ι
2363 4669 2600 4738 ὐψεσθε
2623 4669 2726 4738 τὴν
2747 4669 2893 4740 ζωὴν
2925 4669 3080 4738 ὑμῶν
3109 4669 3465 4739 κρεμαμένην
3483 4708 3500 4729 ,
3521 4669 3617 4721 καὶ
3629 4668 3689 4720 οὐ
3716 4669 3790 4738 μὴ

2220 4761 2541 4814 πιστεύσετε
2566 4777 2582 4792 ·
2611 4781 2629 4813 ι
2665 4763 2778 4816 ίδοὺ
2815 4762 2909 4815 καί
2927 4756 3086 4824 οὗτος
3113 4761 3258 4828 ζωὴν
3287 4760 3506 4814 αἰώνιον
3535 4759 3789 4829 ὀνομάζει

2217 4855 2308 4907 τὴν
2342 4854 2435 4906 ἐπὶ
2471 4853 2630 4918 ξύλου
2665 4852 3066 4924 κρεμασθέντα.
3105 4853 3218 4906 Kal
3253 4851 3329 4922 μὴ
3359 4853 3519 4922 εἴπῃς
3551 4852 3634 4905 ὅτι
3664 4853 3792 4920 περὶ

2213 4947 2305 5000 τοῦ
2341 4948 2516 5015 ὄφεως
2548 4947 2641 5000 τοῦ
2669 4945 2871 5017 χαλκοῦ
2903 4940 3030 5000 εἷπε
3053 4945 3212 4999 τοῦτο
3235 4962 3248 4974 ·
3287 4945 3368 5006 εἰς
3413 4944 3498 4998 τὸν
3522 4943 3649 5010 ὅφιν
3679 4943 3790 5013 γὰρ

2213 5039 2562 5100 ἐπίστευσαν,
2608 5039 2690 5100 είς
2719 5037 2776 5090 δὲ
2803 5037 2904 5105 τὴν
2929 5035 3098 5106 ζωὴν,
3135 5034 3385 5087 τουτέστι
3418 5032 3506 5086 τὸν
3533 5031 3787 5103 Χριστὸν,

2213 5128 2366 5184 εἶπεν
2409 5131 2496 5184 ὅτι
2522 5131 2582 5182 οὗ
2621 5132 2696 5201 μὴ
2730 5128 3082 5182 πιστεύσετε·
3112 5127 3208 5180 καὶ
3238 5126 3348 5196 γὰρ
3386 5126 3486 5194 τὴν
3513 5124 3790 5194 ἡμετέραν

2210 5225 2348 5296 ἀρὰν
2382 5226 2449 5292 ἢν
2477 5224 2565 5276 διὰ
2595 5226 2690 5292 τῆς
2715 5221 3084 5291 παραϐάσεως
3111 5221 3208 5274 καὶ
3232 5218 3518 5289 παρακοῆς
3545 5219 3788 5271 ἐπεσπα-

2215 5315 2450 5384 σάμεθα,
2487 5315 2648 5376 αὐτὸς
2669 5313 2916 5380 ἀνέλαϐε,
2947 5313 3130 5376 καθὼς
3163 5312 3493 5380 γέγραπται,
3519 5309 3786 5362 ἐπικατά-

2213 5425 2372 5476 ρατος
2427 5411 2454 5460 ὁ
2501 5408 2841 5476 κρεμάμενος
2895 5407 2986 5458 ἐπει
3034 5405 3227 5470 ξύλου·
3273 5405 3368 5464 καὶ
3397 5405 3618 5471 κατάρα
3649 5399 3786 5468 ὑπὲρ

2297 5633 2314 5660 τ
2347 5631 2448 5684 lsa.
2476 5647 2546 5685 ιτ.
2580 5631 2629 5683 6.
2703 5632 2725 5658 ⁸
2750 5631 2890 5685 Psal.
2931 5645 3110 5691 LXXIII,
3147 5627 3226 5682 l2.
3269 5628 3288 5659 ’
3311 5625 3544 5681 Zachar.
3579 5643 3696 5691 xm,
3721 5623 3776 5680 θ.

551 5695 586 5727 ¹⁶
629 5697 854 5754 Zachar.
897 5715 996 5761 In,
1045 5701 1122 5750 ιν.
1194 5702 1230 5730 "
1273 5701 1435 5757 Deut.
1479 5719 1658 5762 mm,
1691 5707 1785 5760 liti.
1861 5707 1901 5735 ”
1945 5703 2101 5756 Deut.

2222 5719 2253 5766 l,
2296 5703 2394 5766 511;
2451 5701 2626 5757 Galat.
2670 5719 2747 5766 ιιι,
2793 5701 2874 5756 l5.
