4026 6308
553 260 687 324 1247

1752 270 1811 330 S.
1856 271 2256 332 ANASTASII
2297 273 2417 334 SIN
2431 273 2626 333 ΑΙΤΑΞ

3692 270 3838 336 1248

547 373 775 441 gamini.
827 375 1021 431 Nonne
1051 392 1080 433 e
1123 378 1349 435 Perside
1381 381 1436 435 in
1469 381 1812 436 Palmstinam
1844 384 2134 440 devenisse

2247 386 2364 456 ὃμίν
2408 385 2578 439 ταῦτα
2623 384 2876 455 λέγομεν,
2911 386 3016 439 κᾶν
3040 383 3261 455 κρύδειν
3292 383 3390 454 τὴν
3417 383 3687 452 ἀλήθειαν
3719 387 3837 438 ὑπὸ
3915 392 3925 406 '

549 464 732 534 Magos
777 467 1068 524 audivistis
1094 469 1285 525 divino
1312 472 1485 527 stellae
1521 474 1752 528 oraculo
1785 475 2004 539 ductos,
2037 475 2134 545 qui

547 557 828 613 Christum
854 559 1153 618 adorantes
1181 565 1325 619 dona
1372 566 1753 636 protulerunt?
1777 582 1902 620 cum
1930 567 2136 637 quibus

551 647 719 702 vestri
765 651 1117 706 sacerdotum
1151 655 1434 725 principes
1474 657 1544 710 ab
1582 657 1798 712 Herode
1835 667 1966 713 tunc
2003 676 2132 729 rege

551 739 875 810 interrogati
903 761 914 796 :
951 743 1148 810 Dicite,
1185 747 1278 800 ubi
1311 746 1566 804 Christus
1593 749 1872 804 nascitur?
1899 765 2130 820 reSpon-

550 828 788 884 derunt:
824 833 880 886 In
919 832 1198 890 Bethleem
1223 837 1447 893 civitate
1483 837 1705 904 Iudaeae,
1755 849 1815 894 ιιι
1846 840 2134 910 prophetae

549 927 770 992 dicunt;
825 929 899 983 ita
954 939 1016 982 ut
1072 929 1340 995 Herodes,
1399 931 1604 985 invidia
1645 932 1926 986 nascentis
1961 930 2130 1001 regis,

549 1028 760 1072 tantum
821 1036 1120 1090 puerorum
1175 1023 1513 1076 occisionem
1579 1023 1828 1092 jusserit.
1888 1022 2132 1078 Joannes

551 1108 794 1179 Baptista
837 1127 1021 1168 nonne
1065 1129 1132 1167 ex
1169 1113 1374 1168 Judzeis
1412 1113 1624 1168 oritur?
1677 1115 1746 1168 ad
1800 1129 1966 1184 quem
1998 1124 2132 1170 tunc

551 1201 825 1256 miserunt
867 1204 1036 1258 vestri
1074 1213 1257 1274 patres
1303 1205 1708 1276 interrogantes
1766 1214 1956 1260 utrum
1988 1218 2133 1262 esset

549 1291 824 1358 Christus,
850 1305 910 1350 et
931 1295 1071 1350 dixit
1098 1313 1112 1349 :
1145 1313 1164 1347 ι
1199 1296 1319 1350 Non
1343 1312 1466 1350 sum
1486 1313 1620 1367 ego;
1664 1317 1680 1349 ι
1711 1298 1807 1351 sed
1837 1299 2136 1353 ostendens

553 1383 662 1436 illis
691 1382 974 1439 Christum
1014 1385 1152 1440 dixit
1180 1404 1192 1438 :
1234 1405 1251 1436 ι
1283 1385 1384 1442 llic
1419 1395 1504 1441 est
1533 1402 1707 1455 agnus
1741 1388 1837 1442 Dei
1869 1389 1964 1456 qui
1993 1388 2138 1442 tollit

552 1483 838 1543 peccatum
878 1476 1070 1529 mundi
1118 1478 1183 1530 ηε
1218 1496 1238 1528 v

2243 477 2342 546 τῆς
2369 477 2658 545 συνηθείας
2688 476 3086 544 ἀναγκάζεσθεο
3130 478 3258 539 τοὺς
3284 475 3391 528 ἀπὸ
3435 477 3529 546 τῆς
3564 476 3836 547 Περσίδος

2243 566 2338 619 ἐπὶ
2367 568 2466 636 τὴν
2503 565 2867 638 Παλαιστίνην
2895 569 3239 638 περάσαντας
3271 566 3494 636 Μάγους
3519 567 3621 619 οὐκ
3666 567 3833 634 ἠκού-

2244 674 2372 710 σατε
2397 659 2461 710 ἐκ
2486 657 2639 721 θείας
2668 659 3020 729 χρησμῳδίας
3052 661 3191 727 μετά
3227 658 3457 727 ἀστέρος
3495 659 3830 728 ἀγομένους,

2240 749 2292 802 οἳ
2341 747 2419 819 τῷ
2467 749 2688 821 Χριστῷ
2728 751 3204 820 προσκυνήσαντες
3244 749 3393 820 δῶρα
3437 751 3826 820 προσήγαγονς

2247 841 2368 911 μεθ’
2399 836 2474 895 ὧν
2525 841 2578 894 oi
2621 841 2743 894 τότε
2790 841 2944 912 ὑμῶν
2979 843 3256 912 ἀρχιερεῖς
3309 840 3390 911 τῷ
3445 841 3568 893 τότε
3618 839 3830 910 βασιλεῖ

2255 931 2470 1003 Ἡρώδῃ
2495 932 2871 1001 συντυχόντες,
2903 929 3048 985 εἷπε·
3079 930 3189 984 Ποῦ
3227 933 3256 984 6
3278 929 3517 1000 Χριστὸς
3542 931 3804 996 γεννᾶται
3813 942 3838 991 ;·

2243 1022 2336 1077 καὶ
2357 1017 2509 1077 εἷπον
2539 1026 2717 1094 αὐτῷ·
2745 1025 2832 1078 Ἐν
2856 1021 3106 1094 Βηθλεὲμ
3132 1024 3198 1092 τῇ
3227 1020 3380 1074 πόλει
3413 1021 3512 1089 τῆς
3544 1019 3834 1084 Ἰουδαίας,-

2243 1113 2424 1177 καθὼς
2451 1115 2502 1167 oi
2527 1117 2802 1188 προφῆται
2830 1114 3081 1181 λέγουσιν
3105 1129 3119 1142 ·
3157 1111 3231 1172 ῶς
3253 1111 3346 1164 καὶ
3377 1110 3703 1180 ζηλώσαντα
3735 1112 3828 1164 τὸν

2255 1204 2506 1275 Ἡρώδην
2557 1205 2656 1276 τὴν
2695 1207 3030 1273 ἀναφυείσαν
3081 1200 3383 1272 βασιλείαν,
3420 1201 3523 1270 τὴν
3554 1200 3828 1268 τοσαύτην

2245 1297 2644 1367 παιδοσφαγίαν
2703 1295 3058 1368 ποιήσασθαι.
3134 1295 3388 1364 Ἰωάννης
3436 1295 3465 1346 6
3517 1294 3830 1364 Βαπτιστὴς

2244 1391 2345 1443 ούκ
2389 1391 2447 1457 ἐξ
2489 1390 2757 1444 Ἰουδαίων
2797 1390 3129 1456 κατάγεταις
3176 1385 3314 1458 πρὸς
3371 1384 3432 1438 δν
3474 1383 3830 1438 ἀπέσταλκαν

2243 1481 2367 1534 τότε
2393 1483 2442 1535 οἱ
2473 1481 2711 1552 πατέρες
2734 1480 2888 1554 ὑμῶν
2914 1479 3226 1549 ἐρωτῶντες
3247 1479 3294 1530 εί
3324 1475 3488 1538 αὐτὸς
3514 1476 3545 1528 6
3569 1475 3830 1544 Χριστὸς,

553 1568 644 1622 καὶ
681 1565 851 1623 εἶπεν·
894 1589 912 1622 ι
947 1571 1061 1625 Ούκ
1091 1573 1210 1642 εἰμὶ
1240 1570 1368 1640 ἐγώ·
1395 1592 1414 1624 ι
1449 1572 1586 1626 ἀλλὰ
1620 1572 1800 1638 δείξας
1828 1573 2015 1636 αὐτοῖς
2043 1573 2136 1626 τὸν
2169 1572 2403 1643 Χριστὸν
2433 1568 2588 1626 εἶπεν
2617 1588 2632 1602 ³
2665 1591 2684 1624 ι
2739 1567 2909 1635 Οὗτός
2974 1572 3122 1624 ἐστιν
3175 1569 3203 1622 6
3251 1567 3423 1639 ἀμνὸς
3497 1563 3593 1620 τοῦ
3636 1565 3772 1618 Θεοῦ
3804 1568 3832 1618 6

551 1664 726 1733 αἴρων
756 1665 852 1734 τὴν
889 1665 1163 1734 ἁμαρτίαν
1195 1665 1287 1717 τοῦ
1318 1666 1546 1735 κόσμου.
1586 1687 1604 1720 ι

625 1755 896 1810 Praeterea
924 1755 1257 1811 Nicodemus
1305 1757 1564 1830 princeps
1598 1769 1805 1825 vester,
1841 1767 1897 1815 et
1930 1759 2134 1815 Natha-

2312 1757 2516 1811 Λοιπὸν
2551 1757 2863 1826 Νικόδημος
2893 1759 2922 1810 6
2953 1757 3140 1825 ἄρχων
3163 1753 3340 1824 ὑμῶν,
3374 1754 3470 1807 καὶ
3511 1751 3832 1820 Ναθαναὴλο

553 1846 698 1910 nacl,
730 1855 786 1900 et
813 1847 1016 1917 Joseph
1057 1847 1126 1901 ab
1152 1848 1504 1911 Arimathma,
1540 1858 1596 1905 et
1634 1851 1790 1906 Bizes
1809 1861 1865 1907 et
1902 1853 2137 1908 Alexan-

553 1939 672 2002 der,
705 1939 800 2009 qui
850 1954 976 1994 cum
1031 1939 1151 2009 ipso
1176 1940 1542 1996 comederunt
1573 1942 1628 1996 in
1659 1944 1867 2013 nuptiis
1897 1943 2139 2000 Simonis

552 2029 786 2098 Galilei,
837 2047 964 2086 cum
1007 2045 1208 2099 aquam
1255 2033 1313 2086 in
1346 2033 1536 2088 vinum
1580 2035 1843 2102 mutavit;
1890 2035 2140 2091 seniores

553 2126 649 2194 qui
697 2134 756 2179 ut
794 2126 956 2197 legati
993 2141 1025 2182 a
1066 2126 1398 2183 centurione
1433 2126 1588 2182 missi
1611 2133 1739 2182 sunt
1771 2137 1996 2199 propter
2020 2130 2140 2200 ejus

555 2216 728 2271 filium
775 2217 1130 2288 deprecaturi
1185 2237 1288 2293 pro
1342 2220 1502 2276 istius
1562 2221 1775 2286 salute;
1807 2221 2017 2293 Dignus
2055 2231 2141 2278 est

553 2311 723 2376 enim,
773 2310 1054 2378 dicebant,
1091 2315 1186 2384 qui
1216 2315 1322 2370 hoc
1349 2315 1651 2386 praestabit,
1681 2331 1806 2370 nam
1835 2326 1982 2371 amat
2007 2331 2142 2386 gen-

557 2413 690 2469 tem,
743 2414 800 2460 et
861 2421 1193 2478 synagogam
1240 2409 1360 2478 ipse
1410 2408 1706 2464 aediﬁcavit
1761 2409 1951 2476 nobis;
2007 2411 2141 2466 item

555 2495 740 2565 regius
789 2495 891 2550 iste
944 2497 1242 2567 proconsul
1298 2497 1473 2553 frater
1517 2499 1652 2556 Jairi
1700 2501 2139 2573 arcbisynagogi,

554 2587 715 2655 cujus
770 2585 945 2642 (ilium
993 2604 1189 2644 sanum
1259 2589 1413 2657 fecit,
1472 2591 1638 2647 istius
1681 2608 1906 2663 quoque
1959 2593 2141 2649 Jairus

558 2675 728 2730 frater
789 2677 1122 2747 deprecatus
1171 2680 1350 2747 illum,
1404 2683 1501 2751 qui
1556 2681 1724 2736 filiam
1779 2683 2066 2739 suscitavit
2111 2699 2142 2738 e

557 2769 828 2835 mortuis;
886 2769 1124 2840 Caiphas
1180 2781 1313 2828 tunc
1363 2783 1546 2829 vester
1585 2791 1836 2830 summus
1889 2775 2142 2830 Pontifex

555 2856 652 2926 qui
706 2859 1036 2914 consulebat
1068 2876 1236 2915 unum
1267 2862 1547 2918 hominem
1583 2863 1748 2930 mori,
1779 2881 1848 2919 ne
1885 2864 2143 2919 universa

554 2963 694 3018 gens
747 2950 988 3019 periret;
1023 2952 1179 3023 pueri
1214 2953 1383 3008 vestri
1437 2954 1741 3011 clamantes
1778 2971 1792 3009 :
1832 2973 1850 3006 ι
1885 2955 2143 3010 Hosanna

557 3037 697 3094 Filio
746 3039 940 3104 David,
980 3041 1328 3106 benedictus,
1362 3044 1456 3114 qui
1511 3046 1664 3100 venit
1697 3046 1752 3100 in
1784 3047 2003 3101 nomine
2033 3046 2134 3100 Do-

2241 1853 2333 1907 καὶ
2368 1851 2565 1924 Ἰωσὴφ
2585 1854 2614 1905 6
2642 1852 2739 1905 ἀπ’
2773 1849 3118 1920 Ἀριμαθίας,
3147 1848 3242 1901 καὶ
3276 1847 3441 1918 Βιζῆς
3481 1847 3578 1900 καὶ
3602 1845 3837 1910 δ’Λλέξο

2246 1945 2462 2015 ανδρος,
2505 1942 2554 1996 οἳ
2612 1943 2709 1997 καὶ
2742 1943 3048 2011 συνέφαγον
3075 1938 3224 2008 αὐτῷ
3253 1939 3312 1991 ἐν
3347 1938 3429 2007 τῷ
3456 1938 3624 2007 γάμῳ
3650 1937 3838 2006 Σίμω-

2241 2054 2330 2100 νος
2367 2035 2462 2089 τοῦ
2488 2035 2796 2100 Γαλιλαίου,
2823 2035 2880 2087 ἐν
2909 2028 2954 2102 ᾧ
2997 2033 3088 2086 καὶ
3121 2031 3181 2084 τὸ
3212 2029 3360 2101 ὕδωρ
3393 2033 3472 2094 είς
3508 2025 3654 2082 οἶνον
3697 2045 3836 2100 μετ-

2241 2128 2475 2183 έϐαλενο
2546 2129 2592 2180 oi
2621 2125 2985 2198 πρεσϐύτεροι
3031 2125 3082 2178 οἱ
3131 2125 3223 2177 ἐπὶ
3270 2123 3573 2193 πρεσϐείαν
3611 2121 3701 2175 διὰ
3739 2123 3836 2174 τὸν

2215 2203 2410 2274 ἠπαῐδα
2438 2219 2534 2274 τοῦ
2567 2219 2968 2291 ἑκατοντάρχου
3009 2217 3100 2271 ὑπ’
3130 2215 3296 2270 αὑτοῦ
3346 2215 3642 2278 σταλέντες
3669 2213 3836 2267 σκυλο

2241 2312 2398 2383 λῆναι
2427 2310 2592 2365 αὑτὸν
2606 2310 2694 2364 διὰ
2715 2311 2814 2382 τὴν
2837 2308 3114 2378 σωτηρίαν
3135 2305 3321 2370 αὐτοῦ,
3349 2306 3536 2371 Ἄξιος
3552 2307 3664 2378 γάρ
3689 2305 3835 2368 ἐστι,

2242 2399 2430 2470 φασὶν,
2467 2398 2496 2452 ὃ
2547 2398 2775 2470 παρέξει
2829 2398 3024 2460 τούτο,
3054 2395 3246 2465 ἀγαπᾷ
3279 2393 3392 2466 γὰρ
3429 2395 3490 2448 τὸ
3534 2394 3690 2457 ἔθνος
3739 2395 3836 2446 καὶ

2241 2492 2340 2564 τὴν
2367 2491 2688 2562 συναγωγὴν
2713 2489 2876 2553 αύτδς
2903 2488 3254 2560 ᾠκοδόμησεν
3285 2486 3439 2556 ύμϊν⁶
3491 2483 3522 2534 6
3549 2485 3836 2556 βασιλικὸς

2241 2583 2271 2635 6
2308 2581 2618 2644 ἀνθύπατος
2655 2581 2684 2633 6
2707 2579 2943 2649 ,ἀδελφὸς
2981 2577 3213 2650 Ἰαείρου
3252 2575 3347 2630 τοῦ
3370 2575 3831 2646 ἀρχισυναγώγου

2243 2668 2303 2728 οὗ
2333 2673 2424 2727 τὸν
2454 2672 2572 2726 υίὺν
2604 2671 2730 2740 ὑγιῆ
2765 2670 3015 2740 ἐποίησε,
3045 2670 3073 2722 6
3108 2670 3300 2722 τούτου
3331 2666 3563 2736 ἀδελφὸς
3604 2667 3832 2732 Ἰάειρος

2245 2761 2634 2834 παρακαλέσας
2672 2760 2834 2814 αὑτὸν
2892 2761 2988 2814 καὶ
3027 2760 3128 2831 τὴν
3181 2758 3460 2829 θυγατέρα
3511 2759 3735 2830 ἧγειρεν
3769 2759 3834 2810 ἐκ

2246 2855 2476 2926 νεκρῶν·
2518 2854 2778 2921 Καϊάφας
2807 2855 2836 2906 6
2859 2853 2981 2907 τότε
3019 2852 3314 2922 ἀρχιερεύς
3348 2849 3503 2921 ὑμῶν
3531 2853 3560 2902 6
3593 2849 3834 2920 συμϐου-

2244 2946 2444 3008 λεύσας
2493 2946 2590 2998 ἕνα
2638 2943 2930 3014 ἄνθρωπον
2981 2943 3276 2997 ἀποθανεῖν
3332 2940 3429 2994 καὶ
3475 2939 3552 3011 μὴ
3605 2940 3730 2994 ὅλον
3770 2941 3834 2993 τδ

2247 3036 2396 3099 ἔθνος
2429 3036 2747 3090 ἀπολέσθαιο
2793 3033 2850 3090 οἱ
2879 3033 3062 3095 παῖδες
3092 3032 3248 3102 ὑμῶν
3275 3033 3326 3083 oi
3353 3031 3478 3084 τότε
3507 3031 3833 3102 βοήσαντες,

558 3128 716 3194 mini,
761 3145 861 3184 rex
893 3131 1058 3187 Israel
1089 3133 1166 3199 ’°;
1203 3152 1220 3184 ι
1261 3106 1432 3189 Iudas
1462 3135 1774 3205 discipulus
1813 3137 1901 3192 cui
1937 3146 2142 3192 statuta

2255 3145 2272 3177 ι
2311 3127 2540 3180 Ὡσαννὰ
2562 3126 2638 3196 τῷ
2671 3125 2775 3194 υίῷ
2791 3124 2976 3188 Δαὸὶδ,
3003 3121 3371 3192 εὐλογημένος
3401 3122 3431 3174 6
3449 3121 3750 3192 ἐρχόμενος
3779 3123 3836 3174 ἐν

556 3228 689 3274 sunt
743 3222 972 3293 triginta
1018 3234 1276 3295 argentea
1331 3235 1392 3282 ut
1444 3227 1598 3282 illum
1649 3229 1810 3284 vobis
1862 3230 2142 3298 traderet;

559 3311 766 3366 milites
807 3313 1012 3383 quibus
1055 3315 1292 3371 dedistis
1332 3333 1610 3383 nummos,
1654 3329 1717 3373 ut
1768 3319 2020 3376 dicerent
2047 3338 2142 3376 vc-

559 3405 707 3458 nisse
731 3404 1036 3475 discipulos
1065 3407 1212 3461 illius
1252 3419 1411 3464 nocte
1449 3421 1507 3464 et
1536 3411 1730 3468 tulisse
1770 3412 1946 3481 illum,
1984 3415 2146 3470 nobis

561 3495 1013 3566 dormientibus;
1059 3499 1334 3569 Josepinus
1379 3502 1618 3572 scriptor
1656 3513 1862 3565 vester.
1914 3507 2010 3576 qui
2076 3507 2145 3562 de

559 3587 782 3643 Christo
829 3589 990 3655 dixit,
1022 3591 1202 3648 virum
1226 3595 1436 3664 justum
1466 3605 1526 3650 et
1562 3595 1769 3650 bonum
1800 3597 1986 3652 divina
2017 3613 2144 3668 gra-

563 3680 637 3735 tia
677 3681 1014 3738 declaratum
1049 3700 1193 3749 esse,
1245 3687 1416 3756 signis
1443 3696 1498 3741 et
1530 3689 1815 3744 miraculis
1845 3691 1900 3744 in
1943 3691 2146 3746 multos

563 3770 1026 3828 benefacientem.
1055 3773 1244 3845 Cujus,
1273 3775 1579 3831 secundum
1615 3778 1963 3848 prophetam,
2005 3779 2148 3834 divi-

563 3873 755 3918 serunt
777 3865 1105 3921 vestimenta
1131 3875 1187 3921 et
1216 3875 1422 3922 sortem
1447 3869 1748 3925 miserunt?
1771 3872 1930 3940 cujus
1951 3887 2147 3926 manus

561 3962 619 4006 et
661 3952 830 4022 pedes
874 3953 1166 4009 foderunt?
1218 3955 1391 4022 Quem
1447 3969 1603 4012 aceto
1658 3967 1715 4014 et
1755 3959 1882 4015 felle
1916 3971 2146 4031 potave-

563 4053 696 4098 runt
749 4045 804 4100 in
864 4046 954 4101 siti
1005 4047 1156 4103 illius
1203 4049 1273 4106 de
1320 4065 1485 4106 cruce
1537 4051 1870 4122 pendentis?

634 4310 711 4364 De
745 4327 858 4380 quo
883 4310 1022 4366 dixit
1047 4311 1261 4384 Moyses
1295 4331 1310 4368 :
1347 4331 1366 4363 ‹
1403 4313 1676 4370 Videbitis
1706 4314 1876 4370 vitam
1908 4326 2146 4371 vestram

563 4413 692 4456 ante
724 4412 936 4458 vestros
967 4406 1162 4460 oculos
1191 4405 1549 4475 pendentem,
1579 4416 1636 4461 et
1674 4423 1784 4461 non
1817 4409 2096 4463 credetis?
2121 4430 2139 4461 ι

563 4493 701 4550 Nam
739 4495 783 4549 si
816 4495 1119 4552 crederetis
1140 4497 1330 4569 Moysi,
1360 4498 1668 4554 crederetis
1694 4499 1862 4554 etiam
1892 4500 2139 4557 Christo.

566 4583 793 4649 Verum,
847 4585 994 4640 sicut
1045 4602 1156 4641 non
1211 4587 1511 4642 voluerunt
1545 4587 1623 4642 illi
1669 4589 1995 4646 obedientes
2024 4590 2144 4646 ﬁeri

564 4685 750 4747 patres
774 4677 963 4742 vestri,
989 4678 1084 4733 sed
1116 4679 1438 4748 repulerunt
1459 4689 1516 4735 et
1535 4683 1787 4738 conversi
1820 4691 1953 4737 sunt
1978 4685 2147 4740 corde

562 4785 666 4824 suo
711 4770 765 4823 in
793 4769 1108 4842 Egyptum,
1145 4771 1395 4828 dicentes
1428 4774 1608 4828 Aaron
1636 4791 1648 4827 :
1689 4774 1798 4830 Fac
1831 4775 1994 4832 nobis
2015 4776 2148 4833 deos

563 4863 659 4933 qui
692 4864 1006 4933 prmcedant
1030 4881 1163 4926 nos;
1194 4864 1364 4936 Moysi
1391 4867 1539 4921 enim
1579 4867 1671 4922 isti
1699 4869 1794 4936 qui
1829 4869 2020 4923 eduxit
2048 4885 2151 4924 nos

563 4973 596 5012 e
640 4965 783 5011 terra
829 4956 1066 5028 Egypti,
1095 4958 1370 5013 nescimus
1400 4959 1534 5029 quid
1582 4961 1883 5027 acciderit;
1911 4970 1965 5017 et
2006 4962 2150 5018 fece-

565 5059 697 5102 runt
725 5050 958 5103 vitulum
1009 5049 1064 5110 in
1105 5049 1304 5104 diebus
1357 5051 1469 5104 illis
1508 5061 1562 5106 et
1591 5051 1942 5107 adduxerunt
1974 5053 2149 5106 sacri-

567 5139 688 5194 ﬁcia
732 5141 896 5202 idolo.
935 5151 992 5196 et
1037 5143 1204 5197 laztati
1257 5153 1387 5197 sunt
1446 5143 1499 5197 in
1557 5145 1823 5214 operibus
1883 5161 2146 5199 manuum

565 5247 810 5286 suarum.
864 5233 992 5288 lllos
1036 5243 1221 5288 autem
1268 5235 1436 5290 vertit
1485 5235 1634 5288 Deus
1665 5246 1723 5290 et
1770 5235 1998 5290 tradidit
2027 5236 2147 5290 illos

567 5332 626 5376 ut
664 5325 938 5380 servirent
982 5326 1192 5383 militiae
1248 5328 1374 5382 εαξη
1425 5329 1507 5394 ¹¹;
1547 5337 1606 5381 ιιι
1649 5329 1916 5398 scriptum
1951 5339 2037 5382 est
2091 5328 2146 5383 in

567 5410 712 5465 libro
738 5413 1138 5484 Prophetarum
1169 5435 1184 5472 :
1223 5437 1240 5469 ι
1277 5418 1397 5472 Νοη
1426 5418 1834 5472 immolationes
1867 5426 1924 5472 et
1978 5419 2146 5472 sacri-

569 5501 692 5558 llcia
722 5507 1002 5564 obtulistis
1031 5510 1163 5564 mihi
1211 5511 1372 5566 annis
1398 5510 1763 5582 quadraginta
1812 5511 1866 5566 in
1905 5510 2144 5575 deserto,

655 5684 873 5741 "Joan.
919 5703 953 5750 ι,
997 5687 1086 5742 29.
1168 5690 1211 5718 ²⁰
1253 5687 1443 5742 Matth.
1487 5704 1593 5754 x-xi,
1637 5687 1689 5742 9.
1767 5687 1810 5719 “
1847 5685 2049 5741 Jcrem.
2086 5701 2200 5751 vm,

2246 3220 2471 3288 ὀνόματι
2501 3217 2707 3288 Κυρίου
2746 3215 2998 3287 βασιλεὺς
3032 3213 3127 3268 τού
3175 3212 3450 3284 Ἰσραήλ.»
3498 3213 3556 3267 Ὀ
3582 3211 3834 3283 μαθητὴς

2259 3311 2459 3373 Ἰούδας
2499 3310 2558 3374 δς
2589 3311 2859 3380 ἐστήσατο
2897 3307 3195 3380 τριάκοντα
3241 3306 3486 3377 ἀργύρια
3527 3307 3616 3358 ἵνα
3670 3303 3834 3358 αὑτὸν

2247 3402 2563 3473 παραδώσει
2595 3402 2746 3470 ὑμῖν
2795 3400 2844 3452 ol
2877 3399 3208 3469 στρατιῶται
3241 3391 3592 3476 οἶς-ἐδώκατε
3624 3397 3695 3450 τὰ
3727 3397 3831 3465 ἀρ-

2245 3493 2411 3562 γύρια
2443 3491 2586 3545 ὥστε
2630 3493 2806 3544 εἰπεῖν
2831 3491 2915 3544 ὅτι
2949 3490 3013 3543 υἱ
3047 3488 3291 3558 μαθηταὶ
3327 3487 3494 3541 αὐτοῦ
3523 3487 3718 3547 νυκτὸς
3744 3487 3832 3539 ἐλ-

2248 3585 2430 3647 θόντες
2465 3583 2700 3652 ἔκλεψαν
2743 3582 2904 3636 αὑτὸν
2936 3581 3093 3652 ἡμῶν
3139 3579 3531 3652 κοιμωμένων·
3568 3579 3833 3648 Ἰώσηπος

2247 3679 2274 3728 6
2314 3673 2670 3745 συγγραφεὺς
2709 3672 2864 3744 ὑμῶν
2887 3671 2945 3735 ὃς
2975 3672 3164 3741 εῐρηκε
3199 3671 3326 3740 περὶ
3361 3667 3605 3740 Χριστοῦ
3637 3668 3830 3734 λέγων,

2247 3768 2441 3839 ἀνδρὸς
2481 3767 2692 3821 δικαίου
2747 3765 2841 3818 καὶ
2891 3763 3099 3832 ἀγαθοῦ
3132 3765 3196 3815 ἐκ
3238 3764 3392 3825 θείας
3439 3762 3666 3830 χάριτος
3706 3761 3832 3811 ἁνα-

2246 3859 2571 3929 δειχθέντος,
2603 3856 2853 3928 σημείοις
2885 3856 2981 3907 καὶ
3007 3854 3233 3925 τέρασιν
3255 3850 3676 3922 εὐεργετοῦντος
3705 3849 3835 3902 πολ-

2247 3951 2391 4014 λούς.
2415 3950 2458 4002 Τ
2466 3949 2572 4012 ίνος
2603 3948 2745 4002 κατὰ
2771 3947 2866 4001 τὸν
2896 3949 3184 4016 προφήτην
3213 3944 3594 4016 διεμερίσαντο
3617 3946 3684 3995 τὰ
3710 3941 3834 4012 ιμά-

2247 4065 2336 4100 τια
2363 4048 2456 4100 καὶ
2485 4044 2676 4098 ἔϐαλον
2706 4043 2938 4114 κλῆρονς
2969 4043 3117 4105 τίνος
3149 4042 3338 4112 χεῖρας
3369 4038 3465 4093 καὶ
3495 4038 3666 4100 πόδας
3693 4037 3837 4106 ῶρυ-

2250 4139 2345 4205 ξαν
2363 4139 2510 4205 ;τίνα
2537 4138 2658 4205 ὅξος
2681 4137 2777 4191 καὶ
2794 4135 2952 4207 χολὴν
2970 4135 3234 4188 ἐπότισαν
3258 4135 3336 4198 είς
3361 4133 3460 4203 τὴν
3479 4131 3643 4200 δίψαν
3671 4126 3833 4184 αὐτοῦ

2249 4232 2342 4285 ἐπὶ
2371 4229 2608 4300 σταυροῦ
2645 4228 2993 4300 κρεμαμένου
3014 4244 3030 4292 ;

2320 4323 2455 4394 Περὶ
2480 4322 2623 4385 τίνος
2649 4320 2705 4373 δὲ
2726 4313 2848 4373 εἷπε
2869 4318 3112 4388 Μωῦσῆς
3135 4319 3218 4372 ὅτι
3246 4335 3265 4368 ι
3290 4316 3528 4386 Ὀψεσθε
3564 4317 3665 4388 τὴν
3690 4316 3834 4385 ζωὴν

2253 4414 2405 4486 ὑμῶν
2437 4411 2792 4484 κρεμαμένην
2843 4410 3107 4465 ἀπέναντι
3156 4409 3266 4462 τῶν
3319 4409 3622 4477 ὀφθαλμῶν
3649 4407 3822 4478 ὑμῶν,

2251 4506 2344 4559 καὶ
2372 4505 2431 4558 ού
2465 4505 2539 4574 μὴ
2570 4502 2926 4566 πιστεύσετε;
2962 4520 2979 4552 ι
3011 4500 3154 4554 ὥστε
3185 4501 3234 4553 εί
3255 4501 3575 4553 ἐπιστεύετε
3601 4501 3828 4568 Μωῦσῇ,

2243 4595 2564 4650 ἐπιστεύετε
2600 4592 2666 4645 ἂν
2703 4593 2800 4645 καὶ
2839 4590 2918 4661 τῷ
2943 4590 3187 4660 Χριστῷ·
3221 4590 3336 4644 ἀλλ’
3366 4589 3558 4659 ῶσπερ
3581 4593 3686 4642 οὐκ
3712 4587 3832 4656 ἠθέ-

2241 4685 2413 4754 λησαν
2437 4682 2588 4752 αὐτῷ
2610 4681 2843 4750 ὑπήκοοι
2875 4679 3129 4748 γενέσθαι
3158 4681 3209 4733 οἱ
3237 4680 3470 4750 πατέρες
3495 4680 3522 4732 αἱ
3534 4679 3676 4750 μῶν,
3699 4678 3830 4732 ἀλλὰ

2247 4775 2538 4830 ἀπώσαντο
2567 4773 2665 4827 καὶ
2693 4771 3128 4843 ἀπεστράφησαν
3179 4774 3247 4841 τῇ
3304 4769 3505 4841 καρδίᾳ
3537 4769 3721 4823 αι’·τῶν
3753 4771 3829 4830 είς

2248 4870 2542 4936 Αἴγυπτον,
2579 4864 2825 4927 εἰπόντες
2853 4864 2932 4934 τῷ
2965 4862 3196 4935 Ἀαρὼν,
3235 4863 3467 4930 Ποίησον
3504 4864 3639 4931 ἡμῖν
3680 4862 3826 4924 θεοὺς

2250 4960 2299 5013 οἳ
2348 4955 2821 5028 προπορεύσονται
2876 4954 3035 5024 ὴμῶν
3061 4971 3072 4984 ·
3126 4955 3154 5005 6
3184 4954 3294 5024 γὰρ
3327 4953 3565 5022 arma;
3596 4944 3748 5014 οὗτος
3772 4950 3827 5011 ὃς

2248 5052 2518 5120 ἐξήγαγεν
2547 5048 2690 5117 ἡμᾶς
2715 5047 2778 5098 ἐκ
2807 5046 2912 5114 γῆς
2939 5044 3241 5111 Αἰγύπτου.
3263 5044 3364 5096 οὐκ
3390 5042 3613 5112 οἴδαμεν
3648 5042 3701 5092 τί
3738 5040 3824 5108 γὲ-

2249 5129 2404 5210 γονεν
2454 5138 2622 5210 αὐτῷ’
2683 5137 2775 5190 καὶ⁵
2835 5137 3272 5206 ἐμοσχοποίησαν
3334 5139 3390 5185 ἐν
3447 5134 3569 5196 ταῖς
3599 5131 3824 5200 ἡμέραις

2249 5232 2510 5294 ὲκείναις,
2555 5228 2653 5282 καὶ
2693 5229 2968 5296 ἀνήγαγον
2997 5224 3188 5279 θυσίαν
3223 5225 3302 5294 τῲ
3343 5222 3572 5293 εἰδώλῳ,
3606 5224 3698 5275 καὶ
3743 5221 3822 5272 εύ-

2257 5325 2546 5394 φραίνοντο
2578 5323 2635 5373 ἐν
2657 5322 2766 5383 τοῖς
2787 5321 2970 5387 ἔργοις
3001 5317 3104 5370 τῶν
3130 5316 3330 5388 χειρῶν
3359 5317 3563 5370 αὐτῶν⁸
3598 5311 3822 5382 ἔστρεψε

2255 5415 2311 5468 δέ
2345 5415 2372 5467 ὀ
2401 5414 2531 5476 Θεὸς
2553 5411 2648 5464 καὶ
2686 5410 3000 5478 παρέδωκεν
3036 5407 3230 5469 αὐτοὺς
3261 5405 3548 5478 λατρεύειν
3568 5407 3638 5474 τῇ
3668 5419 3822 5471 στρα-

2255 5507 2346 5577 τιᾷ
2373 5506 2468 5560 τοῦ
2492 5501 2742 5576 ούρανοῦ·
2777 5501 2957 5559 καθὼς
2991 5501 3298 5570 γέγραπται
3337 5501 3394 5554 ἐν
3425 5502 3494 5571 τῇ
3527 5498 3693 5569 βίϐλῳ
3721 5494 3822 5548 τῶν

2239 5683 2272 5720 ι)
