3910 6300
202 297 358 360 1249

1227 287 1682 350 DlSPUTATIO
1719 286 2111 350 ADVERSUS
2149 289 2473 350 JUDEOS.

3322 290 3454 363 1230

200 407 518 482 προφητῶν
546 421 562 462 :
613 425 632 457 ι
654 404 748 474 Μὴ
781 404 994 473 σφαγὰς
1029 403 1122 457 καὶ
1171 401 1358 464 θυσίας
1385 400 1793 471 προσηνέγκατέ

1896 400 2089 455 domus
2140 402 2325 461 Israel,
2358 411 2415 456 et
2458 402 2744 472 recepistis
2771 402 3186 459 tabernaculum
3220 404 3454 479 Moloch,

203 517 310 570 μοι
365 498 460 568 ἐτη
486 496 894 567 τεσσαράκοντα
919 497 977 548 ἐν
1013 497 1078 564 τῇ
1113 493 1324 563 ἐρήμῳ,
1353 488 1502 554 οἰκος
1548 490 1784 560 Ἰσραὴλ,

201 589 313 641 καὶ
341 586 634 642 ἀνελάϐετε
665 585 766 655 τὴν
794 583 997 655 σκηνὴν
1026 585 1120 636 τοῦ
1143 582 1347 652 Μυλὸχ,
1378 581 1473 634 καί⁵
1500 581 1560 632 τὸ
1592 581 1790 649 ἄστρον

201 679 312 732 τοῦ
351 679 472 733 θεοῦ
523 676 676 748 ὑμῶν
726 675 943 744 Ῥεφάν,
974 674 1101 737 τοὺς
1131 672 1332 736 τύπους
1370 671 1464 736 οὒς
1501 674 1789 744 ἐποιήσατε

207 771 548 839 προσκυνεῖν
565 768 768 829 αὐτοῖς·
799 785 817 816 ι
841 766 935 819 καί¹
955 764 1211 837 μετοικιῶ
1234 765 1377 834 ὑμᾶς
1403 767 1658 817 ἐπέκεινα
1685 765 1790 818 Βα-

206 859 459 920 ϐυλῶνος
483 861 564 921 εἰς
603 856 809 927 σκηνὴν
838 852 934 907 τοῦ
976 853 1300 925 μαρτυρίου,
1332 854 1400 924 ἢν
1429 858 1542 917 τοῖς
1580 855 1790 924 πατρά-

209 965 307 1001 σιν
339 948 494 1016 ὑμῶν
524 949 582 1000 ἐν
613 949 679 1016 τῇ
715 947 931 1017 ἐρήμῳ,
959 944 1143 1007 καθὼς
1165 942 1447 1008 διετάξατο
1473 947 1501 996 ὁ
1519 944 1690 997 λαλῶν
1713 944 1792 1012 τῷ

207 1040 428 1107 Μωῦσῇ
475 1037 698 1106 ποιῆσαι
749 1036 922 1106 αὑτὴν
955 1035 1095 1087 κατὰ
1119 1033 1210 1086 τὸν
1240 1032 1412 1087 τύπον
1441 1033 1500 1086 ὃν
1536 1033 1789 1105 ἑωράκει·

207 1127 286 1196 ἢν
337 1127 432 1180 καὶ
481 1126 772 1196 εἰσήγαγον
829 1121 1200 1192 διαδεξάμενοι
1256 1125 1306 1175 οἰ
1358 1123 1592 1193 πατέρες
1635 1122 1793 1194 ὑμῶν

213 1219 366 1287 μετά
408 1217 581 1288 Ἰησοῦ
616 1218 675 1268 ἐν
691 1218 764 1286 τῇ
795 1214 1120 1283 κατασχέσει
1150 1213 1257 1266 τῶν
1296 1213 1464 1267 ἐθνῶν
1493 1209 1567 1268 ὧν
1594 1212 1794 1280 έξωσεν

211 1311 242 1361 ὁ
269 1309 406 1371 Θεὸς
442 1309 548 1361 ἀπὸ
598 1305 891 1376 προσώπου
922 1305 1031 1358 τῶν
1079 1305 1330 1376 πατέρων
1370 1305 1522 1376 ὑμῶν
1551 1305 1654 1369 ἕως
1685 1305 1793 1359 τῶν

213 1397 446 1468 ἡμερῶν
477 1397 662 1458 Δαϐἰδ,
697 1395 754 1458 ὃς
781 1388 906 1464 εὗρε
935 1395 1095 1465 χάριν
1119 1396 1351 1448 ἐνώπιον
1393 1395 1484 1446 τοῦ
1513 1394 1668 1458 Θεοῦ,
1699 1393 1793 1448 καὶ

213 1490 466 1558 ᾐτήσατο
501 1488 682 1557 εὑρεῖν
729 1487 995 1557 σκήνωμα
1025 1484 1104 1556 τῷ
1145 1486 1262 1556 Θεῷ
1296 1484 1507 1539 Ἰακώϐ·
1543 1483 1794 1556 Σολομὼν

217 1581 278 1632 δὲ
312 1578 662 1648 ᾠκοδόμησεν
690 1576 869 1646 έαυτῷ
903 1573 1071 1629 οἷκον*
1110 1577 1225 1630 ἀλλ’
1249 1577 1348 1646 οὐχ
1387 1579 1416 1630 ὁ
1445 1575 1705 1646 ’Υψιστος
1737 1578 1794 1629 ἐν

218 1671 627 1740 χειροποιήτοις
652 1671 797 1730 ναοῖς
820 1669 1087 1730 κατοικεῖ,
1122 1667 1303 1730 καθὼς
1333 1668 1362 1719 ὁ
1392 1671 1676 1739 προφήτης
1703 1667 1792 1720 λέ-

1887 501 1943 545 et
1985 501 2191 545 astrum
2249 492 2343 546 Dei
2392 492 2560 546 vestri
2615 493 2866 561 Replian,
2901 492 3168 563 imagines
3199 509 3336 562 quas
3375 495 3457 550 fe-

1887 581 2044 635 cistis
2081 581 2144 634 ad
2193 581 2531 635 adorandum
2561 583 2626 635 ".
2661 601 2678 632 ι
2708 582 2774 636 Et
2810 581 3135 638 transferam
3171 597 3270 637 vos
3315 584 3456 637 ultra

1889 676 2215 746 Babylonem
2269 675 2321 729 in
2360 675 2772 730 tabernaculum
2809 676 3107 731 testimonii
3153 675 3221 740 ”,
3255 695 3272 726 ι
3310 676 3456 746 quod

1891 767 1945 821 in
1994 768 2214 820 deserto
2239 767 2488 836 patribus
2519 767 2740 828 vestris,
2767 768 2910 822 sicut
2941 765 3220 821 mandavit
3249 766 3458 838 Moyses

1888 859 2128 928 loquens
2175 858 2290 913 ﬁeri
2342 859 2645 913 secundum
2677 858 2986 928 exemplum
3022 857 3168 927 quod
3217 857 3456 922 viderat;

1891 949 2037 1019 quod
2086 960 2368 1020 acceptum
2427 948 2856 1003 introduxerunt
2903 955 3088 1017 patres
3126 947 3295 1001 vestri
3333 963 3457 1001 cum

1889 1039 2020 1094 Jesu
2071 1040 2125 1094 in
2181 1040 2544 1109 occupatione
2587 1040 2831 1108 gentium
2882 1053 3019 1106 quas
3069 1038 3279 1106 expulit
3315 1038 3460 1118 Deus

1891 1145 1922 1184 a
1969 1139 2264 1199 conspectu
2326 1140 2540 1198 patrum
2572 1138 2879 1184 vestrorum
2911 1143 3086 1197 usque
3115 1128 3182 1181 ad
3215 1127 3332 1182 dies
3363 1129 3460 1182 Da-

1891 1222 2005 1285 vid,
2038 1222 2132 1291 qui
2156 1221 2612 1291 invenitgratiam
2639 1236 2826 1276 coram
2883 1221 3019 1286 Deo,
3073 1229 3131 1276 et
3161 1221 3462 1290 postulavit

1893 1321 1955 1366 ut
1996 1313 2300 1382 rcSpiceret
2353 1313 2766 1368 tabernaculum
2803 1314 2911 1368 Deo
2953 1312 3144 1368 Jacob.
3201 1312 3461 1368 Salomon

1894 1414 2076 1459 autem
2123 1403 2416 1459 aedificavit
2467 1403 2573 1459 sibi
2606 1404 2867 1469 domum';
2911 1403 3006 1458 sed
3051 1403 3366 1457 Altissimus
3403 1403 3460 1456 in

1892 1495 2116 1564 templis
2176 1494 2504 1550 manufactis
2553 1509 2662 1548 non
2717 1495 2948 1558 habitat,
3000 1495 3146 1548 sicut
3195 1495 3462 1564 propheta

1891 1587 2030 1642 dicit
2060 1604 2074 1639 :
2113 1603 2130 1636 ι
2158 1585 2370 1642 Caelum
2397 1585 2532 1639 mihi
2568 1586 2824 1649 thronus,
2854 1595 3001 1640 terra
3045 1595 3227 1640 autem
3255 1585 3460 1639 scabel-

1891 1679 2005 1733 lum
2033 1677 2234 1747 pedum
2272 1693 2519 1732 meorum
2544 1678 2612 1731 “.
2642 1697 2660 1730 ι
2684 1707 2753 1718 —-
2777 1696 2794 1728 ι
2819 1676 3044 1744 Qualem
3069 1677 3293 1730 domum
3325 1675 3459 1730 mihi

217 1728 329 1828 ξειξ
367 1777 384 1810 ε
443 1728 510 1811 ου’
542 1728 791 1829 οὐρανός
827 1774 918 1828 μοι
973 1728 1182 1828 θρόνος,
1231 1728 1351 1830 ήῗδὲ
1386 1728 1457 1829 vi;
1501 1728 1788 1812 ὑποπόδιον

1893 1728 2254 1834 ωάίεὶεδίιίε,
2309 1768 2448 1823 dicit
2499 1769 2786 1832 Dominus,
2841 1778 2936 1823 aut
2987 1769 3112 1838 quis
3155 1768 3264 1822 erit
3309 1767 3462 1822 locus

215 1849 334 1901 τῶν
387 1846 563 1900 ποδῶν
619 1864 744 1916 μου.
787 1865 806 1897 ι
831 1875 902 1884 -
940 1865 958 1896 ι
995 1845 1154 1898 Ποῖον
1206 1843 1355 1898 οἷκον
1407 1846 1789 1918 οἰκοδομήσετέ

223 1955 342 2006 μοι,
380 1938 528 2004 λέγει
567 1937 788 2008 Κύριος,
844 1937 876 2004 ἢ
923 1935 1006 1998 τίς
1043 1936 1208 1999 τόπος
1248 1935 1348 2005 τῆς
1394 1937 1790 2000 καταπαύσεώς

222 2043 366 2096 μους
399 2026 519 2094 οὑχί
568 2027 600 2094 ή
653 2026 775 2095 χείρ
822 2041 924 2092 μου
958 2024 1181 2094 ἐποίησε
1212 2023 1386 2077 ταῦτα
1434 2025 1687 2086 πάντας»
1720 2056 1790 2066 ~—

224 2136 243 2166 ε
283 2115 359 2168 Ὦ
405 2116 667 2180 Ἰουδαῖοι,
699 2114 1161 2185 σκληροτράχηλοι
1202 2116 1294 2168 καὶ
1326 2116 1687 2185 ἀπερίτμητοι
1721 2119 1787 2186 τῇ

219 2207 427 2278 καρδίᾳ
466 2207 561 2259 καὶ
605 2208 717 2270 τοῖς
750 2206 909 2271 ὠσὶν,
947 2207 1106 2275 ὑμεῖς
1147 2207 1235 2260 ἀεὶ
1277 2208 1355 2276 τῷ
1389 2209 1665 2277 Πνεύματι
1712 2209 1790 2277 τῷ

221 2299 370 2368 ἀγίῳ
403 2299 776 2359 ἀντιπίπτετε,
831 2296 906 2359 ὡς
957 2297 1051 2349 καί
1104 2296 1153 2348 οἰ
1197 2297 1430 2368 πατέρες
1466 2298 1636 2367 ὑμῶν·
1696 2300 1790 2350 καὶ

220 2387 555 2441 ἀπέκτειναν
575 2389 702 2450 τοὺς
732 2384 1306 2456 προκαταγγείλαντας
1343 2387 1471 2456 περὶ
1501 2388 1600 2457 τῆς
1634 2387 1788 2440 ἐλεύ-

223 2494 370 2540 σεως
399 2477 494 2530 τοῦ
535 2477 766 2531 δικαίου·
798 2478 860 2531 οὑ
905 2480 1085 2546 φονεῖς
1110 2478 1202 2531 καὶ
1225 2477 1478 2548 προδόται
1506 2480 1793 2547 γεγόνασιν
1822 2478 1826 2481 ’

219 2569 277 2622 οἱ
309 2569 366 2622 ὲν
398 2568 753 2638 Ἰερουσαλὴμ
779 2570 1012 2639 πατέρες
1044 2569 1232 2641 ὑμῶν;
1267 2588 1285 2621 ι
1319 2569 1474 2623 Οὑτω
1499 2573 1592 2623 καὶ⁵
1613 2572 1791 2642 ὑμεῖς,

218 2661 278 2714 οἱ
317 2660 542 2714 ἐκείνων
593 2660 780 2724 παῖδες
827 2660 1052 2726 τούτους
1095 2661 1425 2733 μιμούμενοι
1466 2660 1567 2725 τάς
1607 2661 1792 2730 φωνάς

1892 1845 2216 1914 morationis
2272 1860 2448 1914 meae?
2489 1860 2682 1914 Nonne
2732 1874 2928 1914 manus
2985 1875 3106 1914 mea
3167 1858 3298 1914 fecit
3347 1858 3462 1912 haec

1892 1948 2076 2004 omnia
2101 1949 2147 1982 ’³
2168 1950 2218 2002 2»
2241 1980 2308 1989 -
2337 1968 2354 2000 ι
2379 1948 2422 2004 Ο
2450 1949 2622 2004 Judaei
2645 1949 2799 2003 dune
2819 1950 3051 2004 cervicis
3077 1957 3133 2003 et
3163 1949 3461 2003 incircumo

1893 2037 1993 2091 cisi
2043 2037 2208 2092 corde
2238 2047 2295 2092 et
2343 2038 2605 2104 auribus,
2637 2055 2735 2094 vos
2763 2055 2981 2108 semper
3009 2039 3240 2108 Spiritui
3269 2047 3462 2094 sancto

1894 2126 2171 2191 resistitis,
2213 2127 2376 2182 sicuti
2425 2137 2607 2197 patres
2639 2131 2836 2195 vestri;
2881 2138 2937 2183 et
2967 2129 3292 2184 occiderunt
3319 2144 3458 2198 prae-

1893 2214 2212 2268 nuntiantes
2255 2215 2325 2269 de
2372 2216 2611 2270 adventu
2644 2217 2804 2287 justi.
2842 2218 3030 2271 Nonne
3080 2217 3462 2272 interfectores

1889 2313 1950 2358 et
1997 2305 2308 2373 proditores
2347 2307 2476 2360 facti
2527 2317 2657 2362 sunt
2709 2309 2764 2362 in
2802 2308 3102 2364 Jerusalem
3154 2317 3340 2378 patres
3367 2322 3461 2361 ve-

1891 2395 1989 2448 stri
2025 2395 2098 2448 “‘2
2131 2414 2146 2446 ι
2185 2395 2260 2450 Ita
2288 2404 2344 2450 et
2383 2412 2482 2450 vos
2529 2412 2720 2451 eorum
2757 2397 2878 2461 tilii,
2901 2412 2997 2452 eos
3045 2397 3327 2452 imitantes
3364 2411 3462 2450 vo-

1892 2500 1984 2540 ces
2011 2487 2402 2556 prophetarum
2437 2502 2546 2542 non
2575 2488 2888 2554 credentes,
2917 2488 3194 2544 Christum
3211 2488 3464 2544 odientes

1890 2579 2246 2646 permanetis,
2281 2579 2378 2649 qui
2431 2579 2729 2649 accepistis
2755 2579 2932 2652 legem
2959 2581 3016 2635 in
3043 2579 3462 2651 dispositionem

1892 2668 2212 2737 angelorum
2262 2677 2316 2723 et
2360 2684 2472 2723 non
2524 2669 2868 2726 custodistis.

217 2753 338 2809 τών
367 2754 660 2825 προφητῶν
710 2757 1087 2823 ἀπιστοῦντες,
1125 2756 1471 2830 μισόχριστοι
1505 2755 1814 2828 διαμένετε,
1847 2762 2044 2828 οἰτινες
2073 2763 2296 2820 ἐλάϐετε
2327 2765 2418 2820 τὸν
2445 2765 2612 2837 νόμον
2666 2769 2750 2831 εἰς
2783 2766 3051 2837 διαταγὰς
3078 2767 3349 2838 ἀγγέλων.
3369 2767 3465 2821 καὶ

218 2846 327 2897 οὐκ
356 2843 681 2912 ἐφυλάξατε.

298 2938 459 3004 Λέγει
482 2937 541 2990 δὲ
573 2938 633 2990 τὸ
663 2936 884 3008 Πνεῦμα
928 2939 988 2990 τὺ
1030 2938 1184 3006 ἀγιον
1214 2937 1302 2992 διά
1337 2940 1603 3009 στόματος
1630 2941 1793 2995 Δαϐἰδ

1966 2941 2108 2997 Dicit
2143 2951 2326 2996 autem
2369 2941 2610 3012 Spiritus
2638 2947 2864 2994 sanctus
2901 2953 2999 3008 per
3032 2953 3096 2992 os
3144 2937 3310 2992 David
3343 2954 3466 3008 pro-

223 3025 323 3080 τοῦ
357 3028 656 3097 προφήτου·
690 3048 708 3080 ι
730 3029 977 3100 Σήμερον
1006 3029 1099 3082 ἐὰν
1120 3029 1218 3099 τῆς
1235 3029 1416 3100 φωνῆς
1441 3030 1605 3085 αὑτοῦ
1627 3032 1792 3086 ἁκού-

225 3137 379 3190 σητε,
423 3120 498 3190 μὴ
549 3119 887 3190 σκληρύνητε
924 3119 1024 3184 τὰς
1059 3119 1286 3189 καρδίας
1316 3121 1469 3191 ὑμῶν
1514 3120 1590 3183 ὡς
1621 3123 1678 3174 ἐν
1713 3122 1792 3192 τῷ

225 3210 681 3281 παραπικρασμῷ
721 3211 863 3266 κατά
896 3212 994 3282 τὴν
1023 3211 1237 3282 ἡμέραν
1265 3211 1360 3264 τοῦ
1394 3211 1707 3283 πειρασμοῦ
1736 3217 1792 3266 ἐν

224 3304 294 3370 τῇ
337 3303 548 3373 ἐρήμῳ.
577 3297 636 3356 οὗ
679 3302 978 3374 ἐπείρασάν
1011 3320 1077 3372 με
1109 3303 1159 3354 ot
1202 3301 1433 3371 πατέρες
1462 3301 1638 3372 ὑμῶν,
1675 3303 1792 3356 ἐδο-

225 3393 470 3464 κίμασάν
515 3411 581 3464 με
629 3395 724 3448 καὶ
768 3390 908 3448 εἶδον
936 3393 1008 3446 τά
1045 3393 1183 3464 ἔργα
1227 3409 1352 3462 μου·
1383 3394 1794 3464 τεσσαράκοντα

224 3485 320 3556 ἔτη
341 3483 694 3553 προσώχθισα
715 3487 782 3558 τῇ
804 3485 968 3554 γενεᾷ
988 3483 1192 3554 ἐκείνῃ,
1213 3483 1308 3536 καὶ
1324 3478 1454 3537 εἶπα
1476 3499 1490 3514 ο
1507 3485 1622 3536 Ἀεὶ
1653 3484 1794 3537 πλα-

227 3572 426 3628 νῶνται
470 3576 535 3644 τῇ
573 3573 789 3644 καρδίᾳ·
822 3573 978 3626 αὐτοὶ
1009 3573 1068 3626 δὲ
1094 3572 1194 3625 οὑκ
1226 3571 1473 3640 ἔγνωσαν
1511 3573 1612 3636 τάς
1641 3573 1794 3638 ὁδούς

231 3681 352 3731 μου·
376 3663 452 3725 ὡς
475 3662 666 3732 ὤμοσα
694 3663 751 3716 ἐν
777 3665 845 3734 τῇ
869 3664 1004 3733 ὀργῇ
1040 3679 1162 3732 μου,
1193 3662 1256 3714 Εἰ
1287 3661 1682 3716 εἰσελεύσονται
1715 3646 1830 3728 εἰς⁸

226 3755 326 3824 τὴν
357 3753 702 3809 κατάπαυσίν
728 3769 854 3824 μουο
879 3772 899 3806 ι
934 3753 1049 3808 ἀλλ’
1077 3755 1138 3807 οὑ
1176 3754 1376 3818 πάντες
1407 3756 1456 3808 ot
1490 3755 1794 3821 ἐξελθόντες

227 3845 322 3900 ἀπ’
345 3846 624 3912 Αἰγύπτου
648 3846 916 3914 εἰσῆλθον·
944 3847 1363 3918 παρεπίκραναν
1401 3847 1511 3917 γὰρ
1539 3849 1588 3900 οἱ
1613 3865 1795 3918 παρα-

229 3935 524 3999 κούσαντες
571 3935 671 3988 καὶ
711 3936 1145 4006 ἀπιστήσαντεςο
1183 3937 1298 3988 τίσι
1347 3935 1406 3989 δὲ
1456 3935 1794 4008 προσώχθισε

226 4027 632 4096 τεσσαράκοντα
661 4025 776 4097 ἔτη,
811 4027 860 4078 εἰ
899 4025 974 4097 μὴ
1006 4030 1118 4091 τοῖς
1146 4027 1498 4098 ἀμαρτήσασι
1534 4026 1629 4080 καὶ
1658 4043 1796 4098 παρ-

227 4117 562 4185 ακούσασιν,
592 4111 668 4172 ὧν
708 4116 776 4169 τὰ
806 4116 957 4169 κῶλα
996 4116 1188 4173 ἔπεσον
1234 4118 1292 4169 ἐν
1329 4119 1397 4187 τῇ
1430 4117 1654 4188 ἐρήμῳ;
1685 4118 1793 4170 τίσι

227 4211 284 4266 δέ
321 4209 506 4280 ὤμοσε
547 4208 622 4280 μὴ
651 4207 912 4262 εἰσελθεῖν
935 4208 1014 4272 εἰς
1039 4209 1138 4278 τὴν
1161 4208 1504 4268 κατάπαυσιν
1528 4207 1715 4272 αὑτοῦ,
1743 4210 1792 4262 εἰ

1891 3035 2072 3106 phetae
2101 3051 2114 3084 :
2150 3052 2167 3084 ι
2203 3032 2375 3088 Hodie
2405 3035 2451 3088 si
2480 3046 2673 3087 vocem
2703 3031 2825 3101 ejus
2850 3029 3155 3095 audieritis,
3188 3045 3258 3085 ne
3288 3029 3467 3084 obdu-
3501 3057 3507 3062 -

1891 3137 2010 3182 rate
2050 3126 2216 3181 corda
2237 3133 2419 3180 vestra
2448 3125 2592 3179 sicut
2625 3123 2682 3178 in
2707 3121 3130 3179 exacerbatione
3165 3121 3466 3175 secundum

1892 3217 2040 3274 diem
2087 3217 2407 3272 tentationis
2449 3216 2504 3269 in
2553 3216 2798 3280 deserto,
2853 3213 2908 3267 in
2954 3229 3066 3281 quo
3120 3219 3468 3267 tentaverunt

1895 3324 1981 3363 me
2019 3317 2206 3379 patres
2257 3306 2450 3371 vestri,
2490 3305 2862 3375 probaverunt
2913 3311 2972 3358 et.
3015 3302 3273 3358 viderunt
3299 3316 3469 3372 Opera

1893 3413 2035 3452 mea.
2085 3395 2455 3466 Quadraginta
2497 3394 2657 3449 annis
2688 3392 2937 3448 infensus
2983 3389 3064 3444 fui
3121 3389 3468 3460 generationi

1894 3487 2048 3550 huic,
2081 3495 2136 3541 et
2184 3486 2294 3539 dixi
2331 3502 2344 3541 :
2381 3485 2608 3553 Semper
2633 3479 3040 3545 errantcorde;
3072 3477 3176 3550 ipsi
3199 3493 3330 3533 vero
3355 3494 3468 3533 non

1893 3584 2267 3648 cognoverunt
2307 3575 2425 3629 vias
2469 3589 2646 3639 meas;
2694 3572 2838 3626 sicut
2885 3571 3066 3642 juravi
3107 3569 3164 3625 in
3195 3569 3274 3624 ira
3304 3584 3464 3625 mea:

1894 3667 1950 3723 Si
1980 3667 2287 3721 introibunt
2315 3665 2370 3718 in
2390 3663 2634 3735 requiem
2657 3677 2834 3716 meam
2862 3661 2928 3715 ".
2965 3679 2983 3712 ι
3014 3660 3120 3715 Sed
3145 3675 3254 3714 non
3275 3675 3469 3714 omnes

1892 3758 2100 3828 egressi
2153 3773 2223 3812 ex
2272 3754 2506 3826 Egypto
2559 3753 2936 3816 introierunt;
2998 3751 3467 3805 exaeerbaveruut
3567 3811 3570 3817 ι

1892 3849 2040 3904 enim
2066 3863 2177 3902 non
2216 3847 2508 3900 audientes
2537 3859 2716 3912 neque
2754 3841 3064 3897 credentes.
3111 3839 3324 3905 Quibus
3366 3855 3469 3892 au-

1895 3949 2004 3994 tem
2058 3937 2304 3993 infensus
2331 3937 2436 3990 fuit
2467 3933 2826 4004 quadraginta
2860 3930 3041 3994 annis,
3088 3928 3194 3983 nisi
3228 3941 3466 4008 peccan—

1894 4031 2044 4084 tibus
2076 4037 2133 4083 et
2171 4043 2281 4082 non
2337 4024 2712 4088 audientibus,
2764 4037 3000 4092 quorum
3035 4017 3282 4074 membra
3325 4017 3472 4072 ceci-

1894 4121 2097 4176 derunt
2131 4120 2186 4173 in
2232 4118 2490 4172 deserto?
2532 4117 2744 4184 Quibus
2789 4124 2972 4170 autem
2997 4111 3205 4185 juravit
3248 4126 3358 4166 non
3385 4110 3470 4164 in-

1896 4207 2146 4263 troituris
2181 4206 2236 4259 in
2273 4206 2527 4276 requiem
2573 4220 2753 4270 suam,
2778 4202 2886 4258 nisi
2929 4217 3039 4256 non
3073 4197 3469 4256 credentibus?

231 4303 307 4372 μὴ
343 4269 456 4364 τοῖς
505 4269 852 4370 ἀπιθήσασις
885 4269 1007 4352 Καὶ.
1026 4269 1295 4367 βλέπομεν
1333 4299 1414 4352 ὅτι
1461 4300 1567 4353 οὑκ
1593 4269 1790 4370 ἠδυνή-

1895 4300 1962 4354 Ει
1997 4298 2245 4352 videmus
2266 4269 2373 4351 hos
2399 4310 2508 4350 non
2534 4295 2781 4365 potuisse
2809 4293 2881 4350 ob
2907 4290 3349 4348 incredulitatem
3381 4289 3468 4344 in-

179 4394 400 4470 ;‘0qaav
425 4390 687 4446 εἰσελθεῖν
741 4391 809 4444 δι’
843 4389 1104 4444 ἀπιστίαν
1124 4430 1140 4454 ,
1170 4389 1311 4460 πλὴν
1344 4389 1526 4443 Χαλὲϐ
1555 4391 1649 4444 τοῦ
1693 4391 1794 4444 Ἰε-

191 4478 401 4554 ἶξφωνὴ.
435 4485 527 4537 καὶ
560 4483 735 4552 Ἰησοῦ
767 4481 862 4536 τοῦ
893 4483 1070 4551 Ναυῆ⁸
1111 4481 1388 4548 ἑξακόσιαι
1429 4482 1793 4553 διεφθάρησαν

192 4551 484 4656 1ίχιλιάδες,
517 4573 720 4637 ταύτας
746 4573 856 4642 γὰρ
877 4573 978 4635 τάς
1003 4571 1255 4641 χιλιάδας
1288 4567 1442 4625 εἶπεν
1475 4551 1794 4642 ἐξεληλυθό-

194 4662 324 4734 ira;
367 4665 427 4729 ἐξ
465 4667 761 4734 Αἰγύπτου·
789 4662 884 4717 τοῦ
910 4663 1018 4732 γὰρ
1045 4663 1180 4716 Θεοῦ
1207 4666 1689 4734 παρεγγυήσαντος
1713 4665 1790 4728 εἰς

240 4755 330 4824 τὴν
387 4755 806 4826 ἐπηγγελμένην
849 4755 1060 4826 ἀπᾶραι
1104 4755 1229 4825 γῆν,
1275 4755 1528 4808 ἀντεῖπον
1570 4757 1791 4822 ἐκεῖνοι,

238 4843 662 4916 προϐαλλόμενοι
693 4845 786 4899 τὸν
823 4844 986 4914 φόϐον
1028 4843 1122 4898 καὶ
1149 4843 1209 4897 τὸ
1235 4843 1462 4915 μέγεθος
1492 4845 1600 4898 τῶν
1633 4844 1792 4899 πολε-

237 4934 408 5004 μίωνο
439 4927 501 4989 οὗ
543 4933 609 5005 δὴ
637 4934 797 5004 χάριν
843 4936 872 4988 ὁ
915 4936 1025 4988 τῶν
1053 4935 1190 4988 ὅλων
1217 4933 1350 4996 Θεὸς
1377 4934 1620 4999 ἅπαντας
1652 4935 1794 4990 κατά

233 5024 399 5096 μέρος
427 5025 485 5076 ἐν
508 5027 574 5094 τῇ
610 5025 804 5095 ἐρήμῳ
827 5025 1173 5078 κατανάλωσε
1191 5067 1208 5092 ,
1259 5023 1388 5089 τοὺς
1417 5026 1642 5080 ἐκείνων
1672 5029 1800 5080 παῖ-

232 5114 326 5180 δας
351 5115 466 5169 ἀντ’
489 5115 715 5170 ἐκείνων
745 5117 1064 5186 εἰσήγαγεν,
1087 5116 1256 5188 ἤγουν
1279 5117 1407 5181 τοὺς
1445 5117 1578 5188 περὶ
1614 5118 1794 5172 Χαλέϐ

233 5205 325 5258 τοῦ
367 5206 631 5275 Ἰεχωνίου
664 5207 758 5260 καὶ
804 5207 978 5278 Ἰησοῦ
1004 5207 1098 5260 τοῦ
1124 5209 1282 5278 Ναυῆ
1304 5209 1501 5273 αὑτοὺς
1523 5213 1795 5265 κατέπαυ-

235 5315 345 5351 σεψ
379 5299 474 5351 καὶ
512 5299 560 5350 εἰ
599 5297 853 5370 περὶτῆς
887 5297 990 5367 γῆς
1019 5297 1189 5368 αὑτῆς
1214 5301 1558 5354 κατάπαυσιν
1597 5304 1626 5354 ὁ
1656 5319 1792 5372 προ-

236 5394 410 5460 φήτης
459 5389 646 5459 εἰρηκε
700 5387 898 5442 Δαϐίδο
943 5389 1021 5451 εἰς
1049 5389 1263 5459 ἐκείνην
1303 5390 1412 5460 γὰρ
1455 5388 1660 5461 Ἰησοῦς
1697 5391 1794 5443 αὑ-

1850 4451 1854 4456 ,
1904 4381 2098 4451 lroire,
2123 4395 2321 4453 prater
2344 4386 2554 4442 Lhaleb
2576 4385 2746 4440 ﬁlium
2771 4385 3035 4456 .leplione,
3061 4387 3259 4442 etJesu
3293 4388 3461 4441 tilium

1900 4469 2069 4527 Nave.
2107 4473 2371 4530 Sescenta
2418 4475 2590 4529 millia
2641 4475 2990 4540 interierunt,
3046 4475 3268 4529 totidem
3318 4479 3464 4528 enim

1901 4564 2074 4619 millia
2092 4565 2225 4621 dicit
2246 4565 2529 4635 Scriptura
2546 4581 2764 4636 egressa
2795 4582 2863 4622 ex
2893 4566 3148 4639 Egypto.
3183 4567 3294 4622 Deo
3312 4568 3460 4621 enim

1907 4657 2242 4712 concedente
2275 4667 2336 4712 ut
2363 4658 2416 4712 in
2450 4658 2775 4727 promissam
2805 4658 2952 4713 irent
2986 4670 3213 4723 terrain,
3247 4667 3465 4711 eontra-

1905 4747 2163 4803 dixerunt
2192 4749 2292 4814 illi.
2324 4765 2430 4818 prae
2456 4764 2515 4804 se
2548 4749 2786 4806 ferentes
2815 4760 3018 4806 metum
3051 4759 3105 4806 et
3151 4751 3322 4804 robur
3369 4750 3468 4803 lio-

1903 4841 2093 4898 stium.
2125 4839 2299 4907 Quam
2331 4840 2405 4895 ob
2440 4854 2661 4896 causam
2695 4841 2866 4897 totius
2892 4841 3080 4896 mundi
3112 4840 3254 4895 Deus
3279 4854 3469 4893 omnes

1906 4933 2148 5004 singulos
2199 4935 2255 4987 in
2307 4933 2528 4987 deserto
2581 4932 2879 4995 destruxit,
2933 4932 3074 4988 Iilios
3125 4947 3314 4987 eorum
3372 4945 3469 5000 pro

1907 5027 2017 5081 illis
2049 5023 2368 5088 introduxit,
2405 5018 2617 5078 scilicet
2646 5041 2744 5095 per
2771 5024 2982 5080 Cbaleb
3016 5025 3184 5078 lilium
3220 5023 3468 5092 Jephone

1902 5131 1961 5176 et
2004 5118 2132 5176 Jesu
2196 5118 2364 5172 tilium
2415 5116 2566 5172 Nave
2616 5117 2704 5172 his
2755 5119 3001 5186 requiem
3047 5115 3218 5174 dedit.
3276 5118 3341 5172 Et
3401 5117 3469 5169 de

1904 5223 2048 5270 terra
2099 5213 2199 5268 ista
2261 5211 2500 5278 requiem
2576 5211 2715 5264 dixit
2792 5211 3056 5278 propheta
3135 5213 3348 5270 David:
3409 5213 3465 5269 in

1901 5324 2021 5362 eam
2043 5305 2189 5359 enim
2212 5303 2341 5360 Jesu
2367 5303 2490 5356 illos
2515 5304 2759 5370 requiem
2791 5303 3047 5372 perduxit
3073 5303 3132 5358 In
3164 5303 3250 5358 illa
3281 5311 3466 5358 autem
3528 5345 3537 5352 .

1902 5409 2018 5451 erat
2050 5397 2214 5451 etiam
2263 5395 2483 5450 divinus
2523 5392 2794 5466 interpres
2827 5395 3021 5462 David,
3070 5411 3196 5452 cum
3243 5394 3359 5450 hac
3387 5397 3470 5450 lo-

315 5613 360 5641 "
389 5615 553 5667 Amos
586 5631 635 5680 ν,
665 5614 756 5680 25,
782 5617 871 5670 26.
948 5619 995 5651 “
1027 5619 1156 5675 ibid.
1191 5619 1280 5676 27.
1357 5622 1403 5655 ’δ
1433 5622 1533 5676 tsa.
1568 5636 1713 5687 Lm,
1747 5623 1793 5678 1.

1901 5625 1920 5656 ⁸
1943 5623 2077 5679 ibid.
2154 5624 2200 5657 “
2228 5629 2346 5681 Act.
2374 5641 2471 5692 γη,
2504 5627 2593 5690 5|.
2624 5627 2713 5682 52.
2789 5627 2832 5662 "
2859 5623 3002 5683 Psal.
3032 5624 3337 5696 xstv,8-ll.
