4026 6308
532 192 659 255 1251

526 316 690 359 cutus
751 301 1028 356 nuntiavit
1066 299 1309 367 requiem
1360 312 1373 348 :

528 395 835 456 audieritis,
877 413 895 443 ι
957 400 1013 446 et
1065 405 1186 459 qua:
1230 394 1558 456 sequuntur.

600 672 741 741 Ergo
774 666 1106 735 relinquitur
1130 664 1273 719 alter
1311 661 1676 716 sabbatismus
1705 671 1758 714 et
1800 660 1970 714 altera
2013 675 2103 711 re-

530 765 709 832 quies,
759 776 880 831 quae
916 767 1000 812 est
1042 759 1097 812 in
1158 757 1439 812 Christum
1474 755 1628 819 ﬁdes,
1659 754 1800 808 sicut
1833 754 1969 807 dicit
2005 754 2108 805 Do-

533 857 713 908 minus
758 869 854 922 per
884 852 1179 906 .leremiam
1219 850 1541 920 prophetam
1576 864 1589 901 :
1631 867 1647 897 ε
1684 847 1825 899 Ecce
1859 844 1980 897 dies
2009 859 2104 897 ve-

531 948 716 1007 niunt,
757 952 813 999 et
864 953 1102 998 statuam
1159 940 1349 994 domui
1405 939 1569 992 Israel
1614 944 1671 990 et
1720 935 1903 989 domui
1967 933 2108 987 Juda

532 1043 923 1089 testamentum
985 1046 1184 1085 novum
1246 1030 1311 1082 ’⁸.
1353 1049 1369 1080 ι
1412 1028 1655 1082 Dicendo
1703 1040 1929 1086 novum,
1970 1024 2110 1077 anti-

532 1127 725 1195 quavit
764 1125 1000 1193 primum
1054 1142 1068 1180 :
1128 1124 1291 1178 «Non
1336 1121 1641 1176 secundum
1720 1129 2107 1173 testamentum

535 1215 678 1285 quod
718 1214 878 1268 statui
920 1229 953 1281 p
973 1213 1172 1267 utribus
1202 1226 1393 1265 eorum
1430 1211 1482 1264 in
1513 1210 1602 1264 die
1629 1224 1738 1278 quo
1767 1208 2108 1278 apprehendi

536 1322 755 1360 matmm
794 1307 913 1374 ejus
940 1317 999 1360 ut
1027 1308 1321 1359 (ducerem
1346 1318 1442 1357 eos
1471 1317 1501 1356 e
1530 1312 1677 1355 terra
1706 1299 1944 1371 Egypti,
1969 1314 2111 1368 quo-

535 1397 682 1448 niam
708 1395 809 1464 ipsi
837 1410 946 1447 non
971 1398 1427 1461 exSpeetaverunt
1466 1397 1852 1444 testamentum
1888 1402 2107 1451 meum;

536 1499 593 1540 et
627 1502 728 1555 ego
762 1486 976 1554 neglexi
1009 1499 1126 1546 eos,
1172 1484 1307 1537 dicit
1340 1481 1624 1544 Dominus,
1659 1480 1787 1550 quia
1834 1477 1979 1532 istud
2022 1487 2113 1531 ‘est

540 1584 929 1632 testamentum
952 1574 1098 1644 quod
1119 1583 1356 1628 statuam
1379 1571 1565 1625 domui
1588 1571 1777 1633 Israel,
1803 1568 1940 1623 dans
1966 1569 2112 1639 leges

1726 183 1783 239 S.
1830 178 2226 238 ANASTASII
2270 178 2595 237 SlNAlT.E

1416 313 1431 344 ι
1463 293 1632 345 lludie
1675 292 1717 343 si
1750 305 1938 343 vocem
1992 289 2110 358 ejus

2222 286 2340 350 τοὺς
2372 285 2735 339 κατέπαυσεν·
2773 287 2830 337 ἐν
2859 287 2993 356 αὐτῇ
3031 286 3084 339 δὲ
3116 283 3183 353 ἦν
3212 286 3303 338 καὶ
3326 285 3469 345 θεῖος
3498 282 3669 334 Δαεὶι
3702 284 3796 334 ὅτε

3645 169 3797 231 1232

2206 378 2379 432 ταῦτα
2424 377 2664 449 εἰρηκὼς
2706 379 3071 446 ἐπηγγείλατο
3116 379 3214 446 τὴν
3265 377 3655 430 κατάπαυσιν·
3710 374 3792 434 τὸ,

2213 489 2231 519 ¹
2261 468 2504 538 Σήμερον
2543 470 2637 522 ἐὰν
2657 467 2755 537 τῆς
2782 468 2967 537 φωνῆς
2991 469 3153 522 αὑτοῦ
3201 466 3472 538 ἀκούσητε
3498 508 3513 529 ,
3538 484 3557 516 ι
3596 465 3695 518 καὶ
3726 464 3795 515 τα

2207 560 2350 627 ἑξῆς-

2282 672 2345 723 "A
2358 689 2423 739 ρα
2446 671 2536 723 οὖν
2557 670 2909 724 ἀπολείπεται
2925 670 3008 722 Et:
3019 687 3108 739 ρος
3131 669 3498 738 σαϐϐατισμὸς
3515 668 3611 721 καὶ
3628 666 3795 734 ἑτέρα

2208 763 2571 824 κατάπαυσις,
2593 763 2712 831 ἥτις
2740 762 2887 814 ἐστὶν
2906 763 2985 824 εἰς
3004 762 3234 831 Χριστδν
3266 760 3470 821 πίστις,
3492 758 3678 820 καθὼς
3700 758 3793 809 λέ-

2210 869 2293 919 γει
2326 851 2525 921 Κύριος
2544 848 2909 919 διὲἹερεμίου
2937 848 3028 901 τοῦ
3049 850 3346 919 προφήτοψ
3377 867 3395 898 ι
3418 849 3551 900 Ἰδοὺ
3582 847 3791 916 ἡμέραι

2208 943 2575 1015 ἔρχονται,καὶ
2606 942 2927 1011 διαθήσομαι
2986 940 3063 1011 τῷ
3111 941 3244 1009 οἴκῳ
3308 940 3527 1011 Ἰσραὴλ
3564 941 3658 991 καὶ
3712 936 3794 1005 τῷ

2208 1037 2340 1104 οἴκῳ
2374 1034 2539 1087 Ἰούδα
2567 1033 2829 1103 διαθήκην
2861 1036 3108 1102 καινήνοι
3138 1036 3195 1084 ὲν
3234 1031 3310 1100 τῷ
3337 1032 3524 1098 λέγειν
3557 1030 3785 1099 καινὴν,
3827 1058 3844 1068 -

2212 1126 2559 1179 πεπαλαίωκε
2578 1126 2674 1194 τὴν
2704 1124 2944 1194 πρώτην*
2969 1142 2986 1173 ι
3005 1125 3079 1176 Οὐ
3110 1123 3251 1175 κατὰ
3277 1124 3377 1193 τὴν
3411 1122 3682 1189 διαθήκην
3725 1123 3791 1188 ἦν

2210 1216 2465 1287 διεθέμην
2489 1220 2602 1280 τοῖς
2634 1217 2908 1286 πατράσιν
2937 1215 3114 1269 αὐτῶν
3150 1219 3207 1267 ὲν
3245 1216 3428 1285 ἡμέρα
3459 1213 3791 1280 ἐπιλαϐομέ-

2211 1328 2302 1364 νου
2335 1329 2436 1381 μου
2471 1312 2566 1380 τῆς
2595 1308 2776 1380 χειρδς
2822 1309 2985 1361 αὑτοῦ
3015 1306 3302 1375 ἐξαγαγεῖν
3350 1308 3549 1369 αὐτοὺς
3588 1308 3654 1359 ὲκ
3682 1306 3790 1372 γῆς

2210 1402 2518 1470 Αίγύπτου,
2575 1402 2658 1453 ὅτι
2703 1400 2858 1451 αὐτοὶ
2900 1401 3000 1451 οὐκ
3051 1400 3337 1467 ἐνέμειναν
3376 1397 3479 1462 τὴν
3511 1396 3790 1466 διαθήκην

2216 1508 2339 1562 μου·
2362 1493 2453 1545 καὶ
2481 1490 2592 1558 ἐγὼ
2625 1491 2875 1560 ἠμέλησα
2907 1489 3126 1554 αὐτοὺς,
3161 1491 3295 1557 φησί
3324 1487 3554 1557 Κύριος,
3584 1488 3666 1539 ὅτι
3692 1487 3790 1539 αὖ·

2214 1602 2283 1653 τη
2320 1585 2357 1655 ἡ
2388 1583 2619 1654 διαθήκη
2654 1583 2723 1652 ἣν
2751 1580 3079 1652 διαθήσομαι
3115 1581 3192 1650 τῷ
3234 1579 3371 1647 οἴκῳ
3420 1579 3681 1650 Ἰσραὴλ,
3712 1580 3789 1631 δι-

540 1685 689 1723 meas
717 1669 771 1721 in
803 1676 1043 1721 mentem
1085 1680 1297 1727 eorum,
1326 1675 1383 1719 et
1411 1665 1465 1717 in
1495 1662 1661 1719 corde
1689 1676 1881 1715 eorum
1918 1660 2116 1713 inscri-

2222 1675 2337 1738 δοὺς
2376 1674 2573 1745 νόμους
2612 1691 2712 1745 μου
2763 1673 2842 1736 εἰς
2883 1672 2981 1742 τὴν
3024 1672 3260 1725 διάνοιαν
3296 1671 3477 1724 αὐτῶν
3502 1710 3516 1732 ,
3554 1673 3649 1724 καὶ
3700 1672 3792 1722 ἐπὶ

538 1763 662 1816 bam
694 1778 810 1825 eas,
840 1771 890 1816 et
928 1777 1026 1815 ero
1062 1760 1146 1814 eis
1194 1759 1247 1813 in
1292 1760 1487 1821 Deum,
1530 1765 1585 1811 et
1620 1756 1724 1825 ipsi
1781 1761 1944 1810 erunt
1982 1753 2113 1806 mihi
2166 1771 2187 1785 κ

542 1855 597 1908 ἰη
626 1854 889 1924 populum
917 1854 983 1906 η.
1024 1870 1040 1899 ι
1066 1883 1132 1891 -
1159 1870 1177 1901 ι
1206 1852 1377 1922 Igitur
1407 1849 1542 1903 ﬁdes
1570 1864 1635 1902 ex
1653 1848 1864 1911 auditu,
1897 1845 2119 1900 auditus

540 1954 721 1998 autem
770 1959 870 2014 per
902 1944 1129 1997 verbum
1164 1942 1262 1997 Dei
1290 1942 1354 2005 ⁸ο,
1390 1959 1409 1993 ι
1450 1947 1670 2010 oportet
1704 1938 1851 1993 enim
1879 1937 2116 2006 primum

543 2035 755 2098 audire,
803 2034 1002 2088 deinde
1057 2034 1112 2087 in
1165 2043 1348 2088 mente
1387 2040 1442 2085 ct
1488 2029 1654 2085 corde
1716 2028 1968 2098 accipere
2020 2026 2117 2080 Dei

542 2128 708 2180 verba
738 2136 794 2180 et
836 2126 1098 2191 credere;
1129 2126 1272 2179 sicut
1315 2143 1333 2173 ι
1362 2122 1636 2178 Abraham
1676 2120 2037 2175 crediditDeo
2064 2128 2120 2172 et

544 2224 858 2285 reputatum
909 2215 984 2269 illi
1018 2215 1072 2268 in
1101 2215 1369 2285 justitiam
1399 2213 1465 2267 ³¹.
1520 2231 1622 2263 ›-
1646 2230 1662 2261 ι
1694 2210 1959 2276 Quoniam
2010 2224 2119 2263 non

542 2307 934 2378 justiﬁeabitur
963 2322 1030 2360 ex
1081 2306 1343 2375 operibus
1389 2303 1526 2374 legis
1578 2301 1758 2357 omnis
1804 2316 1933 2355 caro
1966 2301 2027 2353 ³¹.
2095 2318 2114 2351 ι

543 2429 610 2438 --
642 2419 658 2450 ι
684 2399 1011 2467 Quicunque
1067 2398 1213 2451 enim
1248 2412 1315 2451 ex
1346 2395 1609 2465 operibus
1657 2394 1793 2464 legis
1835 2401 1983 2456 sunt,
2019 2392 2122 2446 sub

546 2489 839 2543 maledicto
872 2497 1036 2553 sunt;
1069 2487 1336 2556 scriptum
1360 2492 1446 2539 est
1479 2486 1625 2539 enim
1648 2502 1661 2536 :
1684 2484 2006 2538 Maledictus
2028 2484 2121 2554 qui

547 2594 656 2631 non
692 2585 975 2646 permanet
1000 2577 1054 2630 in
1082 2575 1341 2629 omnibus
1366 2589 1487 2644 quae
1517 2574 1720 2643 scripta
1742 2581 1870 2626 sunt
1900 2572 1955 2625 in
1979 2572 2125 2626 libro

550 2672 689 2737 legis
730 2672 795 2724 ad
848 2670 1159 2724 faciendum
1208 2684 1272 2722 ea
1324 2669 1387 2723 ³³.
1422 2687 1441 2720 ι
1495 2667 1782 2722 Neminem
1823 2676 2005 2721 autem
2068 2667 2143 2720 in'

551 2760 672 2828 lege
701 2758 991 2827 iustiﬁcari
1034 2756 1181 2825 apud
1220 2757 1415 2820 Deum,
1464 2757 1818 2825 perspicuum
1854 2765 1958 2818 est,
1995 2756 2123 2825 quia

545 2852 728 2919 justus
774 2865 840 2902 ex
888 2848 993 2901 ﬁde
1028 2847 1177 2900 vivet
1210 2847 1255 2877 “
1304 2846 1360 2899 in
1417 2845 1578 2914 ipsis;
1620 2844 1893 2897 Abraham
1939 2854 2124 2899 autem

549 2939 786 2995 credidit
838 2939 950 2993 Deo
994 2945 1050 2993 et
1102 2943 1417 3006 reputatum
1481 2946 1564 2989 est
1607 2933 1686 2988 illi
1732 2932 1789 2987 in
1827 2933 2115 3004 justitiam.

549 3033 863 3087 Pt-evidcns
895 3030 1184 3099 Scriptura
1211 3044 1277 3083 ex
1325 3028 1430 3083 ﬁde
1475 3026 1903 3099 justiﬁcaturum
1931 3036 2120 3097 gentes

551 3125 742 3188 Deum,
796 3121 1188 3194 praenuntiavit
1225 3120 1477 3176 Ablahte.

620 3334 841 3389 Noseile
881 3349 1010 3403 ergo
1052 3334 1154 3387 hos
1202 3333 1295 3402 qui
1346 3349 1414 3387 ex
1454 3331 1559 3387 ﬁde
1609 3341 1758 3397 sunt,
1808 3349 1930 3389 esse
1982 3333 2123 3391 ﬁlios

557 3425 805 3479 Abralue.
830 3444 846 3474 ι
874 3424 1301 3478 Αὺτείιατιιιιιοιη
1326 3424 1486 3480 dicta:
1501 3433 1629 3480 sunt
1654 3426 2045 3496 promissiones
2069 3435 2125 3481 et

553 3516 748 3570 semini
776 3516 922 3585 ejus;
945 3531 1054 3569 non
1098 3515 1233 3569 dicit
1266 3533 1278 3568 :
1306 3516 1365 3569 In
1387 3516 1688 3570 seminibus
1714 3518 1871 3586 quasi
1902 3519 1958 3573 in
1983 3521 2125 3573 mul-

556 3606 646 3667 tis,
692 3604 786 3658 sed
822 3605 973 3670 quasi
1010 3605 1065 3658 in
1096 3621 1227 3669 uno,
1261 3606 1319 3659 ln
1346 3607 1555 3661 semine
1589 3615 1703 3661 tuo.
1728 3606 1842 3663 Hoc
1864 3617 1949 3664 est
1975 3610 2122 3663 enim

561 3705 944 3749 testamentum
968 3705 1093 3749 ante
1118 3696 1499 3750 conﬁrmatum
1531 3712 1562 3750 a
1586 3696 1697 3752 Deo
1724 3697 1779 3750 in
1807 3697 2121 3763 Christum;

555 3791 640 3842 lex
672 3805 792 3858 qua:
830 3797 952 3858 post
979 3798 1255 3844 trecentos
1287 3789 1507 3860 triginta
1531 3805 1706 3844 annos
1731 3790 1870 3845 facta
1902 3799 1983 3845 est
2012 3807 2123 3846 non

557 3890 717 3935 uocet
738 3891 796 3935 ut
812 3882 1105 3951 abrogetur
1122 3882 1413 3951 promissio
1430 3882 1514 3933 δν.
1538 3899 1556 3932 ι
1583 3881 1647 3936 Et
1667 3891 1826 3936 vetus
1845 3881 2124 3953 Scriptura

557 3973 944 4028 tastamentum
993 3970 1090 4024 Dei
1140 3979 1300 4024 vocat
1356 3969 1499 4024 hanc
1551 3986 1672 4040 quae
1717 3972 1788 4027 ad
1849 3972 2123 4026 Abraham

553 4064 699 4120 facta
742 4072 826 4117 est
874 4062 1202 4132 promissio;
1252 4061 1508 4131 promisit
1546 4072 1730 4116 autem
1788 4078 1887 4132 per
1938 4078 2123 4119 semen

552 4156 788 4214 Abrahae
840 4154 1248 4213 benedicendas
1300 4169 1422 4209 esse
1466 4163 1657 4225 gentes
1715 4156 1886 4210 totius
1934 4156 2124 4210 mundi

554 4250 683 4315 Dei;
719 4249 824 4302 hoc
874 4263 1007 4302 vero
1036 4264 1227 4304 semen
1280 4248 1397 4317 ipse
1444 4256 1529 4304 est
1560 4249 1826 4305 Dominus
1852 4249 2123 4306 Christus.

2217 1767 2442 1838 καρδίαν
2471 1767 2650 1818 αὐτῶν
2678 1764 2969 1836 ὲςπιγρὰψω
2999 1763 3343 1827 αὐτούς-καὶ
3380 1765 3576 1834 ἔσομαι
3607 1764 3793 1826 αὐτοῖς

2217 1860 2297 1921 εἰς
2327 1858 2479 1922 Θεὸν,
2511 1857 2606 1910 καὶ
2631 1858 2783 1919 auset
2810 1856 3025 1910 ἔσονταί
3055 1873 3139 1925 μοι
3180 1857 3260 1919 εἰς
3282 1857 3427 1910 λαόν.
3462 1877 3481 1909 ι
3511 1887 3584 1896 -
3604 1875 3624 1906 ι
3653 1857 3794 1924 Ἄρα

2218 1947 2308 2001 οὖν
2337 1950 2367 2015 ἡ
2403 1948 2581 2009 πίστις
2607 1945 2666 2012 ἐξ
2697 1949 2888 2017 ἀκοῆς,
2916 1948 2948 2015 ἡ
2973 1946 3016 1998 δ’
3048 1945 3184 2015 ἀκοὴ
3213 1946 3300 1999 διὰ
3325 1948 3572 2018 ῥήματος
3596 1945 3787 1999 Θεοῦσι

2218 2039 2301 2091 δεῖ
2321 2038 2428 2108 γὰρ
2484 2040 2699 2108 πρῶτον
2732 2039 2987 2102 ἀκοῦσαι,
3017 2034 3137 2092 εἶτα
3162 2041 3219 2092 ὲν
3257 2039 3466 2109 διανοίᾳ
3506 2038 3606 2091 καὶ
3634 2040 3693 2090 ὲν
3726 2042 3791 2107 τῇ

2221 2133 2415 2200 καρδία
2459 2129 2716 2195 δέξασθαι
2762 2131 2856 2183 τοῦ
2890 2130 3025 2184 Θεοῦ
3079 2131 3301 2202 ῥήματα
3332 2131 3426 2184 καὶ
3476 2129 3793 2182 πιστεῦσαι·

2222 2221 2469 2291 καθάπερ
2496 2223 2587 2274 καί
2609 2241 2622 2253 ·
2659 2241 2677 2273 ι
2712 2222 2962 2294 ’Δὸραὰμ
2985 2224 3274 2275 ἐπίστευσε
3300 2222 3377 2292 τῷ
3408 2221 3550 2291 Θεῷ,
3569 2224 3665 2275 καὶ
3684 2221 3794 2274 ἐλο-

2206 2313 2380 2383 κγίσοη
2413 2312 2560 2383 αὐτῷ
2583 2314 2659 2377 εἰς
2688 2313 3052 2383 δικαιοσύνην.
3082 2333 3100 2365 ι
3134 2344 3203 2354 —
3240 2333 3258 2365 ι
3299 2314 3441 2367 Διότι
3474 2315 3537 2365 οὐ
3573 2314 3795 2367 δικαιω-

2223 2405 2444 2475 θήσεται
2495 2406 2552 2471 EE
2603 2406 2780 2475 ἔργων
2829 2406 2990 2476 νόμου
3032 2406 3181 2458 πᾶσα
3226 2404 3379 2475 σάρξ.
3421 2424 3441 2456 ι
3476 2434 3544 2446 --
3583 2422 3605 2455 ι
3642 2405 3792 2457 Ὅσοι

2223 2495 2331 2565 γὰρ
2355 2495 2414 2560 ἐξ
2439 2495 2615 2565 ἔργων
2644 2498 2808 2566 νόμου
2838 2497 2995 2558 aio-iv,
3027 2496 3131 2548 ὑπὸ
3160 2497 3406 2567 κατάραν
3430 2493 3559 2547 εἰσίο
3591 2499 3791 2564 γέγρα-

2224 2604 2354 2639 πται
2377 2587 2504 2657 γάρ·
2538 2587 2966 2658 Ἐπικατάρατος
2984 2587 3040 2650 ὃς
3064 2589 3163 2640 οὐκ
3184 2587 3409 2659 ἐμμένει
3441 2588 3501 2639 ἐν
3530 2587 3667 2639 πᾶσι
3687 2588 3791 2647 τοῖς

2224 2679 2630 2750 γεγραμμένοις
2665 2681 2723 2732 ὲν
2762 2681 2838 2750 τῷ
2883 2679 3072 2750 βιϐλίῳ
3097 2678 3191 2732 τοῦ
3218 2679 3404 2756 ,νόμου
3435 2678 3532 2731 τοῦ
3572 2678 3790 2748 ποιῆσαι

2225 2771 2381 2823 αὐτά·
2422 2788 2439 2820 ι
2474 2772 2554 2823 ὅτι
2586 2772 2640 2822 δὲ
2674 2772 2731 2823 ἐν
2783 2771 2931 2842 νόμῳ
2977 2772 3151 2834 οὐδεὶς
3173 2770 3473 2824 δικαιοῦται
3517 2771 3672 2838 παρὰ
3718 2770 3790 2836 τῷ

2224 2855 2362 2924 Θεῷ,
2396 2856 2552 2924 δῆλον
2586 2857 2667 2910 ὃτι
2697 2860 2724 2910 ὁ
2758 2857 2962 2921 δίκαιος
2991 2859 3056 2911 ὲκ
3083 2858 3319 2921 πίστεως
3353 2857 3582 2930 ζήσεται
3607 2862 3666 2911 ἐν
3701 2860 3793 2911 αὑ-

2227 2949 2357 3009 τοῖς
2385 2949 2412 2999 ὁ
2434 2946 2489 2999 δὲ
2539 2948 2785 3017 Ἀϐραὰμ
2825 2950 3111 3004 ἐπίστευσε
3151 2950 3227 3022 τῷ
3271 2950 3388 3021 Θεῷ
3420 2953 3518 3004 καὶ
3542 2949 3789 3020 ἐλογίσθη

2227 3037 2373 3108 αὐτῷ
2396 3039 2476 3101 εἰς
2501 3038 2866 3110 δικαιοσύνην*
2898 3040 3191 3110 προϊδοῦσα
3229 3039 3287 3093 δὲ
3316 3044 3350 3111 ἡ
3388 3042 3428 3093 Γ
3432 3042 3581 3112 ραφὴ
3610 3043 3693 3095 ὅτι
3730 3044 3792 3093 ὲκ

2228 3129 2462 3192 πίστεως
2490 3131 2689 3185 δικαιοί
2714 3133 2784 3186 τὰ
2803 3131 2927 3203 ἔθνη
2956 3134 2983 3186 ὁ
3009 3132 3163 3198 Θεὸς,
3193 3132 3697 3203 προευηγγελίσατο
3718 3133 3790 3202 τῷ

2238 3221 2508 3294 Ἀϐραάμ.

2296 3334 2598 3388 Γινώσκετε
2635 3334 2727 3389 οὖν
2762 3336 2870 3406 ἄρα
2898 3337 2981 3389 δτι
3012 3337 3061 3388 oi
3084 3336 3148 3388 ἐκ
3172 3334 3432 3400 πίστεως,
3465 3327 3614 3390 οὗτοί
3654 3336 3788 3388 εἰσιν

2224 3424 2332 3478 υἱοὶ
2371 3424 2638 3496 Ἀὕραάμο
2670 3426 2749 3495 τῷ
2774 3424 2832 3478 δὲ
2872 3424 3125 3494 Ἀϐραὰμ
3146 3424 3451 3496 ὲῤῥὲοησαν
3479 3425 3534 3479 αἱ
3562 3425 3790 3491 ἐπαγγε-

2224 3518 2334 3572 λίαι
2364 3518 2458 3571 καὶ
2473 3517 2550 3588 τῷ
2579 3516 2855 3589 σπέρματι
2881 3516 3066 3570 αὐτοῦ’
3095 3517 3156 3568 οὐ
3181 3515 3349 3583 λέγει,
3366 3515 3454 3568 Ἐν
3483 3516 3597 3578 τοῖς
3620 3516 3786 3584 σπέρ-

2181 3671 2185 3674 .
2228 3624 2413 3676 μασιν,
2438 3607 2511 3669 ὡς
2528 3606 2619 3659 ἐπὶ
2635 3605 2863 3671 πολλῶν,
2886 3606 3001 3659 ἀλλ’
3032 3604 3105 3668 ὡς
3126 3607 3212 3673 ἐφ’
3239 3605 3377 3669 ἑνὸς,
3408 3604 3497 3659 Ἐν
3512 3605 3597 3674 τῷ
3621 3607 3785 3675 σπέρ-

2230 3698 2359 3766 ματί
2412 3714 2526 3750 σουο
2559 3695 2718 3750 τοῦτο
2761 3697 2870 3767 γάρ
2914 3700 3032 3750 ἐστι
3061 3696 3293 3766 διαῦήκη
3325 3697 3786 3766 προκεκυρωμένη

2172 3864 2183 3869 ι
2228 3789 2331 3841 ὑπὸ
2363 3788 2457 3842 τοῦ
2487 3787 2619 3841 Θεοῦ
2654 3789 2734 3851 είς
2761 3786 3019 3858 Χριστὸν,
3048 3788 3077 3839 ὁ
3110 3787 3252 3857 μετὰ
3277 3788 3606 3857 τετρακόσια
3637 3788 3788 3857 τριά-

2226 3896 2391 3933 κοντα
2432 3879 2524 3950 ἔτη
2556 3878 2796 3948 γεγονὼς
2844 3878 3007 3949 νόμος
3028 3879 3132 3932 οὐκ
3168 3879 3365 3949 ἀκυροῖ
3390 3878 3474 3942 είς
3501 3877 3566 3931 τὸ
3588 3895 3789 3948 καταρ-

2227 3973 2391 4042 γῆσαι
2419 3971 2516 4041 τὴν
2545 3972 2897 4040 ἐπαγγελίαν·
2935 3971 3029 4025 καὶ
3051 3972 3085 4041 ἡ
3115 3970 3320 4024 παλαιὰ
3365 3969 3580 4041 Γραφὴί
3600 3968 3788 4039 διαθήο

2227 4080 2330 4132 κην
2353 4061 2447 4116 τοῦ
2476 4062 2610 4115 Θεοῦ
2639 4058 2795 4117 καλεῖ
2826 4061 2925 4131 τὴν
2955 4062 3089 4133 πρὸς
3128 4063 3220 4115 τὸν
3277 4061 3531 4133 Ἀϐραὰμ
3558 4077 3787 4131 γεγενη-

2230 4152 2400 4224 μένην
2430 4154 2798 4222 ἐπαγγελίανο
2848 4152 3211 4223 ἐπηγγείλπο
3246 4153 3304 4206 δὲ
3345 4152 3435 4207 διὰ
3480 4152 3788 4223 σπέρματος

2225 4245 2321 4300 τοῦ
2375 4246 2628 4317 Ἀὕραὰμ
2670 4247 2914 4314 εὐλογεῖν
2961 4246 3029 4299 τὰ
3074 4244 3205 4314 ἔθνη
3251 4247 3280 4298 ὁ
3327 4244 3439 4298 τῶν
3472 4244 3615 4298 ὅλων
3639 4244 3784 4307 Θεός·

556 4339 660 4394 Per
736 4338 891 4392 illum
966 4339 1113 4393 enim
1193 4337 1400 4391 exitum
1487 4339 1787 4408 promissio
1865 4341 2122 4397 obtinuit.

2228 4337 2384 4393 τοῦτο
2409 4338 2466 4391 δὲ
2498 4338 2559 4390 τὸ
2600 4337 2823 4408 σπέρμα
2868 4338 3032 4401 αὑτός
3095 4338 3244 4390 ἐστιν
3279 4339 3309 4392 ὁ
3353 4338 3635 4408 Δεσπότης
3663 4339 3790 4407 Χρι-

552 4430 687 4485 Nam
722 4428 768 4483 si
794 4444 857 4482 ex
889 4430 1006 4498 lege
1035 4438 1120 4482 est
1147 4430 1456 4493 haereditas,
1488 4445 1600 4485 non
1643 4438 1729 4486 est
1772 4447 1840 4485 ex
1882 4432 2125 4501 promis-

552 4522 747 4586 sione;
782 4521 1017 4575 Abrahae
1059 4532 1244 4577 autem
1294 4539 1393 4590 per
1436 4523 1858 4591 promissionem
1902 4524 2129 4579 donavit

552 4613 700 4669 Deus
725 4629 935 4667 semen.
958 4612 1102 4678 Quid
1128 4613 1297 4682 ergo?
1323 4614 1408 4667 lex
1432 4613 1934 4682 transgressionum
1960 4629 2124 4669 causa

546 4711 759 4759 statuta
798 4714 904 4767 est,
938 4703 1245 4772 usquedum
1294 4703 1513 4757 veniret
1559 4718 1748 4757 semen
1795 4702 1943 4771 quod
1996 4718 2127 4773 pro-

554 4796 782 4853 missum
809 4805 948 4857 erat,
981 4794 1047 4848 ad
1088 4794 1384 4849 utilitatem
1422 4802 1629 4848 statuta
1661 4804 1746 4849 est
1782 4793 1869 4849 lex
1911 4795 2130 4865 generis

555 4887 741 4957 hujus,
769 4902 835 4940 ex
866 4902 976 4956 quo
1005 4901 1192 4940 semen
1219 4880 1353 4940 illud
1378 4885 1618 4939 debebat
1655 4888 1960 4943 secundum
2004 4905 2128 4944 ear-

551 4994 683 5033 uem
723 4978 914 5042 exire;
964 4986 1167 5032 statuta
1204 4987 1290 5032 est
1326 4988 1509 5032 autem
1553 4978 1762 5049 angelis
1811 4964 2132 5037 minisiran-

556 5074 726 5132 tibus.
773 5081 829 5125 et
884 5072 1048 5141 hujus
1094 5069 1435 5124 institutioni
1483 5070 1664 5141 Moyse
1700 5070 1998 5126 serviente.
2035 5071 2130 5126 Sin

556 5174 742 5219 autem
802 5161 1025 5215 Judwus
1086 5159 1302 5213 vocaris
1362 5167 1418 5211 et
1480 5173 1805 5228 perseveras
1862 5159 1916 5212 in
1988 5160 2129 5230 lege,

553 5255 711 5322 quasi
758 5253 811 5305 in
859 5252 979 5322 lege
1018 5250 1278 5321 glorians,
1325 5265 1422 5319 per
1467 5233 1961 5319 transgressionem
2001 5250 2134 5321 legis

560 5346 729 5397 Deum
770 5343 1099 5407 inhonorus;
1187 5339 1541 5396 circumcisio
1588 5343 1737 5394 enim
1787 5341 2034 5410 prodest,
2087 5340 2130 5395 si

633 5519 676 5545 ”‘
711 5516 910 5569 Jerem.
954 5533 1098 5581 χχχι,
1141 5517 1228 5571 51.
1299 5517 1344 5548 ²⁹
1382 5515 1521 5571 ibid.
1564 5513 1651 5577 59.,
1696 5516 1782 5569 53.
1861 5515 1907 5547 ’°
1951 5514 2105 5569 Ιὶοιιι.
2146 5532 2195 5579 x,
2244 5516 2328 5568 17.

561 5583 608 5623 ³⁵
644 5587 815 5639 (lauit.
851 5590 1035 5653 1.1,10.
1258 5588 1303 5618 ³⁸
1338 5586 1469 5642 Ibid.
1514 5586 1599 5640 Η.
1663 5586 1727 5619 ³³·
1758 5585 1890 5641 ibid.
1927 5587 2013 5650 Hi,
2047 5587 2133 5639 17.

2232 4428 2375 4487 στάς·
2405 4425 2469 4478 δι’
2511 4424 2674 4478 αὑτοῦ
2703 4424 2813 4496 γὰρ
2845 4426 3018 4497 πέρας
3057 4427 3093 4496 ἡ
3141 4425 3433 4497 ὑπόσχεσις
3478 4428 3702 4482 ἐλαῶν·
3744 4428 3789 4480 εἰ

2230 4516 2339 4587 γὰρ
2384 4517 2448 4570 ὲκ
2495 4516 2660 4585 νόμον
2690 4517 2724 4586 ἡ
2757 4516 3113 4588 κληρονομία,
3152 4518 3253 4571 οὐκ
3280 4517 3429 4572 ἔστιν
3454 4517 3516 4582 ἐξ
3564 4521 3790 4587 ἐπαγγε-

2230 4607 2369 4670 λίας·
2422 4607 2500 4677 τῷ
2542 4609 2599 4660 δὲ
2649 4607 2900 4679 ’Δϐραὰμ
2932 4607 3001 4660 δι’
3047 4608 3383 4677 ἐπαγγελίας
3414 4610 3731 4679 κεχάρισται
3765 4612 3789 4663 ὁ

2233 4698 2365 4762 Θεὸς
2402 4697 2462 4753 τὸ
2497 4699 2740 4770 σπέρμα.
2766 4698 2831 4752 Τί
2860 4698 2983 4763 οὖν;
3024 4702 3055 4753 ὁ
3086 4700 3249 4771 νόμος
3278 4699 3388 4753 τῶν
3432 4699 3789 4771 παραϐάσεων

2236 4790 2395 4859 χάριν
2427 4768 2753 4859 προσετέθη,
2780 4789 2940 4861 ἄχρις
2972 4782 3034 4843 οὗ
3067 4768 3201 4857 ἦλθε
3232 4791 3293 4844 τὸ
3321 4768 3544 4862 σπέρμα
3572 4792 3601 4844 δ
3631 4794 3790 4862 ἐπήγ-

2238 4880 2443 4946 γελται,
2490 4880 2570 4942 εἰς
2616 4881 2938 4949 ἐπιμέλειαν
2974 4881 3134 4951 ἐτέθη
3182 4884 3211 4938 ὁ
3258 4882 3426 4951 νόμος
3468 4881 3788 4951 τοῦγένους.

2238 4973 2299 5038 ἐξ
2330 4968 2390 5027 οὗ
2433 4973 2492 5027 τὸ
2544 4974 2766 5046 σπέρμα
2800 4975 3024 5043 ἔμελλεν
3056 4977 3236 5029 ἐκεῖνο
3279 4976 3423 5029 κατὰ
3456 4976 3636 5046 σάρκα
3680 4976 3791 5045 {tia-

2241 5067 2475 5120 στάνειν’
2521 5068 2681 5137 ἐτέθη
2723 5067 2778 5120 δὲ
2817 5068 3062 5136 ἀγγέλων
3109 5068 3571 5139 ὑπουργούντων,
3612 5070 3703 5121 καὶ
3738 5071 3790 5135 τῇ

2239 5158 2427 5212 τούτου
2456 5159 2599 5211 θέσει
2624 5161 2902 5222 Μωῦσὲως
2936 5160 3330 5224 διακονοῦντος.
3366 5161 3428 5213 Εἰ
3461 5160 3520 5213 δὲ
3560 5160 3792 5221 Ἰουδαῖος

2238 5238 2493 5318 ὀνομάζει
2523 5250 2618 5303 καὶ
2651 5250 2976 5323 ἐπαναπαύῃ
3008 5251 3085 5325 τῷ
3118 5252 3289 5321 νόμῳ,
3323 5251 3398 5314 ὡς
3425 5255 3481 5305 ὲν
3506 5251 3658 5322 νόμῳ
3682 5269 3794 5304 καυ-

2240 5340 2458 5410 χᾶσθαι,
2484 5340 2570 5393 διὰ
2589 5341 2687 5410 τῆς
2704 5342 3060 5409 παραϐάσεως
3075 5342 3167 5395 τοῦ
3185 5344 3348 5411 νόμου
3360 5342 3452 5395 τὸν
3463 5340 3596 5394 Θεὸν
3613 5326 3793 5410 ἁτιμᾶἶ

2409 5516 2449 5547 ³¹
2492 5516 2630 5573 Gen.
2677 5534 2763 5583 xv,
2806 5517 3056 5583 G;Rom.
3103 5533 3172 5583 iv,
3215 5516 3267 5571 5.
3346 5517 3389 5548 ³²
3428 5515 3604 5570 Galat.
3638 5530 3693 5569 ιι,
3724 5514 3789 5575 l6.
