3910 6300
107 236 271 301 1253
1147 240 1517 299 DlSl’UTAT
1530 239 1600 297 l0
1636 240 1694 297 Al

1798 237 2029 299 ERSUS
2071 238 2395 297 JUDJSOS.
3233 293 3237 297 .
3263 241 3401 306 1254

101 354 266 415 ζεις·
291 351 561 423 περιτομὴ
583 351 912 421 μὲνὼφελεῖ,
942 353 1034 405 ἐὰν
1055 357 1216 424 νόμον
1239 355 1508 424 πράσσῃς
1546 351 1639 406 ἐὰν
1660 352 1694 405 δὲ

1821 353 1995 422 legem
2038 353 2459 419 observaveris;
2499 353 2544 408 sl
2578 369 2707 407 vero
2737 364 3114 425 transgressor
3144 356 3281 426 legis
3316 374 3396 423 es,

102 444 464 516 παραϐάτης
504 446 673 512 νόμου
731 443 818 521 ᾖς,
860 448 893 518 ἡ
927 449 1200 518 περιτομή
1250 438 1342 499 σου
1385 446 1694 518 ἀκροϐυστίς

1822 444 2177 499 circumcisio
2210 453 2301 498 tua
2324 446 2653 515 praeputium
2680 445 2820 501 facta
2846 459 2969 512 est;
3003 447 3146 502 sicut
3182 448 3258 502 ait
3307 448 3401 502 ,Ιο-

100 534 340 599 γέγονε,
369 533 511 587 καθά
542 553 706 605 φησιν
742 536 1044 607 Ἱερεμίας,
1075 538 1154 589 ὅτι
1191 556 1208 587 ι
1239 537 1424 591 Πάντα
1477 539 1545 589 τὰ
1592 535 1694 589 ξονι

1821 536 2024 590 remias
2046 554 2060 590 :
2084 556 2102 588 ι
2132 536 2337 593 Omnes
2355 548 2549 608 gentes
2569 538 2967 594 incircumcisxe
2992 554 3179 603 carne.
3205 539 3402 595 domus

99 625 479 697 ἀπερίτμητα
516 631 578 698 τῇ
615 631 799 698 σαρκὶ,
836 632 865 683 ὁ
897 630 954 684 δὲ
989 627 1134 693 οἶκος
1168 629 1382 701 Ἰσραὴλ
1406 630 1717 700 ἀπερίτμη-

98 734 210 781 τος
224 721 293 789 τῇ
310 719 515 789 καρδία.
548 738 671 771 ι--ι
694 721 1101 791 Περιτμηθῆναι
1117 720 1195 792 τῷ
1208 721 1326 792 Θεῷ
1342 722 1436 774 καὶ
1450 736 1718 791 περιτμη-

100 806 136 861 ο
149 809 403 880 ἦναιτὴν
434 810 799 882 ἀκροϐυστίαν
810 812 910 881 τῆς
924 810 1148 879 καρδίας
1170 810 1343 881 ὑμῶν.
1356 829 1479 861 »με
1492 810 1587 862 Διὰ
1604 811 1714 878 γὰρ

97 899 291 970 νόμου
326 901 624 969 ἐπίγνωσις
650 902 942 973 ἁμαρτίας·
980 901 1073 955 νῦν
1102 903 1212 971 γὰρ
1236 900 1550 970 δικαιοσύνη
1575 900 1711 953 Θεοῦ

99 992 509 1062 πεφανέρωται
539 994 969 1064 μαρτυρουμένη
997 994 1102 1047 ὑπδ
1135 993 1300 1064 νόμου
1328 995 1420 1047 καὶ
1445 994 1552 1046 τῶν
1579 1009 1712 1064 προ-

99 1083 335 1150 φητῶν·
368 1083 686 1154 δικαιοσύνη
721 1084 777 1137 δὲ
816 1085 951 1138 Θεοῦ
984 1084 1073 1138 διὰ
1107 1085 1342 1149 πίστεως
1368 1084 1542 1155 Ἰησοῦ
1572 1086 1707 1155 Χρι-

100 1175 252 1228 στοῦ
289 1178 370 1241 είς
420 1179 632 1242 πάντας
672 1179 767 1231 καὶ
801 1180 895 1231 ἐπὶ
928 1180 1140 1240 πάντας
1170 1180 1294 1241 τοὺς
1334 1179 1719 1242 πιστεύοντας·

94 1267 482 1339 δικαιούμεθα
511 1270 720 1342 δωρεάν
745 1274 813 1342 τῇ
847 1271 1015 1324 αὑτοῦ
1040 1271 1225 1341 χάριτι
1254 1271 1345 1325 διὰ
1373 1273 1471 1342 τῆς
1500 1269 1705 1323 ἀπολυ-

56 1394 71 1421 -ν
102 1359 377 1429 τρώσεως
408 1360 511 1429 τῆς
544 1363 603 1414 ὲν
640 1361 865 1432 Χριστῷ
906 1362 1103 1431 Ἰησοῦ.
1152 1381 1170 1414 ι

53 1445 75 1569 ί
192 1526 213 1559 ι
244 1507 588 1579 Λογιζόμεθα
634 1508 728 1565 οῦν
759 1508 942 1563 πίστει
992 1509 1341 1565 δικαιοῦσθαι
1403 1510 1703 1579 ἄνθρωπον

110 1606 298 1670 λωρς
341 1600 520 1671 ἔργων
552 1601 742 1672 νόμου.
768 1621 787 1654 ι
828 1602 926 1669 Τί;
966 1622 984 1654 ι
1030 1603 1305 1657 Ἰουδαίων
1344 1603 1374 1656 ὁ
1417 1603 1551 1665 Θεὸς
1607 1603 1702 1673 μό·

1818 642 1955 681 vero
1978 628 2141 682 Israel
2168 628 2556 683 incircumcisa
2576 629 2745 710 corde
2764 630 2828 682 ".
2861 649 2879 680 ι
2906 661 2977 669 ——
3011 650 3028 681 ι
3063 630 3397 685 Circumcidi

1817 717 1928 773 Deo
1967 727 2023 772 et
2063 718 2392 773 circumcidi
2443 719 2498 773 in
2543 721 2814 789 prmputio
2866 720 3051 775 cordis
3078 721 3339 777 vestri“.
3376 741 3392 773 ι

1813 838 1848 847 -
1916 827 1934 859 ι
1968 808 2073 862 Per
2107 809 2285 879 legem
2330 807 2478 863 enim
2528 810 2774 880 cognitio
2821 809 3071 878 peccati;
3102 796 3267 864 hunc
3304 811 3363 881 ju

1815 899 1966 953 stitia
2004 900 2098 954 Dei
2134 900 2483 956 manifestata
2515 911 2598 955 est
2632 900 2921 955 testiﬁcata
2959 917 2988 955 a
3037 902 3155 971 lege
3188 912 3243 955 et
3270 918 3398 971 pro-

1811 992 2035 1061 phetis;
2078 993 2296 1062 justitia
2345 1001 2529 1047 autem
2580 993 2675 1048 Dei
2712 1009 2809 1063 per
2844 994 3004 1047 ﬁdem
3036 992 3162 1048 Jesu
3188 994 3392 1048 Christi

1813 1080 1871 1134 in
1905 1097 2098 1136 omnes
2135 1091 2191 1137 et
2219 1097 2389 1151 super
2424 1097 2616 1137 omnes
2662 1082 2990 1143 credentes;
3022 1082 3395 1153 jnstiﬁcamnr

1810 1171 1981 1241 gratis
2018 1173 2139 1243 ejus
2190 1173 2367 1244 gratia
2422 1188 2523 1243 per
2573 1173 3013 1244 redemptionem
3066 1173 3123 1227 in
3172 1172 3394 1229 Christo

1808 1262 1938 1318 Jesu
1958 1264 2021 1317 ³’.
2064 1282 2083 1315 ι

1887 1515 1906 1546 ι
1966 1496 2319 1551 Arbitramnr
2376 1512 2510 1569 ergo
2580 1498 2687 1554 ﬁde
2753 1498 3046 1569 justiﬁcari
3107 1498 3387 1554 hominem

1805 1589 2016 1658 absque
2073 1590 2341 1658 operibus
2397 1590 2532 1660 legis
2556 1591 2621 1644 ³⁸.
2681 1609 2699 1641 ι
2757 1590 2942 1657 Quid?
2997 1609 3016 1642 ι
3069 1591 3384 1646 Iudaeorum

107 1709 236 1752 νον.
269 1693 392 1761 οὐχ).
435 1692 529 1746 καὶ
560 1694 770 1761 ὲθνῶν;
804 1697 892 1748 val.
920 1696 1016 1748 καὶ
1062 1694 1267 1748 ὲθνῶψ
1297 1695 1533 1765 ἐπείπερ
1555 1690 1638 1759 εἷς
1670 1696 1694 1747 δ

1806 1688 2019 1734 tantum
2081 1680 2221 1734 Deus
2277 1690 2384 1743 est,
2432 1697 2542 1735 non
2591 1682 2758 1736 etiam
2805 1681 3094 1752 gentium?
3131 1693 3284 1737 certe
3328 1693 3389 1737 et

100 1784 139 1833 F
155 1782 253 1845 εὸς
290 1784 349 1845 ὃς
378 1782 662 1837 δικαιώσει
699 1785 1007 1857 περιτομὴν
1040 1788 1106 1839 ἐκ
1140 1788 1378 1850 πίστεως
1405 1787 1497 1839 καὶ
1530 1787 1698 1857 ἀκρο-

97 1875 345 1927 εὐστίαν
395 1874 483 1928 διὰ
530 1876 805 1940 πίστεως·
836 1877 913 1939 ὡς
957 1878 1125 1947 νόμον
1166 1879 1260 1932 οῦν
1311 1879 1699 1950 καταργοῦμεν

98 1965 203 2017 διὰ
238 1966 337 2033 τῆς
370 1967 611 2029 π’στεως
637 1983 652 2033 ;
679 1966 753 2036 μὴ
778 1966 1168 2035 γένοιτοῑάλλά
1196 1968 1361 2037 νόμον
1390 1967 1646 2036 ἱστῶμεν.
1675 1985 1693 2016 ι

93 2086 177 2096 —
217 2075 238 2107 ι
266 2055 332 2108 Τί
358 2056 464 2125 γὰρ
498 2058 531 2125 ὴ
566 2057 758 2128 Γραφὴ
788 2057 976 2127 λέγει;
1018 2059 1342 2112 Ἐπίστευσε
1367 2058 1425 2111 δὲ
1448 2058 1700 2131 ’ᾼϐραὰμ

93 2146 189 2217 τῷ
222 2145 365 2215 Θεῷ,
399 2149 494 2200 καὶ
518 2138 782 2218 ’ἐλογίσθη
807 2149 956 2221 αὐτῷ
983 2151 1062 2213 εἰς
1093 2149 1462 2218 δικαιοσύνην.
1486 2168 1506 2198 ι
1537 2150 1698 2215 Λέγει

94 2224 224 2311 γὰρ
269 2239 300 2290 ὁ
339 2238 504 2291 Δα6.δ
533 2257 546 2271 ο
576 2257 596 2291 ι
618 2242 895 2311 Μακάριοι
938 2234 1014 2294 ὧν
1056 2240 1339 2312 ἀφέθησαν
1366 2242 1424 2293 αἱ
1452 2239 1695 2309 ἀνομίαι.

97 2333 214 2380 γαί
262 2324 337 2381 ὧι
395 2328 872 2401 ἀπεκαλύφθησαν
923 2334 981 2387 αἱ
1029 2333 1348 2403 ἁμαρτίαι·
1426 2332 1695 2399 μακάριος

102 2420 284 2492 ἀνὴρ,
323 2415 368 2489 ᾧ
405 2423 466 2475 οὑ
514 2420 590 2495 μὴ
636 2423 926 2494 λογίσηται
975 2425 1181 2497 Κύριος
1235 2425 1531 2497 ἁμαρτίαν.
1572 2442 1591 2476 ι
1627 2451 1693 2462 -

104 2529 128 2561 ε
174 2511 240 2561 '0
273 2518 459 2582 νιροέ,
498 2515 654 2583 φησὶ,
698 2518 812 2579 τοῖς
854 2518 1230 2587 ἁμαρτάνουσι
1278 2517 1378 2587 τὴν
1422 2516 1697 2586 τιμωρίαν

95 2602 313 2669 ἐπάγει
338 2617 353 2632 ·
394 2619 414 2653 ι
440 2602 544 2657 ὁδε
576 2606 866 2675 προφήτης
900 2606 1198 2677 μακαρίζει
1225 2608 1349 2670 τοὺς
1378 2606 1487 2659 τῶν
1516 2606 1687 2676 άμαρ-

94 2709 171 2760 τη
187 2693 379 2761 μάτων
414 2692 746 2763 δεξαμένους
775 2696 875 2767 τὴν
901 2697 1130 2766 ἄφεσινο
1161 2699 1190 2750 ὁ
1224 2697 1574 2767 μακαρισμὸς
1603 2695 1695 2749 οῦν

97 2779 266 2845 οὗτος
307 2785 401 2836 ἐπὶ
442 2785 540 2854 τὴν
588 2788 895 2858 περιτομὴν
939 2788 973 2857 ἢ
1020 2788 1117 2841 ἐπὶ
1146 2789 1246 2859 τὴν
1289 2787 1692 2858 ἀκροϐυστίαν;

100 2876 348 2944 λέγομεν
377 2876 461 2929 ὅτι
505 2876 764 2948 ἐλογίσθη
808 2878 887 2949 τῷ
928 2878 1183 2950 ’Δϐραὰμ
1222 2881 1256 2950 ἠ
1291 2880 1478 2941 πίστις
1507 2879 1586 2940 είς
1615 2878 1697 2931 δι-

101 2964 429 3033 καιοσύνην
451 2966 569 3028 πῶς
597 2964 690 3021 οῦν
710 2967 986 3039 ἐλογίσθη,
1016 2970 1075 3021 ὲν
1100 2972 1372 3041 περιτομῇ
1403 2969 1537 3031 ϐντι,
1568 2969 1601 3037 ἢ
1634 2970 1693 3021 ὲν

1800 1770 2088 1841 gentium;
2119 1769 2380 1840 quoniam
2415 1788 2558 1828 unus
2607 1773 2754 1828 Deus
2793 1773 2887 1841 qui
2916 1772 3243 1843 justiﬁcabit
3273 1772 3386 1827 cir-

1801 1862 2197 1917 cumcisionem
2253 1878 2320 1916 ex
2373 1863 2480 1918 ﬁde
2529 1872 2586 1918 et
2649 1864 2980 1933 praeputium
3036 1879 3137 1935 per
3194 1865 3380 1919 ﬁdem.

1802 1950 1999 2021 Legem
2026 1966 2159 2021 ergo
2188 1950 2533 2005 destruimus
2553 1966 2651 2020 per
2681 1951 2881 2006 ﬁdem?
2903 1952 3068 2006 absit!
3085 1952 3183 2008 sed
3205 1954 3381 2023 legem

1800 2043 2099 2098 statuimus
2120 2044 2186 2094 ”.
2224 2059 2242 2094 ι
2293 2071 2365 2082 —
2418 2061 2435 2093 ι
2470 2042 2613 2109 Quid
2662 2044 2812 2098 enim
2867 2043 3155 2115 Scriptura
3204 2046 3383 2102 dicit?

1798 2133 2051 2189 Credidit
2104 2136 2384 2190 Abraham
2434 2136 2546 2189 Deo
2597 2145 2654 2191 et
2703 2145 3018 2205 reputatum
3071 2148 3158 2193 est
3200 2139 3279 2194 illi
3323 2140 3379 2194 in

1793 2226 2165 2295 justitiam“;
2205 2246 2223 2279 ι
2258 2228 2394 2283 dicit
2437 2229 2587 2282 enim
2641 2229 2852 2283 David:
2900 2250 2916 2281 ι
2956 2230 3109 2286 Beati
3142 2248 3377 2302 quorum

1799 2317 2043 2373 remissae
2088 2329 2218 2374 sunt
2270 2320 2622 2389 iniquitates,
2665 2330 2723 2375 et
2761 2336 3001 2391 quorum
3052 2332 3193 2378 tecta
3250 2334 3380 2380 sunt

1796 2418 2059 2477 peccata;
2090 2410 2282 2467 beatus
2328 2413 2436 2478 vir,
2478 2410 2568 2468 cui
2617 2425 2727 2467 non
2776 2411 3073 2484 imputabit
3111 2414 3378 2474 Dominus

1795 2514 2083 2573 peccatum
2105 2506 2171 2561 “.
2203 2527 2222 2559 ι
2252 2537 2323 2547 —
2352 2528 2370 2559 ι
2397 2508 2525 2575 Lex,
2551 2509 2754 2579 inquit,
2784 2513 3146 2580 peccantibus
3165 2514 3378 2583 suppli-

1796 2596 1943 2652 cium
1973 2597 2165 2665 aﬂ’ert;
2205 2619 2224 2652 ι
2272 2601 2549 2671 Propheta
2605 2610 2788 2657 autem
2847 2602 3040 2658 beatos
3093 2602 3233 2659 dicit
3280 2605 3374 2674 qui

1796 2697 2150 2759 peccatorum
2197 2702 2531 2763 receperunt
2578 2695 2985 2765 remissionem.
3032 2695 3159 2751 Haec
3206 2696 3376 2767 igitur

1796 2781 2083 2838 beatitudo
2135 2785 2194 2839 in
2243 2784 2722 2845 circumcisionem
2770 2803 2840 2842 an
2903 2788 2960 2842 in
3008 2788 3376 2857 praeputium?

1795 2870 2041 2926 Dicimus
2057 2873 2294 2928 Abrahae
2313 2881 2623 2943 reputatam
2648 2889 2771 2931 esse
2802 2873 2964 2930 ﬁdem
2992 2876 3046 2930 in
3065 2876 3371 2947 justitiam;

1794 2963 2074 3031 quomodo
2102 2979 2238 3033 ergo
2263 2973 2519 3035 reputata
2545 2975 2651 3031 est,
2685 2966 2741 3020 in
2776 2966 3201 3024 circumcisione
3216 2966 3371 3024 ai‘f'in

102 3057 451 3130 ἀκροϐυστίᾳ
478 3075 492 3125 ;
518 3061 678 3128 δῆλον
700 3061 801 3114 οὐκ
828 3063 888 3115 ἐν
907 3064 1202 3134 περιτομῇ,
1232 3062 1348 3116 ἀλλ’
1370 3064 1428 3115 ὲν
1449 3060 1691 3130 ἀκροϐυ-

1798 3055 2102 3124 praeputio?
2127 3055 2367 3111 Evidens
2412 3065 2515 3117 est.
2552 3073 2662 3112 non
2696 3057 2751 3113 in
2791 3059 3237 3125 circumcisione,
3274 3061 3372 3116 sed

105 3153 240 3222 στία
261 3164 276 3180 ’
300 3152 393 3203 καὶ
418 3153 647 3221 σημεῖον
679 3150 840 3205 ἔλαϐε
870 3154 1176 3223 περιτομῆς
1194 3148 1466 3223 σφραγῖδα
1488 3151 1585 3220 τῆς
1613 3150 1694 3203 δι-

105 3240 406 3313 καιοσύνης
431 3243 533 3310 τῆς
564 3241 802 3308 πίστεως
839 3243 942 3311 τῆς
976 3245 1034 3296 ἐν
1059 3246 1126 3314 τῇ
1143 3242 1483 3314 ἀκροϐυστίᾳ
1510 3242 1592 3303 είς
1631 3242 1691 3294 τὸ

104 3330 252 3386 εἶναι
275 3335 438 3387 αὐτὸν
462 3335 678 3405 πατέρα
698 3336 923 3390 πάντων
941 3334 1050 3388 τῶν
1072 3335 1431 3388 πιστευόντων
1450 3332 1693 3404 δι’ἁκρο-

106 3425 359 3489 ϐυστίας,
392 3427 473 3491 εἰς
494 3416 566 3481 ’τὸ
589 3428 913 3497 λογισθῆναι
938 3428 1033 3481 καὶ
1062 3427 1250 3490 αὐτοῖς
1281 3426 1384 3495 τὴν
1412 3424 1688 3479 δικαιοσύ-

106 3532 243 3586 νην·
274 3519 377 3577 κα“ι
406 3516 623 3589 πατέρα
652 3518 965 3589 περιτομῆς
998 3519 1060 3571 οὺ
1093 3520 1209 3580 τοῖς
1263 3519 1328 3570 ὲκ
1383 3518 1688 3585 περιτομῆς

110 3610 295 3675 μόνον,
329 3608 466 3660 ἀλλὰ
509 3610 607 3662 καὶ
645 3612 759 3673 τοῖς
789 3609 1062 3679 στοιχοῦσι
1094 3612 1209 3672 τοῖς
1258 3608 1430 3677 ἴχνεσι
1466 3606 1567 3676 τῆς
1595 3605 1687 3656 πί-

1797 3149 1852 3203 in
1878 3151 2172 3219 praeputio.
2214 3152 2283 3206 Et
2317 3152 2534 3222 signum
2573 3153 2781 3222 recepit
2826 3151 3271 3208 circumcisionis
3297 3151 3373 3208 si-

1794 3242 2089 3309 gnaculum
2119 3243 2351 3313 justitiaa
2400 3244 2525 3300 ﬁdei
2554 3261 2676 3315 quae
2704 3254 2826 3300 erat
2867 3245 2925 3300 in
2980 3244 3276 3316 praeputio,
3309 3253 3370 3299 ut

1792 3342 1943 3386 esset
1979 3343 2138 3402 pater
2184 3335 2431 3389 omnium
2483 3336 2829 3392 credentium
2878 3352 2947 3391 ex
2983 3336 3277 3407 praeputio,
3309 3349 3371 3391 ut

1794 3433 2082 3492 repetetur
2128 3434 2186 3480 et
2226 3427 2308 3481 eis
2364 3426 2417 3481 in
2456 3428 2750 3498 justitiam,
2785 3437 2842 3484 et
2870 3437 3028 3499 pater
3072 3429 3369 3486 circumci-

1790 3511 1965 3567 sionis
1994 3530 2103 3567 non
2134 3516 2220 3570 his
2246 3517 2340 3584 qui
2376 3527 2506 3571 sunt
2549 3534 2617 3572 cx
2666 3520 3091 3575 circumcisione
3126 3529 3363 3584 tantmn,

1789 3604 1884 3658 sed
1912 3606 2079 3659 ctiam
2113 3606 2200 3662 his
2226 3608 2318 3678 qui
2351 3618 2661 3679 sequuntur
2692 3611 2919 3681 vestigia
2952 3611 3104 3676 ﬁdei,
3144 3613 3199 3667 in
3222 3629 3365 3683 pra:-

109 3716 304 3766 στεως,
355 3703 468 3763 τοῖς
528 3702 588 3753 ἐν
629 3704 697 3773 τῇ
751 3700 1089 3771 ἀκροϐυστίᾳ
1130 3700 1226 3753 τοῦ
1275 3699 1483 3770 πατρὸς
1531 3697 1685 3768 ὑμῶν

1798 3698 1944 3764 potio
2002 3700 2171 3769 patris
2215 3702 2385 3756 vestri
2428 3702 2684 3757 Abrahae.
2717 3703 2840 3781 μου
2871 3705 3021 3759 enim
3051 3720 3151 3775 per
3184 3706 3361 3777 legem

125 3793 373 3864 Ἀϐραάμ
389 3811 401 3825 ·
421 3795 482 3848 οὺ
502 3794 717 3866 γὰρδιὰ
732 3795 898 3865 νόμου
919 3796 953 3865 ἡ
980 3792 1282 3861 ἐπαγγελία
1302 3791 1381 3863 τῷ
1409 3789 1680 3861 Ἀϐραὰμ,

104 3886 141 3958 ἢ
175 3887 252 3959 τῷ
287 3888 566 3958 σπέρματι
596 3886 791 3950 αὐτοῦ,
821 3889 883 3941 τὸ
918 3886 1256 3958 κληρονόμος
1281 3882 1418 3940 εἶναι
1449 3885 1678 3953 κόσμου,

1784 3787 2081 3856 promissio
2103 3790 2336 3847 Abrahae
2374 3802 2469 3847 aut
2519 3793 2717 3848 semini
2763 3795 2905 3863 ejus,
2934 3796 3207 3850 ha-redem
3240 3813 3362 3852 esse

1783 3881 2000 3946 mundi,
2026 3882 2124 3937 scd
2163 3899 2267 3953 per
2285 3884 2557 3955 justitiam
2584 3885 2747 3952 ﬁdei;
2773 3885 2858 3939 les
2891 3886 3040 3941 enim
3068 3886 3205 3940 iram
3230 3903 3361 3956 ope-

106 3977 246 4030 ἀλλὰ
276 3978 626 4051 δικαιοσύνης
646 3979 918 4043 πίστεως⁹
946 3980 975 4031 ὁ
1004 3980 1114 4051 γὰρ
1153 3980 1317 4047 νόμος
1340 3976 1509 4048 ὀργὴν
1544 3992 1681 4029 κατ-

1798 3982 1957 4041 ~atur,
1984 3990 2182 4046 nempe
2208 3992 2329 4031 mos
2355 3984 2441 4032 est
2478 3977 2614 4048 legis
2661 3977 2857 4046 punire
2897 3985 3356 4049 transgressores.

104 4070 435 4141 εργάζεταισ
469 4069 591 4132 ἔθος
637 4071 750 4142 γάρ
791 4070 871 4140 τῷ
904 4070 1054 4141 νόμῳ
1119 4068 1372 4133 κολάζειν
1418 4068 1544 4129 τοὺς
1575 4082 1681 4118 πα-

103 4160 467 4228 ραϐαίνοντας
488 4177 503 4192 °
533 4156 596 4214 οῦ
624 4161 733 4232 γὰρ
763 4162 864 4215 οὐκ
908 4160 1026 4214 ἔστι
1056 4161 1240 4230 νόμος,
1266 4159 1401 4238 οὐδὲ.
1420 4157 1675 4228 παράϐα-

1781 4065 1887 4122 Ubi
1914 4069 2062 4121 enim
2103 4076 2212 4123 non
2258 4076 2342 4125 est
2387 4071 2494 4134 lex,
2538 4085 2649 4125 non
2691 4081 2776 4126 est
2810 4071 3204 4142 transgressio;
3235 4072 3358 4127 ideo

1777 4173 1844 4212 ex
1879 4158 2009 4224 ﬁde,
2041 4161 2428 4215 utsecundum
2467 4163 2696 4232 gratiam
2744 4158 2837 4223 sit,
2885 4170 2946 4217 ut
2997 4162 3156 4217 ﬁeret
3199 4162 3354 4219 ﬁrma

104 4267 221 4314 σις·
251 4252 337 4305 διὰ
366 4253 525 4307 τοῦτο
550 4256 614 4307 ὲκ
644 4253 904 4317 πίστεως,
935 4252 1023 4306 ἴνα
1046 4252 1191 4306 κατὰ
1217 4251 1379 4322 χάριν
1410 4245 1467 4325 ᾗ,
1498 4251 1580 4309 είς
1614 4247 1675 4300 τὸ

1798 4252 2078 4320 promissio
2116 4254 2269 4307 omni
2301 4253 2520 4319 semini,
2557 4269 2668 4307 non
2720 4254 2898 4309 solum
2942 4255 3091 4331 quod
3128 4269 3196 4309 ex
3236 4255 3354 4327 lege

103 4338 240 4396 εῖναι
266 4342 489 4413 βεϐαίαν
510 4346 610 4414 τὴν
635 4345 974 4423 ἐπαγγελίαν
1003 4344 1166 4396 παντὶ
1181 4342 1260 4412 τῷ
1291 4343 1586 4412 σπέρματι,
1609 4342 1671 4394 οὐ

1798 4351 1880 4407 ast,
1936 4342 2033 4397 sed
2079 4342 2227 4412 quod
2267 4355 2353 4398 est
2398 4358 2465 4397 ex
2498 4342 2604 4396 ﬁde
2642 4342 2897 4407 Abrahaa,
2925 4345 3019 4414 qui
3061 4354 3147 4401 est
3195 4355 3353 4415 pater

101 4431 180 4502 τῷ
198 4432 259 4485 ὲκ
277 4432 441 4502 νόμου
472 4433 652 4503 μόνον,
670 4417 813 4487 am
829 4434 923 4486 καὶ
952 4432 1032 4503 τῷ
1060 4434 1126 4486 ἑκ
1146 4432 1378 4493 πίστεως
1396 4430 1665 4502 Ἀϐραὰμ,

1776 4432 2022 4487 omnium
2049 4440 2323 4496 nostrum,
2345 4435 2491 4489 sicut
2516 4436 2783 4503 scriptum
2823 4445 2947 4491 est:
2971 4436 3185 4490 Patrem
3214 4439 3356 4492 mul-

101 4524 160 4587 ὃς
182 4526 294 4577 ἐστι
334 4526 523 4596 πατὴρ
549 4524 771 4579 πάντων
803 4525 983 4595 ⁴ἡμῶν,
1017 4522 1200 4587 καθὼς
1218 4523 1551 4594 γέγραπται,
1586 4522 1669 4574 ὅτι

1798 4536 1959 4575 arum
2002 4525 2248 4593 gentium
2274 4525 2430 4594 posui
2465 4532 2555 4591 te;
2601 4536 2889 4595 propterea
2936 4526 3084 4596 quod
3111 4528 3351 4583 credidit

102 4613 316 4686 Πατέρα
369 4615 584 4668 πολλῶν
620 4614 791 4670 ἐθνῶν
828 4616 1051 4669 τέθεικά
1109 4629 1204 4671 σε·
1258 4614 1547 4667 κατέναντι
1606 4605 1668 4664 οῦ

1798 4614 1951 4667 )cum
1982 4613 2075 4683 qui
2106 4614 2346 4669 viviﬁcat
2380 4624 2630 4670 mortuos
2670 4625 2726 4670 ct
2769 4625 2934 4671 vocat
2981 4633 3045 4672 ea
3087 4633 3209 4687 quae
3237 4633 3348 4672 non

101 4708 383 4760 ἐπίστευσε
418 4707 555 4760 Θεοῦ
597 4706 693 4760 τοῦ
734 4706 1125 4772 ζωοποιοῦντος
1151 4706 1278 4768 τοὺς
1316 4705 1545 4775 νεκροὺς
1575 4703 1670 4757 καὶ

1798 4715 1909 4760 mut
1942 4716 2201 4776 tanquam
2241 4707 2391 4774 sint;
2429 4708 2521 4777 qui
2553 4717 2745 4764 contra
2792 4724 2969 4779 spem,
3006 4709 3063 4763 in
3098 4724 3193 4779 spe
3231 4725 3350 4766 crc-

102 4797 389 4862 καλοῦντος
420 4799 489 4852 τὰ
524 4799 600 4869 μὴ
630 4800 760 4853 ὂντα
786 4800 861 4863 ὡς
892 4799 1022 4853 ὅντα
1043 4814 1059 4829 ·
1087 4798 1147 4859 ὃς
1178 4799 1310 4867 παρ’
1335 4796 1528 4850 ὲλπίδα
1579 4797 1667 4849 ἐπ’

1773 4794 1936 4859 didit,
1968 4803 2030 4849 ut
2055 4795 2210 4850 ﬁeret
2239 4805 2395 4865 pater
2421 4798 2716 4851 multarum
2740 4796 3008 4866 gentium,
3041 4797 3347 4854 secundum

102 4889 270 4942 ἐλπίδι
314 4890 659 4954 ἐπίστευσεν,
699 4892 779 4953 εἰς
827 4890 889 4944 τὸ
929 4888 1184 4958 γενέσθαι
1235 4887 1399 4942 αὐτὸν
1448 4887 1665 4958 πατέρα

1798 4888 1920 4956 mod
1954 4888 2161 4942 dictum
2196 4900 2317 4943 est:
2364 4888 2455 4957 Sic
2479 4891 2589 4944 erit
2615 4898 2671 4945 et
2704 4889 2900 4944 semini
2935 4900 3070 4950 tuo;
3101 4890 3195 4961 qui
3234 4905 3343 4945 non

103 4978 308 5031 πολλῶν
353 4978 548 5041 ἐθνῶν,
582 4979 804 5033 κατὰτὸ
838 4979 1151 5049 εἰρημένον,
1180 4976 1369 5040 Οὕτως
1400 4977 1553 5032 ἔσται
1586 4977 1663 5046 τῷ

1798 4977 2079 5032 nﬁrmatus
2125 4979 2181 5032 in
2231 4979 2358 5043 ﬁde,
2389 4994 2499 5033 non
2534 4980 2908 5035 consideravit
2939 4996 3142 5051 corpus
3181 4995 3341 5035 suum

105 5069 372 5139 σπέρματί
413 5086 538 5123 σου’
585 5070 682 5123 καὶ
723 5070 798 5140 μὴ
855 5069 1164 5140 ἀσθενήσας
1211 5070 1278 5138 τῇ
1339 5066 1539 5129 πίστει,
1600 5069 1660 5120 οὐ

1798 5085 1869 5139 up
1914 5080 2249 5132 emortuum,
2274 5079 2498 5124 centum
2525 5072 2634 5142 jam
2675 5086 2850 5125 annos
2870 5080 3052 5138 natus,
3074 5081 3130 5128 et
3160 5089 3336 5128 emor-

103 5162 386 5231 κατενὸησε
432 5164 496 5215 τὸ
545 5161 713 5215 αὐτοῦ
746 5161 907 5231 σῶμα
937 5161 1039 5244 ᾖδη
1067 5160 1498 5230 νενεκρωμένον,
1531 5160 1662 5211 ἐκα-

1763 5159 1908 5204 tuam
1933 5151 2143 5204 vulvam
2170 5149 2424 5215 Sarrhre;
2451 5151 2505 5203 in
2562 5150 2981 5218 promissionem
3017 5159 3195 5204 autem
3236 5147 3331 5202 Del

100 5253 384 5321 τονταέτης
434 5269 539 5305 που
593 5253 898 5321 τυγχάνων,
948 5241 1044 5305 καὶ
1092 5250 1191 5321 τὴν
1235 5251 1501 5319 νέκρωσιν
1557 5251 1658 5319 τῆς

1803 5256 1872 5296 οη
1903 5242 2173 5296 haesitavit
2223 5242 2546 5305 diﬂidentia.
2578 5242 2671 5296 sed
2704 5241 3052 5297 confortatus
3094 5253 3175 5299 est
3230 5245 3334 5295 tnle

107 5344 307 5411 μήτρας
340 5342 584 5415 Σάρρας·
615 5346 695 5405 εἰς
729 5342 785 5395 δὲ
816 5342 916 5412 τὴν
943 5340 1280 5411 ἐπαγγελίαν
1309 5339 1402 5393 τοῦ
1431 5338 1564 5392 Θεοῦ
1593 5343 1653 5392 οὐ

1802 5351 1898 5389 aus
1915 5334 2141 5406 gloriam
2169 5334 2623 5403 Deo,plenisaiine
2651 5336 2830 5391 sciens
2846 5337 2971 5405 quia
2996 5350 3335 5405 quaecunque

170 5570 209 5600 ³⁸
239 5567 437 5622 Jcrcm.
469 5583 541 5629 Ix.
580 5566 669 5620 26.
748 5565 792 5597 ³⁸
830 5564 1029 5619 Jerem.
1070 5580 1142 5629 Iv,
1190 5564 1244 5618 4.
1320 5564 1361 5595 ³⁷
1392 5564 1657 5629 ῐῖοιιιςιιι,
1698 5562 1887 5623 20-22.

103 5639 143 5674 "
177 5639 307 5693 Psal.
344 5655 485 5701 xm,
521 5640 571 5701 l,
602 5639 659 5692 2.

1998 5563 2317 5620 "lbid.28.
2435 5566 2851 5624 "lbid.29-5l.
2931 5570 2976 5605 δ⁰
3002 5572 3158 5628 Rom.
3186 5570 3330 5633 n'.3.
