4026 6308
599 196 736 262 1255

1805 193 1863 254 S.
1907 192 2306 252 ANASTASII
2341 193 2667 251 SINAlT.‘E

3725 183 3855 252 1256

596 305 850 376 promisit
901 313 1097 374 potens
1124 315 1208 359 est
1256 313 1311 359 et
1354 304 1568 369 facere;
1604 304 1728 359 ideo
1758 312 1815 359 et
1853 314 2167 375 reputatum

2290 305 2518 375 ἰιεκρίθη
2563 309 2630 376 τῇ
2676 304 2924 378 ἀπιστίᾳ,
2968 306 3082 359 ἀλλ’
3127 304 3513 375 ἐνεδυναμώθη
3550 306 3622 375 τῇ
3669 304 3853 357 πίστει

597 407 681 453 est
708 395 789 450 illi
833 397 886 450 in
912 397 1183 468 justitiam
1205 399 1270 451 δ’.
1305 416 1322 448 ο

672 692 692 725 ι
716 672 834 727 Non
859 682 1040 727 autem
1062 672 1326 740 scriptum
1358 679 1445 727 est
1467 679 1681 726 tantum
1705 679 1932 742 propter
1966 673 2168 742 ipsum,

597 763 725 833 quia
746 771 1058 832 reputatum
1075 770 1159 814 est
1177 762 1224 814 ei
1246 762 1301 814 in
1315 761 1609 832 justitiam,
1626 763 1720 817 sed
1734 772 1788 816 et
1808 772 2036 834 propter
2049 779 2168 825 nos,

597 856 799 924 quibus
845 855 1194 923 reputabitur
1233 841 1593 908 credentibus
1629 855 1683 908 in
1708 871 1835 909 eum
1869 856 1963 924 qui
1993 857 2173 910 susci-

599 945 733 998 tavit
773 944 958 998 Jesum
1009 944 1291 997 Christum
1339 945 1631 998 Dominum
1675 956 1924 1000 nostrum
1958 961 1989 1000 a
2027 962 2173 1000 mor-

596 1037 787 1092 tuis”.
828 1055 846 1088 ι
893 1067 962 1074 -
995 1055 1013 1086 ι
1050 1036 1168 1090 Non
1197 1037 1343 1090 enim
1391 1053 1584 1092 omnes
1615 1039 1707 1107 qui
1743 1056 1808 1093 ex
1842 1039 2007 1093 lsrael
2047 1048 2177 1094 sunt

602 1142 792 1180 semen
819 1126 1070 1185 Abrahae.
1098 1126 1194 1180 sed
1226 1127 1455 1179 virtutis
1477 1129 1675 1196 quaerit
1707 1129 1852 1184 Deus
1891 1131 2175 1198 cognatio-

592 1231 745 1282 nem,
778 1232 954 1284 neque
987 1216 1115 1284 quia
1162 1225 1292 1271 sunt
1337 1233 1526 1272 semen
1555 1219 1792 1272 Abrahae
1812 1259 1826 1281 ,
1856 1235 2049 1274 omnes
2079 1220 2174 1275 ﬁlii

598 1307 718 1369 Dei,
749 1307 842 1360 sed
875 1308 930 1360 in
968 1307 1120 1360 Isaae
1153 1307 1446 1361 vocabitur
1485 1307 1584 1361 tibi
1611 1324 1796 1362 semen
1827 1325 1841 1374 ;
1875 1309 1928 1363 id
1959 1319 2044 1364 est
2065 1326 2175 1364 non

600 1398 698 1450 ﬁlii
745 1397 947 1460 carnis,
982 1397 1035 1450 hi
1089 1397 1186 1450 ﬁlii
1237 1408 1367 1451 sunt
1397 1399 1514 1462 Dei,
1543 1400 1636 1454 sed
1673 1399 1764 1454 ﬁlii
1798 1402 2178 1470 promissionis

601 1500 926 1558 reputantur
957 1489 1013 1542 in
1043 1505 1230 1542 semen
1249 1490 1312 1540 ".
1347 1507 1365 1540 ι
1404 1490 1553 1544 Sane
1583 1490 1724 1545 ﬁlios
1765 1500 1922 1545 vocat
1953 1492 2048 1561 qui
2085 1508 2177 1547 se-

2269 395 2395 457 δοὺς
2425 395 2582 462 δόξαν
2616 395 2693 464 τῷ
2721 394 2871 466 Θεῷ·
2906 397 2999 448 καὶ
3029 394 3462 466 πληροφορηθεὶς
3496 396 3582 449 ὅτι
3614 395 3644 447 ὃ
3677 396 3849 464 ἐπήγ-

2270 489 2461 554 γελται
2487 487 2708 552 δυνατός
2744 489 2860 540 ἐστι
2903 489 2998 541 καὶ
3028 489 3290 557 ποιῆσαι·
3323 488 3406 541 διὸ
3453 488 3553 540 καὶ
3599 487 3846 558 ἐλογίσθη

2270 579 2419 650 αὐτῷ
2449 581 2528 642 εἰς
2559 578 2966 648 δικαιοσύνην.»

2346 691 2365 724 ι
2394 673 2510 726 Οὐκ
2558 673 2774 742 ἐγράφη
2830 672 2887 725 δὲ
2937 673 3018 735 εἰς
3063 670 3227 725 αὐτὸν
3262 670 3446 740 μόνον,
3471 673 3554 725 ὅτι
3601 669 3846 742 ἐλογίσθη

2271 764 2419 834 αύτῷ
2448 765 2529 826 είς
2561 764 2933 833 δικαιοσύνην,
2959 764 3100 817 ἀλλὰ
3121 765 3214 816 καὶ
3245 763 3312 816 δι’
3359 765 3528 834 ἡμᾶς,
3553 757 3636 826 οἷς
3671 765 3850 833 μέλλει

2271 851 2585 920 λογίζεσθαι
2618 855 2732 914 τοῖς
2785 852 3137 905 πιστεύουσιν
3179 853 3272 904 ἐπὶ
3312 853 3404 906 τὸν
3441 853 3738 923 ἐγείραντα
3767 853 3850 904 τὸν

2275 945 2482 1018 Κύριον
2515 946 2672 1017 ἡμῶν
2713 947 2922 1014 Ἰησοῦν
2953 945 3188 1015 Χριστὸν
3223 947 3286 999 ὲκ
3314 946 3544 1016 νεκρῶν.
3590 963 3610 997 ι
3635 963 3747 995 -ι
3780 945 3848 998 Ού

2273 1041 2383 1111 γάρ
2427 1040 2628 1103 πάντες
2675 1041 2726 1092 οί
2758 1039 2821 1104 ἐξ
2868 1039 3086 1109 Ἰσραὴλ
3133 1039 3355 1108 σπέρμα
3402 1038 3685 1107 Ἀϐραάμ,
3717 1035 3847 1089 ἀλλὰ

2274 1133 2371 1202 τῆς
2401 1132 2606 1202 ἀρετῆς
2635 1131 2888 1201 ἐπιζητεῖ
2925 1131 3024 1201 τὴν
3061 1131 3382 1197 συγγένειαν
3405 1145 3419 1159 ’
3455 1129 3568 1181 οὐδ’
3614 1130 3699 1181 ὅτι
3756 1129 3854 1180 eisi

2275 1225 2498 1294 σπέρμα
2531 1224 2804 1294 Ἀϐραάμ,
2838 1224 3036 1285 πάντες
3064 1223 3234 1274 τέκνα
3251 1219 3407 1283 Θεοῦ,
3441 1220 3557 1272 ἀλλ’
3589 1222 3649 1272 ὲν
3678 1220 3857 1272 Ἰσαάκ

2275 1313 2607 1383 κληθήσεταί
2649 1329 2734 1366 σοι
2771 1313 3016 1382 σπέρμα,
3051 1312 3354 1372 τουτέστιν,
3383 1311 3445 1364 οὐ
3471 1311 3538 1362 τὰ
3572 1311 3743 1363 τέκνα
3767 1311 3857 1379 τῆς

2279 1407 2498 1478 σαρκὸς,
2533 1404 2710 1462 ταῦτα
2754 1406 2921 1459 τέκνι
2955 1403 3047 1458 τοῦ
3098 1404 3256 1468 Θεοῦ,
3293 1403 3430 1458 ἀλλὰ
3472 1405 3537 1457 τά
3567 1404 3737 1456 τέκνα
3768 1404 3857 1471 τῆς

2277 1497 2911 1565 ὲπαγγελίαςλογίζεται
2935 1499 3016 1559 είς
3036 1495 3279 1566 σπέρμα.
3311 1515 3329 1547 ι
3362 1496 3585 1566 Σάρῥας
3612 1495 3672 1547 δὲ
3701 1493 3858 1547 τέκνα

599 1579 843 1634 cundum
874 1589 1085 1634 natura:
1129 1581 1381 1634 ordinem
1432 1583 1547 1635 nati
1595 1593 1746 1646 sunt,
1793 1585 2178 1653 promissionis

2290 1591 2436 1644 καλεῖ
2461 1591 2529 1643 τά
2559 1589 2702 1643 κατὰ
2732 1588 2830 1658 τὴν
2863 1588 2964 1658 τῆς
3011 1587 3226 1658 φύσεως
3269 1585 3600 1640 ἀκολουθίαν
3612 1603 3865 1657 γεγεννη-

599 1682 806 1735 autem,
851 1671 946 1740 qui
977 1673 1282 1726 secundum
1311 1673 1543 1744 gratiam
1575 1674 1701 1728 ﬁdei
1729 1674 1842 1729 dati
1869 1687 2018 1730 sunt.
2044 1677 2177 1730 Pro-

2290 1683 2452 1752 μέναο
2489 1655 2824 1749 ἐπαγγελίας
2852 1655 2929 1740 δὲ,
2961 1655 3034 1732 τὰ*
3055 1679 3198 1732 κατὰ
3243 1681 3406 1749 χάριν
3465 1655 3860 1748 παρεσχημένα

601 1764 878 1818 missionis
908 1765 1058 1818 enim
1097 1765 1330 1817 verbum
1381 1765 1488 1819 hoc
1532 1775 1658 1819 est:
1703 1785 1722 1816 ι
1769 1767 2030 1822 Revertar
2074 1768 2180 1824 hoc

598 1857 795 1911 cedem
829 1864 1100 1925 tempore,
1130 1865 1186 1910 et
1224 1857 1332 1911 erit
1358 1857 1506 1912 Sara:
1538 1858 1684 1913 ﬁlius
1703 1859 1748 1890 "
1773 1876 1788 1925 ;
1815 1879 1832 1910 ι
1852 1870 2048 1915 natura
2069 1876 2181 1916 ne-

599 1957 782 2016 gante,
824 1963 922 2016 per
976 1948 1225 2002 divinum
1282 1949 1630 2019 privilegium
1675 1951 1826 2005 visus
1871 1959 1956 2004 est
2003 1961 2180 2020 pater.

598 2040 712 2093 Cur
767 2054 898 2109 ergo
953 2039 1229 2110 gloriaris,
1261 2039 1536 2105 oJudaee,
1577 2041 1732 2110 quasi
1788 2041 1940 2096 solus
1993 2058 2181 2096 semen

601 2131 832 2186 Abrahae
879 2132 1208 2201 appelleris?
1241 2147 1365 2185 nam
1430 2141 1486 2186 et
1544 2133 1736 2188 lsmael
1794 2135 2028 2189 Abralue
2064 2143 2183 2189 erat

604 2222 751 2276 ﬁlius
779 2232 835 2277 et
870 2224 1292 2294 primogenitus.
1325 2224 1480 2290 Quod
1512 2225 1556 2279 si
1589 2214 1876 2280 existimas
1925 2226 2092 2280 istum
2125 2235 2184 2280 ut

603 2316 970 2368 semiservum
1020 2317 1258 2386 ejectum
1297 2332 1418 2370 esse
1449 2331 1479 2370 a
1513 2319 1874 2389 cognatione;
1917 2318 2014 2372 sed
2043 2317 2186 2372 Scri-

603 2416 781 2476 ptura:
819 2423 940 2461 mos
969 2418 1054 2462 est
1083 2424 1152 2462 ex
1181 2409 1432 2478 patribus
1457 2417 1516 2464 et
1541 2424 1653 2463 non
1684 2426 1752 2465 ex
1777 2410 2047 2465 matribus
2087 2427 2183 2481 ge-

604 2495 912 2570 nealogiam
963 2508 1172 2564 texere,
1222 2507 1279 2553 et
1321 2500 1414 2569 qui
1455 2515 1522 2554 ex
1567 2499 1814 2555 Chetura
1863 2502 1976 2555 nati
2033 2509 2183 2566 sunt,

602 2607 728 2643 cum
757 2601 905 2646 esset
935 2591 1134 2652 libera,
1173 2607 1363 2645 semen
1399 2593 1635 2648 Abrahae
1664 2609 1774 2647 non
1801 2593 2184 2662 appellantur;

603 2695 661 2737 et
685 2683 978 2738 duodecim
1023 2683 1167 2738 ﬁlios
1194 2685 1362 2738 Jacob
1395 2700 1426 2740 e
1468 2687 1638 2740 variis
1683 2687 1953 2740 matribus
1993 2686 2132 2751 nati,
2155 2702 2187 2743 e

606 2776 814 2845 quibus
839 2786 1082 2844 quatuor
1101 2777 1410 2841 semiservi,
1450 2787 1506 2830 et
1536 2779 1781 2832 universi
1807 2789 1991 2832 tamen
2020 2780 2188 2833 Israel

608 2867 832 2921 nomine
885 2866 1044 2936 potiti
1092 2877 1242 2928 sunt,
1277 2868 1504 2922 minime
1543 2885 1611 2922 ex
1651 2878 1886 2922 matrum
1918 2869 2188 2924 servitute

2279 1777 2378 1844 τῆς
2394 1774 2632 1837 πίστεως
2655 1789 2669 1803 ·
2695 1771 3028 1839 ἐπαγγελίας
3049 1771 3156 1841 γὰρ
3179 1772 3208 1823 ὀ
3240 1769 3428 1838 καιρὸς
3456 1764 3636 1834 οὗτος,
3661 1787 3681 1818 ο
3713 1769 3860 1821 Κατὰ

2280 1863 2372 1916 τὸν
2415 1862 2608 1932 καιρὸν
2645 1861 2835 1915 τοῦτον
2882 1861 3197 1930 ἐλεύσομαι,
3244 1861 3338 1913 καὶ
3383 1859 3540 1913 ἔσται
3575 1861 3646 1928 τῇ
3678 1860 3861 1930 Σάρῤα

2283 1955 2418 2017 υἱός.
2453 1973 2470 2004 ι
2521 1953 2632 2016 Τῆς
2672 1952 2889 2022 φύσεως
2935 1940 3306 2022 ἀπειρηκυίας
3336 1950 3478 2003 κατὰ
3519 1949 3680 2002 θείαν
3711 1950 3858 2016 φιλοο

2280 2047 2472 2115 τιμίαν
2506 2045 2798 2114 ἀπεφάνθη
2833 2045 3046 2114 πατήρ.
3081 2044 3180 2096 Διά
3216 2044 3269 2096 τί
3295 2042 3388 2095 οὖν
3417 2043 3601 2094 τοίνυν
3629 2040 3858 2110 μεγαλο-

2284 2139 2524 2208 φρονείς,
2589 2129 2635 2189 ὦ
2679 2136 2920 2198 Ἰουδαῖε,
2956 2136 3033 2198 ὡς
3089 2135 3247 2204 μόνος
3311 2133 3534 2203 σπέρμα
3616 2130 3860 2202 Ἀϐραάμ

2285 2228 2860 2299 προσαγορευόμενος;
2894 2227 2991 2282 καὶ
3016 2229 3045 2280 ὁ
3093 2225 3318 2296 ’ῐσμαὴλ
3354 2225 3449 2280 τοῦ
3501 2225 3763 2293 Ἀϐραὰμ
3797 2218 3859 2292 ἦν

2285 2321 2400 2383 υίὸς
2460 2321 2556 2373 καὶ¹
2596 2320 2964 2392 πρωτότοκος.
3018 2319 3082 2370 Εί
3135 2316 3192 2369 δὲ
3239 2316 3481 2387 νομίζεις
3535 2317 3750 2368 ἐκεῖνον
3791 2314 3859 2375 di;

2287 2413 2578 2485 ἠμίδουλον
2605 2412 2795 2466 ὲκϐεϐ)
2807 2411 2972 2481 ἧσθαι
3002 2409 3102 2478 τῆς
3141 2406 3483 2476 συγγενείας,
3511 2405 3632 2458 ἀλλ’
3664 2407 3733 2458 ὲκ
3762 2422 3855 2456 ιτα-

2285 2507 2458 2578 τέρων
2491 2505 2586 2559 καὶ
2609 2505 2710 2558 οὐκ
2740 2506 2802 2557 ὲκ
2827 2505 3080 2575 μητέρων
3106 2501 3445 2570 γενεαλογεῖν
3477 2500 3601 2563 ἑθος
3628 2502 3696 2569 τῇ
3725 2499 3859 2568 Γρα-

2288 2602 2385 2668 φῇ,
2421 2599 2516 2651 καὶ
2543 2599 2591 2651 oi
2626 2599 2692 2650 ὲκ
2731 2597 2830 2665 τῆς
2875 2593 3156 2664 Χετούρας
3189 2589 3856 2662 γεγεννημένα,ὲλευθέρα

2290 2691 2397 2760 γὰρ
2429 2688 2591 2758 αὕτη,
2627 2687 2762 2740 ἀλλὰ
2794 2686 3013 2755 σπέρμα
3059 2682 3311 2753 Ἀϐραὰμ
3380 2681 3458 2752 μὴ
3497 2680 3854 2750 καλούμενοι·

2289 2781 2382 2834 καὶ
2416 2781 2542 2844 τοὺς
2578 2778 2644 2848 ιβ’
2679 2778 2878 2840 παῖδας
2920 2775 3015 2828 τοῦ
3055 2773 3249 2828 Ἰακὼϐ
3278 2776 3341 2826 ὲκ
3377 2773 3654 2842 διαφόρων
3691 2770 3855 2840 μητέ-

2277 2886 2384 2940 ρων
2399 2885 2560 2938 γεγιν
2579 2869 2862 2939 νημένους,
2901 2867 2996 2921 καὶ
3040 2868 3167 2930 τοὺς
3204 2866 3478 2935 τέσσαρας
3510 2863 3856 2933 ἡμιδούλους,

607 2955 870 3013 damnum
897 2959 1064 3028 passi.
1104 2977 1123 3011 ι
1163 2959 1281 3014 Νοη
1305 2959 1603 3025 solumilli,
1636 2961 1731 3015 sed
1770 2957 1827 3013 et
1859 2961 2187 3015 Rebeccaex

2295 2961 2389 3013 καὶ
2413 2959 2569 3022 ὅλους
2611 2959 2830 3029 Ἰσραὴλ
2855 2957 3320 3028 χρηματίζοντας,
3353 2955 3447 3008 καὶ
3478 2954 3651 3024 μηδὲν
3679 2955 3745 3006 ὲκ
3769 2953 3861 3017 τῆς

611 3068 722 3106 uno
740 3052 1035 3106 concubitu
1056 3051 1208 3106 isaac
1232 3053 1404 3121 patris
1433 3052 1605 3106 nostri
1630 3053 1872 3118 habens;
1897 3068 2024 3107 cum
2044 3053 2191 3107 enim

611 3143 857 3198 nondum
889 3145 1002 3198 nati
1035 3156 1223 3198 essent
1269 3159 1372 3197 nec
1411 3143 1620 3213 aliquid
1650 3145 1894 3214 egissent
1926 3144 2054 3198 boni
2098 3152 2196 3198 aut

612 3236 766 3301 mali,
828 3244 888 3290 ut
945 3235 1250 3290 secundum
1311 3235 1640 3290 electionem
1695 3235 2040 3305 propositum
2096 3235 2192 3290 Dei

613 3337 884 3391 maneret,
923 3344 1032 3382 non
1064 3344 1131 3382 ex
1157 3327 1422 3398 operibus
1455 3327 1550 3382 sed
1595 3343 1663 3382 ex
1697 3333 1949 3390 vocante,
1985 3325 2194 3379 dictum

611 3428 700 3473 est
727 3419 780 3474 ei
806 3437 820 3472 :
850 3420 1021 3490 Major
1046 3419 1252 3474 serviet
1289 3419 1574 3476 minori“.
1609 3438 1626 3472 ι

686 3687 826 3741 Num
864 3685 1170 3750 existimas,
1206 3701 1239 3740 ο
1265 3687 1474 3753 Judzee,
1509 3698 1736 3758 propter
1751 3687 2006 3746 Sarrham
2022 3685 2220 3760 prcla-

617 3787 731 3833 tnm
777 3778 947 3832 fuisse
981 3779 1132 3832 Isaac
1168 3778 1384 3832 lsmaeli
1417 3789 1473 3832 et
1500 3781 1587 3834 his
1615 3781 1710 3850 qui
1735 3796 1766 3836 e
1797 3781 2038 3836 Chetura
2079 3781 2195 3836 nati

615 3876 745 3923 sunt
775 3867 1011 3923 Abrahae
1037 3868 1173 3922 ﬁlii?
1200 3868 1341 3933 Quid
1389 3868 1598 3924 dixeris
1649 3870 1718 3925 de
1773 3871 2056 3926 Rebecca?
2097 3872 2197 3927 Hic

615 3961 766 4016 enim
805 3975 912 4013 u-na
945 3971 1144 4024 mater,
1169 3975 1310 4015 unus
1333 3971 1653 4030 conceptus,
1678 3963 1894 4032 gemelli
1920 3973 2049 4018 sunt
2074 3964 2194 4018 ﬁlii.

619 4049 677 4104 Id
703 4049 852 4104 enim
890 4049 1118 4112 indicat,
1153 4063 1218 4102 ex
1267 4065 1377 4104 uno
1431 4051 1730 4106 concubitu
1771 4052 2002 4119 habens,
2057 4055 2198 4110 hanc

615 4141 812 4196 eodem
841 4149 1089 4209 tempore
1113 4149 1410 4210 utrumque
1429 4142 1772 4211 concepisse.
1796 4143 1950 4198 Alter
1971 4147 2194 4214 quidem

619 4233 732 4286 Deo
760 4231 1017 4294 dilectus,
1057 4231 1196 4285 alter
1251 4240 1436 4286 autem
1483 4232 1683 4288 divina:
1721 4251 1869 4290 cura:
1915 4236 2192 4308 indignus.

2293 3053 2402 3108 τῶν
2461 3053 2713 3123 μητέρων
2765 3050 3219 3122 παραϐλαϐέντας
3274 3047 3548 3109 δουλείας·
3591 3047 3654 3099 οὐ
3711 3046 3860 3115 μόνον

2293 3144 2350 3197 δὲ
2392 3138 2559 3205 οὗτοι,
2612 3140 2749 3195 ἀλλά
2791 3141 2889 3194 καὶ
2930 3139 3198 3194 Ῥεϐέκκα
3228 3137 3287 3202 ἐξ
3315 3138 3431 3200 ἑνὸς
3457 3137 3648 3206 κοίτην
3677 3136 3864 3206 ἔχουσα

2307 3235 2494 3289 Ἰσαάκ
2533 3233 2628 3287 τοῦ
2669 3233 2876 3304 πατρὸς
2912 3233 3069 3302 ἡμῶν
3094 3247 3108 3261 ⁸
3145 3231 3314 3302 μήπω
3359 3229 3469 3298 γὰρ
3499 3229 3863 3298 γεννηθέντων

2293 3326 2473 3379 αὐτῶν
2521 3325 2653 3395 μηδὲ
2711 3325 3039 3395 πραξάντων
3083 3341 3136 3376 τι
3183 3322 3444 3392 ἀγαθὺνῆ
3483 3323 3691 3374 κακόν·
3721 3323 3862 3390 ἴναή

2293 3418 2416 3471 κατ’
2445 3417 2673 3486 ἐκλογὴν
2713 3415 2972 3486 πρόθεσις
2985 3414 3081 3468 τοῦ
3112 3413 3248 3467 Θεοῦ
3279 3413 3436 3483 μείνῃ
3463 3413 3568 3466 οὐκ
3595 3413 3654 3478 ἐξ
3676 3411 3863 3483 ἔργων,

2294 3509 2410 3564 ἀλλ’
2437 3511 2502 3564 ἐκ
2541 3509 2638 3562 τοῦ
2672 3505 2983 3570 καλοῦντος·
3014 3505 3214 3576 ἐρρέθη
3244 3505 3302 3558 δὲ
3331 3505 3493 3575 αὐτῇ,
3534 3523 3554 3555 ι
3597 3505 3656 3557 '0
3675 3503 3864 3574 μείζων

2294 3599 2573 3655 δουλεύσει
2605 3600 2683 3668 τῷ
2721 3599 2992 3653 ἐλάσσονι.
3030 3617 3048 3649 ι

2371 3693 2440 3745 Ἦ
2469 3690 2729 3762 νομίζεις,
2761 3684 2806 3743 ὦ
2847 3689 3090 3752 Ἰουδαῖε,
3124 3687 3212 3742 διά
3238 3687 3336 3758 τὴν
3355 3687 3576 3758 Σάρραν
3602 3703 3865 3756 προτιμηο

2297 3784 2456 3854 θῆναι
2477 3785 2568 3836 τὸν
2605 3782 2789 3835 Ἰσαάκ
2805 3781 2898 3835 τοῦ
2933 3781 3156 3851 Ἰσμαὴλ
3182 3779 3276 3833 καὶ
3297 3780 3404 3832 τῶν
3431 3779 3539 3832 ἀπὸ
3560 3783 3662 3848 τῆς
3677 3778 3867 3832 Χετού-

2300 3893 2398 3945 ρας
2419 3875 2774 3942 γεννωμένων
2795 3871 3000 3925 παίδων
3022 3870 3102 3941 τῷ
3117 3870 3366 3940 Ἀϐραάμ
3383 3885 3397 3933 ;
3415 3869 3466 3921 τί
3488 3868 3729 3938 ἂνετπῃς
3749 3867 3866 3937 περὶ

2296 3967 2397 4036 τῆς
2416 3965 2744 4028 Ῥεϐέκκας;
2773 3962 3010 4016 ἐνταῦθα
3031 3961 3139 4032 γὰρ
3167 3961 3262 4014 καὶ
3293 3961 3389 4030 μία
3425 3961 3636 4029 μήτηρ,
3657 3961 3752 4012 καὶ
3775 3958 3865 4028 μία

2300 4055 2582 4128 σύλληψις,
2615 4056 2826 4126 δίδυμοι
2855 4055 2963 4125 γὰρ
2992 4055 3041 4106 oi
3071 4053 3261 4116 παῖδες
3280 4065 3294 4082 °
3323 4051 3486 4104 τοῦτο
3526 4050 3639 4118 γάρ
3665 4051 3780 4102 ἔστι
3811 4050 3866 4099 τὸ

2297 4148 2356 4212 ἐξ
2389 4148 2504 4210 ἑνὸς
2536 4145 2726 4214 κοίτην
2776 4145 2998 4215 ἔχουσα,
3029 4141 3153 4196 κατ’
3190 4141 3352 4195 αὐτὸν
3398 4140 3490 4193 τὸν
3540 4141 3737 4210 καιρὸν
3777 4143 3867 4207 ἁμ-

2300 4241 2561 4310 φοτέρους
2607 4237 2900 4308 συνέλαϐεν
2921 4253 2933 4264 ·
2970 4235 3085 4288 ἀλλ’
3112 4236 3140 4288 ὁ
3168 4234 3266 4305 μὲν
3322 4232 3600 4302 θεοφιλὴς,
3637 4234 3665 4285 δ
3692 4234 3752 4286 δὲ
3776 4233 3864 4298 τῆς

618 4323 808 4392 Neque
834 4323 1344 4391 esxpeetavitDeus
1394 4323 1677 4378 actionum
1730 4329 2188 4396 experimentum,

2301 4331 2452 4393 θείας
2511 4329 2837 4398 κηδεμονίας
2894 4326 3149 4390 ἀνάξιοςο
3206 4324 3301 4377 καὶ
3357 4326 3458 4378 οὐκ
3537 4324 3865 4393 ἀνέμεινενό

619 4413 718 4469 sed
756 4414 975 4467 illorum
1016 4413 1384 4468 diﬁ‘erentiam
1425 4415 1699 4482 praedixit.
1731 4417 2196 4474 Pnedixitautem

623 4503 970 4572 prospiciens
1031 4504 1323 4572 utriusque
1383 4505 1840 4574 dispositionem;
1887 4525 1998 4562 non
2047 4510 2196 4564 enim

623 4596 825 4665 injusta
861 4604 945 4648 est
978 4594 1200 4660 electio,
1225 4596 1320 4649 sed
1350 4597 1620 4666 cujusque
1669 4599 1909 4654 hominis
1958 4601 2196 4671 disposi-

623 4686 833 4739 tionem
872 4686 1161 4749 comitatis,
1209 4695 1270 4739 ut
1309 4687 1574 4755 scriptum
1605 4698 1725 4742 est:
1759 4707 1778 4739 ι
1805 4689 1977 4746 Jacob
2007 4693 2198 4759 dilexi,

625 4778 766 4832 Esau
806 4786 988 4833 autem
1035 4776 1164 4830 odio
1217 4778 1487 4844 habui";
1547 4798 1567 4833 ι
1623 4781 1771 4850 quod
1823 4783 1970 4837 enim
2021 4801 2052 4840 a
2091 4786 2202 4842 Deo

622 4869 854 4926 Abrahae
910 4870 1121 4926 dictum
1181 4883 1303 4925 est:
1373 4891 1390 4922 ι
1447 4871 1507 4925 in
1557 4873 1710 4928 Isaac
1763 4875 2055 4930 vocabitur
2103 4877 2202 4932 tibi

622 4962 900 5027 semen“,
941 4981 958 5014 ι
1013 4961 1254 5016 ostendit
1298 4963 1524 5018 minime
1571 4980 1742 5035 genus
1800 4966 2204 5024 benedictionis

626 5054 901 5125 particeps
921 5071 1042 5110 esse
1063 5074 1076 5119 ;
1109 5071 1234 5108 nam
1251 5068 1502 5110 naturam
1524 5073 1634 5110 non
1658 5059 1898 5113 attendit
1915 5060 2078 5124 Deus,
2105 5062 2198 5116 sed

627 5149 789 5203 ﬁdem
812 5160 867 5204 et
885 5150 1164 5212 virtutem,
1191 5150 1334 5204 sicut
1356 5151 1410 5204 in
1435 5149 1573 5205 Osee
1595 5152 1762 5206 dicit:
1800 5171 1817 5204 ι
1846 5153 2063 5208 Vocabo
2093 5172 2203 5208 non

628 5243 890 5312 papulum
939 5258 1144 5308 meum,
1173 5245 1436 5312 populum
1470 5258 1674 5309 meum,
1702 5255 1757 5299 et
1779 5261 1890 5300 non
1923 5247 2201 5313 dilectam,

2302 4422 2433 4478 Θεὸς
2487 4421 2595 4474 τῶν
2654 4420 2996 4490 πραγμάτων
3053 4419 3153 4487 τὴν
3211 4419 3428 4486 πεῖραν,
3485 4414 3602 4467 ἁλλ’
3648 4416 3714 4466 ὲκ
3769 4413 3864 4465 τῶν

2304 4513 2688 4583 πυῖσκομένων
2744 4512 2843 4583 τὴν
2906 4510 3111 4563 τούτων
3133 4509 3394 4578 διαφορὰν
3426 4509 3862 4577 προηγόρευσεν·

2308 4605 2682 4674 προηγόρευσε
2712 4603 2768 4657 δὲ
2810 4602 2910 4673 τὴν
2957 4603 3190 4656 ἑκάστου
3245 4601 3504 4672 πρόθεσιν
3537 4598 3861 4670 προμηθιῖη·

2308 4695 2368 4746 ού
2397 4696 2505 4763 γάρ
2540 4694 2726 4755 ἄδικος
2763 4695 2796 4762 ἡ
2829 4690 3050 4761 ἐκλογὴ,
3083 4691 3220 4745 ἀλλὰ
3261 4693 3326 4762 τῇ
3362 4689 3620 4760 προθέσει
3651 4689 3761 4741 τῶν
3784 4691 3860 4741 ἀν·

2309 4785 2544 4859 θρώπων
2603 4785 2978 4855 συμϐαίνουσα
3005 4825 3022 4847 ,
3080 4783 3258 4848 καθὼς
3317 4784 3656 4852 γέγραπται,
3731 4799 3749 4830 ι
3778 4780 3864 4832 Τὸν

2320 4877 2515 4931 Ἰακὼϐ
2545 4877 2832 4947 ἠγάπησα,
2879 4877 2970 4930 τὸν
3009 4877 3066 4930 δὲ
3104 4876 3272 4931 Ἡσαῦ
3311 4877 3575 4945 ἐμίσησα.
3626 4895 3644 4926 ι
3679 4875 3752 4927 Τὸ
3775 4874 3865 4940 γὰρ

2308 4969 2413 5021 ὑπὸ
2440 4968 2533 5020 τοῦ
2553 4968 2687 5020 Θεοῦ
2719 4968 2854 5037 πρὸς
2888 4968 2980 5020 τὸν
3017 4967 3268 5038 Ἁϐραάμ
3293 4967 3605 5034 εἰρημένον,
3633 4965 3714 5016 ὅτι
3743 4980 3761 5013 ι
3793 4963 3864 5014 Ἐν

2322 5060 2506 5113 Ἰσαὰκ
2541 5060 2872 5129 κληθήσεταί
2903 5075 2985 5111 σοι
3025 5062 3268 5130 σπέρμα,
3293 5077 3312 5110 ι
3350 5058 3627 5110 δείκνυσιν
3656 5057 3731 5116 ὡς
3765 5053 3862 5107 οὐδὲ

2307 5153 2368 5205 τὸ
2411 5152 2507 5205 τοῦ
2556 5155 2746 5220 γένους
2794 5152 2942 5204 ἆπαν
2986 5153 3084 5221 τῆς
3121 5152 3371 5218 εὐλογίας
3413 5150 3788 5220 μετειληφὼς·
3815 5145 3859 5196 οὗ

2309 5245 2418 5314 γὰρ
2443 5246 2508 5312 τῇ
2543 5246 2704 5311 φύσει
2731 5243 2990 5312 προσέχει
3021 5244 3047 5294 ὁ
3068 5242 3223 5305 Θεὸς,
3251 5242 3389 5295 ἀλλὰ
3415 5242 3601 5292 πίστιν
3632 5244 3723 5293 καὶ
3755 5240 3851 5306 d9:-

625 5336 916 5399 dilectam;
960 5347 1015 5391 et
1048 5337 1153 5392 erit
1184 5337 1236 5390 in
1271 5337 1388 5391 loco
1414 5337 1505 5390 ubi
1534 5339 1798 5393 inventus
1826 5349 1910 5393 est
1950 5340 2082 5410 ipsis
2110 5357 2188 5410 po

2311 5339 2406 5408 τὴν
2456 5339 2726 5408 ἐπιζητεῖ,
2764 5341 2840 5400 ὼς
2880 5337 2974 5388 καὶ
3004 5337 3060 5387 ἐν
3093 5335 3170 5405 τῷ
3205 5335 3362 5405 Ὠσηὲ
3393 5335 3578 5405 λέγει·
3613 5354 3633 5386 ι
3659 5331 3856 5388 Καλέσω

713 5517 757 5594 δ”
789 5515 1216 5594 ηοιιι.)ν,ρ-ΞΞ.
1261 5521 1338 5594 [³
1365 5523 1496 5594 ibid.
1529 5524 1618 5586 23,
1652 5525 1740 5580 2L
1819 5525 1868 5559 “
1911 5527 2065 5584 Rem.
2124 5543 2188 5593 lx,

2290 5527 2410 5584 -8.
2490 5528 2530 5558 δ’
2589 5525 2727 5584 Gut.
2785 5539 2938 5591 mu,
2973 5523 3059 5579 l0.
3135 5524 3182 5556 “
3245 5521 3518 5592 llom.tx,
3555 5519 3742 5577 1043.
3805 5512 3845 5545 "

643 5583 1026 5654 Malaeli.t,?.;
1061 5590 1216 5643 Rom.
1252 5591 1338 5647 l3.
1417 5593 1460 5626 ⁸⁸
1485 5583 1620 5649 Gen.
1657 5611 1766 5663 xxI,
1807 5597 1893 5654 12.
